4070 6332
569 371 674 427 905

560 465 685 534 Idam
711 524 724 540 .
751 482 948 536 dilectio
979 481 1145 536 Putris
1174 499 1273 535 non
1299 492 1366 536 est
1395 483 1445 535 in
1476 497 1571 534 eo:
1599 482 1720 552 quia
1759 497 1906 536 omne
1929 479 2063 549 quod
2087 496 2140 534 ιη

567 571 756 625 mundo
784 581 876 638 est,
903 571 1298 638 concupiscentia
1327 571 1490 625 carnis
1518 579 1588 624 est
1605 613 1618 636 ,
1658 583 1700 624 et
1741 571 2140 640 concupiscentia

567 665 846 730 oculorum,
874 672 917 714 et
945 662 1146 716 ambitio
1171 661 1372 724 swcnli;
1399 677 1510 730 qua:
1535 679 1634 716 non
1662 673 1733 716 est
1769 679 1799 714 a
1831 660 1987 714 Patre
2007 702 2020 722 ,
2052 659 2140 714 sed

557 772 627 809 ex
651 754 834 808 mundo
855 763 946 807 est.
980 752 1042 805 Et
1062 753 1275 804 mundus
1298 753 1476 805 transit
1496 762 1544 806 et
1569 753 1972 822 concupiscentia
1993 753 2101 821 ejus
2118 766 2138 805 .'

563 845 651 915 qui
675 853 836 897 autem
859 844 980 914 facit
1005 843 1304 896 voluntatem
1328 842 1443 906 Dei,
1465 854 1630 897 manet
1651 844 1703 897 in
1723 854 1987 909 ceternum,
2010 845 2138 897 sicut

564 943 609 986 et
638 933 772 987 Deus
801 941 964 985 manet
1001 932 1054 986 in
1078 941 1314 986 internum
1339 931 1620 1006 (lJoan.u
1638 974 1654 1000 ,
1680 931 1884 1006 iii-i7).
1916 934 2137 1001 Quando

564 1038 688 1092 ergo
708 1023 904 1091 poteris
921 1030 997 1078 tot
1012 1023 1283 1078 hominum
1304 1032 1648 1090 armatorum,
1665 1041 1888 1094 quorum
1911 1025 2135 1081 fovenda

561 1123 641 1168 est
668 1114 946 1184 cupiditas,
977 1114 1190 1169 timetur
1216 1115 1502 1180 atrocitas;
1527 1115 1754 1185 quando,
1781 1115 2010 1185 inquam.
2039 1132 2132 1185 po-

564 1203 690 1256 teris
719 1217 902 1256 eorum
945 1205 1423 1273 concupiscentiam
1443 1247 1458 1271 ,
1489 1205 1577 1275 qui
1607 1205 1830 1276 diligunt
1857 1207 2129 1273 mundum,

559 1306 664 1345 non
703 1291 822 1346 dico
862 1293 1056 1349 satiare
1075 1335 1089 1356 ,
1117 1294 1258 1364 quod
1285 1295 1400 1350 fieri
1443 1297 1584 1350 nullo
1613 1296 1770 1352 modo
1802 1306 2010 1367 potest,
2039 1299 2131 1354 sed

561 1383 732 1452 aliqua
758 1398 820 1437 ex
848 1393 998 1453 parte
1020 1402 1239 1457 pascere
1257 1429 1272 1452 ,
1301 1403 1368 1441 ne
1405 1388 1645 1443 universa
1676 1390 1793 1458 plus
1836 1400 2051 1458 pereant
2079 1391 2126 1456 ⁸,

560 1474 662 1526 nisi
695 1483 748 1527 tu
780 1473 938 1530 facias
962 1492 1081 1545 qua:
1111 1478 1247 1532 Deus
1274 1478 1532 1546 prohibet,
1558 1489 1611 1533 et
1653 1481 1963 1535 facientibus
1985 1495 2132 1534 com-

560 1564 832 1618 minatur?
872 1567 1094 1636 Pr0ptcr
1117 1569 1254 1637 quod
1282 1569 1429 1624 vides
1465 1578 1569 1624 tam
1602 1571 1764 1625 multa
1791 1572 2044 1638 contrita,
2075 1584 2132 1628 ut

558 1654 668 1722 jam
699 1656 802 1709 vile
830 1657 1024 1726 aliquid
1050 1658 1189 1727 quod
1215 1661 1466 1729 rapiatur,
1490 1661 1572 1714 vix
1601 1662 1916 1716 inveniatur.

633 1746 684 1798 7.
724 1746 858 1812 Quid
897 1757 1072 1803 autem
1110 1749 1282 1804 dicam
1318 1751 1382 1804 de
1411 1753 1701 1806 vastatione
1732 1753 1944 1821 Africo,
1971 1769 2126 1824 quam

556 1831 752 1888 faciunt
783 1834 895 1889 Afri
924 1835 1154 1901 barbari,
1185 1838 1463 1894 resistente
1489 1842 1635 1895 nullo
1658 1882 1671 1904 ,
1699 1842 1825 1896 dum
1856 1851 1908 1896 tu
1938 1844 2128 1899 talibus

557 1923 660 1978 tuis
689 1926 1089 1982 necessitatibus
1115 1931 1407 1999 occuparis,
1425 1946 1521 1984 nec
1547 1930 1738 2001 aliquid
1760 1933 1971 1988 ordinas
1989 1934 2127 1990 unde

552 2011 650 2066 ista
686 2014 953 2070 calamitas
991 2021 1296 2072 avertatur?
1341 2019 1469 2087 Quis
1498 2031 1671 2076 autem
1703 2023 1978 2090 crederet,
2009 2026 2126 2094 quis

551 2102 786 2169 timeret,
815 2105 1080 2160 Bonifacio
1107 2105 1516 2179 domesticorum
1546 2122 1599 2165 et
1627 2111 1822 2167 Africae
1849 2115 2045 2170 comite
2072 2117 2124 2170 in

553 2190 727 2246 Africa
756 2196 1040 2250 constituto
1063 2212 1182 2250 cum
1215 2208 1317 2252 tam
1347 2216 1536 2270 magno
1561 2203 1793 2258 exercitu
1819 2214 1870 2258 et
1893 2215 2125 2275 potesta-

552 2288 622 2342 te,
641 2282 727 2349 qui
753 2282 989 2338 tribunus
1009 2300 1128 2338 cum
1151 2289 1330 2355 paucis
1351 2287 1620 2344 fcederatis
1637 2308 1818 2348 omnes
1841 2294 1979 2363 ipsas
1996 2311 2123 2364 gen-

550 2379 628 2424 tes
656 2375 1001 2442 expugnando
1040 2384 1093 2430 et
1123 2374 1367 2433 terrendo
1406 2390 1714 2449 pacaverat,
1748 2401 1884 2438 nunc
1922 2395 2121 2441 tantum

550 2459 711 2513 fuisse
739 2460 992 2516 barbaros
1036 2479 1290 2531 ausuros,
1336 2476 1534 2522 tantum
1561 2485 1949 2540 progressuros,
1978 2482 2120 2528 tanta

547 2556 1019 2618 vastaturos,tanla
1049 2562 1312 2622 rapturos,
1332 2565 1470 2610 tanta
1494 2559 1606 2613 loca
1632 2577 1750 2630 qua:
1772 2564 1922 2632 plena
1946 2579 2118 2634 popu-

547 2638 612 2690 lis
634 2639 858 2705 fuerant,
881 2639 1092 2696 deserta
1122 2643 1350 2701 facturos
1373 2648 1396 2700 ?
1417 2649 1516 2716 Qui
1536 2665 1637 2704 non
1674 2652 1918 2708 dicebant
1955 2671 2122 2724 quan-

547 2727 845 2800 documque
880 2739 936 2785 tu
980 2734 1276 2789 comitivam
1311 2753 1546 2794 sumeres
1595 2752 1904 2810 potestatem
1926 2788 1941 2810 ,
1966 2747 2119 2803 Afros

545 2818 818 2888 barbaros,
849 2839 951 2878 non
983 2825 1150 2879 solum
1199 2827 1455 2895 domitos,
1489 2833 1579 2886 sed
1616 2835 1774 2909 etiam
1817 2837 2118 2894 tributarios

544 2911 748 2968 futuros
776 2916 1026 2972 Romanae
1054 2920 1394 2988 reipublicae?
1435 2925 1498 2976 Et
1529 2942 1666 2980 nunc
1705 2945 1859 2998 quam
1903 2931 1953 2986 in
1985 2949 2116 2988 eon-

543 3005 758 3059 trarium
800 3023 951 3062 versa
990 3010 1058 3063 sit
1094 3025 1215 3080 Spes
1255 3013 1523 3069 hominum
1566 3018 1740 3086 vides;
1784 3038 1882 3079 nec
1919 3025 2115 3083 diutius

541 3093 663 3149 h7nc
690 3105 857 3150 tecum
887 3099 1204 3169 loquendum
1233 3115 1311 3158 est
1335 3145 1351 3171 ,
1377 3107 1497 3176 quia
1525 3109 1641 3178 plus
1666 3126 1728 3165 ea
1761 3121 1814 3166 tu
1841 3124 1989 3184 potes
2017 3133 2112 3173 co-

539 3184 707 3252 gitare
737 3201 890 3252 quam
918 3204 1013 3243 nos
1039 3191 1234 3246 dicere.

611 3276 664 3330 8.
718 3275 821 3332 Sed
863 3280 995 3338 forte
1035 3281 1100 3338 ad
1138 3299 1200 3339 ea
1236 3289 1560 3359 respondes,
1594 3293 1697 3349 illis
1726 3295 1828 3351 hoc
1868 3313 1986 3354 esse
2013 3316 2113 3370 po-

539 3365 642 3420 tius
668 3367 1049 3438 imputandum,
1080 3375 1170 3443 qui
1204 3383 1255 3429 te
1283 3377 1562 3444 lmserunt,
1592 3383 1680 3452 qui
1721 3386 1825 3440 tuis
1861 3387 2112 3446 officiosis

539 3457 816 3513 virtutibus
844 3477 948 3516 non
975 3465 1140 3532 paria,
1173 3467 1264 3520 sed
1287 3472 1549 3525 contraria
1578 3474 1938 3532 reddiderunt.
1969 3478 2111 3547 Quas

536 3559 722 3600 causas
747 3564 845 3617 ego
872 3551 1055 3606 audire
1083 3563 1134 3607 et
1151 3554 1389 3624 judicare
1411 3576 1514 3615 non
1542 3577 1755 3629 possum
1781 3583 1794 3619 :
1826 3574 1967 3622 tuam
1985 3585 2109 3625 cau-

538 3653 651 3692 sam
681 3643 852 3710 potius
880 3645 1055 3713 aspice
1083 3655 1136 3701 et
1161 3649 1381 3717 inspice,
1409 3667 1564 3720 quam
1597 3672 1697 3710 non
1725 3673 1844 3712 cum
1877 3660 2105 3716 homini-

537 3725 637 3781 bus
670 3731 1022 3799 quibuslibet,
1048 3734 1139 3788 scd
1170 3752 1288 3790 cum
1333 3739 1442 3794 Deo
1481 3741 1674 3799 habere
1705 3731 1756 3801 te
1792 3753 2104 3819 cognoscis;

536 3817 660 3884 quia
688 3821 737 3872 in
767 3820 979 3876 Christo
1006 3823 1230 3880 ﬁdeliter
1254 3828 1403 3894 vivis,
1437 3831 1606 3900 ipsum
1638 3834 1801 3890 debes
1832 3817 2014 3895 timere
2041 3858 2107 3898 ne

535 3905 789 3962 offendas.
828 3909 961 3964 Nam
990 3927 1176 3969 causas
1199 3931 1299 3984 ego
1326 3921 1625 3987 superiores
1663 3926 1833 3993 potius
1869 3931 2104 3998 attendo,

534 3995 653 4064 quia
676 3995 919 4053 utAfrica
942 4009 1082 4056 tanta
1108 4005 1243 4059 mala
1267 4007 1508 4075 patiatur,
1529 4013 1638 4065 suis
1654 4013 1847 4071 debent
1868 3995 2106 4076 homines

533 4084 794 4154 imputare
835 4093 1085 4171 peccatis.
1129 4095 1499 4155 Verumtamen
1530 4104 1690 4159 nolim
1732 4117 1780 4162 te
1809 4110 1873 4163 ad
1920 4127 2102 4168 eorum

531 4190 808 4232 numerum
838 4183 1130 4248 pertinere,
1162 4200 1255 4255 per
1283 4203 1416 4258 quos
1441 4193 1608 4248 malos
1649 4203 1703 4250 et
1733 4197 1936 4269 iniquos
1965 4202 2101 4260 Deus

455 4330 458 4333 _
531 4266 758 4334 flagellat
785 4271 953 4337 poenis
981 4276 1354 4343 temporalibus
1375 4295 1508 4350 quos
1525 4285 1764 4340 voluerit.
1799 4266 1930 4358 Ipsis
1949 4308 2101 4347 nam-

529 4372 630 4424 que
653 4359 862 4430 iniquis,
887 4363 928 4416 si
951 4367 1174 4421 correcti
1197 4384 1300 4424 non
1326 4370 1535 4439 fuerint,
1561 4388 1735 4432 servat
1760 4392 1954 4436 azterna
1980 4399 2103 4454 sup-

532 4447 714 4514 plicia,
744 4452 832 4520 qui
880 4469 1061 4509 eorum
1093 4459 1287 4513 malitia
1325 4461 1467 4530 juste
1491 4466 1656 4522 utitur
1676 4512 1689 4534 ,
1722 4481 1778 4525 ut
1821 4474 1937 4528 aliis
1965 4477 2102 4535 mala

531 4537 730 4605 ingerat
767 4545 1094 4611 temporalia.
1136 4547 1217 4602 Tu
1263 4550 1425 4605 Deum
1465 4561 1709 4622 attende,
1740 4569 1794 4615 tu
1834 4561 2098 4622 Christum

528 4627 822 4693 censidera,
849 4633 934 4700 qui
957 4643 1096 4689 tanta
1125 4637 1258 4693 bona
1282 4643 1544 4713 prmstitit,
1574 4656 1626 4701 et
1653 4656 1793 4704 tanta
1823 4655 1956 4708 mala
1982 4673 2101 4725 pcr-

529 4721 664 4774 tulit.
705 4721 1030 4796 Quicumque
1059 4730 1122 4784 ad
1153 4731 1268 4800 ejus
1305 4751 1522 4805 regnum
1550 4742 1767 4810 cupiunt
1810 4721 2094 4819 pertinere,

525 4819 578 4862 et
605 4827 722 4865 eum
753 4814 845 4869 illo
871 4831 933 4870 ac
962 4819 1060 4873 sub
1088 4820 1175 4874 illo
1218 4838 1429 4894 semper
1457 4828 1608 4885 beate
1635 4833 1813 4889 vivere
1832 4875 1846 4901 ,
1878 4814 2100 4908 diligunt

525 4901 682 4955 etiam
702 4903 938 4960 inimicos
953 4924 1095 4973 suos,
1111 4909 1442 4970 benefaciunt
1458 4918 1558 4974 illis
1576 4921 1662 4991 qui
1680 4937 1774 4978 eos
1785 4901 2030 4996 oderunt,
2045 4939 2099 4987 et

524 5004 782 5064 orantpro
803 4997 880 5052 eis
907 5014 932 5052 a
955 5001 1143 5070 quibus
1167 5009 1580 5073 persecutionem
1600 5015 1870 5082 patiuntur
1886 5018 2091 5089 (Matth.

520 5098 587 5148 v,
615 5085 745 5156 45):
779 5095 833 5144 et
857 5089 898 5144 si
939 5093 1149 5160 quando
1175 5095 1424 5153 adhibent
1471 5115 1566 5170 pro
1607 5085 1902 5175 disciplina
1924 5110 2094 5166 mole-

519 5182 653 5228 stam
676 5179 696 5208 ⁸
727 5180 1078 5248 severitatem,
1101 5201 1203 5240 non
1226 5195 1399 5245 tamen
1424 5193 2093 5257 amittuntsinccrissimam

519 5265 852 5322 charilatem.
883 5269 938 5324 Si
964 5288 1090 5343 ergo
1126 5277 1216 5330 tibi
1245 5278 1382 5335 bona
1414 5290 1536 5336 sunt
1561 5287 1789 5353 praestita
1810 5329 1824 5351 ,
1852 5293 2093 5358 quamvis

521 5363 750 5422 terrena,
771 5361 1091 5430 transitoria,
1110 5366 1174 5420 ab
1196 5367 1416 5439 imperio
1434 5372 1690 5443 Romano,
1710 5379 1830 5446 quia
1849 5392 1899 5435 et
1921 5382 2089 5450 ipsam

519 5454 786 5503 terrenum
816 5463 924 5518 est,
957 5469 1064 5509 non
1101 5458 1319 5516 caeleste
1340 5506 1352 5526 ,
1385 5478 1482 5518 nec
1512 5476 1682 5534 potest
1709 5479 1960 5537 praestare
1989 5476 2089 5530 nisi

579 5598 757 5681 1pm,,
765 5600 913 5681 plebs
934 5615 1111 5681 pereat.
1151 5619 1237 5662 Pro
1265 5627 1361 5676 quo
1394 5622 1499 5666 Mss.
1534 5619 1690 5670 Gallic.
1717 5635 1886 5675 omnes
1909 5635 1954 5677 ct
1992 5628 2088 5681 duo

518 5663 646 5728 Vatic
666 5696 684 5723 ,
707 5663 814 5727 plus
840 5663 1048 5728 pereunt.

581 5723 600 5751 ⁸
626 5723 750 5774 L‘uus
773 5740 800 5776 e
821 5723 962 5780 \‘atic.
989 5739 1113 5794 Mss,
1139 5735 1413 5786 n:o:lcst..rn.

1794 369 1850 425 S.
1892 360 2253 423 AUGUSTINI
2294 364 2590 423 EPlSCOPl

3722 382 3825 437 995

2242 479 2380 546 quod
2422 481 2578 536 habet
2616 483 2666 536 in
2701 495 2990 552 potestate;
3025 487 3064 539 si
3105 504 3228 559 ergo
3259 492 3389 544 lmua
3433 491 3484 547 in
3527 504 3578 548 te
3621 499 3818 552 collata

2242 579 2382 633 Sunt.
2415 574 2520 626 noli
2549 572 2768 628 reddere
2789 576 2924 630 mala
2947 594 3039 645 pro
3073 579 3252 632 bouis:
3280 581 3325 634 si
3354 593 3527 636 autem
3558 586 3699 639 mala
3724 588 3821 642 tibi

2243 660 2466 730 irrogata
2498 672 2639 728 sunt,
2666 666 2770 718 noli
2795 666 3016 721 reddere
3044 671 3175 736 mala
3205 687 3298 739 pm
3323 674 3492 727 malis.
3525 675 3662 742 Quid
3693 677 3825 732 isto-

2241 765 2355 804 rum
2381 751 2604 806 duorum
2636 757 2736 820 sit,
2767 772 2866 811 nec
2895 757 3156 814 discutere
3186 761 3333 821 volo.
3368 779 3463 817 nec
3491 766 3642 818 valeo
3668 769 3819 834 judi-

2238 856 2397 906 care;
2430 858 2529 913 ego
2569 845 2854 901 christiano
2882 847 3070 919 loquor
3105 868 3119 904 :
3161 851 3264 911 noli
3297 853 3520 910 reddere
3566 858 3648 912 vel
3678 858 3818 914 maia

2241 946 2336 1000 pro
2359 931 2531 1000 bonis,
2554 936 2636 990 vel
2667 938 2802 991 mala
2831 954 2927 1009 pro
2954 941 3128 995 malis.

2309 1019 2360 1074 9.
2402 1021 2543 1076 Dicis
2562 1024 2686 1078 mihi
2717 1027 2936 1083 fortasse
2960 1047 2972 1082 :
3003 1027 3058 1083 ln
3079 1038 3222 1086 tanta
3244 1035 3559 1092 necessitate
3579 1039 3706 1106 quid
3733 1041 3818 1094 vis

2237 1118 2294 1163 ut
2318 1110 2544 1167 faciam?
2572 1113 2626 1169 Si
2655 1118 2933 1172 consilium
2961 1135 2990 1174 a
3013 1136 3097 1176 me
3120 1123 3407 1178 secundum
3427 1124 3530 1182 hoc
3559 1129 3815 1184 saeculum

2237 1203 2433 1271 quieris
2457 1245 2471 1271 ,
2498 1208 2760 1274 quomodo
2804 1209 2902 1265 ista
2939 1211 3080 1266 salus
3117 1220 3204 1267 tua
3235 1216 3531 1270 transitoria
3563 1226 3676 1271 tuta
3722 1221 3812 1286 sit,

2233 1301 2288 1346 et
2324 1297 2556 1362 potentia
2595 1307 2752 1368 atque
2789 1303 3054 1370 opulentia
3101 1305 3181 1360 vel
3222 1305 3321 1360 ista
3363 1318 3608 1365 servetur
3653 1329 3814 1381 quam

2234 1399 2374 1438 nunc
2401 1383 2585 1454 habes,
2617 1388 2699 1442 vel
2741 1393 2898 1445 etiam
2929 1393 3098 1463 major
3140 1396 3394 1464 addatur;
3425 1400 3551 1470 quid
3585 1402 3679 1456 tibi
3721 1419 3812 1458 re-

2232 1476 2517 1542 sjiondeam
2540 1481 2747 1536 nescio:
2766 1481 2961 1537 incerta
2985 1487 3176 1556 quippe
3191 1488 3290 1542 ista
3307 1499 3510 1544 certum
3529 1493 3815 1550 consilium

2232 1565 2426 1621 habere
2459 1583 2564 1623 non
2605 1583 2845 1640 possunt.
2884 1572 2939 1628 Si
2975 1585 3150 1630 autem
3191 1581 3482 1636 secundum
3515 1581 3685 1639 Deum
3722 1603 3812 1642 me

2231 1656 2482 1722 consulis,
2515 1673 2581 1712 ne
2611 1661 2782 1713 anima
2810 1669 2895 1714 tua
2927 1673 3124 1732 pereat,
3153 1677 3204 1720 et
3235 1668 3386 1723 times
3413 1672 3577 1726 verba
3610 1675 3813 1728 verita-

2233 1746 2574 1814 tis,diccntis,
2597 1747 2731 1814 Quid
2755 1753 2954 1822 prodest
2984 1755 3192 1822 homini,
3212 1759 3256 1810 si
3281 1767 3439 1813 totum
3459 1764 3708 1817 mundum
3728 1765 3811 1819 luo

2229 1845 2415 1901 crelur,
2437 1839 2616 1892 animw
2635 1851 2798 1894 autem
2814 1860 2920 1897 sua:
2943 1844 3292 1901 detrimentum
3319 1851 3542 1919 patiatur
3561 1850 3673 1923 (Id.
3693 1871 3806 1923 ιη,

2227 1925 2316 1996 26)
2341 1942 2355 1992 ;
2387 1927 2557 1983 habeo
2579 1931 2734 1999 plane
2759 1933 2897 2002 quod
2918 1933 3123 2001 dicam;
3155 1948 3236 1991 est
3259 1939 3396 2009 apud
3417 1955 3502 1995 me
3522 1944 3807 1999 consilium

2227 2016 2366 2085 quod
2394 2032 2423 2070 a
2449 2033 2534 2072 mc
2559 2019 2760 2074 audias.
2803 2023 2935 2089 Quid
2960 2036 3136 2079 autem
3163 2043 3296 2095 opus
3334 2038 3414 2083 est
3449 2039 3505 2084 ut
3537 2031 3684 2086 aliud
3722 2034 3806 2087 di-

2226 2120 2364 2172 cam,
2393 2123 2549 2177 quam
2577 2108 2703 2164 illud
2729 2112 2866 2180 quod
2893 2131 3047 2183 supra
3074 2115 3179 2168 dixi
3203 2117 3226 2170 ?
3266 2116 3392 2171 Noli
3419 2121 3629 2192 diligere
3655 2141 3773 2177 mun
3792 2157 3807 2166 -

2225 2196 2365 2261 dum;
2397 2216 2485 2253 nec
2508 2217 2566 2254 ea
2593 2218 2703 2270 qua:
2730 2203 2779 2255 in
2806 2205 2993 2259 mundo
3021 2218 3154 2261 sunt.
3191 2210 3252 2262 Si
3278 2211 3389 2279 quis
3416 2213 3544 2266 enim
3574 2215 3805 2269 dilexerit

2224 2290 2486 2357 mundum,
2510 2308 2610 2345 non
2631 2303 2699 2346 est
2724 2295 2940 2349 clmritas
2957 2294 3128 2351 Patris
3151 2301 3201 2352 in
3227 2300 3316 2354 illo
3340 2318 3358 2355 :
3376 2305 3616 2372 quoniam
3635 2309 3810 2360 anulis

2196 2386 2198 2388 '
2223 2394 2338 2447 qua:
2361 2380 2412 2432 in
2442 2383 2631 2435 mundo
2660 2395 2795 2450 sunt,
2820 2389 3217 2455 concupiscentia
3237 2394 3402 2447 carnis
3425 2404 3516 2460 est,
3543 2407 3592 2449 et
3617 2414 3808 2452 concu-

2223 2468 2463 2537 piscentia
2490 2472 2779 2539 oculorum,
2808 2485 2856 2528 et
2895 2476 3096 2531 ambitio
3135 2481 3344 2547 sa'culi;
3382 2493 3493 2554 qua:
3528 2504 3630 2541 non
3668 2500 3741 2543 est
3770 2509 3805 2544 α

2225 2555 2400 2624 Patre,
2427 2560 2517 2613 sed
2538 2577 2600 2614 ea:
2623 2563 2809 2617 mundo
2835 2575 2925 2618 est.
2958 2566 3022 2619 Et
3048 2571 3262 2624 mundus
3291 2576 3494 2640 transit,
3527 2588 3574 2629 et
3604 2595 3799 2633 concu-

2221 2649 2459 2718 piscentia
2488 2651 2598 2721 ejus
2620 2667 2638 2705 :
2663 2655 2746 2722 qui
2772 2656 2933 2708 autem
2960 2660 3127 2728 fecerit
3155 2662 3456 2718 voluntatem
3485 2665 3600 2733 Dei,
3633 2682 3804 2726 manet

2219 2738 2272 2790 in
2296 2748 2552 2805 a'ternum,
2580 2743 2706 2796 sicut
2745 2755 2788 2798 et
2810 2744 2948 2800 Deus
2973 2762 3134 2803 manet
3153 2753 3201 2804 in
3226 2762 3463 2809 celei-num
3490 2758 3533 2828 (Ι
3552 2757 3714 2816 Joan.
3741 2779 3798 2828 tt,

2243 2827 2444 2898 15-17).
2470 2830 2606 2886 Ecce
2633 2834 2944 2902 consilium;
2978 2841 3169 2909 arripe,
3200 2853 3252 2896 et
3279 2859 3393 2913 age.
3430 2827 3521 2902 Hic
3542 2863 3802 2919 appareat

2219 2919 2262 2971 si
2294 2919 2372 2972 vir
2397 2920 2544 2976 fortis
2570 2939 2628 2978 es
2653 2941 2666 2988 ;
2699 2926 2849 2982 vince
2879 2931 3188 2997 cupiditates
3215 2937 3403 3003 quibus
3438 2939 3535 2994 iste
3560 2941 3803 3012 diligitur

2217 3011 2465 3079 numdus,
2493 3030 2588 3084 age
2618 3016 2975 3085 pmnitcntiam
2995 3021 3062 3076 de
3076 3027 3353 3093 praeteritis
3380 3030 3551 3097 malis,
3581 3011 3800 3102 quando

2215 3100 2282 3153 ab
2307 3101 2381 3154 eis
2407 3104 2778 3172 cupiditatibus
2803 3109 2970 3164 victus
2999 3127 3093 3180 per
3112 3113 3369 3171 desideria
3393 3134 3496 3173 non
3525 3100 3659 3176 bona
3691 3134 3798 3179 tra-

2217 3188 2445 3245 hebarls.
2476 3194 2583 3248 lloc
2607 3199 2883 3252 consilium
2912 3202 2955 3256 si
2984 3206 3274 3272 acceperis,
3299 3208 3342 3260 si
3373 3212 3606 3266 tenueris
3631 3224 3798 3285 atque

2215 3285 2509 3339 servaveris
2532 3327 2546 3351 ,
2579 3297 2632 3341 et
2673 3288 2737 3342 ad
2770 3289 2904 3344 bona
2933 3293 3017 3347 illa
3060 3306 3204 3350 certa
3241 3301 3550 3370 pervenies,
3577 3313 3632 3359 et
3670 3321 3797 3362 cum

2215 3373 2382 3430 salute
2407 3377 2596 3432 anima:
2627 3388 2726 3434 tua:
2756 3381 2894 3436 inter
2916 3382 3010 3438 ista
3044 3387 3240 3441 incerta
3264 3392 3577 3447 versaberis.

2289 3464 2376 3519 10.
2415 3466 2519 3521 Sed
2546 3467 2683 3523 forte
2722 3471 2909 3526 iterum
2946 3476 3139 3544 quaeris
3177 3492 3206 3531 a
3249 3495 3364 3544 me,
3397 3484 3663 3550 quomodo
3693 3487 3796 3543 ista

2214 3555 2377 3609 facias
2407 3559 2567 3614 lautis
2607 3561 2788 3616 mundi
2832 3562 2985 3633 hujus
3027 3570 3424 3626 necessitatibus
3471 3574 3791 3644 implicatus.

2211 3646 2314 3702 Ora
2343 3648 2566 3714 fortiter,
2596 3651 2747 3707 etdic
2779 3654 2884 3708 Deo
2909 3659 3046 3725 quod
3072 3659 3234 3714 habes
3263 3661 3312 3714 in
3343 3662 3573 3731 Psalmo,
3602 3666 3676 3721 De
3701 3686 3792 3723 ne-

2210 3737 2520 3791 cessitatibus
2546 3741 2668 3794 meis
2695 3757 2813 3795 erue
2847 3760 2926 3798 me
2954 3745 3123 3817 (Psat.
3150 3764 3276 3802 XXIV
3295 3792 3309 3816 ,
3338 3752 3421 3823 17)
3447 3771 3460 3806 :
3492 3762 3618 3809 tunc
3645 3759 3790 3811 enim

2205 3825 2467 3881 ﬁniuntur
2492 3828 2605 3883 ista:
2631 3832 2992 3901 necessitates,
3017 3837 3228 3905 quando
3255 3839 3532 3895 vincuntur
3562 3845 3664 3898 ilhc
3692 3862 3790 3900 cu-

2210 3915 2476 3982 piditatcs.
2507 3917 2605 3984 Qui
2629 3921 2892 3976 exaudivit
2924 3932 3068 3987 tc,et
3091 3941 3188 3980 nos
3215 3942 3308 3996 pro
3339 3941 3388 3984 te
3407 3971 3421 3994 ,
3450 3940 3505 3985 ut
3527 3933 3788 3989 liberare-

2209 4004 2282 4058 ris
2307 4005 2372 4059 de
2403 4013 2478 4060 tot
2505 4009 2766 4079 tantisque
2796 4013 3040 4080 periculis
3070 4015 3352 4071 visibilium
3401 4027 3790 4091 corporalium.

2210 4112 2312 4166 que
2339 4099 2625 4169 bellorum,
2655 4103 2741 4157 ubi
2772 4105 2879 4159 sola
2925 4107 3022 4161 ista
3061 4109 3166 4161 vita
3204 4111 3517 4182 quandoque
3557 4116 3788 4174 finienda

2211 4191 2538 4258 periclitatur
2563 4235 2578 4260 ,
2607 4195 2781 4249 anima
2809 4212 2934 4251 vero
2977 4214 3079 4252 non
3115 4202 3278 4269 perit,
3310 4203 3353 4256 si
3392 4219 3496 4258 non
3541 4208 3790 4278 malignis

2210 4281 2583 4348 cupiditatibus
2608 4285 2810 4355 captiva
2837 4295 3110 4355 teneatur;
3144 4291 3254 4360 ipsc
3285 4302 3333 4348 te
3353 4295 3600 4352 exaudiet
3624 4308 3678 4352 ut
3707 4303 3789 4354 in-

2207 4374 2430 4428 teriores
2459 4384 2516 4429 et
2557 4375 2841 4432 invisibiles
2872 4377 3083 4445 hostes,
3118 4381 3168 4435 id
3195 4392 3275 4437 cst
3301 4385 3440 4454 ipsas
3466 4391 3788 4458 cupiditates

2206 4462 2536 4522 invisibiliter
2579 4477 2631 4522 ct
2658 4470 3000 4540 spiritualiter
3028 4474 3208 4528 vincas
3228 4517 3242 4539 ,
3274 4485 3326 4530 et
3361 4477 3438 4532 sic
3467 4483 3638 4536 utaris
3680 4483 3785 4539 hoc

2205 4555 2402 4609 mundo
2427 4564 2674 4627 tanquam
2692 4575 2797 4614 non
2829 4567 2980 4616 utens
3003 4578 3016 4626 ;
3043 4575 3098 4616 ιιι
3124 4581 3188 4618 ex
3222 4565 3374 4620 bonis
3401 4569 3516 4636 ejus
3542 4571 3678 4627 bona
3699 4574 3778 4630 fa-

2205 4643 2334 4708 cias,
2359 4659 2466 4698 non
2495 4648 2661 4701 malus
2681 4648 2776 4702 ﬁas
2801 4667 2814 4704 :
2840 4651 2960 4720 quia
2991 4662 3042 4706 ct
3069 4653 3177 4721 ipsa
3207 4655 3341 4710 bona
3363 4669 3505 4727 sunt,
3531 4675 3630 4717 nec
3651 4665 3786 4718 dau-

2205 4741 2289 4787 tur
2313 4733 2613 4792 hominibus
2632 4740 2730 4793 nisi
2759 4740 2826 4795 ab
2847 4741 2936 4796 illo
2951 4743 3038 4812 qui
3060 4744 3214 4798 habet
3232 4749 3465 4802 omnium
3482 4752 3781 4808 caelestium

2203 4835 2257 4880 ct
2285 4831 2611 4884 terrestrium
2636 4841 2969 4900 potestatem.
2993 4837 3094 4892 Sed
3118 4853 3182 4892 ne
3205 4850 3448 4908 putentur
3467 4844 3628 4909 mala,
3649 4844 3783 4900 dau-

2202 4925 2288 4971 tur
2313 4927 2369 4973 et
2416 4921 2567 4975 bonis
2597 4939 2612 4975 :
2640 4938 2707 4978 ne
2745 4935 2995 4993 putentur
3025 4945 3209 5000 magna
3250 4933 3327 4987 vel
3370 4949 3572 4989 summa
3616 4937 3776 5005 bena,

2201 5007 2394 5064 dantur
2421 5019 2474 5064 et
2501 5011 2674 5071 malis.
2714 5013 2948 5085 Itemque
2993 5021 3300 5075 auferuntur
3328 5023 3427 5078 ista
3456 5033 3511 5080 et
3539 5025 3695 5082 bonis
3723 5041 3780 5084 ut

2203 5101 2507 5169 probentur,
2539 5113 2593 5158 et
2622 5105 2772 5160 malis
2797 5115 2854 5160 ut
2888 5109 3208 5164 crucientur.

2272 5193 2358 5247 Η.
2397 5193 2525 5260 Quis
2553 5196 2693 5250 enim
2714 5199 2942 5266 nesciat,
2969 5201 3087 5270 quis
3114 5202 3184 5256 ita
3213 5203 3280 5258 sit
3321 5205 3532 5274 stultus,
3561 5217 3621 5263 ut
3667 5225 3774 5265 non

2197 5281 2373 5338 videat
2416 5285 2556 5354 quod
2589 5287 2731 5342 salus
2757 5287 2915 5359 hujus
2941 5294 3178 5348 mortalis
3219 5296 3454 5362 corporis
3474 5340 3488 5360 ,
3519 5306 3575 5353 et
3602 5315 3774 5353 mem-

2198 5373 2409 5430 brorum
2440 5378 2860 5448 corruptibilium
2887 5382 3054 5440 virtus
3075 5426 3088 5448 ,
3118 5394 3172 5438 et
3199 5385 3414 5441 victoria
3445 5389 3512 5443 de
3540 5391 3772 5445 homini-

2197 5465 2295 5520 bus
2327 5469 2343 5498 ³
2372 5467 2615 5534 inimicis,
2648 5480 2701 5525 et
2730 5471 2900 5526 honor
2921 5483 3079 5544 atque
3107 5475 3336 5546 potentia
3367 5481 3696 5547 temporalis,
3721 5491 3774 5535 et

2196 5568 2386 5614 caetera
2415 5561 2513 5614 ista
2538 5559 2675 5615 bona
2700 5571 2928 5630 terrena,
2958 5573 3011 5620 et
3037 5565 3188 5621 bonis
3215 5565 3405 5623 dentur
3438 5578 3489 5624 ct
3518 5572 3693 5637 malis,
3718 5581 3774 5626 et

2255 5697 2272 5727 ι
2299 5701 2432 5760 Lov.,_
2453 5694 2760 5760 (tebainibus
2782 5696 3003 5752 inimicis.
3024 5699 3116 5753 Sed
3139 5699 3316 5751 melius
3336 5701 3442 5753 alite
3464 5705 3704 5758 editiones
3720 5719 3770 5760 et

2189 5763 2316 5819 δίει,
2341 5757 2402 5807 de
2416 5755 2694 5808 hmnimbus.
