4070 6332
331 255 436 310 997

328 366 484 421 bonis
526 364 828 419 auferantur
871 373 924 418 ct
969 362 1161 418 malis?
1197 361 1352 418 Salus
1388 376 1514 415 vero
1558 361 1746 414 anima:
1783 373 1903 412 cum

329 455 724 510 immortalitate
749 455 1006 523 corporis,
1040 455 1306 522 virtusque
1326 452 1542 522 justitim
1561 494 1576 516 ,
1607 460 1661 505 et
1683 449 1902 505 victoria

326 547 394 601 de
420 545 794 614 cupiditatibus
823 545 1068 610 inimicis,
1097 553 1151 599 et
1173 544 1337 615 gloria
1366 553 1419 598 et
1443 545 1612 597 honor
1636 551 1690 597 at
1721 558 1818 612 pax
1848 543 1901 596 iu

325 647 604 705 mternum,
630 654 733 692 non
763 638 953 693 dantur
983 639 1081 692 nisi
1101 639 1274 693 bonis.
1318 638 1419 692 Ista
1444 651 1570 708 ergo
1595 635 1774 705 dilige,
1803 636 1902 690 ista

323 729 661 798 concupisce,
691 731 789 785 ista
819 730 1065 785 omnibus
1095 730 1265 785 modis
1297 744 1493 801 quzere.
1536 729 1762 796 PrOpter
1788 727 1902 781 lucc

321 820 644 889 acquirenda
669 831 722 876 et
748 822 1032 877 obtinenda
1058 820 1526 899 [acelecmosynas
1546 862 1561 884 ,
1591 818 1750 873 funde
1779 833 1900 872 ora-

324 909 516 976 tiones,
547 926 737 966 exerce
756 911 979 982 jejunia,
1009 920 1262 981 quantum
1288 912 1402 966 sine
1428 910 1642 964 laesione
1662 908 1902 978 corporis

323 999 398 1051 tui
428 1007 601 1068 potes.
645 1000 787 1054 Bona
813 1016 939 1055 vero
966 1001 1055 1054 illa
1080 1009 1287 1055 terrena
1318 1000 1423 1054 noli
1453 999 1671 1070 diligere
1689 1040 1702 1062 ,
1731 1014 1900 1068 quan-

327 1088 511 1145 talibet
540 1090 630 1144 tibi
656 1091 925 1146 abundent
949 1109 962 1143 :
986 1092 1062 1146 sic
1091 1091 1169 1146 eis
1195 1101 1372 1156 utere,
1400 1100 1455 1145 ut
1480 1091 1615 1145 bona
1645 1089 1806 1142 multa
1836 1104 1899 1143 ex

327 1177 451 1243 illis,
483 1179 688 1234 nullum
713 1190 888 1234 autem
917 1181 1112 1234 malum
1139 1179 1298 1234 iacias
1325 1189 1537 1249 propter
1567 1179 1672 1233 illa.
1713 1177 1900 1232 Omnia

323 1267 520 1336 quippe
558 1269 677 1322 talia
713 1269 960 1338 peribunt
989 1287 1003 1336 ;
1031 1269 1122 1323 sed
1154 1270 1290 1323 bona
1326 1283 1486 1338 Opera
1522 1283 1629 1322 non
1657 1275 1899 1337 pereunt,

323 1358 483 1412 etiam
513 1376 630 1428 qua:
656 1359 722 1414 de
751 1360 902 1414 bonis
931 1360 1271 1430 pereuntibus
1303 1359 1450 1413 ﬁunt.

402 1449 482 1502 12.
525 1448 580 1504 Si
611 1450 750 1504 enim
792 1451 1066 1520 conjugem
1110 1467 1212 1504 non
1256 1451 1518 1516 haberes,
1548 1450 1778 1504 dicerem
1810 1449 1901 1502 tibi

325 1541 465 1611 quod
495 1552 548 1597 et
574 1543 810 1597 Tubunis
834 1543 1082 1608 diximus,
1117 1552 1175 1596 ut
1204 1543 1256 1597 in
1281 1543 1560 1598 sanctitate
1581 1542 1596 1572 ³
1623 1542 1901 1596 continen-

330 1633 415 1686 tia:
437 1633 639 1688 viveres
663 1651 676 1686 :
698 1632 970 1700 adderem,
991 1632 1131 1703 quod
1154 1641 1278 1687 tunc
1306 1632 1419 1686 ﬁeri
1443 1632 1822 1701 prohibuimus,
1848 1640 1904 1684 ut

321 1722 432 1792 jam
462 1731 532 1787 te,
549 1731 802 1792 quantum
825 1739 999 1778 rerum
1021 1723 1367 1777 humanarum
1389 1723 1530 1776 salva
1553 1737 1679 1791 pace
1701 1723 1902 1790 potuis-

325 1828 412 1868 ses
430 1855 444 1878 ,
475 1813 543 1866 ab
571 1815 685 1868 istis
713 1813 871 1868 rebus
896 1813 1098 1868 bellicis
1126 1811 1480 1873 abstraheres,
1512 1819 1566 1865 et
1590 1811 1638 1864 ei
1660 1810 1779 1864 vita:
1809 1826 1902 1862 va-

323 1919 474 1959 cares
495 1906 546 1958 in
569 1905 819 1960 societate
839 1913 1159 1968 sanctorum,
1179 1903 1262 1957 cui
1281 1913 1402 1956 tunc
1419 1915 1605 1955 vacare
1622 1901 1899 1970 cupiebas;

325 1994 412 2050 ubi
442 1996 495 2048 in
521 1996 731 2050 silentio
754 2003 982 2064 pugnant
1001 1995 1194 2049 milites
1214 1993 1428 2057 Christi,
1459 2009 1562 2046 non
1588 2001 1646 2046 ut
1664 1992 1905 2047 occidant

325 2085 568 2140 lintniues
587 2127 602 2151 ,
631 2085 724 2140 sed
753 2094 808 2139 ut
832 2092 1136 2155 expugnent
1162 2085 1426 2154 principes
1463 2093 1516 2138 et
1541 2091 1828 2152 potestates
1852 2089 1905 2135 et

325 2177 613 2246 Spiritualia
649 2177 895 2246 nequitia:
934 2176 1094 2248 (Eph.
1117 2178 1188 2239 v't,
1221 2175 1308 2246 12)
1329 2216 1345 2242 ,
1375 2176 1426 2229 id
1454 2185 1532 2229 est
1559 2174 1826 2228 diabolum
1851 2182 1904 2228 et

331 2268 547 2337 angelos
585 2268 719 2337 ejus.
754 2267 860 2321 llos
896 2267 1035 2320 enim
1068 2267 1248 2320 hostes
1284 2267 1451 2320 sancti
1485 2265 1734 2326 vincunt,
1773 2279 1904 2334 quos

335 2357 514 2411 videre
553 2373 655 2410 non
691 2365 945 2426 possunt;
977 2367 1030 2411 et
1060 2365 1235 2410 tamen
1261 2370 1390 2424 quos
1420 2369 1526 2409 non
1554 2354 1763 2414 vident,
1792 2353 1905 2406 vin-

325 2456 449 2498 cunt
471 2488 485 2511 ,
518 2445 614 2499 ista
642 2445 899 2500 vincendo
927 2460 1044 2516 qua:
1073 2449 1326 2499 sentiunt.
1359 2445 1463 2499 Sed
1492 2454 1547 2497 ut
1575 2453 1626 2497 te
1651 2443 1716 2496 ad
1751 2444 1902 2496 istam

326 2535 486 2588 vitam
525 2551 627 2588 non
663 2537 943 2603 exhorter,
990 2536 1179 2604 coujux
1219 2535 1593 2605 impedimento
1635 2541 1746 2598 est,
1790 2533 1905 2588 sine

325 2626 474 2694 cujus
511 2627 860 2681 consensioae
896 2627 1228 2681 continenter
1269 2627 1361 2680 tibi
1406 2642 1508 2678 non
1541 2625 1663 2680 licet
1690 2625 1901 2689 vivere;

325 2717 443 2786 quia
471 2719 568 2770 etsi
599 2729 652 2771 tu
675 2734 789 2772 eam
812 2726 935 2787 post
960 2717 1042 2771 illa
1068 2726 1152 2771 tua
1177 2717 1334 2771 verba
1356 2716 1692 2769 Tubunensia
1711 2714 1905 2770 ducere

326 2823 429 2860 non
461 2807 710 2874 debebas,
743 2809 827 2862 illa
858 2808 950 2864 tibi
981 2819 1152 2862 tamen
1173 2846 1190 2873 ,
1223 2806 1354 2860 nihil
1379 2821 1560 2860 corum
1586 2805 1796 2869 sciens,
1827 2804 1907 2858 iu-

327 2908 580 2952 nuceuter
609 2908 658 2954 et
689 2899 1001 2968 simpliciter
1030 2897 1225 2968 nupsit.
1266 2897 1438 2966 Atque
1476 2895 1676 2950 utinam
1722 2908 1904 2964 posses

326 2989 372 3041 ei
398 2989 716 3057 persuadere
736 2989 1136 3055 continentiam,
1168 2997 1223 3042 ut
1246 2989 1359 3041 sine
1385 2987 1760 3057 impedimento
1786 2985 1907 3040 red-

324 3078 480 3132 det-es
517 3079 624 3132 Deo
663 3080 805 3148 quod
837 3088 886 3133 te
915 3079 1112 3134 debere
1137 3077 1434 3146 cognoscis.
1465 3076 1569 3131 Sed
1597 3077 1640 3130 si
1666 3090 1784 3130 cum
1816 3075 1904 3130 illa

323 3184 481 3238 agere
508 3184 610 3223 non
642 3179 810 3238 potes,
839 3183 990 3224 serva
1016 3168 1204 3223 saltem
1227 3168 1527 3237 pudicitiam
1549 3166 1900 3236 conjugalem,

323 3269 378 3314 ct
405 3276 530 3330 roga
556 3261 740 3326 Deum,
771 3261 860 3331 qui
887 3269 939 3316 te
958 3260 1025 3315 de
1046 3261 1447 3315 necessitatibus
1470 3271 1648 3325 eruet,
1679 3269 1736 3314 ut
1763 3258 1901 3331 quod

324 3367 430 3405 non
475 3364 624 3420 potes
668 3352 860 3420 modo,
907 3353 1077 3421 possis
1109 3353 1410 3422 aliquando.
1443 3353 1814 3409 Verumtamen
1847 3365 1903 3410 ut

323 3444 488 3498 Deum
517 3444 721 3514 diligas,
756 3459 859 3499 non
885 3444 1071 3514 diligas
1098 3444 1349 3500 mundum
1372 3463 1386 3506 ;
1421 3455 1477 3500 ut
1501 3445 1552 3499 in
1579 3445 1708 3514 ipsis
1727 3447 1898 3513 bellis,

321 3534 367 3588 si
395 3533 568 3588 adhuc
595 3534 645 3588 in
674 3536 752 3590 eis
780 3545 830 3590 te
860 3535 1056 3590 versari
1085 3550 1217 3604 opus
1246 3545 1355 3599 est,
1385 3535 1541 3591 iidem
1571 3547 1777 3599 teneas,
1814 3553 1902 3605 pa-

322 3641 440 3679 cem
481 3641 718 3694 quaeras;
751 3635 805 3680 ut
834 3642 900 3682 ex
939 3627 1118 3681 tnundi
1161 3627 1316 3682 bonis
1355 3628 1514 3682 facias
1553 3629 1690 3684 bona
1719 3643 1898 3698 opera,

322 3724 376 3769 et
411 3725 626 3786 propter
656 3717 834 3772 mundi
878 3718 1016 3773 bona
1056 3733 1160 3772 non
1203 3719 1362 3774 facias
1404 3734 1561 3789 opera
1599 3720 1767 3785 mala,
1811 3729 1902 3774 aut

325 3822 431 3860 non
461 3807 678 3876 impedit
704 3809 918 3878 conjux,
947 3817 1038 3862 aut
1064 3809 1320 3879 impedire
1350 3825 1452 3863 non
1477 3810 1652 3864 debet.
1686 3810 1807 3865 llmc
1834 3810 1898 3864 ad

323 3907 395 3960 te,
425 3896 497 3952 [ili
523 3898 892 3966 dilectissime,
926 3908 982 3953 ut
1006 3900 1292 3954 scriberem
1323 3900 1554 3954 charitas
1577 3902 1766 3970 jussit,
1798 3917 1898 3971 qua

324 3997 377 4044 te
402 3991 690 4045 secundum
722 3993 917 4056 Deum,
962 4007 1068 4045 non
1097 3992 1384 4046 secundum
1416 3992 1518 4047 hoc
1542 3995 1792 4047 smculum
1821 3994 1900 4048 tli-

320 4080 427 4150 ligo
458 4099 476 4134 :
513 4082 633 4152 quia
677 4090 731 4136 et
775 4083 1010 4152 cogitans
1053 4083 1192 4152 quod
1241 4083 1494 4152 scriptum
1539 4092 1650 4150 est,
1694 4081 1901 4154 Corripe

320 4172 628 4240 sapientem,
668 4181 712 4226 et
753 4173 940 4226 amabit
977 4183 1058 4238 te;
1095 4175 1290 4242 corripe
1329 4171 1564 4236 stultum,
1612 4181 1660 4226 et
1698 4174 1899 4245 adjiciet

320 4262 484 4316 odisse
518 4272 564 4316 te
602 4262 783 4333 (Prov.
810 4279 863 4317 ix
887 4305 902 4330 ,
934 4262 1024 4334 8);
1068 4279 1171 4318 non
1212 4274 1262 4318 te
1301 4265 1480 4334 utique
1520 4265 1770 4331 stultum,
1801 4265 1898 4322 sed

320 4354 610 4423 sapientem
636 4355 792 4411 debui
819 4356 1073 4426 cogitare.

734 4467 1061 4524 EPISTULA
1099 4467 1301 4523 CCXXI
1334 4474 1350 4493 ⁶
1387 4467 1482 4542 (a).

323 4575 699 4642 Quodvultdeus
719 4578 1020 4652 Augustino,
1053 4581 1290 4652 ﬂagitans
1321 4591 1370 4632 ut
1398 4581 1647 4634 lnercseon
1677 4583 1896 4634 omnium

388 4683 501 4735 qua:
528 4668 762 4722 adversus
791 4670 1115 4723 christianum
1145 4671 1294 4738 [idem
1331 4669 1678 4740 pullularunt,
1707 4671 1897 4724 catalo-

387 4775 508 4828 gum
545 4759 755 4825 scribat,
798 4775 1064 4828 earumque
1092 4777 1281 4814 errores
1310 4771 1352 4812 et
1383 4761 1508 4814 ritus
1548 4761 1718 4830 paucis
1756 4777 1894 4814 com-

387 4848 650 4917 plectatur.

319 4939 545 4995 Domiuo
582 4941 774 4994 merito
811 4940 1132 5005 venerabili,
1162 4949 1216 4995 et
1247 4956 1374 4996 vcre
1407 4942 1718 4998 beatissimo
1759 4941 1894 5011 patri

439 5038 731 5092 littattsrts'o
760 5035 1035 5106 episcopo,
1065 5034 1484 5102 Quonvuunsus
1509 5035 1785 5091 diaconus.

389 5148 440 5201 1.
482 5145 587 5200 Diu
615 5146 838 5218 trepidus
866 5147 960 5218 fui,
990 5156 1035 5200 et
1059 5163 1210 5201 ausus
1232 5146 1321 5199 hos
1344 5162 1476 5199 meos
1501 5147 1760 5218 aliquoties
1785 5147 1892 5201 dis-

320 5238 413 5290 tuli
445 5252 462 5290 :
491 5237 578 5291 sed
617 5253 696 5290 me
742 5236 1120 5308 principaliter,
1161 5247 1215 5289 ut
1256 5235 1357 5289 dici
1397 5237 1610 5302 assolet,
1654 5237 1892 5290 animavit

381 5370 397 5400 ¹
430 5375 537 5420 Mss.
561 5370 776 5433 quinque
795 5368 1012 5419 melioris
1031 5377 1176 5430 notae,
1200 5375 1250 5419 ut
1265 5367 1316 5418 in
1341 5366 1554 5419 castitate
1575 5366 1888 5418 continentiae.

382 5453 396 5469 ‘
419 5454 565 5514 Epist.
598 5459 774 5513 CLXXI,
801 5461 915 5514 etc.,
952 5453 1288 5513 ()uodvultdei,
1328 5460 1380 5501 et
1411 5453 1474 5500 ad
1499 5448 1888 5514 Quodvultdetmt,

321 5527 382 5561 ex
407 5513 438 5561 6
455 5511 589 5562 tome
606 5515 700 5563 huc
725 5511 910 5574 aScitte,
928 5511 977 5564 et
999 5516 1058 5563 ad
1083 5516 1238 5563 varies
1257 5511 1368 5562 uid.
1392 5511 1672 5573 recognita.

380 5597 451 5658 (α)
469 5603 531 5645 Ex
551 5597 582 5644 6
599 5605 744 5657 tomo,
767 5605 880 5647 ante
913 5597 998 5645 lib.
1022 5598 1085 5646 de
1117 5598 1406 5646 ttmresihus.
1446 5604 1558 5652 Qua:
1601 5603 1762 5642 autem
1798 5593 1881 5642 92!

319 5665 442 5717 erat,
467 5672 593 5707 nunc
618 5660 716 5707 litt.
743 5661 917 5720 scripta
943 5661 1049 5707 circ.
1078 5672 1149 5705 an.
1181 5658 1284 5707 i227.

1527 244 1998 304 EPISTOLARUM
2034 244 2307 302 CLASSIS
2347 246 2426 301 ill.

3484 259 3587 315 998

2011 354 2342 410 Beatitudinis
2359 366 2457 411 tua:
2473 358 2803 413 benevolentia
2819 360 3044 415 omnibus
3059 363 3378 434 comprobata
3393 381 3414 420 :
3431 383 3582 436 quam

2010 445 2130 500 dum
2155 447 2412 501 considero
2431 489 2446 514 ,
2483 449 2643 519 magis
2679 449 2823 502 timui
2855 466 2916 503 ne
2951 467 3049 504 non
3079 453 3289 521 petendo
3317 457 3578 526 superbus,

2008 555 2111 593 non
2133 541 2398 610 quaerendo
2427 540 2722 604 desidiosus,
2751 558 2850 594 non
2877 543 3122 611 pulsando
3153 545 3291 615 piger
3310 561 3341 599 a
3361 543 3582 604 Domino

1996 629 2276 700 judicarer.
2325 630 2565 702 Sufficere
2611 642 2777 686 autem
2823 633 2945 686 mihi
2994 635 3244 689 crederem
3293 637 3583 706 hujusmodi

2009 722 2352 776 tantummodo
2381 724 2712 790 voluntatem,
2743 723 2787 778 si
2824 727 3042 791 fructum
3078 727 3291 798 adipisci
3322 746 3419 783 non
3459 746 3580 799 pos-

2006 829 2108 866 sem
2138 829 2156 867 :
2180 831 2295 867 cum
2320 825 2487 869 autem
2517 832 2606 884 pro
2637 825 2769 869 certo
2795 817 3010 870 noverim
3031 859 3044 882 ,
3077 821 3257 873 ostium
3286 819 3440 874 divini
3467 838 3579 877 sere

2006 903 2168 956 monis
2187 945 2201 968 ,
2232 903 2368 976 quod
2411 902 2728 959 Venerutioni
2768 915 2866 961 tua:
2896 908 3102 964 caelestis
3135 912 3298 980 gratia
3328 914 3578 983 patefecit,

2005 1004 2234 1062 paratam
2255 1011 2360 1049 esse
2379 1004 2587 1048 mentem
2609 1005 2749 1049 tuam
2767 1006 3012 1060 sanctam,
3035 1016 3182 1068 quam
3204 1001 3418 1069 possidet
3435 1001 3582 1056 Chri-

2004 1093 2130 1147 stus,
2159 1101 2259 1137 non
2285 1085 2448 1138 solum
2473 1086 2663 1140 cunctis
2689 1087 2959 1142 uolentibus
2981 1089 3220 1158 pandere,
3242 1106 3410 1144 verum
3430 1092 3583 1146 etiam

2007 1176 2307 1241 nolentibus,
2339 1187 2392 1230 ut
2419 1178 2625 1232 introire
2653 1195 2752 1232 non
2782 1180 2979 1250 pigeat,
3007 1182 3344 1252 persuadere;
3368 1200 3584 1256 occupa-

2006 1266 2130 1319 tioni
2146 1265 2454 1321 Reverentia:
2473 1277 2572 1322 tua:
2587 1268 2898 1338 multiloquio
2914 1287 2971 1323 su
2977 1273 3170 1342 perfluo
3187 1289 3378 1326 moram
3395 1291 3493 1327 non
3511 1279 3584 1345 fa-

2004 1355 2153 1419 ciant,
2172 1355 2262 1409 sed
2277 1355 2583 1410 desiderium
2599 1357 2950 1412 obsecrationis
2969 1377 3088 1414 mete
3104 1361 3309 1416 breviter
3328 1363 3579 1419 indicabo.

2076 1446 2128 1499 2.
2173 1445 2464 1500 Nonnullos
2507 1447 2559 1501 in
2602 1449 2733 1502 clero
2776 1451 2983 1519 hujusce
3017 1453 3033 1483 ί
3072 1454 3220 1506 etiam
3258 1455 3584 1525 amplissimas

2004 1537 2215 1591 civitatis
2243 1554 2348 1591 esse
2375 1539 2628 1608 imperitos
2645 1581 2659 1606 ,
2689 1558 2750 1594 ea:
2778 1543 2966 1611 meipso
2993 1546 3206 1615 conjicio
3223 1589 3236 1610 ,
3267 1556 3312 1600 et
3339 1558 3585 1618 quantum

2005 1629 2234 1682 universo
2261 1629 2337 1682 illi
2361 1629 2528 1683 ordini
2561 1636 2876 1702 profuturum
2906 1633 2970 1687 sit
3001 1633 3136 1704 quod
3171 1648 3348 1706 expeto
3368 1679 3382 1702 ,
3411 1639 3580 1692 consi-

2006 1718 2253 1774 derationi
2291 1719 2587 1776 Sanctitatis
2617 1733 2715 1776 tua:
2743 1725 3106 1780 discutiendum
3139 1727 3316 1794 offero.
3367 1729 3580 1785 Priuile.

2005 1809 2087 1879 gio
2133 1826 2346 1879 namque
2389 1823 2678 1866 cunctorum
2723 1815 2810 1884 qui
2855 1815 2948 1869 hoc
2992 1816 3054 1870 de
3095 1819 3439 1887 spiritualibus
3485 1823 3584 1876 tuis

2007 1898 2258 1954 laboribus
2279 1914 2635 1971 promerentur,
2663 1906 2809 1958 etiam
2830 1922 2907 1959 me
2924 1907 3186 1978 indignum
3206 1921 3584 1966 consecuturum

2007 2006 2115 2044 esse
2139 2007 2415 2060 prtesumo,
2450 1993 2650 2048 domine
2688 1997 2862 2050 merito
2895 1998 3189 2053 uenaabilis
3208 2041 3222 2064 ,
3261 2010 3308 2054 et
3335 2017 3447 2056 uere
3469 2002 3585 2056 bea-

2008 2081 2196 2135 tissime
2229 2093 2388 2152 pater.
2430 2083 2620 2138 Precor
2647 2086 2798 2154 igitur
2825 2085 3195 2143 Beatitudinem
3231 2100 3402 2157 tuam,
3443 2101 3496 2145 ut
3522 2107 3586 2146 ea:

2006 2189 2104 2240 quo
2141 2174 2416 2227 christiana
2450 2174 2626 2245 religio
2655 2177 2960 2232 hwreditatis
2989 2181 3250 2248 promissae
3281 2198 3460 2236 nomen
3498 2199 3586 2236 ac-

2006 2262 2155 2331 cepit,
2182 2278 2294 2331 quae
2318 2263 2527 2317 htereses
2549 2265 2751 2334 fuerint,
2779 2267 2914 2330 sint;
2939 2284 3064 2337 quos
3087 2285 3279 2324 errores
3302 2271 3581 2337 intulerint,

2006 2352 2259 2419 inferant;
2286 2354 2406 2421 quid
2434 2354 2670 2408 adversus
2693 2355 2990 2409 catholicam
3018 2357 3294 2413 Ecclesium
3321 2361 3582 2425 senserint,

2007 2443 2241 2507 sentiant,
2268 2443 2330 2495 de
2353 2443 2472 2511 ﬁde,
2485 2444 2546 2497 de
2567 2443 2830 2511 Trinitate,
2853 2445 2919 2500 de
2940 2445 3216 2517 Baptismo,
3242 2448 3304 2502 de
3328 2449 3585 2503 l’mniten-

2008 2534 2097 2599 tia,
2127 2533 2189 2586 de
2209 2533 2408 2587 homine
2427 2533 2645 2599 Christo,
2671 2536 2732 2589 de
2753 2534 2860 2589 Deo
2879 2535 3099 2604 Christo,
3123 2539 3185 2591 de
3202 2540 3583 2606 resurrectione,

2009 2623 2070 2676 de
2096 2622 2242 2677 Novo
2269 2635 2313 2677 et
2345 2625 2514 2679 Vetere
2537 2625 2884 2690 Testamento;
2909 2636 2955 2680 et
2979 2629 3146 2681 omnia
3166 2630 3385 2694 omnino,
3409 2631 3583 2700 quibus

2008 2730 2039 2766 a
2062 2715 2265 2767 veritate
2294 2716 2587 2768 dissentiunt
2621 2731 2638 2768 :
2670 2732 2782 2783 quas
2816 2717 2965 2771 etiam
2995 2717 3307 2788 Baptismum
3335 2723 3580 2789 habeant,

2007 2821 2174 2872 qua've
2215 2822 2312 2858 non
2352 2806 2597 2870 habeant;
2638 2815 2684 2859 et
2723 2817 2835 2876 post
2871 2823 2995 2878 quas
3023 2809 3268 2878 baptizet,
3303 2827 3390 2864 nec
3419 2822 3583 2867 tanien

2007 2898 2274 2966 t'ebttplizrt
2305 2896 2564 2961 Ecclesia;
2596 2897 2808 2964 qualiter
2833 2899 3071 2970 suscipiat
3102 2901 3365 2967 uenientes,
3395 2912 3439 2955 et
3462 2902 3583 2972 quid

2007 2989 2220 3058 singulis
2265 2989 2403 3058 lege,
2461 2989 2784 3055 auctoritate,
2835 2999 2985 3059 atque
3027 2991 3219 3044 ratione
3263 2992 3580 3062 respondeat,

2007 3078 2226 3149 digneris
2258 3094 2522 3147 exponere.

2079 3169 2132 3222 5.
2175 3167 2286 3222 Nec
2329 3184 2407 3221 me
2444 3178 2596 3222 ttuttte
2631 3167 2897 3223 Beatitudo
2940 3180 3025 3224 tua
3062 3171 3230 3224 credat
3264 3171 3497 3240 ineptias,
3529 3183 3584 3226 ut

2006 3273 2105 3311 non
2132 3259 2394 3328 inspiciam
2430 3261 2628 3328 quantis
2665 3269 2711 3312 et
2749 3275 2902 3330 quam
2939 3260 3220 3328 ingentibus
3253 3262 3584 3317 voluminibus

2006 3364 2132 3419 Opus
2171 3350 2268 3413 sit,
2307 3361 2362 3400 ut
2403 3349 2592 3417 possint
2627 3350 2723 3401 ista
2757 3348 2979 3402 dissolui.
3021 3349 3203 3403 Verum
3232 3355 3325 3403 hoc
3358 3368 3446 3422 ego
3473 3354 3584 3422 ﬁeri

2006 3455 2106 3491 non
2136 3448 2348 3508 expeto;
2377 3438 2430 3490 id
2468 3440 2597 3491 enim
2633 3439 2974 3509 multipliciter
3001 3440 3192 3509 factum
3223 3458 3331 3495 esse
3359 3459 3458 3496 non
3484 3443 3584 3496 du-

2008 3529 2106 3582 bito
2131 3544 2149 3581 :
2169 3528 2257 3582 sed
2277 3529 2502 3594 breviter,
2531 3531 2784 3597 perstricte
2809 3540 2954 3599 atque
2978 3531 3285 3598 summatim,
3314 3542 3362 3586 et
3382 3533 3583 3603 opinio-

2007 3635 2093 3671 nes
2119 3635 2239 3688 rogo
2266 3618 2527 3688 cujuslibet
2555 3619 2758 3674 heresis
2783 3621 2984 3690 exponi,
3013 3629 3058 3673 et
3081 3621 3202 3690 quid
3223 3631 3396 3676 contra
3422 3632 3584 3678 teneat

2010 3709 2235 3764 Ecclesia
2259 3709 2527 3778 catholica,
2551 3722 2794 3780 quantum
2816 3713 3131 3767 instructioni
3152 3716 3274 3770 satis
3292 3725 3382 3779 est,
3405 3717 3583 3772 subdi:

2005 3811 2058 3853 ut
2085 3802 2214 3854 velut
2250 3802 2467 3871 quodam
2501 3817 2564 3854 ea:
2595 3803 2822 3855 onmibus
2851 3813 3085 3873 concepto
3109 3808 3509 3872 commonitorio,
3539 3810 3583 3862 si

2004 3893 2112 3961 quis
2173 3891 2394 3962 aliquam
2436 3892 2760 3962 objectionem
2810 3902 2896 3946 aut
2951 3895 3305 3948 convictionem
3362 3898 3578 3960 uberius,

2004 3980 2200 4050 plenius
2228 3998 2286 4033 ac
2313 3981 2510 4050 planius
2539 3995 2684 4032 nosse
2709 3979 2938 4046 uoluerit,
2965 3981 3032 4034 ad
3052 3983 3286 4050 opulenta
3315 3996 3361 4036 et
3387 3988 3582 4055 "mgni-

2003 4072 2102 4140 fica
2130 4073 2381 4125 volumina
2408 4070 2776 4123 transmittatur
2793 4108 2809 4135 ,
2838 4070 3015 4140 quibus
3043 4087 3074 4122 a
3098 4073 3304 4125 diversis
3323 4114 3336 4136 ,
3369 4084 3414 4126 et
3445 4090 3577 4142 prm-

2003 4161 2146 4231 cipue
2166 4178 2196 4214 a
2223 4159 2549 4215 Veneratione
2573 4169 2658 4212 tua
2679 4159 2731 4212 in
2747 4161 2840 4212 hoc
2854 4161 3017 4229 ipsum
3038 4169 3229 4212 constat
3248 4162 3572 4216 elaboratum.

2004 4251 2227 4324 Sufﬁciet
2253 4260 2416 4304 autem
2441 4249 2715 4303 admonitio
2738 4249 2882 4315 talis,
2909 4258 2961 4301 ut
2990 4258 3138 4318 puto,
3165 4250 3323 4303 doctis
3347 4260 3392 4303 et
3418 4251 3576 4320 impe-

2000 4344 2141 4411 ritis,
2169 4345 2340 4398 otiosis
2369 4353 2414 4398 et
2436 4341 2698 4411 occupatis
2716 4381 2730 4404 ,
2760 4349 2807 4393 et
2832 4340 2899 4392 ad
2925 4339 3186 4409 cujuslibet
3210 4339 3397 4410 gradus
3420 4342 3573 4395 mini-

2002 4440 2207 4490 sterium
2237 4435 2472 4488 Ecclesia:
2500 4433 2840 4501 undecumque
2863 4431 3134 4502 promotis;
3159 4431 3278 4484 dum
3304 4441 3351 4486 et
3380 4433 3465 4486 ille
3490 4433 3576 4502 qui

2001 4525 2159 4578 multa
2201 4523 2317 4594 legit
2335 4565 2348 4586 ,
2389 4522 2559 4575 eadem
2597 4521 2803 4575 breviter
2839 4520 3163 4586 recordatur,
3203 4530 3248 4575 et
3283 4521 3576 4592 compendio

2001 4617 2206 4687 ignarus
2234 4613 2527 4679 instruitur,
2556 4619 2611 4664 ut
2639 4612 2828 4665 nouerit
2862 4611 2982 4676 quid
3015 4620 3210 4676 teneat,
3241 4611 3361 4680 quid
3398 4612 3539 4664 evitet
3563 4647 3577 4669 ,

1999 4707 2121 4776 quid
2161 4714 2411 4758 auersetur
2454 4720 2516 4757 ne
2563 4703 2749 4774 faciat,
2795 4701 2918 4772 quid
2963 4712 3017 4754 ut
3061 4702 3216 4772 faciat
3261 4710 3570 4770 assequatur.

2001 4797 2255 4852 Fortassis
2275 4805 2462 4860 autem,
2485 4796 2528 4848 si
2550 4803 2713 4848 tamen
2732 4795 2866 4864 quod
2885 4795 3102 4847 arbitror
3124 4808 3290 4847 verum
3311 4801 3400 4856 est,
3425 4791 3572 4845 etiam

1999 4891 2232 4942 adversus
2255 4886 2669 4941 calumniantium
2693 4887 2940 4956 malignas
2967 4892 3151 4938 mentes
3177 4894 3222 4937 et
3247 4883 3419 4936 dolosa
3441 4881 3572 4957 labia

1999 4996 2123 5048 Opus
2144 4979 2238 5033 hoc
2259 4993 2469 5048 parvum
2495 4977 2623 5030 inter
2641 4986 2821 5030 cwtera
2839 4975 3055 5043 miriﬁca
3079 4973 3355 5027 testimonio
3375 4988 3574 5026 corona:

1999 5081 2098 5124 tute
2123 5086 2224 5123 non
2257 5069 2410 5122 deerit
2448 5083 2465 5121 :
2499 5076 2552 5121 ut
2591 5067 2765 5136 quibus
2805 5073 2939 5135 patet
2981 5080 3190 5136 campus
3227 5062 3572 5115 calumniandi

1998 5162 2252 5234 profusior
2271 5202 2285 5225 ,
2313 5160 2494 5213 validis
2521 5167 2566 5212 et
2594 5175 2657 5212 ea:
2681 5158 2816 5212 omni
2847 5167 2988 5227 parte
3014 5155 3256 5210 conclusis
3290 5153 3412 5222 ﬁdei
3439 5153 3570 5206 limi-

1999 5253 2128 5306 tibus
2154 5251 2392 5303 coarctati
2410 5291 2424 5315 ,
2452 5249 2778 5319 omnibusque
2815 5248 3033 5302 ueritatis
3071 5243 3280 5298 telorum
3311 5243 3571 5313 generibus

1996 5341 2284 5395 circumacti
2304 5381 2317 5403 ,
2360 5341 2507 5393 etiam
2543 5355 2645 5392 uno
2685 5337 2980 5406 multiformi
3010 5335 3187 5405 jaculo
3222 5343 3423 5404 repente
3456 5350 3572 5402 pro-

1997 5433 2160 5496 strati,
2195 5432 2476 5485 morticinos
2503 5432 2709 5499 spiritus
2735 5445 2833 5482 non
2861 5427 3077 5479 audeant
3105 5425 3357 5478 anhelare.

2065 5523 2118 5576 4.
2169 5520 2324 5576 Video
2351 5538 2499 5593 quam
2526 5534 2759 5574 onerosus
2783 5518 3049 5585 exsistam,
3082 5517 3284 5570 meliora
3311 5513 3567 5585 cogitanti,

2000 5709 2009 5716 ,
2064 5657 2074 5683 ³
2105 5661 2229 5713 Μελ,
2256 5654 2453 5715 «,‘t:jt:5(]tt
2473 5668 2497 5700 ·.
