4084 6332
530 320 631 390 s99

531 634 824 705 participem
848 629 1105 701 sapientia:
1128 641 1233 680 sua:
1265 625 1370 678 sine
1403 621 1587 674 invidia
1612 637 1717 674 esse
1740 620 2003 681 concessit,
2043 625 2097 670 ut

533 703 663 782 hanc
690 703 899 797 gratiam
942 721 1093 774 dones
1133 716 1342 771 indoctis
1375 703 1640 778 Ecclesiae,
1674 712 1759 782 qui
1798 721 1844 764 te
1867 709 2096 781 agnoscis

533 815 832 887 capientibus
857 821 1000 882 atque
1027 806 1373 879 insipientibus
1406 800 1671 857 debitorem
1701 800 1873 872 (Rom.
1902 817 1949 864 I,
1980 798 2092 868 14),

531 909 702 963 merito
725 920 784 958 ac
797 887 916 974 jure
941 900 1161 953 dicturus
1188 911 1205 950 :
1233 914 1251 947 ι
1280 887 1452 948 Videte
1476 894 1709 963 quoniam
1735 896 1832 944 non
1859 887 1979 942 mihi
1999 887 2095 941 soli

529 987 748 1052 laboravi
765 1036 780 1062 ,
820 985 906 1049 sed
936 989 1160 1047 omnibus
1188 982 1552 1057 caquirentibus
1577 983 1863 1036 veritatems
1905 979 2089 1049 (Eccli.

532 1104 678 1151 XXIV,
705 1088 802 1151 47,
834 1094 878 1138 et
906 1087 1071 1138 χχχιιὶ
1091 1122 1104 1147 ,
1137 1077 1245 1150 l8).
1277 1076 1429 1130 Potui
1455 1068 1620 1128 adhuc
1645 1072 1822 1139 offerre
1846 1070 2093 1140 supplices

527 1193 572 1235 et
597 1179 893 1246 multiplices
923 1190 1114 1244 preces,
1145 1183 1188 1223 et
1211 1185 1399 1222 mecum
1429 1155 1766 1234 imperitorum
1790 1164 1972 1215 classes
1995 1162 2090 1213 ad-

527 1261 768 1331 sciscere;
797 1267 883 1320 sed
905 1255 1056 1316 uului
1074 1265 1185 1330 jam
1211 1260 1384 1312 audire
1409 1258 1423 1288 ι
1451 1253 1735 1320 dictantem,
1761 1258 1909 1322 quam
1928 1251 2092 1304 adhuc

524 1375 767 1430 occupare
795 1359 1049 1426 legentem.

944 1440 1268 1499 EPISTOLA
1302 1436 1532 1494 CCXXII
1559 1433 1659 1507 (a).

525 1537 831 1610 Augustinus
855 1533 1200 1600 Quodvultdeo
1215 1573 1230 1593 ,
1257 1543 1498 1584 excusans
1523 1523 1763 1595 propositi
1781 1522 1943 1591 operis
1963 1521 2091 1590 diffi-

595 1629 826 1682 cultatem
843 1665 858 1691 ,
888 1638 1087 1692 remque
1111 1623 1172 1673 ab
1198 1616 1312 1672 aliis
1340 1623 1575 1670 tentatam
1601 1617 1705 1666 esse
1729 1610 2017 1664 admonens.

529 1735 876 1793 Dilectissimo
908 1732 1012 1785 ﬁlio
1041 1738 1093 1785 et
1117 1726 1439 1784 condiacono
1464 1722 1882 1789 Quonvuuneo,
1913 1718 2090 1771 Accu-

1051 1833 1231 1874 smios
1267 1815 1564 1886 episcopus.

596 1943 648 1995 l.
690 1937 934 2006 Acceptis
960 1933 1145 1990 litteris
1167 1928 1453 1986 Charitatis
1478 1936 1598 1989 tuae,
1624 1923 1710 1976 ubi
1738 1938 1766 1974 a
1795 1936 1878 1974 me
1903 1919 2091 1972 arden-

521 2032 729 2088 tissimo
747 2028 920 2084 studio
941 2022 1214 2095 postulasti
1238 2029 1294 2074 ut
1315 2019 1378 2074 de
1400 2016 1643 2070 omnibus
1664 2012 1954 2066 haeresibus
1974 2024 2091 2078 qua:

523 2131 646 2194 post
681 2119 888 2175 Domini
917 2113 1208 2181 Salvatoris
1237 2110 1519 2164 adventum
1553 2103 1802 2158 adversus
1841 2099 1954 2169 ejus
1991 2098 2089 2152 do-

524 2191 747 2269 ctrinam
791 2209 1212 2280 pullulaverunt,
1256 2199 1453 2268 aliquid
1496 2195 1730 2250 breviter
1767 2191 2088 2256 scriberem;

525 2319 685 2376 quam
712 2303 781 2356 sit
804 2302 905 2355 hoe
928 2296 1161 2360 difﬁcile,
1191 2292 1440 2348 continuo
1464 2293 1672 2357 reperta
1701 2281 1976 2337 occasione
2000 2295 2088 2332 re-

523 2369 712 2464 scripsi
734 2407 826 2461 per
849 2391 1010 2444 ﬁlium
1031 2399 1204 2440 meum
1224 2379 1634 2450 Hipponensium
1655 2373 1958 2445 primarium
1977 2369 2090 2425 Phi-

525 2485 750 2540 localum
783 2500 797 2536 :
823 2495 946 2535 mox
974 2487 1148 2532 autem
1173 2473 1330 2528 etiam
1359 2473 1459 2524 ista
1487 2467 1657 2522 oblata
1683 2473 1798 2530 est,
1825 2477 1923 2533 qua
1952 2473 2090 2515 nunc

523 2574 778 2639 rescribo,
807 2579 862 2626 et
885 2569 1114 2625 breviter
1135 2561 1495 2619 difﬁcultatem
1521 2555 1695 2626 operis
1713 2554 1826 2624 ejus
1845 2550 2086 2608 ostendo.

592 2664 648 2719 2.
688 2660 1002 2719 Philastrius
1035 2655 1247 2727 quidam
1286 2648 1571 2706 Brixiensis
1597 2645 1902 2715 episc0pus,
1932 2655 2088 2710 quem

522 2770 645 2811 cum
671 2759 852 2808 sancto
881 2745 1160 2803 Ambrosio
1185 2738 1462 2797 Mediolani
1486 2737 1644 2792 etiam
1670 2735 1782 2804 ipse
1807 2732 1931 2796 vidi,
1959 2730 2088 2784 scri-

523 2845 630 2916 psit
649 2843 770 2897 hinc
783 2841 976 2895 librum
995 2855 1009 2903 ;
1032 2850 1129 2890 nec
1144 2834 1264 2889 illas
1290 2832 1518 2886 hinreses
1532 2825 1954 2896 praetermittens,
1971 2837 2088 2891 qua:

527 2913 583 2992 in
607 2934 802 3006 populo
823 2929 1007 2987 iudico
1033 2926 1243 2982 fuerunt
1265 2931 1387 2977 ante
1411 2919 1692 2974 adventum
1717 2913 1942 2978 Domini,
1973 2927 2088 2967 eas-

510 3003 628 3098 que
641 3003 824 3094 viginti
839 3029 958 3076 octo
973 3012 1436 3074 commemoravit;
1462 3017 1513 3064 et
1533 3015 1651 3077 post
1665 3004 1871 3059 Domini
1889 3003 2086 3057 adven-

526 3094 633 3171 tum
650 3122 859 3169 centum
876 3110 1057 3180 viginti
1078 3117 1216 3161 octo.
1233 3103 1454 3171 Scripsit
1476 3101 1597 3153 hine
1612 3099 1768 3153 etiam
1788 3110 1957 3167 graece
1978 3094 2088 3164 epi-

523 3221 715 3276 scopus
729 3177 952 3276 Cyprius
966 3198 1315 3269 Epiphanius,
1338 3196 1390 3248 in
1411 3192 1648 3248 doctrina
1671 3189 1941 3244 catholica:
1966 3177 2086 3240 ﬁdei

525 3296 850 3350 laudabiliter
878 3290 1178 3346 diffamatus
1209 3303 1223 3340 :
1255 3284 1349 3339 sed
1379 3285 1490 3353 ipse
1529 3283 1801 3350 utriusque
1840 3278 2090 3347 temporis

526 3388 758 3441 haereses
780 3383 1054 3460 colligens,
1079 3377 1342 3446 octoginta
1364 3373 1668 3443 complexus
1687 3382 1787 3426 est.
1811 3371 1939 3425 Cum
1963 3383 2090 3438 ergo

525 3477 680 3532 ambo
721 3473 773 3528 id
814 3473 1013 3528 vellent
1053 3469 1227 3523 facere
1269 3465 1409 3536 quod
1451 3481 1481 3519 a
1518 3479 1606 3518 me
1641 3462 1806 3534 petis,
1836 3470 2088 3531 quantum

525 3580 700 3623 tamen
729 3568 866 3622 inter
887 3577 945 3617 se
968 3561 1212 3616 differant
1234 3559 1301 3613 de
1324 3571 1544 3612 numero
1570 3555 1777 3610 interim
1804 3563 2084 3616 sectarum,

525 3659 673 3714 vides
710 3675 724 3711 :
763 3654 902 3725 quod
951 3654 1128 3721 utique
1176 3665 1279 3704 non
1324 3647 1624 3712 evenisset,
1671 3645 1772 3699 nisi
1814 3643 1953 3697 aliud
1997 3643 2087 3696 uni

523 3761 707 3804 eorum
734 3743 1000 3799 videretur
1027 3755 1145 3796 esse
1172 3737 1422 3803 ἥσει-θεῖε,
1453 3744 1507 3790 et
1533 3735 1676 3790 aliud
1700 3733 1873 3788 alteri.
1909 3731 2089 3800 Neque

524 3838 667 3894 enim
711 3833 994 3905 putandum
1038 3839 1118 3885 est
1159 3829 1360 3898 aliquas
1405 3827 1675 3896 ignorasse
1717 3823 2084 3893 Epiphaniam,

523 3943 655 4000 quas
682 3933 900 3980 noverat
927 3921 1254 3985 l’hilastrius,
1285 3932 1405 3972 cum
1424 3915 1772 3986 Epiphanium
1793 3914 1948 3983 longe
1968 3913 2088 3968 Phi-

524 4019 706 4075 lastrio
724 4015 1014 4072 doctiorem
1039 4010 1428 4072 invenerimus;
1459 4008 1528 4062 ita
1557 4015 1614 4061 ut
1641 4006 1975 4062 Philastrium
1995 4019 2092 4073 po-

522 4113 628 4169 tius
654 4111 829 4167 dicere
851 4108 1164 4163 deberemus
1189 4103 1400 4156 latuisse
1421 4100 1691 4170 plurimas,
1715 4099 1758 4153 si
1785 4108 1888 4151 tam
1909 4097 2088 4168 plures

521 4211 665 4258 esset
693 4200 778 4255 ille
806 4196 1142 4266 complexus,
1187 4200 1242 4246 et
1284 4192 1381 4244 iste
1423 4189 1714 4259 pauciores.
1760 4186 1864 4242 Sed
1905 4185 2086 4254 procul

521 4293 683 4348 dubio
710 4291 761 4345 in
788 4304 851 4345 ea
880 4285 1172 4356 qumstione
1209 4283 1297 4336 ubi
1323 4282 1641 4348 disceptatur
1667 4277 1792 4346 quid
1821 4276 1890 4330 sit
1915 4276 2085 4330 lucre-

522 4384 629 4446 sis,
677 4397 781 4435 non
827 4379 966 4432 idem
1015 4373 1286 4429 videbatur
1331 4370 1617 4431 ambobus;
1669 4377 1724 4422 et
1763 4381 1944 4422 revera
1987 4365 2089 4420 hoc

522 4471 738 4528 omnino
767 4469 983 4524 deﬁnire
1008 4464 1218 4520 difﬁcile
1243 4472 1326 4517 est
1356 4479 1368 4515 :
1400 4470 1453 4515 et
1483 4460 1600 4513 ideo
1624 4457 1934 4520 cavendum,
1965 4472 2086 4510 cum

521 4577 709 4617 omnes
749 4562 800 4615 in
844 4573 1118 4614 numerum
1164 4555 1403 4625 redigere
1443 4567 1725 4616 conamur,
1770 4566 1836 4606 ne
1868 4559 2086 4619 printer-

523 4655 790 4709 mittamus
819 4651 1017 4720 aliquas
1037 4691 1050 4713 ,
1081 4647 1318 4717 quamvis
1348 4645 1577 4698 haereses
1617 4641 1755 4706 sint;
1800 4651 1891 4695 aut
1917 4656 2085 4694 annu-

520 4758 785 4800 meremus
809 4741 1028 4810 aliquas,
1055 4753 1172 4792 cum
1197 4738 1424 4789 ha‘reses
1450 4749 1551 4787 non
1575 4733 1698 4786 sint.
1727 4731 1855 4786 Vide
1873 4746 1999 4800 ergo
2021 4747 2086 4786 ne

521 4837 653 4888 forte
697 4833 886 4886 librum
936 4827 1101 4883 sancti
1143 4823 1416 4894 Epiphanii
1461 4823 1550 4876 tibi
1589 4822 1798 4876 mittere
1825 4820 2084 4874 debeam:

520 4928 692 4996 ipsum
718 4927 856 4978 enim
883 4920 1109 4974 arbitror
1135 4915 1413 4971 Philastrio
1440 4915 1644 4969 doctius
1674 4914 1793 4967 hinc
1818 4913 2083 4976 locutum;

519 5019 610 5089 qui
639 5017 804 5088 possit
831 5015 966 5085 apud
986 5011 1354 5081 Carthaginem
1382 5009 1433 5063 in
1459 5009 1674 5062 latinam
1704 5008 1928 5075 linguam
1954 5007 2086 5060 verti

520 5109 722 5164 facilius
749 5117 906 5177 atque
934 5103 1261 5160 commodius
1281 5141 1296 5168 ,
1324 5111 1379 5154 ut
1408 5107 1462 5154 tu
1491 5100 1661 5169 potius
1692 5104 1910 5168 priestcs
1937 5097 2089 5151 nobis

519 5200 658 5272 quod
689 5199 880 5269 quarris
908 5212 938 5252 a
967 5196 1138 5251 nobis.

588 5294 643 5348 '5.
683 5291 1006 5346 Perlatorem
1024 5287 1248 5342 multum
1267 5281 1604 5339 commendo.
1625 5280 1989 5336 Subdiaconus
2007 5286 2090 5334 est

518 5383 585 5438 de
615 5392 792 5435 nostra
822 5379 1072 5442 dimeesi;
1117 5376 1183 5430 dc
1215 5374 1374 5429 fundo
1414 5381 1590 5426 autem
1621 5371 1718 5425 viri
1757 5367 2084 5439 spectabilis,

590 5550 606 5582 ⁸
633 5549 716 5598 Sic
738 5562 862 5598 unus
889 5561 916 5599 e
945 5549 1091 5600 Vatie.
1122 5548 1320 5601 Mss.At
1352 5547 1496 5609 Edd.,
1521 5546 1736 5610 gaudere
1757 5543 2032 5598 dictantem.

589 5634 660 5694 (a)
688 5633 754 5684 Ex
781 5633 812 5682 6
837 5643 980 5691 tome,
1006 5643 1119 5683 ante
1145 5635 1229 5684 lib.
1255 5635 1317 5682 de
1342 5633 1644 5682 Hzeresibus.
1672 5634 1788 5689 Quae
1813 5637 1975 5683 autem
1999 5629 2092 5681 222

527 5705 649 5753 erat.
676 5710 822 5745 nunc.
853 5697 954 5746 1'20.
991 5697 1178 5758 Scripta
1203 5697 1340 5758 paulo
1367 5703 1469 5756 post
1492 5696 1815 5755 superiorem.

1757 315 1812 375 s.
1852 302 2212 373 Atrat's'TINt
2252 321 2549 383 EPISCOPI

529 465 577 506 et
606 449 887 521 disponenti
928 449 1120 518 majora
1159 452 1327 496 sancto
1367 440 1470 493 seni
1493 480 1504 501 ,
1537 450 1580 490 rt
1614 437 1837 506 querelas
1875 435 2098 504 corporis

533 542 809 601 sustinenti.
853 539 958 594 Sed
1004 554 1091 607 per
1127 534 1375 587 Christum
1416 529 1682 582 Dominum
1725 545 1877 597 rogo,
1925 525 2008 596 qui
2053 535 2100 579 te

3631 327 3769 398 ideo

2205 438 2458 510 nobisque
2483 442 2776 500 eharissimi
2805 445 3005 501 Orontii
3034 449 3070 501 ί.
3102 448 3204 504 Pro
3239 449 3331 505 illo
3357 460 3530 507 autem
3548 494 3561 520 ,
3585 468 3642 509 ct
3672 458 3768 524 pro

2200 532 2315 602 ejus
2330 544 2494 618 patre,
2518 551 2545 588 a
2566 550 2670 605 quo
2684 536 2959 608 adeptatus
2980 549 3078 620 est,
3098 542 3255 595 etiam
3272 542 3337 596 ad
3354 543 3521 611 ipsum
3539 547 3730 614 scripsi
3752 563 3766 600 :

2197 639 2328 722 quas
2351 623 2550 681 litteras
2591 643 2710 682 cum
2757 628 2938 699 legerit
2981 625 3265 686 chi‘istiana
3311 634 3611 705 Benignitas
3641 640 3764 703 tua,

2197 718 2320 783 peto
2345 724 2400 769 ut
2424 733 2514 771 eas
2537 718 2675 788 apud
2696 731 3042 775 memoratum
3067 723 3235 779 virum
3265 733 3349 777 tua
3377 725 3763 780 intercessione

2193 803 2441 873 adjuvare
2461 807 2709 876 digneris.
2733 807 2846 861 Misi
2867 817 3041 863 autem
3063 815 3183 864 cum
3205 812 3293 865 illo
3313 812 3470 866 etiam
3490 813 3763 875 hominem

2194 895 2470 962 Ecélesim,
2508 915 2573 952 ne
2610 899 2674 953 ad
2713 910 2851 954 tuam
2891 899 3232 956 Sanctit'atcm
3270 903 3498 959 difﬁnilis
3535 905 3583 959 ei
3619 901 3766 960 esset

2193 1003 2438 1044 accessus
2470 1009 2482 1043 :
2514 1007 2616 1045 non
2643 993 2782 1046 enim
2814 1008 2997 1061 parum
3031 992 3096 1048 de
3131 991 3220 1048 illo
3253 995 3508 1050 sollicitus
3539 1012 3697 1061 sum;
3731 1012 3765 1052 a

2192 1094 2292 1148 qua
2317 1097 2398 1134 me
2421 1073 2769 1137 sollicitudine
2794 1083 3066 1148 Dominus,
3097 1095 3152 1138 ut
3178 1086 3355 1156 spero,
3383 1102 3482 1155 per
3501 1091 3606 1141 tute
3628 1087 3762 1140 cha-

2192 1169 2362 1223 ritatis
2399 1171 2699 1226 instantiam
2741 1172 3002 1227 liberabit.
3045 1175 3173 1230 Peto
3207 1176 3366 1230 etiam
3396 1176 3526 1230 mihi
3556 1176 3763 1230 reseri-

2193 1256 2319 1311 bere
2339 1274 2441 1311 non
2465 1261 2714 1328 graveris,
2739 1260 3177 1331 quemadmodum
3205 1264 3271 1318 sit
3296 1266 3346 1318 in
3368 1259 3471 1319 ﬁde
3492 1264 3760 1319 catholica

2192 1343 2282 1398 ille
2329 1346 2654 1403 Theodosius
2702 1365 2794 1418 per
2836 1366 2990 1420 quem
3038 1352 3308 1407 Manichaai
3352 1355 3589 1409 nonnulli
3631 1364 3762 1408 sunt

2193 1435 2413 1502 proditi;
2442 1446 2496 1490 et
2517 1438 2616 1507 ipsi
2639 1455 2768 1509 quos
2789 1441 2855 1495 ab
2876 1457 2940 1495 eo
2963 1442 3216 1510 proditos,
3243 1452 3480 1512 putamus
3500 1459 3621 1500 esse
3638 1459 3764 1498 cor—

2193 1533 2385 1579 rectos.
2419 1527 2473 1580 Si
2503 1528 2624 1596 quid
2653 1530 2810 1584 etiam
2849 1530 2914 1584 de
2957 1533 3275 1600 profec1ione
3311 1542 3613 1588 sanctorum
3638 1536 3762 1603 epi-

2193 1622 2473 1686 scoporum
2500 1617 2634 1673 forte
2659 1619 2923 1684 audivisti,
2952 1622 3030 1675 [ac
3055 1627 3111 1675 ut
3141 1622 3394 1677 neverim.
3423 1624 3530 1679 Deo
3549 1626 3739 1678 vivas“

2601 1719 2920 1783 EPISTOLA
2960 1729 3210 1784 ccxxni
3268 1730 3362 1802 (a).

2194 1835 2472 1904 Augustino
2505 1836 2906 1902 Quodvultdeus,
2935 1856 3135 1893 rursum
3175 1841 3446 1910 efﬂagitans
3484 1852 3539 1896 ut
3569 1843 3759 1897 scribat

2625 1929 2918 1999 opusculum
2945 1930 3006 1982 de
3032 1931 3318 1984 Iucresibus.

2194 2035 2419 2090 Domino
2444 2037 2632 2090 merito
2659 2038 2940 2093 venerabili
2964 2081 2976 2101 .
3009 2053 3070 2091 ac
3098 2041 3399 2094 beatissimo
3432 2055 3584 2094 sacro
3621 2043 3761 2110 patri

2317 2126 2618 2181 Aucusrnvo
2642 2127 2908 2197 episeopo,
2940 2127 3331 2194 Quovuurnsus
3358 2129 3633 2192 diaconus,

2264 2236 2315 2291 1.
2358 2234 2529 2290 Unum
2563 2237 2761 2304 quidem
2802 2237 3107 2292 Reverentia:
3146 2247 3245 2291 tua:
3288 2239 3759 2301 commonitorium,

2192 2327 2327 2398 quod
2357 2343 2445 2398 per
2482 2327 2866 2382 ecclesiasticum
2892 2329 3126 2400 dignatus
3153 2346 3204 2383 es
3233 2330 3509 2396 destinare,
3539 2330 3758 2399 suscepi.

2195 2417 2332 2471 Nam
2350 2418 2485 2489 quod
2507 2419 2645 2488 prius
2669 2420 2906 2472 directum
2929 2437 3033 2474 esse
3050 2419 3314 2474 Beatitudo
3333 2431 3418 2474 tua
3434 2422 3758 2492 signiﬁcavit,

2195 2525 2281 2577 per
2306 2509 2464 2560 virum
2494 2507 2831 2563 honorabilem
2860 2507 3200 2573 Philocalum,
3231 2511 3440 2563 necdum
3461 2510 3529 2564 ad
3547 2525 3626 2565 me
3645 2528 3761 2581 per-

2191 2599 2341 2652 venit.
2372 2597 2551 2650 Verum
2565 2599 2784 2668 quamvis
2799 2599 3023 2653 conscius
3037 2600 3353 2668 propriorum
3369 2617 3562 2669 semper
3576 2601 3762 2670 fuerim

2193 2696 2536 2756 peccatorum,
2570 2701 2702 2740 nunc
2746 2697 2910 2741 tamen
2952 2688 3199 2752 evidenter
3223 2690 3405 2760 agnovi
3432 2690 3760 2758 adipiscendo

2192 2778 2268 2832 illi
2291 2778 2426 2851 quod
2450 2779 2649 2832 exoravi
2675 2779 2866 2832 muneri
2893 2781 2935 2842 ‘,
2967 2795 3128 2832 meam
3155 2780 3244 2833 toti
3270 2779 3515 2834 Ecclesia:
3536 2781 3761 2850 impedi-

2192 2880 2358 2924 mento
2381 2884 2486 2924 esse
2511 2887 2791 2940 personam.
2825 2869 2930 2925 Sed
2957 2871 3157 2924 omnino
3185 2871 3383 2939 con/ida
3416 2872 3650 2941 quoniam
3670 2872 3759 2936 qui

2192 2976 2279 3032 per
2303 2960 2450 3015 Uniei
2467 2961 2547 3014 sui
2560 2962 2791 3031 gratiam,
2815 2954 3020 3014 humani
3037 2962 3230 3031 generis
3249 2961 3483 3032 dignatus
3502 2970 3572 3014 est
3591 2961 3762 3014 delere

2191 3052 2451 3122 facinora,
2483 3066 2572 3104 nec
2608 3067 2718 3104 mea
2757 3051 2811 3104 in
2853 3051 3116 3119 perniciem
3157 3060 3448 3104 cunctorum
3487 3051 3760 3121 prtevulere

2191 3141 2470 3213 permittet,
2512 3140 2770 3210 potiusque
2804 3139 2884 3192 ubi
2923 3139 3189 3193 abundavit
3219 3149 3503 3208 peccatum,
3542 3139 3761 3209 gratiam

2191 3235 2339 3306 faciet
2367 3233 2647 3287 redundare
2674 3236 2692 3302 (
2716 3229 2866 3284 Rom.
2897 3246 2961 3297 v,
2989 3230 3059 3285 20
3079 3233 3098 3300 )
3117 3271 3133 3296 ,
3165 3231 3367 3284 domine
3409 3229 3580 3282 merito
3608 3242 3759 3282 vene-'-

2187 3325 2362 3380 rabilis
2381 3367 2395 3389 ,
2421 3341 2482 3378 ac
2510 3323 2786 3379 beatissime
2823 3331 2981 3391 pater.
3026 3321 3380 3392 Difficultatem
3419 3321 3583 3390 operis
3622 3320 3762 3389 quod

2190 3416 2494 3471 instruendis
2520 3413 2902 3484 imperitissimis
2929 3412 3070 3466 nobis
3103 3427 3194 3477 per
3223 3419 3359 3464 tuam
3387 3409 3761 3478 beneﬁcentiam

2191 3505 2420 3577 prmstari
2439 3502 2732 3574 suppliciter
2752 3501 2971 3567 exoravi,
3000 3515 3087 3553 nec
3109 3501 3217 3569 ipse
3236 3500 3475 3570 ignorans
3492 3506 3608 3551 ante
3625 3512 3759 3567 prte—

2191 3597 2299 3650 dixi
2316 3613 2334 3661 ;
2362 3595 2449 3649 sed
2482 3595 2544 3648 de
2582 3594 2734 3647 divini
2764 3592 2916 3663 fontis
2943 3592 3162 3645 ubertate
3196 3605 3349 3660 quam
3385 3588 3474 3642 tibi
3511 3587 3758 3642 Dominus

2192 3687 2379 3750 tribuit,
2410 3686 2573 3740 veraci
2593 3684 2742 3738 corde
2769 3682 3084 3753 praesumpsi.

2259 3780 2313 3832 2.
2358 3777 2496 3832 Nam
2545 3776 2636 3831 etsi
2689 3774 2997 3828 Philastrius
3042 3761 3089 3825 et
3130 3771 3451 3841 Epiphanius
3487 3768 3759 3823 venerandi

2191 3869 2408 3940 episcopi
2433 3868 2531 3921 tale
2549 3865 2742 3935 aliquid
2764 3865 3020 3932 scripsisse
3045 3870 3401 3926 memorantur,
3423 3859 3556 3928 quod
3577 3858 3757 3929 procul

2191 3958 2340 4012 dubio
2361 3974 2438 4011 me
2463 3957 2590 4009 inter
2615 3964 2793 4008 ctctera
2811 3993 2826 4019 ,
2850 3953 2950 4005 imo
2975 3953 3102 4004 sicut
3131 3951 3298 4004 omnia
3318 3991 3331 4014 ,
3364 3950 3515 4011 latet;
3545 3963 3643 4000 non
3672 3956 3759 4000 ta-

2191 4048 2526 4103 menarbitror
2535 4062 2617 4100 eos
2634 4045 2762 4098 hanc
2777 4059 2950 4096 curam
2965 4041 3367 4111 diligentiamque
3378 4037 3679 4099 adhibuisse,
3698 4044 3758 4088 ut

2190 4141 2398 4210 singulis
2417 4139 2686 4210 quibusque
2704 4132 3018 4206 opinionibus
3034 4131 3311 4186 contrarias
3332 4131 3478 4183 etiam
3495 4127 3759 4198 opiniones

2189 4236 2539 4304 adjungerent,
2557 4233 2776 4300 ritusque
2789 4227 3115 4298 subiicerent;
3137 4234 3240 4277 tum
3259 4223 3469 4293 denique
3484 4237 3611 4290 opus
3625 4218 3758 4272 illud

2190 4326 2444 4393 utriusque
2461 4321 2816 4393 qualecumque
2834 4318 2917 4382 sit,
2940 4332 3039 4370 non
3064 4314 3207 4368 habet
3229 4312 3455 4382 fortassis
3475 4325 3584 4364 eam
3604 4324 3759 4378 quam

2190 4417 2416 4472 desidero
2457 4413 2757 4468 brevitatem.
2807 4408 3022 4462 Frustra
3063 4407 3211 4460 etiam
3253 4403 3442 4457 homini
3483 4401 3567 4470 qui
3596 4399 3762 4453 latina

2189 4524 2290 4561 non
2315 4505 2521 4567 didicit,
2566 4517 2729 4573 graeca
2766 4497 3005 4570 facundia
3044 4496 3336 4566 delegatur;
3373 4492 3490 4560 quia
3537 4506 3637 4544 non
3667 4505 3761 4558 ego

2191 4593 2532 4652 tantummodo
2551 4592 2810 4649 consilium
2828 4631 2842 4656 ,
2866 4588 2953 4643 sed
2980 4596 3024 4642 et
3052 4586 3299 4640 auxilium
3320 4581 3585 4654 postulavi.
3619 4578 3760 4644 Quid

2190 4700 2354 4743 autem
2375 4685 2750 4741 Venerationem
2771 4692 2908 4736 tuam
2928 4681 2990 4734 de
3005 4680 3329 4744 interpretum
3349 4691 3449 4728 non
3470 4673 3632 4727 solum
3655 4661 3764 4739 dif-

2190 4779 2432 4849 ﬁcultate,
2455 4777 2541 4832 sed
2566 4777 2713 4829 etiam
2736 4772 3032 4826 obscuritate
3059 4769 3373 4831 admoneam,
3402 4781 3513 4818 cum
3537 4764 3644 4833 ipse
3661 4761 3759 4813 hoc

2190 4872 2380 4940 magis,
2410 4886 2469 4922 ac
2511 4868 2654 4938 plene
2693 4865 2977 4936 dijudiccs?
3014 4851 3214 4915 Accedit
3255 4861 3321 4912 ad
3355 4873 3589 4922 causam,
3623 4855 3764 4924 quod

2191 4961 2448 5015 nonnulltc
2474 4959 2622 5011 etiam
2661 4967 2770 5026 post
2808 4953 3012 5006 illorunt
3052 4952 3237 5004 obitum
3267 4950 3476 5002 ha’reses
3505 4945 3766 4999 emersisse

2191 5051 2480 5112 doceantur,
2509 5063 2718 5110 quarum
2748 5045 2939 5097 nullam
2968 5043 3043 5094 illi
3069 5041 3268 5112 fecerint
3300 5028 3615 5092 mentionem.

2263 5145 2315 5197 5.
2359 5139 2691 5205 Quamobrem
2717 5136 2782 5187 ad
2809 5133 3059 5204 peculiare
3083 5130 3416 5200 patrocinium
3440 5124 3639 5198 pietatis
3661 5137 3766 5176 tute

2191 5234 2448 5305 confugio,
2473 5241 2518 5287 et
2539 5246 2652 5285 voce
2674 5245 2804 5294 mea,
2835 5218 2923 5280 sed
2945 5221 3212 5278 universali
3237 5220 3500 5284 desiderio,
3525 5227 3765 5288 paratum

2257 5392 2275 5424 ι
2297 5396 2404 5453 stas.
2443 5387 2761 5453 Michaelinus,
2795 5383 3186 5441 Becheronensis,
3202 5385 3252 5430 et
3279 5389 3406 5428 unus
3441 5389 3472 5426 e
3501 5367 3646 5423 \‘atie'.
3678 5371 3768 5420 na:

2194 5451 2332 5511 bent,
2360 5448 2602 5501 Honorati.
3224 5506 3228 5509 ν

2257 5541 2278 5570 ι
2303 5545 2404 5585 mss.
2428 5547 2550 5584 sex:
2579 5529 2855 5595 ..ispicictulo
2872 5527 2936 5576 ad
2958 5525 3010 5576 id
3031 5523 3154 5589 quod
3176 5519 3370 5574 exoravi
3389 5516 3642 5569 muneris.-

2257 5617 2331 5678 (a)
2346 5624 2409 5665 Ex
2436 5618 2468 5665 6
2501 5585 2648 5674 tonio;
2681 5622 2795 5665 ante
2827 5610 2907 5660 lib.
2942 5610 3004 5658 de
3042 5585 3330 5678 tigresibus.
3353 5612 3462 5662 mue
3486 5608 3654 5651 autem
3678 5585 3766 5647 223

2198 5670 2326 5741 erit;
2347 5690 2473 5728 nunc
2494 5681 2568 5729 (il.
2589 5670 2764 5742 scripta
2787 5679 2907 5726 forte
2932 5685 3008 5720 an.
3036 5670 3140 5719 428.
