4084 6332
332 312 467 371 ίοοι

330 430 397 481 ad
424 423 822 480 misericordiam
848 431 1225 478 sacrosanctum
1255 421 1451 490 pietatis
1476 429 1646 489 pectus
1674 418 1913 489 appello;

330 518 650 590 sequestratis
670 518 934 586 saporibus
960 515 1257 586 peregrinis,
1287 512 1601 568 considerato
1627 520 1763 565 textu
1780 510 1918 580 prio-

330 614 402 668 ris
430 613 680 681 epistolae,
710 627 895 681 panem
914 610 1117 680 Afrum,
1147 624 1293 678 quem
1320 618 1490 661 nostra
1519 603 1917 675 prouinciasolet

331 706 515 760 habere
535 705 869 775 praecipuum,
901 702 1085 756 ctelesti
1110 702 1261 755 etiam
1286 715 1472 752 manna
1499 696 1776 758 conditum,
1804 710 1917 748 sero

333 797 582 868 pulsanti,
606 805 653 851 et
682 799 866 866 famem
901 794 1110 864 patienti
1138 809 1237 847 non
1265 791 1495 861 deneges.
1529 788 1767 859 Profecto
1783 787 1917 840 enim

332 906 423 945 nec
451 906 543 959 ego
583 890 788 959 pulsare
813 887 1012 941 cessabo
1030 925 1046 951 ,
1076 885 1234 939 donec
1259 884 1367 952 ipse
1394 880 1672 942 concedas;
1700 889 1755 932 ut
1782 877 1918 950 quod

332 996 433 1034 non
452 980 689 1049 impetrat
714 976 1050 1049 privilegium,
1073 974 1156 1028 ubi
1186 973 1383 1027 nullum
1411 980 1482 1027 est
1509 968 1737 1024 meritum
1756 968 1796 1033 ί,
1813 967 1918 1021 sal-

334 1081 433 1125 tem
460 1070 711 1140 indefessa
736 1068 1086 1137 importunitas
1114 1075 1382 1119 mereatur.

750 1158 1081 1215 EPISTULA
1119 1155 1368 1213 CCXXIV
1403 1155 1498 1225 (a).

330 1259 643 1331 Augustinus
670 1254 1037 1321 Quodvultdeo,
1064 1252 1316 1323 spondens
1336 1266 1398 1305 se
1418 1249 1483 1303 de
1507 1244 1773 1303 acresibus
1792 1245 1917 1299 scri-

400 1359 636 1419 pturum,
682 1349 800 1401 dum
847 1364 934 1413 per
975 1346 1102 1398 alias
1144 1343 1493 1413 occupationes
1537 1339 1718 1394 licebit.
1763 1336 1917 1391 Nunc

399 1442 533 1495 enim
551 1440 612 1493 ab
626 1439 811 1509 Alypio
840 1455 893 1491 se
919 1436 1089 1508 urgeri
1115 1434 1256 1501 dicit,
1275 1443 1329 1487 ut
1350 1431 1704 1504 posterioribus
1717 1426 1916 1483 Iuliani

397 1535 539 1588 libris
560 1532 881 1601 respondeat.

326 1625 554 1680 Domino
582 1622 862 1678 sinceriter
895 1620 1242 1676 dilectissimo
1265 1659 1281 1686 ,
1318 1616 1469 1673 fratri
1494 1622 1550 1673 et
1584 1613 1915 1672 condiacono

396 1716 796 1784 Quouvucruso
820 1756 834 1779 ,
864 1716 1195 1769 AUGUSTINUS
1218 1711 1518 1781 episcopus.

398 1809 451 1861 l.
492 1805 625 1861 Cum
652 1805 781 1860 mihi
825 1805 939 1859 hare
972 1802 1240 1858 scribendi
1271 1801 1554 1858 offerretur
1580 1798 1791 1855 occasio
1816 1813 1915 1869 per

330 1897 704 1952 Fussalensem
730 1895 1119 1966 presbyterum,
1146 1905 1305 1964 quem
1326 1889 1645 1947 commendo
1669 1889 1914 1945 charitati

326 1998 451 2053 tum,
485 1988 729 2043 recensui
760 1988 1039 2057 epislolam
1073 1995 1236 2052 luam,
1260 1985 1312 2039 in
1339 2000 1440 2054 qua
1467 1984 1608 2053 petis
1633 1992 1690 2037 ut
1712 1981 1781 2039 de
1804 1981 1914 2037 ha:-

325 2079 534 2134 resibus
563 2094 683 2149 qua:
719 2079 847 2133 oriri
887 2085 1173 2148 potuerunt
1206 2092 1270 2131 ex
1300 2092 1405 2146 quo
1436 2074 1645 2130 Domini
1674 2075 1726 2128 in
1752 2088 1914 2129 carne

326 2172 560 2225 nuntiari
614 2171 777 2240 coepit
831 2169 1127 2237 adventus,
1181 2168 1380 2240 aliquid
1432 2168 1746 2224 scriberem.
1801 2168 1914 2223 Hoc

324 2274 504 2320 autem
527 2266 646 2333 ieci,
666 2276 720 2321 ut
738 2265 976 2321 viderem
994 2275 1174 2320 utrum
1186 2265 1296 2335 jam
1316 2264 1568 2320 deberem
1585 2279 1719 2334 opus
1739 2265 1913 2334 ipsum

326 2354 563 2424 aggredi,
593 2364 649 2411 et
673 2355 796 2411 inde
826 2356 918 2410 tibi
941 2355 1137 2426 aliquid
1166 2356 1403 2420 mittere;
1424 2356 1525 2410 ubi
1545 2355 1912 2411 considerares

327 2456 473 2501 tanto
512 2462 633 2502 esse
673 2444 970 2512 difﬁcilius,
1006 2455 1207 2517 quanto
1236 2447 1317 2500 vis
1352 2446 1493 2501 effici
1530 2446 1763 2501 brevius.
1805 2446 1912 2502 Sed

327 2547 395 2592 ne
425 2538 527 2595 hoc
555 2539 770 2610 quidem
801 2540 981 2611 potui,
1014 2539 1208 2594 talibus
1237 2540 1378 2594 curis
1416 2540 1913 2610 superVenientibus

324 2631 634 2701 impeditus,
657 2648 687 2687 a
709 2632 901 2702 quibus
925 2632 1143 2685 omnino
1174 2631 1511 2687 dissimulare
1535 2646 1641 2687 non
1664 2646 1908 2702 possem:

328 2740 451 2779 nam
477 2728 563 2779 me
589 2734 643 2779 et
671 2724 737 2780 ab
763 2738 827 2779 eo
857 2723 997 2795 quod
1037 2722 1295 2779 habebam
1324 2723 1377 2778 in
1405 2724 1680 2792 manibus,
1706 2730 1916 2780 averte-

324 2825 470 2871 runt.

394 2907 451 2962 9..
496 2907 609 2962 Hoc
647 2914 823 2961 autem
870 2914 987 2972 est,
1019 2905 1111 2960 ubi
1157 2905 1458 2975 respondeo
1497 2906 1645 2963 libris
1681 2904 1909 2976 Juliani,

323 3013 459 3069 quos
488 3005 611 3052 octo
651 2996 817 3052 edidit
860 3006 981 3067 post
1021 2996 1140 3051 illos
1176 3004 1404 3067 quatuor
1442 2997 1634 3067 quibus
1671 3006 1794 3054 ante
1822 3013 1911 3054 re-

323 3090 538 3163 spondi.
569 3090 679 3145 Hos
708 3090 848 3145 enim
880 3105 1000 3144 cum
1036 3088 1222 3143 Romae
1264 3089 1558 3160 accepisset
1584 3089 1750 3146 frater
1778 3092 1911 3164 Aly-

325 3184 486 3253 pius,
532 3166 768 3238 noudum
818 3197 1007 3237 omnes
1061 3181 1459 3252 descripserat,
1508 3195 1630 3237 cum
1677 3182 1911 3237 oblatam

325 3274 665 3330 occasionem
694 3273 864 3329 noluit
891 3275 1183 3343 prazterire,
1217 3288 1311 3343 per
1335 3288 1492 3343 quam
1522 3273 1651 3327 mihi
1680 3275 1912 3344 quinque

326 3366 661 3432 transmisit;
694 3366 1008 3435 promittens
1037 3365 1169 3419 alios
1201 3374 1308 3419 tres
1336 3365 1444 3419 cito
1470 3379 1530 3419 se
1565 3376 1686 3420 esse
1715 3366 1912 3420 missu-

324 3475 483 3523 rum,
523 3466 581 3513 et
620 3459 843 3521 multum
887 3458 1093 3513 instans
1136 3473 1205 3513 ne
1248 3457 1574 3528 respondere
1616 3457 1909 3515 diiferrem.

323 3552 490 3621 Cujus
530 3550 781 3606 instantia
816 3559 1043 3606 coactus
1085 3564 1203 3605 sum
1249 3552 1529 3607 remissius
1571 3566 1729 3623 agere
1770 3553 1911 3624 quod

321 3644 544 3713 agebam
570 3645 622 3709 ';
655 3651 714 3697 ut
740 3644 888 3713 Operi
919 3644 1128 3713 utrique
1158 3656 1261 3698 nun
1291 3644 1555 3711 deessem,
1584 3646 1674 3700 uni
1701 3645 1908 3714 diebus,

321 3732 476 3787 alteri
515 3733 762 3787 noctibus
781 3775 796 3801 ,
828 3733 1041 3804 quando
1079 3735 1207 3788 mihi
1238 3735 1305 3789 ab
1333 3736 1451 3790 aliis
1477 3737 1911 3807 occupationibus

321 3824 447 3879 hinc
472 3834 633 3896 atque
659 3824 785 3881 hinc
815 3826 993 3881 venire
1022 3840 1128 3880 non
1163 3825 1546 3883 desistentibus
1580 3837 1906 3898 parceretur.

320 3915 558 3985 Agebam
587 3931 717 3971 vero
747 3930 858 3971 rem
903 3916 1188 3986 plurimum
1234 3918 1587 3973 necessariam
1620 3936 1633 3972 :
1666 3934 1791 3974 nam
1819 3936 1911 3976 re-

321 4008 616 4061 tractabam
642 4006 894 4074 opuscula
940 4022 1087 4072 mea;
1126 4016 1180 4061 et
1205 4008 1249 4061 si
1274 4007 1402 4078 quid
1430 4008 1485 4062 in
1520 4009 1599 4063 eis
1625 4026 1710 4065 me
1737 4010 1908 4066 olfen-

319 4098 506 4165 deret,
539 4099 625 4153 vel
664 4099 799 4152 alios
841 4097 1114 4153 oﬂ’endere
1151 4108 1360 4169 posset,
1392 4100 1581 4168 partim
1620 4102 1910 4170 reprehen-

317 4191 518 4257 dendo,
544 4191 735 4260 partim
755 4189 1089 4247 defendendo
1110 4190 1249 4261 quod
1273 4192 1373 4262 legi
1395 4191 1612 4248 deberet
1631 4202 1684 4248 et
1705 4197 1903 4264 posset,

317 4284 601 4354 operabar.
617 4283 685 4338 Et
705 4283 811 4338 duo
825 4282 1089 4337 volumina
1107 4284 1216 4353 jam
1241 4284 1595 4353 absolverem,
1610 4288 1907 4343 retractatis

317 4374 569 4428 utiinibns
597 4374 745 4429 libris
775 4374 942 4439 meis,
975 4386 1199 4444 quorum
1243 4389 1523 4431 numerum
1553 4378 1856 4434 nesciebam
1889 4397 1902 4433 :

319 4476 520 4534 eosque
548 4464 804 4520 ducentos
834 4464 1047 4536 triginta
1089 4465 1225 4521 duos
1271 4480 1391 4523 esse
1428 4470 1673 4540 cognovi.
1715 4471 1907 4527 Resta-

318 4556 447 4612 bant
465 4559 725 4629 epistolae,
749 4559 941 4613 deinde
968 4568 1221 4615 tractatus
1250 4562 1557 4632 populares,
1580 4576 1714 4636 quos
1731 4564 1906 4622 Graeci

320 4647 566 4703 h'omilias
580 4658 793 4704 vocant.
808 4650 871 4703 Et
891 4650 1263 4721 plurimasjam
1282 4654 1625 4722 epistularum
1646 4655 1899 4727 legeram,

318 4741 412 4796 sed
437 4742 610 4797 adhuc
640 4742 771 4797 nihil
808 4742 931 4798 inde
972 4743 1325 4812 dictaveram,
1358 4761 1479 4800 cum
1519 4763 1605 4803 me
1629 4749 1788 4803 etiam
1816 4750 1905 4805 isti

318 4832 511 4888 Juliani
542 4832 661 4889 libri
688 4849 951 4904 occupare
976 4845 1268 4905 cmpe’rant,
1297 4853 1520 4907 quorum
1550 4853 1693 4894 nunc
1716 4850 1905 4910 qnarto

318 4924 641 4994 respondere
661 4926 820 4995 ccepi.
848 4925 1070 4992 Quando
1092 4940 1220 4996 ergo
1242 4926 1292 4981 id
1314 4928 1671 4997 erplicavcro,
1694 4931 1908 5000 quinto-

317 5030 420 5085 que
453 5015 812 5085 respondero,
845 5016 890 5070 si
930 5025 1039 5072 tres
1073 5032 1179 5071 non
1210 5021 1612 5087 supervenerint
1632 5062 1647 5088 ,
1676 5016 1904 5093 dispono

320 5104 405 5173 (si
453 5106 595 5160 Deus
637 5106 900 5178 voluerit)
949 5115 1003 5162 et
1042 5108 1183 5178 quod
1228 5110 1405 5178 poscis
1441 5110 1712 5182 incipere,
1745 5116 1903 5171 simul

317 5213 481 5269 agens
507 5209 824 5270 utrumque,
853 5211 908 5255 et
953 5199 1057 5256 hoc
1098 5201 1339 5271 scilicet,
1371 5212 1425 5259 et
1470 5203 1601 5260 illud
1629 5207 1697 5263 de
1733 5217 1903 5265 retra-

315 5291 547 5345 ctatione
576 5291 951 5361 opusculorum
978 5308 1251 5361 meorum,
1288 5297 1561 5354 nocturnis
1602 5308 1657 5354 et
1697 5299 1902 5357 diurnis

317 5382 648 5452 temporibus
676 5383 729 5437 in
756 5380 959 5453 singula
987 5383 1303 5440 distributis.

377 5494 393 5559 ξ
420 5502 524 5559 Mss.
551 5494 734 5559 plures,
752 5493 915 5559 quia;
942 5497 1065 5557 sive,
1094 5496 1221 5559 quod
1237 5497 1423 5549 nullum
1449 5506 1518 5552 est
1540 5501 1835 5555 meritorum.

374 5553 817 5632 35119.,‘rentissuls
836 5553 1023 5632 semper
1045 5553 1189 5622 agere
1211 5564 1355 5624 quod.
1381 5566 1486 5612 Mss.
1523 5553 1673 5629 prope
1688 5553 1897 5632 vanities,

309 5620 556 5667 remissius
575 5631 719 5682 agere
738 5632 884 5682 quam
904 5620 1119 5685 agebant.

370 5700 443 5770 (a)
468 5706 531 5748 Ex
557 5708 687 5770 torno
710 5701 757 5760 8,
779 5710 893 5770 ante
920 5702 1000 5752 lib.
1024 5704 1090 5754 de
1128 5707 1420 5758 Haeresibus.
1451 5717 1563 5770 Quae
1605 5720 1771 5765 autem
1806 5715 1900 5767 224

310 5762 703 5823 erat,nunc12"5.
730 5766 908 5826 scripta
931 5774 1037 5828 post
1058 5770 1378 5829 superiorem.

547 5844 772 5908 5ARCT.
816 5849 1095 5911 Auous'r.
1129 5851 1197 5913 ll

1533 302 2010 362 EPISTOLARUM
2047 300 2319 360 CLASSIS
2354 298 2441 359 111.

2099 416 2155 471 3.
2196 414 2309 473 Hoc
2342 417 2464 473 ideo
2491 417 2755 473 insinuavi
2778 417 3055 477 Sanctitati
3092 428 3229 489 tuae,
3261 431 3319 478 ut
3346 433 3601 494 quantum

2025 507 2122 562 tibi
2149 507 2472 564 desiderium
2502 518 2584 566 est
2612 511 2855 567 sumendi
2902 512 3043 583 quod
3085 514 3295 584 poscis,
3328 523 3473 571 tanto
3503 518 3604 574 ila-

2021 599 2263 668 grantius
2287 616 2318 655 a
2360 602 2586 658 Domino
2610 602 2738 658 mihi
2768 618 2955 674 poscas
2979 604 3321 676 adjutorium,
3349 621 3455 679 quo
3484 623 3601 663 ser-

2023 691 2163 746 viam
2184 692 2434 749 laudabili
2456 695 2633 751 studio
2657 704 2768 764 tuo,
2790 705 2948 768 atque
2970 698 3179 753 utilitati
3201 714 3384 755 eorum
3407 701 3604 772 quibus

2022 780 2076 836 id
2106 783 2379 840 existimas
2420 786 2784 856 profuturum,
2812 788 3026 845 domine
3067 791 3345 847 sinceriter
3368 792 3607 849 dilectis-

2022 873 2158 930 sime
2188 875 2368 932 frater.
2411 877 2745 935 Commendo
2788 880 2983 935 iterum
3033 882 3351 951 perlatorem
3375 925 3390 950 ,
3423 892 3478 939 et
3506 899 3606 939 ne-

2020 966 2223 1035 gotium
2252 977 2471 1039 propter
2496 969 2639 1039 quod
2665 984 2733 1026 eo
2760 970 3030 1042 perrexit;
3057 972 3103 1027 si
3128 974 3441 1044 cognoveris
3464 973 3608 1044 apud

2020 1072 2179 1126 quem
2203 1060 2463 1129 agendum
2485 1060 2573 1125 sit,
2597 1071 2719 1131 peto
2740 1076 2809 1117 ne
2830 1062 3006 1134 pigeat
3024 1062 3293 1134 adjuvare.
3324 1064 3438 1120 Non
3463 1065 3608 1123 enim

2021 1165 2304 1220 possumus
2330 1156 2675 1210 necessitates
2712 1155 2985 1212 hominum
3010 1157 3275 1227 ejusmodi
3312 1158 3563 1215 deserere
3587 1201 3605 1228 ,

2020 1241 2111 1311 qui
2142 1243 2309 1298 nostri
2354 1258 2461 1299 non
2501 1245 2711 1311 coloni,
2743 1246 2839 1302 sed
2883 1248 3022 1317 quod
3067 1249 3239 1318 majus
3265 1258 3380 1315 est,
3411 1247 3606 1305 fratres

2020 1344 2144 1389 sunt
2164 1370 2180 1402 ,
2211 1344 2266 1391 et
2307 1335 2361 1392 in
2387 1336 2647 1393 cbaritate
2674 1338 2871 1395 Christi
2897 1340 2965 1395 ad
3005 1355 3187 1395 curam
3216 1341 3481 1412 pertinent
3508 1356 3607 1397 no-

2020 1432 2207 1482 stram.
2238 1427 2347 1483 Deo
2372 1426 2539 1483 vivas.

2398 1538 2756 1598 V‘EPISTOLA
2778 1540 3028 1631 CCXXV
3060 1546 3078 1566 ⁵
3110 1541 3215 1616 (a).

2020 1647 2246 1721 Prosper
2274 1652 2554 1725 Augustino
2575 1696 2591 1720 ,
2625 1655 2689 1709 de
2724 1655 2949 1726 reliquiis
2977 1655 3258 1728 pelagiame
3284 1644 3528 1711 haereseos
3551 1657 3603 1710 in

2092 1736 2263 1798 Gallia
2313 1738 2403 1800 sub
2456 1742 2704 1803 catholico
2754 1748 2954 1803 nomine
3004 1749 3137 1803 clam
3189 1748 3605 1804 succrescentibus

2088 1827 2347 1909 certiorem
2367 1836 2537 1906 ipsum
2566 1837 2778 1908 faciens,
2807 1856 2867 1894 ac
2891 1838 3112 1910 referens
3135 1840 3468 1911 quorumdam
3492 1857 3608 1910 que-

2087 1926 2220 1982 relas
2248 1927 2312 1982 de
2335 1929 2398 1984 iis
2422 1946 2535 2002 quae
2554 1931 2866 2004 Augustinus
2893 1930 3132 1988 adversus
3156 1925 3460 2005 Pelagianos
3480 1935 3606 1988 scri-

2088 2018 2267 2088 psisset
2282 2019 2344 2074 de
2363 2019 2623 2076 hominum
2642 2023 2958 2092 discretione,
2980 2025 3042 2078 de
3058 2025 3316 2079 vocatione
3333 2026 3605 2081 secundum

2088 2111 2401 2182 propositum
2429 2129 2493 2167 ac
2524 2114 2960 2185 prwdestinatione
2997 2115 3262 2171 electorum
3282 2159 3296 2183 ,
3325 2116 3389 2170 de
3413 2132 3604 2186 prame-

2088 2201 2252 2256 niente
2270 2205 2453 2274 gratia,
2475 2204 2634 2276 deque
2653 2206 2865 2276 praeﬁxo
2886 2206 3154 2260 electorum
3175 2223 3380 2261 numero
3392 2224 3412 2274 ;
3434 2216 3605 2276 petens

2085 2301 2141 2346 ut
2168 2308 2282 2363 quae
2309 2295 2361 2349 in
2378 2296 2487 2349 istis
2506 2294 2866 2367 quaestionibus
2886 2296 3175 2350 obscuriora
3197 2307 3331 2361 sunt,
3351 2314 3501 2367 quam
3526 2299 3606 2351 lu-

2086 2379 2354 2441 eidissimis
2376 2387 2769 2456 expositionibus
2797 2388 3014 2459 aperiat.

2018 2496 2243 2551 Domino
2280 2498 2587 2554 beatissimo
2612 2514 2797 2570 papae,
2848 2499 3184 2555 ineﬂ'abiliter
3222 2500 3483 2566 mirabili,
3524 2503 3605 2556 ina-

2087 2589 2515 2657 comparabiliter
2536 2590 2880 2656 honorando,
2910 2592 3349 2661 praestantissimo
3380 2603 3603 2664 patrono

2088 2680 2417 2747 AUGUSTINO,
2446 2682 2709 2737 Pnosrnn.

2089 2795 2140 2849 1.
2182 2793 2398 2867 Ignotus
2423 2796 2624 2867 quidem
2652 2795 2741 2851 tibi
2769 2797 2900 2870 facie
2919 2838 2934 2863 ,
2964 2797 3053 2852 sed
3095 2799 3211 2869 jam
3248 2799 3563 2871 aliquatenus
3584 2842 3600 2865 ,

2016 2887 2061 2940 si
2085 2887 2455 2955 reminiscaris,
2485 2889 2656 2943 animo
2685 2904 2747 2943 ac
2771 2905 2998 2943 sermone
3023 2898 3342 2960 compertus;
3371 2907 3490 2944 nam
3517 2907 3604 2962 ptr

2014 2989 2247 3033 sanctum
2288 2979 2499 3050 frakem
2534 2996 2699 3034 meum
2743 2979 3010 3035 Leontium
3046 2981 3314 3036 diaconum
3353 2983 3470 3037 misi
3493 2984 3604 3053 epi-

2016 3072 2171 3125 stolas
2200 3080 2247 3125 et
2284 3071 2478 3141 recepi;
2505 3087 2638 3125 nunc
2672 3088 2869 3144 quoque
2906 3072 3213 3128 Beatitudini
3255 3082 3356 3128 tua:
3390 3073 3604 3128 scribere

2017 3163 2198 3228 audeo,
2223 3179 2325 3217 non
2351 3164 2514 3217 solum
2536 3163 2876 3231 salutationis,
2899 3174 2953 3218 at
2974 3174 3109 3229 tunc,
3134 3164 3322 3232 studio,
3345 3165 3433 3219 sed
3452 3166 3603 3220 etiam

2017 3255 2170 3324 ﬁdei,
2203 3272 2302 3327 qua
2340 3255 2570 3315 Ecclesia
2605 3256 2720 3311 vivit
2741 3298 2753 3321 ,
2780 3256 2984 3325 affectu.
3019 3256 3313 3313 Excubante
3349 3259 3481 3313 enim
3510 3276 3602 3329 pro

2015 3347 2259 3401 universis
2287 3346 2519 3401 membris
2556 3347 2781 3417 corporis
2821 3345 3008 3401 Clu-isti
3034 3347 3419 3419 uigilantissime
3445 3348 3601 3403 indu-

2015 3439 2139 3492 stria
2164 3448 2271 3503 tua,
2303 3447 2348 3492 et
2375 3437 2613 3493 adversus
2637 3439 2985 3493 haereticorum
3015 3440 3361 3494 doctrinarum
3388 3442 3601 3496 insidias

2016 3531 2235 3585 veritatis
2263 3531 2440 3586 virtute
2482 3541 2772 3603 pugnante,
2800 3532 2942 3586 nullo
2986 3533 3136 3586 modo
3180 3533 3306 3587 mihi
3331 3536 3601 3588 verendum

2018 3623 2188 3692 putavi
2216 3639 2278 3676 ne
2306 3638 2546 3677 onerosus
2573 3623 2679 3691 tibi,
2694 3630 2779 3676 aut
2806 3623 3123 3694 importunus
3151 3641 3307 3679 essem
3318 3626 3370 3680 in
3387 3642 3443 3680 eo
3463 3630 3599 3700 quod

2016 3712 2083 3765 ad
2104 3714 2376 3768 multorum
2400 3713 2635 3782 salutem,
2665 3730 2726 3768 ac
2748 3714 2956 3785 perinde
2976 3715 3045 3768 ad
3072 3716 3303 3786 pietatem
3326 3727 3464 3772 tuam
3490 3737 3602 3790 per-

2016 3807 2136 3860 tinet
2166 3822 2184 3861 :
2212 3824 2326 3860 cum
2354 3808 2519 3879 potius
2552 3824 2693 3861 reum
2722 3811 2951 3879 futurum
2978 3825 3084 3863 esse
3124 3824 3204 3864 me
3240 3810 3527 3877 crederem,
3558 3816 3603 3869 si

2014 3913 2104 3962 ea,
2142 3914 2256 3969 qua:
2292 3898 2439 3952 valde
2482 3899 2762 3967 perniciosa
2796 3915 2903 3953 esse
2943 3898 3201 3971 intelligo,
3236 3900 3305 3955 ad
3331 3904 3601 3974 specialem

2015 4000 2282 4060 patronum
2310 3989 2430 4057 fidei
2464 4004 2565 4043 non
2592 3993 2851 4061 referrem.

2085 4080 2139 4133 2.
2184 4079 2335 4133 Multi
2384 4096 2501 4151 ergo
2542 4095 2799 4134 servorum
2845 4080 3036 4135 Christi
3061 4081 3147 4151 qui
3189 4083 3241 4138 in
3292 4083 3601 4142 Massiliensi

2015 4170 2134 4223 urbe
2165 4170 2457 4236 consistunt,
2481 4170 2534 4223 in
2564 4169 2861 4225 Sanctitatis
2886 4180 2987 4225 tua:
3005 4172 3206 4242 scriptis
3233 4190 3347 4244 qua:
3361 4177 3601 4233 adversus

2016 4260 2323 4330 Pelagianos
2350 4260 2613 4315 Itwreticos
2636 4260 2926 4329 condidisti,
2956 4264 3265 4318 contrarium
3293 4276 3474 4336 putant
3499 4286 3598 4340 pa-

2014 4361 2146 4406 trum
2174 4352 2402 4423 Opinioni
2429 4361 2476 4406 et
2499 4351 2834 4408 ecclesiastico
2860 4354 3049 4421 sensui,
3088 4354 3334 4426 quidquid
3360 4357 3413 4411 in
3442 4360 3513 4412 eis
3539 4360 3601 4414 de

2013 4446 2269 4500 vocatione
2283 4444 2550 4501 electorum
2566 4445 2838 4501 secundum
2856 4444 2951 4499 Dei
2972 4447 3284 4518 propositum
3303 4449 3596 4520 disputasti.

2013 4535 2080 4589 Et
2108 4553 2223 4591 cum
2251 4537 2549 4607 aliquandiu
2596 4536 2881 4591 tarditatem
2900 4554 3045 4590 suam
3080 4538 3289 4610 culpare
3307 4542 3597 4611 maluerint,

2012 4645 2162 4699 quant
2184 4644 2283 4683 non
2303 4628 2558 4683 intellecta
2581 4627 2955 4700 reprehendere,
2987 4628 3289 4702 quidamque
3310 4644 3485 4688 eorum
3513 4636 3598 4688 lu-

2012 4719 2253 4774 cidiorem
2281 4731 2434 4791 super
2481 4719 2576 4772 hoc
2620 4729 2768 4791 atque
2792 4722 3092 4789 apertiorem
3122 4720 3456 4778 Beatitudinis
3498 4735 3597 4780 tua:

2012 4811 2369 4881 expositionem
2393 4810 2642 4865 uoluerint
2681 4811 2973 4881 postulare;
3003 4812 3158 4865 evenit
3184 4829 3247 4867 ea:
3271 4814 3598 4886 dispositione

2012 4903 2368 4957 misericordia
2397 4902 2491 4958 Dei
2512 4946 2527 4971 ,
2555 4913 2612 4957 ut
2663 4920 2776 4956 cum
2825 4906 3070 4977 quosdam
3101 4904 3178 4976 (b)
3213 4906 3347 4960 intra
3369 4909 3597 4979 Africam

2010 4994 2195 5048 similia
2216 4995 2503 5059 movissent,
2530 4994 2712 5049 librum
2732 4994 2795 5048 de
2822 4993 3149 5067 Correptione
3174 5006 3221 5051 et
3248 4995 3424 5052 Gratia
3442 5040 3457 5066 ,
3491 5001 3598 5070 ple-

2011 5096 2132 5141 num
2201 5087 2381 5141 diuina:
2431 5088 2741 5143 auctoritatis
2791 5089 3059 5144 emitteres.
3117 5088 3229 5155 Quo
3269 5091 3323 5145 in
3368 5094 3597 5150 natitiam

2010 5180 2497 5251 nostraminsperata
2508 5181 2881 5252 opportunitate
2902 5181 3088 5248 delato,
3113 5184 3398 5253 putavimus
3423 5202 3594 5242 omnes

2010 5271 2237 5339 querelas
2265 5272 2599 5325 resistentium
2619 5272 2887 5343 sopiendas
2898 5282 2922 5338 ;
2948 5274 3067 5343 quia
3095 5274 3335 5330 universis
3356 5281 3596 5348 quazstio-

2009 5363 2155 5416 nibus
2176 5363 2239 5418 de
2255 5362 2431 5433 quibus
2456 5365 2758 5420 consulendo
2779 5374 2886 5420 erat
2907 5365 3165 5422 Sanctitas
3190 5376 3297 5436 tua,
3326 5380 3428 5424 tam
3451 5373 3596 5441 pleno

2071 5518 2096 5591 ‘_
2115 5520 2279 5591 Epistt.
2294 5528 2471 5591 ccxxv
2487 5528 2539 5573 et
2558 5527 2754 5591 (xxxv!
2776 5520 3046 5573 emendatae
3062 5523 3249 5575 suntad
3271 5533 3376 5575 Mss.
3395 5534 3447 5579 et
3459 5527 3592 5591 Βῆ,

2009 5578 2061 5631 el
2082 5578 2177 5631 huc
2197 5582 2439 5633 translatae
2473 5597 2534 5635 ex
2567 5593 2699 5635 tonio
2720 5585 2769 5635 7.

2070 5663 2142 5729 (a)
2166 5668 2453 5741 Egi-31011107,
2478 5667 2687 5741 praeﬁnita
2711 5668 2795 5741 lib.
2811 5667 2893 5741 .de
2929 5667 3355 5741 mmdestiuatione
3385 5680 3455 5724 SS.
3480 5681 3590 5735 Quae

2006 5726 2151 5791 porro
2172 5726 2265 5778 225
2297 5737 2422 5789 erat,
2442 5726 2576 5778 nunc
2599 5730 2704 5779 126.
2729 5731 2909 5792 Scripta
2930 5742 3009 5779 an.
3030 5730 3135 5794 428,
3164 5740 3246 5783 aut
3272 5733 3374 5785 ω.

2071 5789 2145 5853 (b)
2178 5790 2512 5843 Adrumetinos
2528 5794 2800 5842 monachos.

2630 5876 3151 5957 (Trente-deux.)
