4084 6332
502 303 659 366 .1005

521 418 624 471 illic
665 415 984 486 absolutrque
1027 431 1320 486 responsum
1349 423 1440 481 est,
1485 415 1633 485 quasi
1676 415 1769 471 hoc
1805 416 2090 484 specialiter

519 509 790 572 studueris,
834 519 888 562 ut
924 523 1038 575 qua:
1061 508 1199 578 apud
1227 524 1316 562 nos
1347 518 1487 562 erant
1517 508 1714 562 turbata
1741 524 2083 579 companeres.

520 599 779 654 ticcensito
818 608 981 652 autem
1009 598 1102 650 hoc
1127 596 1462 653 Beatitudinis
1497 606 1597 654 tua:
1619 598 1776 664 libro,
1829 600 1959 653 sicut
2003 599 2088 670 qui

518 700 738 744 sanctam
780 699 927 759 atque
973 687 1299 760 apostolicam
1341 688 1582 744 doctrinas
1595 698 1711 747 tute
1745 689 2088 745 auctoritatem

513 792 657 836 antea
682 783 1028 849 sequebantur,
1045 779 1451 852 intelligentiores
1475 781 1635 836 multo
1649 782 2088 852 instructioresque

515 884 626 928 sunt
655 875 814 946 facti;
842 873 1029 944 itaqui
1057 875 1396 944 persuasionis
1431 891 1537 929 θυαε
1573 875 1971 946 impediebantur
1997 873 2086 928 ob-

509 984 676 1032 scuro,
721 966 998 1020 aversiores
1036 983 1188 1037 quam
1218 969 1450 1039 fuerant,
1481 976 1804 1023 recesserunt.
1856 967 2084 1032 Quorum

508 1067 612 1108 tam
638 1055 852 1125 abrupta
889 1055 1134 1112 dissensio
1158 1057 1376 1127 primum
1405 1067 1608 1128 prapter
1643 1059 1783 1128 ipsos
1809 1057 2082 1112 metuenda

507 1155 597 1210 est,
628 1161 690 1199 ne
711 1155 812 1199 tam
837 1146 989 1201 claris
1016 1155 1215 1216 tamque
1253 1148 1463 1218 egregiis
1499 1147 1552 1201 in
1583 1148 1806 1201 omnium
1843 1149 2082 1201 virtutum

505 1235 672 1290 studio
699 1236 818 1291 viris
841 1237 1045 1307 spiritus
1063 1236 1342 1308 pelagianae
1368 1238 1636 1306 impietatis
1662 1235 1844 1290 illudat
1867 1251 1886 1290 :
1905 1235 2084 1290 deinde

504 1343 567 1380 ne
590 1328 920 1397 simpliciores
956 1328 1158 1398 quique,
1187 1327 1326 1398 apud
1353 1345 1476 1398 quos
1512 1329 1691 1382 horum
1715 1344 1895 1399 magna
1924 1337 1994 1382 est
2019 1328 2082 1382 de

507 1419 767 1490 probitatis
790 1420 1209 1490 contemplatione
1226 1421 1519 1486 reverentia,
1545 1421 1637 1474 hoc
1659 1420 1959 1474 tutissimum
1984 1419 2080 1474 sibi

397 1519 404 1524 ‘
501 1512 749 1566 wstiment
769 1511 904 1582 quod
922 1511 1133 1570 audiant
1149 1528 1254 1580 eos,
1271 1527 1482 1582 quorum
1501 1513 1842 1565 auctoritatem
1866 1513 1974 1566 sine
1988 1513 2082 1582 ju-

503 1603 636 1657 dicio
665 1612 958 1674 sequuntur,
985 1619 1223 1658 asserere.

571 1694 626 1749 3.
666 1693 789 1748 Ilaec
835 1695 964 1747 enim
1014 1695 1238 1764 ipsorum
1288 1694 1512 1764 deﬁnitio
1559 1710 1619 1747 ac
1659 1695 1902 1765 professio
1946 1703 2017 1749 est
2057 1713 2072 1749 :

505 1785 716 1840 Omnem
743 1787 940 1856 quidem
967 1787 1214 1841 hominem
1261 1788 1420 1840 Adam
1467 1799 1699 1854 peccante
1728 1804 1986 1859 peccasse;
2033 1797 2080 1842 et

501 1877 747 1929 neminem
779 1893 866 1946 per
895 1893 1044 1947 apera
1073 1892 1184 1941 sua,
1207 1877 1294 1930 sed
1332 1893 1420 1946 per
1462 1875 1553 1931 Dei
1575 1877 1789 1946 gratiam
1814 1894 2076 1948 regenera-

500 1968 632 2021 tione
658 1968 842 2021 salvari
866 1983 885 2021 :
909 1969 1149 2021 universis
1175 1977 1336 2021 tamen
1356 1968 1634 2022 hominibus
1655 1969 2075 2040 propitiationem,

500 2075 612 2130 quas
639 2071 708 2112 est
727 2061 779 2113 in
807 2059 1138 2114 Sacramenta
1167 2059 1425 2129 sanguinis
1445 2058 1648 2126 Christi,
1675 2061 1782 2115 sine
1794 2063 2080 2132 exceptione

500 2166 606 2204 esse
633 2151 964 2219 propositam,
987 2160 1042 2203 ut
1061 2152 1357 2222 quicumque
1376 2153 1443 2204 ad
1460 2153 1611 2221 ﬁdem
1628 2161 1674 2206 et
1688 2153 1756 2206 ad
1767 2153 2078 2225 Baptismum

497 2241 730 2297 accedere
756 2241 1160 2308 voluerint,salvi
1176 2261 1280 2298 esse
1296 2245 1505 2314 possint.
1529 2245 1626 2312 Qui
1652 2256 1815 2300 autem
1844 2247 2080 2301 credituri

496 2340 630 2398 sunt,
648 2333 791 2404 quive
816 2334 868 2386 in
888 2351 945 2387 ea
971 2335 1091 2402 ﬁde,
1117 2335 1244 2406 qua:
1289 2336 1520 2407 deinceps
1561 2353 1649 2406 per
1671 2319 1882 2408 gratiam
1911 2340 1975 2392 sit
1987 2339 2080 2408 ju-

497 2424 682 2490 vanda,
697 2426 922 2478 mansuri
938 2433 1072 2490 sunt,
1091 2427 1346 2493 praescisse
1357 2436 1472 2480 ante
1487 2419 1663 2481 mundi
1679 2429 2078 2484 constitutionem

500 2515 682 2583 Deum,
713 2528 758 2571 et
775 2534 858 2572 eos
880 2519 1258 2588 prtedestinasse
1282 2520 1333 2572 in
1362 2536 1570 2592 regnum
1588 2538 1755 2589 suum,
1775 2538 1899 2592 quos
1921 2523 2079 2593 gratis

497 2619 716 2671 vocatos,
739 2608 917 2679 dignos
937 2612 1132 2679 futuros
1152 2609 1406 2676 electione,
1438 2619 1484 2663 et
1511 2609 1573 2664 de
1599 2611 1694 2664 hac
1722 2613 1820 2666 vita
1837 2612 1963 2666 bona
1978 2613 2080 2681 ﬁne

497 2715 785 2754 excessuros
820 2717 924 2754 esse
947 2703 1250 2769 prwviderit.
1273 2701 1494 2772 Ideoque
1521 2719 1714 2757 omnem
1743 2703 1992 2758 hominem
2011 2705 2080 2758 ad

494 2789 796 2846 credendum
827 2801 871 2845 et
893 2792 959 2844 ad
975 2792 1283 2861 operandam
1299 2793 1477 2849 divinis
1495 2794 1886 2850 institutionibus
1904 2797 2081 2851 admo-

497 2882 624 2947 neri,
643 2892 697 2935 ut
722 2881 784 2935 de
802 2882 1227 2951 apprehendenda
1245 2884 1344 2936 vita
1356 2892 1542 2938 (eterna
1555 2901 1697 2939 nemo
1708 2885 1952 2957 desperet,
1965 2903 2082 2942 cum

497 2972 789 3026 voluntaria'
828 2973 1076 3026 devotioni
1099 2973 1433 3027 remuneratio
1469 2974 1535 3028 sit
1558 2983 1755 3044 parata.
1788 2973 1899 3030 Hoc
1912 2985 2080 3031 autem

499 3064 805 3132 propositum
827 3063 1100 3116 vocationis
1126 3062 1240 3129 Dei,
1266 3079 1363 3134 quo
1388 3063 1464 3117 vel
1500 3073 1616 3118 ante
1646 3065 1818 3120 mundi
1847 3066 2076 3134 initium,

497 3151 575 3206 vel
605 3154 655 3207 in
693 3154 804 3222 ipsa
849 3152 1131 3207 conditione
1173 3154 1363 3223 generis
1397 3155 1622 3222 humani,
1663 3156 2004 3228 eligendorum
2032 3164 2080 3211 et

496 3245 874 3314 reﬁciendorum
910 3244 1092 3298 dicitur
1121 3248 1254 3316 facta
1281 3245 1530 3309 discretio,
1559 3255 1611 3298 ut
1635 3247 1907 3300 secundum
1944 3248 2079 3317 quod

499 3337 687 3405 placuit
725 3335 968 3401 Creatori,
995 3335 1084 3389 alii
1103 3351 1221 3389 vasa
1251 3335 1471 3398 honoris,
1496 3335 1586 3389 alii
1617 3350 1736 3389 vasa
1767 3338 2080 3392 contumeliae

498 3430 595 3483 sint
613 3430 785 3490 creati,
808 3439 853 3482 et
877 3427 1031 3497 lapsis
1059 3443 1233 3481 curam
1254 3425 1546 3498 resurgendi
1564 3426 1803 3493 adimere,
1823 3438 1871 3482 et
1891 3431 2078 3484 sanctis

498 3517 808 3571 occasionem
857 3517 1041 3586 teporis
1070 3515 1281 3583 afferre;
1324 3534 1380 3570 eo
1403 3518 1537 3587 quod
1582 3518 1633 3571 in
1680 3529 1892 3592 utraque
1937 3531 2080 3589 parte

496 3607 781 3675 superfluus
809 3605 949 3660 labor
973 3607 1054 3673 sit,
1075 3607 1116 3681 si
1145 3623 1299 3677 neque
1324 3608 1537 3677 rejectus
1557 3608 1661 3661 ulla
1685 3608 1934 3662 industria
1961 3627 2080 3679 pos-

497 3699 559 3751 sit
586 3698 790 3758 intrare,
811 3714 964 3767 neque
981 3696 1162 3752 electus
1183 3699 1289 3752 ulla
1311 3699 1610 3770 negligentia
1635 3701 1789 3770 possit
1814 3701 2075 3757 excidere:

415 3773 425 3784 \
497 3805 694 3857 quoquo
721 3789 851 3842 enim
892 3789 1037 3842 modo
1061 3805 1113 3842 se
1140 3789 1346 3859 egerint,
1386 3805 1484 3842 non
1515 3807 1659 3859 posse
1683 3791 1825 3844 aliud
1845 3809 1962 3862 erga
1991 3809 2076 3848 eos

497 3897 646 3951 quam
670 3879 807 3934 Deus
829 3880 1070 3949 deﬁnivit,
1103 3880 1326 3934 accidere
1342 3895 1361 3944 ;
1380 3889 1426 3934 et
1446 3880 1533 3933 sub
1554 3881 1742 3934 incerta
1762 3899 1850 3952 spe
1869 3899 2072 3939 cursum

497 3989 597 4025 non
618 3988 759 4040 posse
775 3988 878 4025 esse
892 3980 1217 4037 constantem,
1235 3987 1368 4037 cum,
1396 3971 1589 4026 sialiud
1617 3973 1794 4028 habeat
1809 3973 2074 4044 prtedesti-

497 4065 664 4118 nautis
708 4064 897 4128 electio,
931 4079 1073 4117 cassa
1101 4063 1165 4116 sit
1215 4062 1487 4117 adnitentis
1534 4065 1760 4118 intentio.
1809 4065 2073 4120 Removeri

496 4157 660 4226 itaque
687 4172 882 4209 omnem
901 4155 1220 4220 industriam,
1245 4153 1449 4225 tollique
1485 4155 1707 4222 virtutes,
1735 4157 1776 4209 si
1820 4155 1916 4210 Dei
1948 4173 2072 4211 con-

497 4247 688 4300 stitutio
720 4246 964 4299 humanas
985 4246 1250 4315 pra’veniat
1283 4245 1557 4300 voluntates
1578 4262 1596 4300 :
1620 4255 1665 4300 et
1693 4247 1783 4301 sub
1811 4247 1903 4302 hac
1933 4265 2068 4317 pras-

495 4337 836 4392 destinationis
865 4337 1083 4402 nomine,
1138 4336 1341 4406 fatalem
1374 4337 1645 4406 quamdam
1692 4337 1864 4391 induci
1901 4355 2068 4392 neces-

495 4431 721 4496 sitatem;
781 4438 869 4482 aut
921 4429 1228 4482 diversarum
1292 4438 1589 4482 naturarum
1649 4428 1750 4483 dici
1797 4428 2072 4486 Dominum

497 4521 822 4580 conditorem,
850 4519 894 4573 si
922 4536 1064 4573 nemo
1091 4519 1234 4573 aliud
1277 4519 1432 4588 possit
1476 4535 1582 4574 esse
1609 4512 1945 4591 quamfactus
1977 4530 2068 4576 est.

498 4612 660 4682 Atque
684 4619 734 4663 ut
774 4609 967 4665 brevius
1005 4627 1063 4664 ac
1090 4610 1285 4680 plenius
1334 4609 1469 4679 quod
1492 4609 1763 4678 apinantur
1797 4628 2068 4681 exponam,

497 4703 739 4776 quidquid
767 4705 816 4757 in
835 4704 962 4758 libro
993 4704 1083 4756 hoc
1099 4719 1161 4756 ex
1179 4702 1622 4757 contradicentium
1646 4721 1792 4759 sensu
1814 4705 2072 4763 Sanctitas

498 4808 583 4848 tua
612 4796 703 4849 sibi
733 4795 982 4866 apposuit,
1015 4794 1256 4864 quidquid
1282 4796 1430 4848 etiam
1457 4796 1508 4848 in
1533 4794 1673 4850 libris
1698 4807 1871 4852 contra
1897 4797 2070 4852 Julia-

496 4903 615 4940 nunt
659 4886 720 4940 ab
754 4886 863 4957 ipso
897 4887 987 4938 sub
1015 4885 1108 4937 hac
1139 4886 1407 4956 quwstione
1435 4887 1700 4958 objectum,
1734 4890 2070 4960 potentissime

496 4977 784 5044 debellasti;
807 4979 901 5031 hoc
930 4987 1083 5031 totum
1106 4977 1166 5030 ab
1194 4978 1298 5031 istis
1325 4980 1508 5033 sanctis
1532 4981 1931 5037 intentiosissime
1949 5001 2072 5038 con-

495 5072 759 5125 clamatur.
807 5067 1014 5122 Etcum
1044 5079 1217 5122 contra
1256 5086 1338 5122 eos
1371 5070 1556 5141 scripta
1593 5070 1925 5127 Beatitudinis
1971 5083 2070 5130 tua:

495 5160 817 5214 validissimis
844 5169 889 5214 et
913 5161 1185 5214 innumeris
1211 5161 1501 5215 testimoniis
1529 5162 1811 5218 divinarum
1835 5163 2070 5235 Scriptu-

497 5271 668 5307 rarum
691 5254 934 5308 instructa
963 5254 1283 5326 proferimus,
1298 5271 1356 5307 ac
1374 5256 1647 5310 secundum
1667 5261 1880 5328 formam
1900 5260 2068 5331 dispu-

498 5346 742 5398 tationum
777 5354 996 5411 tuarum,
1039 5345 1232 5416 aliquid
1261 5345 1407 5400 etiam
1442 5347 1537 5419 ipsi
1565 5364 1664 5418 quo
1699 5350 2068 5406 concludantur

495 5435 799 5500 astruimus;
827 5433 1205 5489 obstinationem
1224 5451 1370 5489 suam
1392 5445 1631 5491 vetustate
1672 5437 1943 5510 defendunt
1969 5457 1988 5496 :
2021 5451 2067 5497 et

492 5542 551 5580 ea
575 5542 688 5596 qua
714 5525 779 5581 de
806 5525 1034 5597 Epistola
1058 5528 1276 5597 apostoli
1309 5526 1464 5582 Pauli
1506 5527 1749 5586 Romanis
1787 5533 2062 5603 scribentis,

491 5618 558 5669 ad
583 5619 1034 5686 manifestationem
1057 5618 1240 5691 divintz
1251 5620 1428 5691 gratite
1441 5623 1781 5691 prwvenientis
1798 5625 2066 5682 electorum

488 5710 664 5761 merita
693 5713 1042 5779 proferuntur,
1066 5726 1100 5764 a
1125 5711 1267 5766 nullo
1294 5727 1512 5783 unquam
1531 5715 1974 5774 ecclesiasticarum
1995 5721 2064 5774 ita

1660 351 1664 356 .
1713 303 1774 360 S.
1810 299 2174 360 AUGUSTINI
2211 300 2508 360 EPISCOI’I

3640 316 3782 376 Ιοοι

2193 432 2298 472 esse
2339 417 2609 484 intellecta,
2638 427 2696 472 ut
2721 434 2856 474 nunc
2906 421 3208 491 seminatur,
3243 423 3516 495 afﬁrmant.
3552 423 3779 498 Cumque

2193 516 2248 562 ut
2273 508 2371 576 ipsi
2409 524 2468 562 ea
2495 519 2746 578 exponant
2772 511 3048 566 secundum
3077 529 3289 582 quorum
3313 515 3464 569 uelint
3489 533 3658 584 sensa,
3685 518 3773 573 de-

2194 599 2466 668 poscimus,
2494 599 2620 654 nihil
2644 617 2696 654 se
2715 602 3012 670 proﬁtentur
3030 604 3276 660 invenisse
3298 607 3434 675 quod
3459 609 3684 677 placeat,
3728 620 3777 666 et

2191 685 2254 740 de
2279 687 2356 741 his
2372 689 2523 741 taceri
2539 689 2764 760 exigunt,
2779 707 2989 760 quorum
3009 692 3323 749 altitudinem
3343 695 3515 752 nullus
3527 700 3773 770 attigerit.

2143 816 2170 847 ε.
2189 777 2270 833 Εο
2300 789 2548 849 postremo
2573 782 2848 851 pervicacia
2865 792 2966 838 tota
2991 784 3264 852 descendit,
3294 796 3350 841 ut
3369 789 3519 856 ﬁdem
3549 799 3776 846 nostram

2189 869 2512 939 tediﬁcationi
2527 872 2839 928 audientium
2867 875 3172 930 contrariam
3189 893 3297 932 esse
3314 877 3582 947 deﬁniant,
3598 897 3661 935 ac
3673 882 3770 949 sic,

2187 961 2381 1016 etiamsi
2401 979 2514 1016 vera
2542 964 2626 1028 sit,
2644 981 2743 1018 non
2765 967 3091 1035 promendum
3113 983 3132 1022 :
3151 969 3271 1039 quia
3297 979 3343 1025 et
3368 972 3644 1040 perniciose
3661 991 3770 1029 non

2187 1051 2470 1121 recipienda
2491 1053 2796 1121 tradantur;
2824 1065 2872 1112 et
2912 1058 3056 1114 nullo
3093 1058 3351 1130 periculo,
3391 1078 3504 1132 qua:
3538 1063 3757 1137 intelligi

2187 1151 2449 1210 nequeant,
2477 1144 2837 1199 conticeantur.

2256 1232 2309 1286 4.
2345 1232 2564 1298 Quidam
2591 1251 2705 1289 vero
2731 1237 2908 1292 horum
2933 1237 2986 1292 in
3011 1247 3205 1293 tantum
3224 1257 3256 1294 a
3275 1241 3554 1314 pelagianis
3577 1247 3773 1302 semitis

2186 1336 2285 1374 non
2312 1322 2594 1389 declinant,
2633 1335 2688 1378 ut
2713 1341 2828 1380 cum
2853 1327 2921 1380 ad
2941 1328 3280 1398 conﬁtendam
3303 1347 3414 1384 eam
3441 1331 3627 1389 Christi
3643 1351 3771 1406 gra-

2185 1411 2306 1464 tiam
2343 1429 2453 1482 quce
2484 1416 2653 1470 omnia
2694 1419 2963 1488 prwveniat
2997 1421 3174 1478 merita
3207 1421 3458 1490 humana,
3498 1437 3768 1496 cogantur,

2185 1517 2247 1554 ne
2269 1503 2314 1556 si
2342 1505 2527 1558 meritis
2547 1506 2793 1574 redditur,
2821 1513 3010 1580 frustra
3033 1512 3200 1581 gratia
3229 1514 3545 1581 nominetur;
3568 1518 3639 1570 ad
3653 1533 3772 1572 con-

2184 1591 2421 1648 ditionem
2459 1596 2590 1649 hanc
2619 1599 2772 1652 velint
2810 1601 3201 1672 uniuscujusque
3233 1604 3449 1658 hominis
3490 1607 3769 1676 pertinere,

2182 1685 2236 1739 in
2264 1703 2362 1757 qua
2393 1704 2507 1741 eum
2544 1689 2672 1744 nihil
2701 1691 2850 1761 prius,
2869 1703 3137 1748 merentem
3157 1735 3173 1761 ,
3199 1696 3318 1764 quia
3342 1712 3431 1749 nec
3449 1699 3767 1766 existentem,

2182 1778 2324 1834 liberi
2362 1783 2558 1836 arbitrii
2594 1793 2643 1837 et
2683 1785 2983 1840 rationalem
3020 1788 3183 1858 gratia
3228 1787 3478 1844 Creatoris
3509 1792 3766 1858 instituat,

2181 1879 2237 1925 ut
2265 1888 2354 1941 per
2383 1874 2727 1930 discretionem
2757 1876 2874 1931 boni
2902 1887 2948 1932 et
2983 1879 3122 1946 mali,
3151 1888 3197 1934 et
3224 1881 3291 1933 ad
3310 1883 3643 1953 cognitionem
3674 1884 3771 1939 Dei

2181 1969 2228 2014 et
2247 1962 2316 2014 ad
2343 1963 2674 2019 obedientiam
2689 1966 3043 2022 mandatorum
3071 1969 3180 2040 ejus
3205 1973 3358 2041 possit
3379 1989 3523 2027 suam
3549 1974 3770 2046 dirigere

2181 2054 2516 2122 voluntatem,
2559 2066 2707 2128 atque
2738 2058 2806 2112 ad
2834 2059 2965 2114 hanc
2998 2061 3216 2132 gratiam
3239 2079 3339 2133 qua
3366 2063 3420 2118 in
3454 2063 3658 2120 Christo
3683 2083 3770 2121 re-

2181 2145 2438 2200 nascimur
2463 2187 2479 2213 ,
2510 2150 2789 2218 pervenire,
2819 2167 2908 2221 per
2931 2153 3212 2207 naturalem
3236 2155 3422 2208 scilicet
3447 2155 3765 2225 facultatem,

2183 2239 2393 2304 petendo
2412 2281 2428 2307 ,
2458 2241 2726 2310 querendo
2747 2281 2764 2309 ,
2789 2243 3040 2312 pulsanda
3071 2260 3091 2298 :
3114 2254 3169 2299 ut
3201 2245 3312 2301 ideo
3354 2248 3605 2318 accipiat,
3649 2249 3766 2303 idco

2182 2327 2432 2394 inveniat,
2468 2330 2581 2384 ideo
2623 2332 2870 2401 introeat,
2915 2335 3034 2404 quia
3073 2334 3200 2390 bono
3235 2347 3428 2392 natura:
3463 2336 3587 2392 bene
3615 2355 3763 2402 usus,

2182 2421 2250 2474 ad
2277 2423 2425 2476 istam
2445 2425 2719 2479 salvantem
2733 2427 2971 2497 gratiam,
2994 2428 3202 2482 initialis
3219 2430 3398 2499 gratia:
3415 2446 3509 2500 ope
3527 2432 3768 2484 meruerit

2183 2515 2455 2584 pervenire.
2515 2514 2840 2585 PrOpositum
2880 2528 3048 2572 autem
3091 2521 3314 2574 vocantis
3355 2522 3535 2591 gratia:
3575 2522 3631 2576 in
3666 2522 3768 2576 hac

2181 2605 2384 2658 omnino
2427 2605 2705 2674 deﬁniunt,
2753 2607 2886 2678 quod
2934 2607 3069 2664 Deus
3112 2611 3422 2664 constituerit
3461 2612 3662 2666 nullum
3700 2613 3760 2668 in

2181 2713 2389 2767 regnum
2433 2714 2623 2766 suum,
2669 2699 2766 2754 nisi
2811 2717 2902 2772 per
2941 2700 3327 2756 Sacramentum
3371 2705 3766 2774 regenerationis

2181 2803 2436 2842 assumere
2456 2829 2472 2855 ,
2504 2799 2550 2842 et
2576 2789 2642 2843 ad
2671 2791 2764 2844 hoc
2791 2791 2967 2846 salutis
2992 2794 3178 2846 donum
3199 2810 3368 2847 omnes
3396 2795 3620 2848 homines
3645 2797 3767 2850 uni-

2181 2879 2459 2947 versaliter,
2487 2881 2588 2935 sive
2613 2897 2702 2950 per
2721 2883 3032 2950 naturalem,
3070 2884 3172 2937 sive
3195 2900 3282 2955 per
3307 2885 3553 2954 scriptam
3581 2886 3763 2957 legens,

2179 2971 2283 3024 sive
2307 2987 2397 3041 per
2432 2971 2766 3043 evangelicum
2811 2974 3219 3043 prtedicationem
3259 2977 3424 3029 vocari
3455 2991 3476 3030 :
3503 2985 3559 3030 ut
3589 2987 3638 3031 et
3672 2978 3766 3048 qui

2181 3062 2452 3129 voluerint,
2484 3064 2608 3133 ﬁant
2629 3063 2726 3133 filii
2760 3063 2878 3130 Dei,
2906 3075 2951 3119 et
2970 3066 3330 3121 inexcusabiles
3358 3068 3456 3121 sint
3481 3069 3568 3140 qui
3585 3069 3765 3139 fideles

2181 3171 2286 3210 esse
2321 3157 2574 3210 noluerint
2598 3173 2617 3222 ,°
2656 3157 2777 3228 quia
2810 3159 3014 3228 justitia
3042 3157 3135 3212 Dei
3162 3160 3213 3213 in
3236 3175 3294 3213 eo
3323 3161 3417 3228 sit,
3457 3171 3512 3214 ut
3545 3163 3631 3231 qui
3660 3177 3765 3215 non

2181 3247 2505 3311 crediderint,
2530 3257 2770 3318 pereant;
2801 3249 2993 3303 bonitas
3022 3251 3073 3303 in
3089 3267 3145 3304 eo
3164 3261 3427 3321 appareat,
3450 3252 3494 3306 si
3513 3253 3766 3307 neminem

2181 3338 2390 3405 repellat
2416 3355 2448 3392 a
2476 3339 2578 3393 vita
2601 3379 2616 3404 ,
2665 3339 2754 3394 sed
2789 3339 3136 3408 indifferenter
3159 3344 3413 3397 universos
3441 3344 3555 3396 velit
3594 3343 3764 3398 salvos

2181 3431 2294 3498 ﬁeri
2318 3441 2363 3483 et
2391 3430 2444 3482 in
2468 3431 2775 3500 agnitionem
2797 3432 3016 3485 veritatis
3040 3433 3222 3486 venire.
3245 3432 3366 3486 Jam
3391 3433 3471 3487 hic
3499 3438 3763 3504 proferunt

2181 3521 2462 3573 testimonia
2507 3522 2684 3590 quibus
2725 3519 3009 3575 divinarum
3054 3521 3433 3592 Scripturarum
3482 3524 3763 3579 cohortatio

2181 3609 2246 3662 ad
2281 3609 2610 3664 obediendum
2639 3611 2813 3664 incitat
2843 3611 3100 3665 hominum
3137 3611 3418 3668 voluntates
3441 3655 3457 3681 ,
3487 3615 3574 3684 qui
3602 3631 3664 3668 ea:
3690 3614 3760 3668 li-

2180 3700 2296 3754 bero
2325 3701 2551 3768 arbitrio,
2583 3711 2671 3756 aut
2701 3703 2891 3774 faciant
2915 3719 3028 3774 qua:
3049 3703 3310 3774 jubentur,
3343 3714 3430 3758 aut
3459 3705 3762 3776 negligant:

2179 3803 2225 3848 et
2249 3811 2552 3862 consequens
2597 3806 2776 3867 putant
2801 3805 2856 3850 ut
2879 3798 2996 3865 quia
3036 3798 3387 3867 praevaricator
3423 3799 3534 3852 ideo
3574 3799 3761 3853 dicitur

2184 3900 2282 3937 non
2314 3883 2536 3938 abedisse
2555 3926 2568 3950 ,
2609 3887 2728 3956 quia
2753 3886 2913 3940 noluit
2931 3929 2946 3952 ,
2973 3885 3137 3956 ﬁdelis
3156 3903 3349 3958 quoque
3380 3905 3481 3942 non
3506 3889 3762 3943 dubitetur

2182 3974 2241 4029 ab
2281 3975 2374 4029 hoc
2403 3975 2607 4031 devotus
2633 3978 2816 4048 fuisse,
2844 3978 2963 4048 quia
2986 3979 3171 4043 voluit;
3211 3989 3256 4032 et
3281 3989 3524 4051 quantum
3551 3981 3763 4051 quisque

2177 4070 2245 4122 ad
2272 4071 2484 4137 malum,
2514 4081 2704 4125 tantum
2727 4072 2908 4126 habeat
2935 4072 3190 4143 facultatis
3210 4071 3277 4125 ad
3301 4073 3486 4126 bonum
3501 4087 3522 4137 ,°
3547 4074 3760 4144 parique

2179 4172 2428 4216 momento
2451 4165 2673 4216 animum
2699 4180 2751 4218 se
2769 4164 2842 4218 vel
2870 4163 2938 4217 ad
2959 4165 3098 4231 vitia,
3127 4164 3202 4218 vel
3219 4165 3287 4218 ad
3313 4164 3514 4219 virtutes
3539 4181 3756 4230 movere,

2176 4271 2320 4324 quem
2346 4254 2473 4309 bona
2510 4265 2824 4326 appetentem
2851 4256 3014 4327 gratia
3036 4254 3130 4310 Dei
3158 4258 3350 4327 foveat,
3392 4255 3527 4310 mala
3559 4265 3760 4310 sectan-

2177 4355 2275 4402 tem
2303 4347 2560 4402 damnatio
2571 4349 2715 4418 justa
2738 4347 2998 4417 suscipiat.

2247 4439 2299 4493 5.
2330 4436 2551 4508 Cumque
2589 4438 2719 4492 inter
2755 4438 2860 4492 hwc
2891 4435 3329 4492 innumerabilium
3356 4435 3458 4491 illis
3484 4435 3760 4490 multitudo

2176 4534 2410 4605 ohjicitur
2423 4534 2764 4606 parvulorum,
2782 4533 2868 4602 qui
2885 4533 3052 4601 utique
3061 4540 3265 4601 excepto
3281 4530 3516 4600 originali
3530 4537 3759 4600 peccato,

2180 4625 2271 4678 sub
2297 4639 2394 4694 quo
2437 4639 2608 4678 omnes
2651 4623 2874 4678 homines
2908 4622 3136 4677 similiter
3162 4621 3215 4675 in
3242 4620 3394 4691 primi
3419 4619 3636 4674 hominis
3664 4619 3762 4672 da-

2176 4716 2430 4769 mnatione
2461 4723 2767 4779 nascuntur,
2802 4712 2974 4768 nullas
2999 4712 3164 4766 adhuc
3191 4711 3424 4766 habentes
3451 4710 3760 4774 voluntates,

2177 4806 2346 4862 nullas
2370 4806 2603 4876 proprias
2627 4809 2864 4868 actiones,
2892 4821 2992 4858 non
3019 4805 3126 4859 sine
3147 4802 3243 4857 Dei
3264 4803 3462 4875 judicio
3485 4817 3762 4856 secernun-

2174 4907 2289 4963 tur;
2320 4907 2373 4950 ut
2401 4905 2516 4951 ante
2541 4896 2888 4950 discretionem
2906 4893 3023 4949 boni
3048 4910 3111 4947 ac
3135 4879 3256 4947 mali
3279 4893 3341 4946 de
3359 4909 3451 4948 usu
3476 4892 3590 4946 vitae
3609 4891 3763 4946 istius

2173 4987 2468 5059 auferendi,
2511 4986 2601 5039 alii
2638 5002 2726 5056 per
2763 4985 3184 5056 regenerationem
3211 4984 3342 5038 inter
3364 4982 3575 5037 cazlestis
3611 4982 3762 5052 regni

2173 5086 2492 5132 assumantur
2508 5076 2750 5143 hieredes,
2772 5076 2861 5130 alii
2884 5075 2992 5130 sine
3009 5073 3269 5144 Baptismo
3293 5073 3424 5128 inter
3441 5071 3614 5126 mortis
3640 5088 3763 5144 per-

2174 5177 2337 5240 petua:
2362 5177 2616 5222 transeant
2650 5167 2892 5222 debitores
2923 5181 2944 5221 :
2973 5165 3099 5220 tales
3126 5166 3268 5219 aiunt
3315 5164 3493 5234 perdi,
3533 5161 3761 5232 talesque

2171 5260 2388 5328 salvari,
2434 5259 2608 5330 quales
2637 5258 2836 5328 futuros
2862 5257 2976 5312 illos
3000 5257 3054 5311 in
3089 5256 3235 5312 annis
3260 5253 3568 5326 majoribus,
3611 5252 3655 5306 si
3686 5253 3760 5305 ad

2171 5352 2383 5405 activam
2407 5359 2721 5405 servarentur
2743 5359 2940 5404 aetatem
2965 5348 3214 5414 ,.scientia
3251 5347 3418 5400 divina
3444 5343 3752 5417 prteviderit.

2175 5441 2284 5497 Nec
2310 5442 2625 5496 considerant
2647 5457 2702 5495 se
2741 5442 2957 5510 gratiam
2985 5438 3116 5506 Dei,
3151 5454 3302 5508 quam
3342 5437 3568 5490 comitem
3591 5476 3607 5501 ,
3649 5449 3756 5487 non

2171 5533 2408 5606 prteviam
2437 5533 2773 5587 humanorum
2801 5531 2971 5584 volunt
2994 5545 3099 5584 esse
3122 5528 3439 5594 meritorum,
3466 5526 3619 5580 etiam
3647 5523 3753 5577 illis

2170 5627 2503 5682 voluntatibus
2531 5624 2759 5689 subdere,
2791 5640 2916 5693 quas
2934 5623 2994 5676 ab
3013 5639 3093 5686 ea,
3122 5621 3392 5676 secundum
3417 5634 3560 5673 suam
3586 5615 3753 5687 phan~

2177 5720 2377 5786 (asiam,
2404 5734 2502 5772 non
2533 5725 2713 5779 negant
2741 5731 2845 5770 esse
2859 5722 3159 5772 praeventas.
3209 5712 3316 5768 Sed
3342 5711 3394 5765 in
3415 5719 3608 5764 tantum
3632 5706 3750 5780 qui-
