4070 6332
368 328 505 385 1005

366 445 671 513 bascumque
703 441 1051 497 commentitiis
1090 441 1281 496 meritis
1322 440 1611 496 electionem
1655 441 1751 496 Dei
1790 441 1949 514 subji—

364 536 501 587 ciunt
526 576 541 597 ,
571 542 625 586 ut
653 534 771 602 quia
800 533 1056 603 praeterita
1085 548 1185 586 non
1219 540 1449 593 exstant,
1479 531 1650 599 futura
1669 572 1684 597 ,
1714 547 1828 599 qua:
1850 547 1951 584 non

367 625 467 677 sint
496 624 690 692 futura,
719 624 1050 693 conﬁngant,
1082 637 1307 694 novoque
1326 620 1464 690 apud
1491 621 1605 674 illos
1632 621 1951 675 absurditatis

365 733 545 787 genere
563 757 576 778 .
605 726 649 769 ct
673 733 771 768 non
791 715 987 785 agenda
1008 716 1240 785 prcescita
1256 724 1379 779 sint,
1406 722 1451 768 et
1471 714 1701 783 prtescita
1725 730 1822 767 non
1839 723 1952 767 acta

365 808 487 861 sint.
526 805 673 859 Hanc
703 823 825 860 sane
851 807 914 860 de
953 806 1186 859 humanis
1215 805 1405 859 meritis
1444 805 1809 876 praescientiam
1834 803 1949 871 Dei,

365 898 640 951 secundum
660 915 811 968 quam
839 899 1005 969 gratia
1026 898 1249 951 vocantis
1268 906 1504 965 operetur
1522 936 1537 963 ,
1567 896 1725 951 multo
1750 896 1843 951 sibi
1868 914 1953 950 ra-

364 989 657 1042 tionabilius
682 990 912 1044 videntur
951 998 1205 1055 astruere,
1250 1004 1366 1043 cum
1397 988 1465 1041 ad
1488 1004 1662 1042 earum
1692 988 1952 1041 nationum

364 1082 837 1152 contemplationem
874 1084 1068 1136 venitur
1085 1122 1101 1149 ,
1148 1098 1260 1153 quae
1283 1082 1360 1137 vel
1388 1082 1440 1135 in
1466 1081 1730 1152 praeteritis
1753 1079 1952 1136 steculis

365 1174 587 1227 dimissa:
623 1184 739 1227 sunt
783 1174 975 1244 ingredi
1004 1174 1109 1228 vias
1139 1190 1279 1241 suas,
1311 1172 1387 1227 vel
1412 1188 1542 1227 nunc
1563 1188 1756 1243 quoque
1783 1172 1953 1225 adhuc

366 1268 420 1321 in
448 1267 621 1320 veteris
654 1267 955 1337 ignorantiae
993 1267 1253 1338 impietate
1278 1267 1586 1337 depereunt,
1629 1282 1719 1319 nec
1747 1265 1854 1320 ulla
1882 1266 1953 1319 eis

364 1371 457 1414 aut
501 1360 647 1430 Legis
690 1370 776 1414 aut
825 1359 1086 1429 Evangelii
1128 1360 1433 1414 illuminatio
1477 1359 1792 1423 coruscavit;
1836 1374 1954 1412 cum

366 1460 558 1516 tamen,
576 1452 629 1505 in
648 1461 892 1522 quantum
917 1450 1328 1522 praedicatoribus
1356 1452 1535 1505 ostium
1562 1458 1793 1519 apertum
1817 1458 1888 1504 est
1907 1458 1953 1503 et

364 1544 445 1596 uia
472 1546 607 1614 facta
633 1552 725 1608 est,
762 1542 981 1612 gentium
1009 1541 1258 1613 populus,
1297 1542 1383 1611 qui
1429 1541 1628 1595 sedebat
1660 1541 1715 1593 in
1741 1540 1953 1594 tenebris

364 1636 483 1688 etin
503 1634 678 1687 umbra
705 1637 910 1699 mortis,
943 1632 1106 1688 lucem
1133 1633 1311 1688 viderit
1334 1649 1568 1704 magnam
1599 1631 1749 1705 (lsai.
1777 1648 1833 1686 lx
1851 1674 1865 1697 ,
1894 1631 1950 1697 2,

364 1735 412 1779 et
445 1724 632 1779 Matth.
659 1740 711 1779 Iv
731 1766 745 1790 ,
782 1713 868 1795 Hi)
894 1742 907 1790 ;
950 1735 998 1779 et
1021 1726 1105 1789 qui
1133 1724 1388 1794 quondam
1415 1741 1515 1777 non
1545 1724 1790 1795 populus,
1821 1740 1954 1777 nunc

364 1829 532 1872 autem
560 1819 777 1889 populus
801 1818 891 1872 Dei
911 1818 1011 1883 sit;
1037 1826 1082 1873 et
1103 1834 1316 1889 quorum
1343 1817 1618 1889 aliquando
1648 1834 1749 1872 non
1776 1817 1954 1872 miser-

363 1923 445 1968 tus
487 1926 593 1979 est,
639 1931 773 1968 nunc
816 1924 983 1967 autem
1026 1914 1323 1968 misereatur
1348 1912 1504 1984 (Osee
1532 1929 1606 1980 ιι,
1636 1912 1736 1977 25,
1764 1912 1835 1967 24
1858 1954 1872 1977 ,
1907 1922 1955 1967 et

366 2006 520 2061 Rom.
550 2022 603 2060 lx
624 2046 639 2070 ,
662 2005 758 2075 25)
790 2023 803 2058 :
833 2006 1071 2076 pravisos
1095 2005 1328 2075 inquiunt
1352 2022 1383 2057 a
1404 2003 1625 2058 Domino
1653 2003 1949 2068 credituros,

362 2109 411 2153 et
437 2100 505 2153 ad
533 2115 934 2169 unamquamque
969 2108 1162 2170 gentem
1199 2099 1271 2151 ita
1296 2099 1585 2169 dispensata
1630 2106 1854 2168 tempora
1894 2114 1955 2150 ac

368 2190 646 2243 ministeria
674 2190 1061 2260 magistrorum,
1091 2198 1147 2243 ut
1170 2198 1410 2243 exortum
1438 2198 1542 2242 erat
1573 2184 1817 2242 bonarum
1847 2205 1955 2241 cre-

363 2280 555 2335 dulitas
587 2281 898 2335 voluntatum
930 2298 945 2337 :
979 2297 1069 2335 nec
1104 2281 1345 2336 vacillare
1376 2278 1508 2333 illud
1533 2321 1546 2345 ,
1578 2280 1713 2352 quod
1762 2298 1780 2331 ι
1816 2278 1955 2334 Deus

368 2388 538 2425 omnes
578 2372 801 2426 homines
829 2392 848 2425 ι
882 2373 999 2425 velit
1032 2389 1052 2423 ι
1082 2372 1245 2427 salvos
1284 2371 1430 2440 ﬁeri,
1473 2378 1520 2424 et
1561 2372 1612 2424 in
1650 2371 1956 2441 agnitionem

364 2463 586 2516 veritatis
609 2466 775 2517 venire
801 2483 819 2515 ι
856 2463 899 2533 (Ι
931 2462 1066 2517 Tim.
1119 2479 1175 2527 Il,
1206 2461 1301 2535 4);
1333 2462 1738 2535 quandoquidem
1755 2462 1955 2517 inexcu-

361 2553 545 2608 sabiles
573 2556 672 2608 sint
709 2556 796 2625 qui
825 2565 871 2609 et
909 2556 978 2609 ad
1016 2556 1168 2609 unius
1208 2556 1311 2609 veri
1343 2555 1433 2608 Dei
1468 2555 1660 2609 cultum
1702 2556 1956 2625 potuerint

364 2644 545 2697 instrui
586 2645 918 2715 intelligentia
956 2646 1210 2709 naturali,
1242 2654 1291 2699 et
1330 2643 1665 2715 Evangelium
1703 2645 1815 2698 ideo
1854 2662 1957 2699 non

361 2734 637 2801 audierint,
663 2737 781 2807 quia
807 2752 897 2789 nec
918 2737 1105 2809 fuerint
1130 2734 1394 2805 recepturi.

438 2828 490 2882 6.
523 2826 630 2882 Pro
664 2829 891 2882 universo
930 2840 1099 2882 autem
1126 2829 1346 2881 humano
1375 2843 1553 2898 genere
1577 2836 1827 2881 mortuum
1852 2844 1958 2882 esse

365 2918 639 2975 Dominum
670 2930 892 2976 nostrum
915 2920 1089 2976 Jesum
1114 2919 1387 2987 Christum,
1414 2930 1463 2974 et
1488 2924 1731 2975 neminem
1749 2936 1957 2994 prorsus

366 3028 398 3064 α
426 3012 764 3081 redemptione
790 3013 1050 3084 sanguinis
1078 3014 1186 3085 ejus
1220 3023 1510 3084 exceptum,
1536 3013 1731 3069 etiamsi
1760 3030 1956 3068 omnem

366 3104 498 3157 hanc
523 3105 676 3157 vitam
704 3104 1011 3158 alienissima
1039 3103 1100 3158 ab
1121 3120 1178 3157 eo
1198 3113 1361 3158 mente
1385 3113 1730 3175 pertranseat;
1755 3105 1872 3174 quia
1887 3103 1958 3158 ad

364 3210 540 3248 omnes
588 3196 812 3249 homines
852 3196 1099 3265 pertineat
1141 3194 1326 3249 divinae
1366 3194 1722 3249 misericordiae
1763 3194 1955 3249 Sacra-

364 3297 587 3340 mentum
616 3301 635 3339 :
657 3302 756 3356 quo
781 3286 895 3339 ideo
935 3286 1140 3357 plurimi
1164 3302 1264 3340 non
1304 3296 1622 3354 renoventur,
1664 3287 1784 3359 quia
1820 3288 1958 3357 quod

363 3393 459 3431 nec
486 3378 713 3431 renovari
732 3377 855 3430 velle
874 3377 1107 3441 habeant.
1133 3388 1531 3447 prwnoscantur.
1565 3377 1764 3450 Itaque,
1793 3396 1956 3451 quan-

365 3477 476 3521 tum
492 3467 559 3520 ad
573 3466 735 3521 Deum
755 3468 985 3540 pertinet,
1012 3468 1242 3523 omnibus
1260 3478 1489 3538 paratam
1510 3469 1661 3523 vitam
1684 3479 1956 3538 aeternam;

366 3567 610 3627 quantum
631 3567 795 3612 autem
812 3558 881 3611 ad
900 3558 1096 3612 arbitrii
1116 3558 1420 3626 libertatem,
1451 3560 1515 3613 ab
1536 3559 1613 3614 his
1638 3576 1748 3613 eam
1767 3577 1954 3632 appre-

366 3648 519 3703 hendi
537 3688 551 3712 ,
587 3648 671 3719 qui
698 3646 811 3703 Deo
838 3658 1017 3719 sponte
1044 3650 1377 3715 crediderint,
1417 3660 1465 3703 et
1505 3651 1752 3704 auxilium
1778 3652 1957 3722 gratia:

366 3741 541 3792 merito
568 3741 876 3795 credulitatis
900 3743 1198 3811 acceperint.
1234 3740 1302 3795 In
1331 3742 1479 3796 istam
1504 3758 1618 3797 vero
1639 3743 1753 3796 talis
1780 3744 1957 3815 gratia:

366 3832 781 3901 praedicationem
819 3832 907 3899 hi,
946 3848 1161 3903 quorum
1202 3835 1597 3889 contradictione
1626 3834 1951 3904 o/I'endimur,

367 3939 483 3976 cum
520 3925 660 3993 prius
694 3925 900 3979 meliora
936 3927 1211 3992 sentirent,
1250 3926 1363 3980 ideo
1402 3944 1456 3981 se
1483 3927 1559 3981 vel
1586 3929 1803 3982 maxime
1831 3945 1954 3983 can-

367 4016 591 4069 tulerunt
609 4058 624 4082 ,
665 4017 783 4087 quia
818 4017 860 4070 si
892 4019 1240 4086 proﬁterentur
1262 4016 1323 4071 ab
1353 4034 1411 4071 ea
1431 4019 1600 4071 omnia
1627 4018 1757 4072 bona
1778 4020 1956 4073 merita

370 4108 658 4175 pratveniri,
689 4116 735 4160 et
762 4106 822 4160 ab
843 4108 955 4177 ipsa
976 4118 1027 4160 ut
1052 4109 1242 4178 possint
1266 4124 1389 4173 esse,
1418 4108 1637 4177 donari;
1666 4113 1957 4165 necessitate

370 4197 693 4250 concederent
730 4196 893 4251 Deum
930 4199 1204 4251 secundum
1250 4200 1561 4269 propositum
1600 4209 1646 4254 ct
1688 4202 1955 4255 consilium

368 4287 638 4341 uoluntatis
663 4303 787 4351 suae,
819 4288 1013 4341 occulto
1024 4290 1241 4360 judicio,
1272 4300 1317 4344 et
1341 4308 1489 4361 opere
1506 4292 1788 4364 manifesto,
1814 4294 1956 4347 aliud

368 4392 455 4431 vas
498 4379 711 4433 condere
738 4381 791 4433 in
823 4380 1060 4434 honorem
1082 4423 1098 4449 ,
1153 4383 1295 4436 aliud
1328 4385 1380 4437 in
1419 4387 1810 4452 contumeliam;
1836 4388 1955 4459 quia

369 4485 515 4523 nemo
546 4470 644 4524 nisi
669 4487 758 4542 per
776 4472 992 4542 gratiam
1006 4472 1315 4543 justiﬁcetur
1335 4516 1349 4539 ,
1384 4484 1431 4528 et
1456 4492 1597 4529 nemo
1627 4478 1723 4531 nisi
1752 4478 1802 4532 in
1824 4494 1956 4549 pra:-

368 4560 672 4615 varicatione
699 4574 953 4616 nascatur.
986 4564 1091 4618 Sed
1118 4564 1374 4636 refugiunt
1394 4567 1529 4620 istud
1557 4570 1725 4639 fateri,
1756 4572 1954 4625 divino-

368 4666 464 4720 que
500 4653 782 4708 adscribere
822 4656 964 4726 Operi
1009 4668 1297 4711 sanctorum
1323 4660 1499 4713 merita
1526 4663 1833 4730 formidant;
1865 4682 1954 4719 nec

368 4742 687 4812 acquiescant
729 4746 1133 4815 prcedestinatum
1160 4749 1427 4803 electorum
1457 4770 1716 4807 numerum
1744 4773 1832 4809 nec
1857 4774 1953 4810 au-

367 4837 474 4906 geri
504 4853 649 4907 posse
674 4854 761 4891 nec
790 4841 977 4907 minui,
1006 4857 1068 4895 ne
1094 4840 1260 4895 locum
1285 4845 1424 4915 apud
1456 4846 1683 4921 inﬁdeles
1705 4865 1762 4902 ac
1789 4852 1951 4921 negli-

366 4937 535 4997 gentes
559 4930 928 4985 cohortantium
953 4933 1280 4988 incitamenta
1307 4953 1405 4989 non
1429 4937 1661 5002 habeant,
1694 4959 1752 4994 ac
1777 4960 1955 5013 super-

366 5021 473 5091 flua
514 5024 578 5076 sit
614 5023 877 5077 industria
916 5042 976 5078 ac
1022 5026 1208 5081 laboris
1252 5028 1495 5097 indictio,
1546 5034 1689 5103 cujus
1732 5036 1953 5089 studium

365 5120 589 5166 cessante
605 5113 841 5167 electione
859 5116 1205 5185 frustrandum
1225 5117 1291 5171 sit
1312 5133 1331 5171 :
1351 5120 1421 5172 ita
1445 5120 1644 5175 demum
1658 5124 1789 5177 enim
1809 5142 1953 5196 posse

367 5218 765 5275 unumquemque
787 5208 854 5259 ad
879 5210 1233 5263 correctionem
1258 5221 1345 5264 aut
1372 5211 1439 5264 ad
1458 5214 1740 5284 profectum
1760 5220 1947 5287 vocari,

366 5292 412 5345 si
438 5308 493 5346 se
541 5294 668 5349 sciat
710 5312 805 5349 sua
833 5298 1093 5368 diligentia
1122 5286 1304 5355 bonum
1332 5320 1438 5357 esse
1462 5321 1639 5374 posse,
1676 5317 1722 5361 et
1749 5308 1951 5365 liberta-

369 5392 465 5438 tem
490 5402 635 5440 suam
663 5388 723 5441 ob
758 5388 851 5443 hoc
880 5389 976 5444 Dei
1008 5393 1199 5446 auxilio
1237 5395 1547 5466 juvandam,
1579 5400 1622 5453 si
1651 5402 1785 5468 quod
1816 5402 1950 5460 Deus

366 5478 593 5543 mandat,
623 5480 842 5551 elegerit.
873 5485 942 5535 Ac
970 5484 1041 5536 sic
1059 5523 1074 5550 ,
1108 5501 1219 5538 cum
1246 5487 1298 5540 in
1325 5488 1401 5541 his
1420 5490 1503 5559 qui
1530 5501 1725 5561 tempus
1746 5511 1952 5567 accepe-

365 5577 481 5620 runt
503 5568 671 5625 liberte
697 5572 982 5641 voluntatis,
1014 5576 1114 5630 duo
1142 5578 1241 5630 sint
1264 5594 1376 5647 qua:
1396 5580 1667 5635 humanam
1683 5597 1950 5655 aperentur

363 5660 605 5725 salutem,
638 5661 730 5716 Dei
750 5665 934 5719 scilicet
962 5669 1126 5738 gratia
1148 5680 1195 5722 et
1224 5669 1441 5735 hominis
1465 5673 1782 5742 obedientia;
1810 5678 1947 5747 prio-

364 5763 469 5802 rem
498 5750 671 5806 volunt
706 5754 1033 5814 obedientiam
1058 5776 1167 5817 esse
1194 5776 1347 5830 quam
1372 5764 1586 5833 gratiam
1609 5805 1623 5833 ,
1664 5776 1717 5822 ut
1747 5768 1945 5827 initium

1537 325 2011 385 EPISTOLARUM
2051 327 2322 389 CLASSIS
2350 329 2436 387 Ill.

3504 341 3642 399 1008

2056 445 2232 500 salutis
2259 462 2324 501 ea:
2340 462 2398 501 eo
2422 446 2508 516 qui
2530 446 2772 517 solvatur,
2801 464 2901 503 non
2925 464 2989 505 ea:
3013 466 3070 505 eo
3092 452 3395 509 credendum
3419 457 3483 511 sit
3510 468 3645 515 stare

2056 534 2143 604 qui
2167 536 2349 604 salvat,
2380 547 2426 592 et
2451 539 2679 593 voluntas
2707 538 2924 596 hominis
2939 542 3121 598 divina:
3142 544 3320 614 gratia
3345 546 3441 599 sibi
3470 549 3640 615 pariat

2062 639 2239 693 Opem,
2266 643 2369 681 non
2395 629 2559 698 gratia
2581 629 2676 684 sibi
2702 630 3235 703 humanamsubjiciat
3273 637 3603 692 voluntatem.

2129 718 2182 772 7.
2225 716 2373 781 Quod
2391 734 2506 772 cum
2530 722 2952 791 perversissimam
2980 740 3103 789 esse,
3132 725 3382 779 revelante
3412 726 3506 781 Dei
3535 732 3638 783 mi~

2057 807 2352 871 sericordia,
2384 817 2431 863 et
2452 811 2727 865 instruente
2753 828 2843 867 nos
2870 823 2955 866 tua
2980 813 3299 870 Beatitudine
3321 820 3601 875 noverinms
3622 838 3643 885 ;

2060 912 2328 965 possumus
2356 899 2555 969 quidem
2575 901 2642 953 ad
2666 918 2765 955 non
2789 903 3091 957 credendum
3117 922 3222 959 esse
3238 911 3643 974 constantes,st

2058 987 2126 1039 ad
2150 991 2497 1044 auctoritatem
2518 992 2641 1045 talia
2667 995 2983 1049 sentientium
3004 1013 3101 1049 non
3116 1014 3287 1052 sumus
3310 1017 3456 1069 pares
3483 1015 3502 1054 :
3529 1002 3648 1069 quia

2058 1079 2271 1133 multum
2296 1097 2386 1133 nos
2410 1091 2455 1134 et
2481 1082 2593 1135 vitae
2620 1084 2808 1138 meritis
2832 1085 3157 1153 antecellunt,
3190 1098 3234 1141 et
3262 1090 3419 1160 aliqui
3448 1108 3642 1161 eorum,

2058 1171 2240 1237 adepto
2267 1188 2427 1241 nuper
2466 1190 2662 1227 summa
2692 1176 2959 1230 sacerdotii
2983 1177 3197 1244 honore,
3240 1183 3609 1249 superemineut
3624 1201 3647 1249 ,-

2059 1276 2149 1313 nec
2179 1260 2328 1328 facile
2378 1262 2642 1333 quisquam
2682 1275 2864 1335 praeter
2893 1284 3081 1336 paucos
3108 1274 3342 1339 perfectae
3368 1275 3546 1342 gratia:
3568 1276 3648 1327 iu-

2060 1350 2281 1420 trepidos
2304 1364 2573 1418 amatores,
2599 1363 2737 1408 tanto
2762 1351 3077 1427 superiorum
3103 1361 3525 1429 disputationibus
3552 1383 3648 1419 au-

2058 1457 2144 1495 sus
2170 1452 2239 1496 est
2266 1445 2532 1499 contraire.
2561 1445 2646 1500 Ea:
2658 1464 2755 1517 quo
2780 1465 2881 1502 non
2904 1450 3070 1504 solum
3087 1452 3165 1505 his
3193 1454 3280 1522 qui
3309 1471 3390 1508 eos
3411 1456 3644 1523 audiunt,

2059 1548 2230 1588 verum
2258 1536 2409 1588 etiam
2434 1536 2557 1605 ipsis
2572 1539 2656 1607 qui
2687 1539 2983 1609 audiuntur,
3013 1558 3128 1595 cum
3154 1544 3479 1615 dignitatibus
3498 1550 3650 1601 erevit

2061 1627 2375 1696 periculum;
2413 1628 2533 1682 dunt
2562 1640 2608 1684 et
2637 1631 2822 1685 multos
2847 1635 3121 1687 reverentia
3150 1651 3322 1689 eorum
3353 1647 3441 1691 aut
3481 1640 3650 1693 inutili

2059 1716 2249 1771 cohibet
2276 1718 2495 1786 silentio,
2525 1730 2614 1774 aut
2644 1721 2898 1777 incurioso
2924 1724 3061 1778 ducit
3086 1742 3328 1794 assensu;
3354 1737 3400 1781 et
3425 1730 3652 1785 saluber-

2058 1808 2243 1862 rimum
2263 1811 2385 1879 ipsis
2413 1812 2607 1865 videtur
2634 1815 2770 1884 quod
2794 1832 2918 1884 pene
2945 1817 3135 1872 nullius
3159 1820 3555 1876 contradictione
3578 1838 3652 1877 re-

2060 1902 2406 1971 prehenditur.
2442 1902 2608 1969 Unde,
2640 1906 2758 1976 quia
2782 1907 2834 1960 in
2864 1907 2971 1961 istis
2987 1909 3267 1980 pelagiana:
3296 1913 3553 1981 pravitatis
3571 1931 3650 1968 re-

2064 1992 2233 2061 liquiis
2275 2010 2375 2047 non
2405 1996 2669 2050 mediocris
2706 1997 2985 2053 virulentia:
3016 2000 3144 2070 ﬁbra
3165 2004 3403 2071 nutritur,
3435 2005 3478 2058 si
3505 2006 3650 2075 prin—

2059 2084 2247 2153 cipium
2267 2087 2442 2140 salutis
2466 2089 2597 2141 male
2621 2088 2676 2142 in
2689 2089 2889 2144 homine
2920 2093 3234 2159 collocatur;
3278 2096 3322 2149 si
3350 2097 3533 2152 divinae
3559 2113 3648 2151 vo-

2061 2175 2245 2229 luntati
2283 2178 2435 2249 impie
2480 2180 2709 2234 uoluntas
2734 2183 2956 2236 humana
3004 2189 3291 2256 prtefertur,
3324 2196 3378 2239 ut
3407 2188 3518 2241 ideo
3540 2190 3652 2260 quis

2059 2267 2325 2340 adjuvetur
2349 2271 2467 2342 quia
2496 2272 2672 2339 voluit,
2704 2289 2805 2327 non
2830 2275 2943 2330 ideo
2967 2278 3085 2346 quia
3111 2278 3398 2349 adjuvatur,
3431 2283 3545 2335 velit
3560 2298 3580 2347 ;
3608 2300 3653 2337 st

2060 2361 2372 2430 originaliter
2400 2364 2563 2418 malus
2586 2364 2917 2436 receptionem
2943 2368 3058 2421 boni
3082 2385 3184 2422 non
3212 2387 3242 2422 a
3270 2386 3463 2424 summa
3489 2371 3639 2437 bono,

2059 2453 2148 2507 sed
2173 2471 2206 2507 a
2233 2457 2497 2526 semetipso
2524 2457 2763 2513 inchoare
2788 2458 2921 2513 male
2946 2461 3205 2528 creditur;
3235 2463 3279 2517 si
3306 2463 3513 2519 aliunde
3538 2464 3650 2518 Dea

2062 2550 2305 2618 placetur,
2335 2552 2433 2605 nisi
2456 2569 2516 2607 ea:
2534 2569 2592 2607 eo
2607 2554 2745 2629 quod
2769 2555 2878 2624 ipse
2902 2555 3160 2610 donaverit
3190 2571 3210 2611 :
3238 2557 3399 2611 tribue
3424 2560 3567 2613 nobis
3595 2561 3647 2613 in

2062 2641 2157 2693 hac
2183 2658 2358 2707 causa,
2399 2659 2532 2713 papa
2554 2645 2851 2712 beatissime,
2885 2654 3026 2715 pater
3063 2650 3267 2717 optime,
3297 2658 3540 2718 quantum
3554 2650 3651 2720 ju-

2061 2742 2207 2785 vante
2233 2731 2453 2790 Domino
2477 2745 2635 2804 potes,
2666 2736 2977 2806 diligentiam
3006 2738 3205 2808 pietatis
3236 2748 3354 2805 tuas,
3388 2748 3441 2793 ut
3467 2756 3578 2811 qua:
3598 2743 3650 2796 in

2062 2822 2169 2877 istis
2195 2825 2549 2894 quaestionibus
2576 2826 2887 2894 obscuriora,
2901 2837 2947 2882 et
2966 2828 3034 2881 ad
3064 2829 3489 2901 percipiciendum
3516 2832 3653 2903 difﬁ-

2061 2916 2241 2970 ciliora
2281 2926 2418 2985 sunt,
2456 2934 2625 2993 quam
2659 2918 2981 2973 lucidissimis
3010 2922 3401 2991 expositionibus
3430 2924 3654 2995 digneris

2062 3006 2277 3079 aperire.

2134 3101 2188 3156 8.
2228 3100 2301 3154 Ac
2331 3100 2568 3171 primum,
2596 3101 2716 3172 quia
2742 3101 2966 3172 plerique
2995 3120 3096 3158 non
3122 3112 3302 3174 putant
3325 3104 3655 3161 christianum

2063 3193 2217 3263 ﬁdem
2262 3192 2357 3246 hac
2407 3192 2718 3247 dissensione
2756 3194 2958 3261 violari,
2988 3205 3233 3265 quantum
3263 3196 3475 3267 periculi
3509 3196 3571 3250 sit
3600 3198 3653 3252 in

2063 3302 2235 3340 eorum
2280 3286 2604 3357 persuasione
2654 3286 2952 3357 patefacias.
2996 3286 3210 3355 Deinde,
3262 3288 3516 3359 quomodo
3564 3307 3654 3361 per

2061 3378 2211 3433 istum
2232 3385 2629 3449 prteoperautem
2647 3387 2691 3431 et
2707 3388 3057 3449 cooperantem
3081 3379 3297 3451 gratiam
3318 3378 3529 3434 liberum
3547 3397 3653 3434 non

2061 3470 2365 3541 impediatur
2389 3470 2672 3524 arbitrium.
2724 3470 2872 3537 Tum,
2905 3481 3074 3526 utrum
3106 3474 3419 3543 prwscientia
3460 3473 3552 3528 Dei
3578 3476 3650 3528 ita

2060 3565 2332 3620 secundum
2360 3564 2675 3635 pr0positum
2700 3573 2922 3629 maneat,
2952 3574 3005 3618 ut
3024 3581 3082 3618 ea
3113 3565 3225 3635 ipsa
3247 3580 3361 3635 qute
3379 3574 3494 3619 sunt
3523 3583 3648 3637 pro-

2063 3658 2246 3727 posita,
2274 3658 2375 3722 sint
2420 3656 2711 3728 accipienda
2740 3659 2972 3730 praescita
2996 3673 3015 3713 :
3043 3674 3110 3712 an
3145 3675 3233 3729 per
3260 3674 3443 3730 genera
3471 3675 3653 3712 causa-

2061 3767 2175 3803 rum
2203 3758 2249 3804 et
2295 3750 2484 3820 species
2512 3766 2844 3819 personarum
2871 3750 2969 3804 ista
3011 3751 3305 3815 varientur;
3336 3761 3391 3805 ut
3418 3752 3537 3821 quia
3567 3752 3651 3806 di-

2062 3857 2214 3896 versae
2234 3851 2353 3896 sunt
2365 3842 2643 3897 vocationes
2661 3843 2713 3896 in
2733 3842 2812 3897 his
2827 3843 2913 3913 qui
2936 3843 3063 3897 nihil
3082 3844 3339 3913 operaturi
3364 3844 3648 3913 salvantur,

2060 3936 2203 4005 quasi
2232 3934 2397 3989 solum
2416 3934 2511 3989 Dei
2531 3938 2844 4005 propositum
2869 3937 3099 3991 videatur
3124 3940 3365 4002 existere;
3383 3939 3438 3992 in
3460 3938 3539 3993 his
3559 3954 3654 3990 au-

2062 4036 2161 4082 tem
2189 4029 2273 4098 qui
2305 4027 2499 4097 aliquid
2528 4028 2641 4081 boni
2668 4028 2831 4081 acturi
2850 4039 2985 4093 sunt,
3019 4045 3108 4099 per
3134 4029 3499 4098 prtescientiam
3533 4046 3652 4099 pos-

2062 4120 2124 4172 sit
2140 4129 2274 4173 stare
2302 4119 2613 4189 propositum
2648 4133 2755 4171 :an
2795 4134 2909 4172 vero
2945 4119 3282 4190 uniformiter,
3334 4119 3449 4173 licet
3492 4120 3651 4173 dividi

2062 4211 2377 4281 prtescientia
2405 4226 2436 4262 a
2472 4209 2726 4280 proposito
2770 4209 3035 4279 temporali
3060 4209 3376 4264 distinctione
3407 4228 3507 4264 non
3533 4227 3652 4282 pos-

2061 4302 2146 4367 sit,
2166 4301 2480 4371 prtescientia
2501 4309 2667 4354 tamen
2689 4298 2910 4369 quodam
2930 4301 3106 4355 ordine
3129 4303 3193 4355 sit
3219 4303 3434 4357 subnixa
3462 4319 3652 4374 propo-

2060 4393 2195 4457 sito;
2219 4401 2266 4446 et
2292 4392 2419 4446 sicut
2447 4391 2574 4445 nihil
2615 4393 2678 4447 sit
2700 4408 3125 4465 quorumcumque
3156 4394 3483 4466 negotiorum,
3511 4395 3646 4465 quod

2062 4502 2164 4541 non
2194 4486 2401 4540 scientia
2427 4486 2597 4540 divina
2628 4487 2951 4558 praeuenerit,
2982 4488 3055 4542 ita
3089 4487 3220 4543 nihil
3249 4490 3311 4544 sit
3337 4488 3483 4556 bon‘i,
3513 4490 3649 4560 quod

2062 4579 2115 4629 in
2143 4586 2363 4630 nostram
2396 4576 2833 4648 participationem
2858 4594 2959 4631 non
2992 4577 3099 4632 Deo
3124 4589 3327 4633 auctore
3354 4581 3643 4651 deﬂuxerit.

2063 4667 2348 4735 Postremo,
2380 4669 2802 4738 quemadmodum
2828 4687 2916 4742 per
2934 4671 3065 4726 hanc
3091 4674 3495 4741 prcedicatiouem
3520 4691 3644 4745 pro-

2062 4762 2211 4830 positi
2244 4760 2360 4826 Dei,
2381 4778 2478 4830 quo
2501 4761 2676 4824 ﬁdeles
2698 4762 2826 4831 ﬁunt
2855 4765 2941 4834 qui
2967 4766 3296 4836 prazordinati
3329 4776 3446 4817 sunt
3482 4766 3550 4817 aa'
3574 4768 3647 4819 vi-

2061 4862 2165 4907 tam
2194 4862 2454 4918 (sternam,
2482 4868 2627 4906 nemo
2652 4870 2822 4906 eorum
2845 4856 2931 4925 qui
2946 4856 3371 4910 cohortandisuut
3398 4857 3645 4926 impedia-

2061 4955 2164 5014 tur,
2198 4962 2287 5000 nec
2336 4948 2647 4999 occasionem
2677 4948 2991 5019 negligentia:
3027 4948 3260 5014 habeant,
3294 4950 3337 5002 si
3365 4966 3418 5003 se
3443 4951 3640 5015 prazde—

2059 5037 2271 5091 stinatos
2311 5054 2415 5091 esse
2456 5036 2740 5105 desperent.
2774 5037 2916 5092 Illud
2949 5040 3100 5094 etiam
3132 5041 3345 5110 qualiter
3386 5041 3641 5105 diluatur,

2059 5146 2363 5200 qutesumus,
2398 5131 2642 5201 patienter
2678 5130 3017 5200 insipientiam
3062 5140 3283 5184 nostram
3315 5132 3519 5202 ferendo
3557 5135 3645 5186 tle-

2061 5233 2325 5288 monstrcs,
2341 5222 2474 5291 quod
2494 5224 2773 5277 retractatis
2786 5223 3009 5292 priorum
3034 5223 3096 5278 de
3116 5225 3210 5279 hac
3222 5242 3277 5279 re
3301 5226 3642 5296 Opiniouibus,

2060 5332 2184 5386 pene
2209 5316 2429 5369 onmium
2462 5333 2555 5385 par
2570 5317 2819 5370 invenitur
2838 5325 2885 5369 et
2912 5333 3012 5370 una
3040 5319 3303 5385 sententia,
3328 5335 3428 5388 qua
3459 5336 3650 5390 pr0po-

2056 5410 2207 5461 situm
2235 5417 2283 5461 et
2322 5408 2810 5477 praedestinationem
2836 5408 2934 5463 Dei
2973 5411 3246 5464 secundum
3274 5414 3643 5482 praescientiam

2058 5508 2387 5568 receperunt;
2434 5509 2488 5553 ut
2526 5500 2586 5553 ob
2624 5500 2719 5553 hoc
2749 5500 2887 5555 Deus
2917 5501 3047 5555 alios
3074 5518 3193 5557 vasa
3240 5504 3464 5569 honoris,
3511 5506 3661 5561 alios

2056 5592 2369 5645 contumeliae
2386 5594 2577 5663 fecerit,
2604 5594 2721 5663 quia
2740 5596 2891 5661 liuent
2916 5596 3306 5667 uniuscujusque
3332 5600 3636 5667 prwvitlerit,

2054 5690 2101 5735 et
2126 5682 2215 5735 sub
2247 5683 2356 5752 ipso
2380 5685 2557 5755 gratia:
2583 5684 2836 5755 adjutorio
2870 5687 2920 5740 in
2941 5703 3039 5759 qua
3068 5692 3267 5761 futuras
3295 5702 3416 5747 esset
3454 5693 3635 5748 volun-

2061 5784 2160 5829 tate
2181 5786 2228 5829 et
2256 5776 2448 5831 actione
2475 5776 2764 5846 prcescierit.
