4070 6332
430 336 567 391 €007

498 454 553 507 9.
596 451 786 520 Quibus
816 451 1042 507 omnibus
1068 450 1312 517 enodatis,
1341 458 1388 504 et
1425 448 1595 502 multis
1638 449 1862 520 insuper,
1888 463 2002 519 quea

428 544 608 600 altiore
640 545 825 600 intuitu
850 544 917 598 ad
957 559 1160 599 causam
1185 543 1314 596 hanc
1349 541 1645 611 pertinentia
1667 543 1828 611 magis
1862 549 2000 612 potes

427 635 613 701 videre,
639 636 874 690 discussis
891 652 909 699 ;
940 632 1187 689 credimus
1201 643 1248 687 et
1268 649 1525 704 speramus
1540 633 1640 687 non
1656 633 1820 688 solum
1845 632 2000 686 tenui

427 733 580 779 tatem
598 733 818 780 nostram
845 723 1240 793 disputationum
1268 732 1466 776 tuarum
1497 722 1732 794 prtesidio
1757 721 1999 776 roboran-

429 815 566 881 dam,
597 814 685 868 sed
711 815 860 868 etiam
882 813 1016 884 ipsos
1027 828 1148 882 quos
1168 811 1354 865 meritis
1380 821 1528 882 atque
1547 809 1815 865 honoribus
1834 810 1997 864 claros

427 902 592 974 caligo
627 903 771 958 istius
797 902 1047 973 opinionis
1076 903 1340 968 obscurat,
1363 901 1800 971 defwcatissimum
1827 899 1997 954 lumen

425 995 602 1062 gratite
629 1002 934 1062 recepturos.
964 991 1102 1046 Nam
1126 1009 1280 1046 unum
1306 1008 1478 1046 eorum
1521 994 1791 1063 praecipua:
1816 1003 1994 1045 aucto-

425 1085 588 1138 ritatis
616 1093 662 1138 et
692 1084 1032 1154 spiritualium
1058 1084 1337 1139 studiorum
1363 1085 1542 1150 virum,
1572 1095 1800 1139 sanctum
1844 1082 1996 1138 Hila-

425 1177 554 1228 rium
577 1174 651 1247 (a)
667 1175 1004 1231 Arelatensem
1018 1177 1324 1247 cpiscOpum,
1349 1177 1472 1231 sciat
1494 1175 1759 1232 Beatitudo
1781 1185 1867 1231 tua
1895 1179 1991 1230 ad-

425 1267 710 1319 miratorem
750 1275 1133 1339 sectatoremque
1155 1266 1210 1320 in
1248 1266 1366 1320 aliis
1390 1267 1616 1320 omnibus
1642 1275 1742 1320 tua:
1772 1283 1876 1321 esse
1903 1267 1995 1320 do-

425 1356 635 1418 cti-inte;
670 1364 717 1410 et
741 1355 804 1409 de
818 1355 912 1410 hoc
947 1356 1081 1425 quod
1103 1355 1159 1410 in
1193 1354 1446 1426 querelam
1475 1356 1648 1420 trahit,
1681 1356 1994 1427 jampridem

426 1445 563 1514 apud
593 1444 921 1500 Sanctitatem
951 1454 1089 1499 tuam
1124 1461 1325 1500 sensum
1352 1461 1496 1500 suum
1523 1461 1611 1516 per
1654 1446 1843 1499 litteras
1869 1444 1995 1499 velle

424 1541 668 1609 conferre.
699 1536 805 1592 Sed
827 1537 944 1608 quia
968 1546 1136 1592 utrum
1162 1536 1257 1590 hoc
1281 1540 1506 1608 facturus
1521 1576 1536 1601 ,
1577 1545 1664 1588 aut
1689 1551 1787 1606 quo
1807 1537 1908 1604 ﬁne
1929 1536 1994 1590 sit

427 1631 650 1683 facturus
687 1629 930 1682 incertum
978 1638 1071 1694 est,
1121 1637 1169 1683 et
1201 1629 1424 1682 omnium
1469 1637 1696 1682 nostrum
1720 1629 1952 1700 fatigatio
1973 1669 1990 1696 ,

436 1720 713 1779 srovidente
737 1720 833 1774 hoc
857 1722 1087 1790 praesenti
1111 1720 1293 1775 sweulo
1328 1719 1426 1774 Dei
1456 1720 1639 1790 gratia,
1660 1719 1715 1772 in
1750 1728 1852 1773 tua:
1872 1720 1994 1774 cha-

425 1811 590 1864 ritatis
616 1819 661 1865 et
679 1811 902 1864 scientia:
929 1811 1095 1881 vigore
1121 1811 1368 1881 respirat;
1393 1809 1524 1864 adde
1546 1809 1873 1863 eruditionem
1891 1809 1992 1863 hu-s

427 1903 650 1969 milibus,
681 1903 812 1957 adde
849 1903 1237 1973 increpationem
1277 1901 1520 1974 superbis.
1567 1899 1920 1956 Necessarium
1947 1910 1994 1955 et

425 1996 549 2050 utile
570 2004 643 2050 est
661 1996 810 2050 etiam
824 2011 937 2064 qute
963 1994 1280 2066 scriptasunt
1295 1993 1526 2061 scribere,
1545 2009 1608 2046 ne
1627 1993 1730 2047 leve
1747 1991 1994 2046 existime-

424 2096 506 2140 tur
529 2088 662 2157 quod
700 2104 801 2141 non
842 2091 1121 2159 frequenter
1145 2087 1390 2157 arguitur.
1421 2083 1618 2139 Sanum
1640 2084 1772 2138 enim
1814 2076 1992 2154 putant

424 2195 529 2234 esse
557 2179 691 2248 quod
709 2195 808 2232 non
831 2179 986 2243 dolet,
1005 2193 1092 2232 nec
1105 2176 1288 2232 vulnus
1307 2175 1607 2246 superducta
1617 2182 1728 2228 cute
1741 2173 1956 2227 sentiunt
1973 2186 1994 2226 :

425 2270 512 2324 sed
532 2270 812 2340 intelligant
842 2278 1191 2341 perventurum
1207 2269 1274 2322 ad
1301 2267 1586 2334 sectionem,
1612 2266 1746 2336 quod
1768 2264 1994 2319 habuerit

425 2368 816 2428 perseverantem
839 2368 1102 2413 tumorem.
1137 2356 1313 2412 Gratia
1343 2355 1436 2410 Dei
1463 2365 1511 2410 et
1537 2372 1638 2427 pax
1664 2353 1872 2409 Domini
1897 2370 1991 2408 no-

423 2453 516 2506 stri
533 2451 657 2507 Iesu
674 2453 858 2509 Christi
881 2461 1079 2506 coronet
1100 2460 1145 2505 te
1169 2451 1224 2505 in
1245 2451 1380 2504 omni
1407 2458 1643 2518 tempore,
1666 2457 1712 2504 et
1735 2448 1996 2502 ambulan-

425 2553 522 2597 tem
549 2544 611 2597 de
634 2543 810 2596 virtute
831 2543 884 2596 in
910 2543 1137 2596 virtutem
1161 2541 1403 2612 gloriﬁcet
1427 2539 1481 2593 in
1505 2548 1766 2606 internum,
1795 2538 1996 2593 domine

425 2651 560 2704 papa
579 2634 875 2701 beatissime,
901 2633 1219 2700 ine/fabiliter
1244 2630 1505 2697 mirabilis,
1541 2628 1995 2700 incomparabiliter

426 2725 737 2790 honorande,
761 2724 1170 2794 pra'stantissime
1197 2731 1424 2793 patrone.

825 2854 1149 2911 EPISTOLA
1187 2853 1444 2910 ccxxvn
1483 2851 1579 2928 (b).

619 2989 848 3044 Hilarius
874 2989 1172 3061 Augustino,
1197 2989 1260 3044 de
1282 2987 1456 3043 eodem
1479 2995 1788 3059 argumento.

431 3099 656 3156 Domino
703 3101 1008 3157 beatissimo
1062 3116 1124 3157 ac
1168 3109 1278 3155 toto
1301 3099 1492 3155 aﬂ'ectu
1520 3096 1894 3162 desiderando,
1939 3103 1994 3152 et

493 3192 718 3246 multum
762 3192 814 3246 in
843 3191 1053 3247 Christo
1101 3190 1437 3261 suscipiendo
1484 3190 1618 3261 patri
1661 3190 1990 3255 Accusnuo,

490 3285 744 3340 HILARIUS
771 3282 864 3357 (c).

491 3397 542 3448 1.
586 3395 646 3449 Si
670 3393 971 3448 cessantibus
991 3391 1434 3446 contradicentium
1461 3388 1814 3461 questionibus
1837 3398 1996 3458 grata!

422 3494 537 3539 sunt
564 3486 850 3555 plerumque
875 3484 1212 3538 studiosorum
1238 3483 1600 3551 inquisitiones,
1639 3491 1694 3534 ut
1731 3481 1878 3534 etiam
1903 3479 1994 3533 illa

427 3594 539 3648 qua:
566 3579 750 3647 absque
791 3578 1010 3648 periculo
1051 3577 1418 3648 ignorarentur,
1466 3575 1722 3639 ediscant;
1777 3575 1994 3628 arbitror

429 3670 699 3740 gratiorem
734 3673 841 3739 fore
881 3669 1197 3722 sedulitatem
1218 3676 1402 3721 nostra:
1425 3667 1700 3733 relationis,
1725 3681 1838 3736 qua:
1873 3669 1994 3720 dum

419 3760 608 3814 indicat
620 3759 891 3814 secundum
903 3760 1232 3829 quorumdam
1255 3759 1619 3830 prosecutiones
1643 3757 1872 3828 quaedam
1892 3759 1990 3812 ad-

417 3853 667 3907 versantia
690 3853 903 3918 veritati,
929 3868 1028 3905 non
1055 3861 1155 3904 tam
1183 3851 1278 3904 sibi
1318 3866 1469 3920 quam
1491 3850 1594 3904 illis
1619 3850 1705 3921 qui
1731 3849 1993 3905 turbantur

417 3953 465 3998 et
493 3943 714 4008 turbant,
743 3959 832 4014 per
875 3943 1142 3996 consilium
1181 3941 1458 3996 sanctitatis
1487 3952 1587 3996 tute
1613 3942 1798 4012 satagit
1826 3943 1992 4011 provi-

417 4036 544 4103 deri,
568 4035 766 4089 domine
802 4035 1078 4089 beatissime
1103 4049 1163 4088 ac
1199 4042 1300 4088 toto
1339 4031 1525 4100 affectu
1559 4032 1903 4101 desiderande,
1942 4043 1990 4088 et

417 4128 694 4182 multumin
715 4128 912 4182 Christo
925 4127 1238 4196 suscipiende
1251 4137 1412 4198 pater.

483 4220 540 4273 2.
581 4219 708 4275 Haec
733 4229 848 4274 sunt
881 4220 1048 4290 itaque
1070 4235 1182 4290 qua:
1208 4218 1472 4286 Massilia,
1494 4217 1572 4273 vel
1597 4219 1712 4274 aliis
1739 4218 1890 4274 etiam
1913 4217 1990 4274 lo-

414 4313 486 4367 cis
513 4311 566 4365 in
589 4309 759 4366 Callia
777 4311 1098 4366 ventilantur.
1129 4310 1333 4364 Novum
1355 4318 1403 4365 et
1417 4310 1593 4365 inutile
1611 4325 1717 4366 esse
1740 4310 1986 4382 pradica-

474 4511 547 4572 (a)
565 4512 725 4572 Visum
746 4516 852 4560 erat
868 4507 1112 4572 nonnullis
1131 4506 1521 4558 substituendum
1541 4507 1620 4558 hic
1639 4519 1752 4572 esse
1769 4516 1985 4572 Honora-

411 4568 550 4622 tum':
567 4571 657 4621 sed
677 4570 882 4633 inspecti
901 4583 931 4620 a
948 4571 1086 4633 nobis
1105 4577 1212 4633 Mss.
1236 4576 1512 4633 constanter
1535 4568 1794 4633 praeferunt
1808 4569 1986 4633 ,_Ilila-

410 4633 556 4682 rium.
579 4639 622 4682 Is
644 4628 784 4694 porro
816 4643 880 4680 ex
901 4631 1147 4680 Lerinensi
1173 4629 1404 4680 monacho
1419 4628 1612 4694 creatus
1625 4628 1715 4680 fuit
1734 4628 1984 4694 Arelatene

409 4697 480 4746 sis
512 4689 766 4757 episcopus
801 4697 908 4755 post
937 4698 1241 4757 Honoratum,
1273 4703 1399 4740 anno
1440 4689 1549 4757 ηρ,
1592 4698 1677 4742 aut
1713 4698 1854 4757 certe
1893 4691 1985 4757 429

405 4750 613 4806 ineunte
629 4750 926 4816 (ieiune-uiui.
945 4754 1127 4816 Quippe
1150 4750 1664 4816 Honoratusisuﬂ'ectus
1678 4752 1889 4816 t’atroclo
1907 4754 1983 4816 in-

407 4823 654 4879 terempto
676 4830 800 4866 anno
819 4814 910 4885 {26
927 4827 990 4864 ex
1013 4813 1508 4885 ἡφιιονῇηωιτᾳυίοο,
1526 4814 1802 4885 cathedram
1823 4813 1983 4863 Arela-

407 4874 618 4939 tensem,
668 4885 792 4929 :este
823 4882 1059 4926 Honor-ato
1098 4874 1389 4936 M’assiliensi,
1433 4888 1521 4938 per
1554 4876 1801 4925 biennium
1839 4889 1983 4926 occu-

437 4942 551 4990 avit.

404 4954 786 5064 pazb‘ilgrgtomo
813 5001 841 5047 7
864 4996 1063 5064 [melius
1097 4996 1278 5064 lib._de
1309 4997 1730 5064 mandestinatione
1760 5003 1831 5047 ss.
1868 5005 1980 5058 Qua:

408 5058 550 5131 porri)
573 5061 664 5131 2f”
687 5068 810 5131 erat,
833 5058 962 5131 nunc
1107 5060 1285 5131 Scripta
1298 5058 1480 5131 eodem
1497 5066 1735 5131 tempore.

469 5123 538 5192 (ε)
561 5123 644 5192 uie
671 5119 884 5192 prefecto
903 5122 965 5192 ai)
995 5119 1170 5192 Hilario
1203 5119 1488 5192 Arelatensi,
1515 5119 1613 5192 .qui
1641 5120 1885 5192 Augustini
1915 5120 1981 5191 de

407 5183 1163 5246 prtedestinationesententiam,
1196 5183 1277 5246 uti
1290 5189 1490 5246 Prosper
1514 5183 1563 5246 in
1593 5183 1846 5246 superiore
1877 5183 1981 5246 epi-

404 5241 528 5296 stola
564 5247 746 5306 scribit,
778 5262 801 5291 ι
829 5245 879 5292 in
907 5241 1160 5306 querelam
1191 5241 1471 5306 trahebat,»
1500 5241 1752 5306 distinguit
1784 5254 1842 5292 se
1873 5241 1980 5305 ipse

405 5306 548 5366 infra,
565 5321 614 5356 n.
634 5307 710 5366 10,
729 5303 862 5356 hisee
884 5303 1051 5366 verbis
1070 5318 1083 5352 :
1109 5320 1132 5348 ι
1147 5303 1260 5366 Nolo
1282 5309 1444 5366 autem
1460 5303 1688 5353 Sanctitas
1708 5311 1788 5354 tua
1807 5305 1877 5366 sic
1892 5303 1978 5353 ine

414 5384 439 5413 ι
461 5365 719 5442 arbitr-etin
743 5369 848 5417 haec
866 5365 1083 5442 scribere
1096 5365 1251 5442 Aquas-1
1279 5365 1596 5442 deliis-.qu
1624 5378 1754 5442 nune
1769 5365 1977 5442 edidisti,

413 5446 438 5475 ι
461 5443 556 5499 ego
571 5429 807 5500 dunitem.
826 5445 850 5474 ι
879 5425 1116 5498 signiﬁcat
1134 5425 1303 5498 postea
1319 5437 1376 5474 se
1393 5425 1543 5487 ipsius
1565 5441 1587 5469 ι
1606 5425 1876 5498 ρι’ςεεεηιὶεε
1893 5427 1979 5498 de-

412 5506 436 5535 ι
461 5489 581 5552 liciis
611 5490 872 5552 aliquando
901 5494 1119 5552 potitum,
1145 5488 1475 5552 uberibusque
1496 5484 1801 5552 salubribus:
1827 5493 1980 5536 nutri-

405 5559 510 5600 tum
530 5547 710 5600 fuisse?
731 5547 915 5600 deinde
941 5562 997 5598 se
1029 5547 1200 5610 laicum
1240 5561 1352 5597 esse
1382 5547 1480 5596 (1.9
1501 5548 1793 5610 subindieat;
1819 5561 1873 5597 ac
1895 5561 1978 5610 po-

403 5615 912 5682 suerno
934 5609 1147 5682 appellat
1160 5617 1365 5682 pati-etp,
1381 5617 1538 5682 atque
1561 5609 1766 5682 vicissim
1788 5610 1850 5658 ab
1874 5609 1976 5670 ipso

404 5683 454 5720 In
478 5671 562 5722 lib.
579 5673 642 5721 de
660 5668 1076 5722 §rtedestinatioue
1099 5668 1174 5718 55.—
1189 5683 1292 5732 cap.
1315 5668 1504 5734 unus
1521 5679 1814 5734 nuncupatur
1835 5685 1845 5719 :
1867 5668 1974 5734 quae

403 5744 522 5782 sane
545 5737 594 5782 in
619 5734 945 5784 Arelatensem
970 5735 1241 5794 episcopum
1267 5732 1460 5780 minime
1483 5732 1771 5781 conveniunt

1616 332 1676 389 8.
1715 330 2074 390 Αυαιτδτυίι
2117 326 2415 392 EPISCOI’I

3537 346 3680 405 £008

2104 448 2227 506 tioni
2246 451 2380 519 quod
2409 451 2613 520 quidam
2637 453 2906 507 secundum
2931 456 3237 526 propositum
3265 458 3485 530 eligendi
3502 462 3675 518 dicano
3733 441 3740 452 ’

2103 547 2205 606 tur,
2234 552 2287 594 at
2314 541 2368 595 id
2392 559 2480 596 nec
2505 544 2726 613 arripere
2755 545 2951 598 valeant
2979 562 3068 600 nec
3094 558 3275 614 tenere,
3311 551 3410 604 nisi
3431 553 3668 607 credendi

2101 632 2354 686 voluntate
2386 633 2592 687 donata.
2639 633 2859 688 Excludi
2898 645 3075 705 putant
3119 649 3315 691 omncnt
3357 641 3671 708 praedicandi

2101 721 2338 790 vigorem,
2363 723 2406 774 si
2429 723 2558 775 nihil
2578 725 2714 792 quod
2741 741 2829 794 per
2853 740 2968 778 eum
3003 727 3260 790 excitetur,
3307 729 3360 782 in
3386 730 3672 787 haminibus

2099 811 2396 864 remansisse
2409 811 2622 866 dicatur.
2634 809 2956 868 Consentiunt
2966 830 3160 868 omnem
3178 817 3424 870 hominem
3441 819 3491 872 in
3503 819 3542 872 Α
3551 821 3671 875 dam

2101 900 2322 969 periisse,
2352 917 2442 954 nec
2459 901 2575 956 inde
2597 918 2893 975 quemquam
2917 919 3062 970 posse
3087 905 3296 976 proprio
3319 907 3526 962 arbitrio
3547 909 3671 964 libe-

2099 989 2206 1041 rari
2230 1003 2249 1042 :
2269 990 2358 1043 sed
2395 990 2449 1043 id
2471 992 2762 1046 conveniens
2783 1002 3014 1047 asserunt
3034 995 3249 1061 veritati,
3288 996 3366 1050 vel
3391 1011 3672 1068 congruum

2099 1080 2464 1149 prtedicationi,
2495 1090 2568 1148 ut,
2596 1097 2709 1134 cum
2735 1084 2997 1153 prostratis
3015 1093 3060 1137 et
3079 1100 3335 1155 nunquam
3358 1087 3463 1141 suis
3482 1087 3673 1145 viribus

2098 1171 2397 1224 surrecturis
2438 1173 2765 1226 annuntiatur
2806 1173 3086 1228 obtinendae
3117 1176 3296 1230 salutis
3336 1178 3554 1244 occasio,
3610 1196 3672 1235 eo

2099 1262 2272 1314 merito
2297 1279 2395 1332 quo
2417 1264 2662 1318 voluerint
2683 1273 2733 1318 et
2759 1259 3059 1319 crediderint
3083 1281 3116 1318 a
3133 1282 3226 1320 suo
3250 1270 3419 1322 morbo
3443 1285 3496 1323 se
3524 1287 3672 1339 posse

2095 1353 2285 1417 sanari,
2316 1362 2362 1406 et
2389 1353 2545 1421 ipsius
2574 1353 2692 1422 ﬁdei
2718 1367 3060 1424 augmentum,
3083 1365 3128 1408 et
3147 1357 3297 1410 totius
3314 1359 3546 1412 sanitatis
3563 1373 3672 1414 sua

2096 1455 2457 1514 consequantur
2483 1443 2728 1511 effectum.
2755 1445 2998 1500 Ceterum
3027 1446 3093 1499 ad
3121 1447 3314 1501 nullum
3343 1464 3472 1517 opus
3491 1451 3570 1503 vel
3588 1451 3671 1503 in-

2096 1535 2405 1604 eipiendum,
2421 1537 2601 1590 nedum
2620 1537 2999 1608 perﬁciendum,
3013 1554 3308 1610 quemquam
3330 1540 3423 1593 sibi
3442 1541 3671 1610 suﬁcere

2098 1639 2241 1692 posse
2277 1627 2588 1680 consentiunt
2620 1642 2818 1697 :neque
2844 1628 2975 1681 enim
3012 1629 3167 1682 alicui
3207 1629 3350 1699 operi
3390 1632 3669 1684 curationis

2095 1731 2266 1768 eorum
2299 1717 2732 1771 annumerandum
2757 1727 2954 1789 putant,
2986 1719 3221 1773 exterrita
3245 1729 3290 1773 et
3319 1722 3539 1790 supplici
3576 1738 3666 1775 vo-

2097 1806 2305 1873 luntate,
2336 1824 2731 1879 unumquemque
2743 1818 2987 1880 tegrotum
2999 1809 3124 1862 velle
3148 1811 3340 1864 sanari.
3358 1810 3507 1876 Quod
3534 1815 3668 1865 enim

2095 1898 2300 1966 dicitur,
2328 1897 2503 1963 Crede,
2529 1909 2578 1954 et
2603 1902 2772 1955 salvus
2799 1901 2930 1967 eris;
2957 1917 3118 1955 unum
3146 1903 3326 1956 horum
3353 1904 3486 1975 exigi
3524 1921 3665 1958 asse-

2095 1997 2232 2055 runt,
2259 1987 2400 2042 aliud
2435 1987 2721 2055 olferri;.ut
2743 1999 2948 2062 propter
2961 1991 3016 2044 id
3041 1991 3177 2060 quod
3215 1993 3452 2063 exigitur,
3481 1995 3528 2048 si
3552 1997 3670 2048 red-

2095 2078 2256 2131 ditum
2291 2079 2463 2148 fuerit,
2494 2081 2550 2134 id
2564 2081 2698 2152 quod
2725 2081 2932 2150 oﬂ'ertur
2963 2085 3196 2156 deinceps
3225 2088 3492 2142 tribuatur.
3519 2087 3672 2143 Unde

2095 2182 2395 2237 consequens
2410 2178 2587 2239 putant
2606 2170 2932 2226 exhibendam
2946 2171 3008 2226 ab
3023 2189 3080 2228 eo
3107 2175 3281 2243 fidem,
3299 2177 3445 2247 cujus
3469 2188 3672 2231 natura

2094 2258 2150 2312 id
2168 2259 2417 2315 voluntate
2440 2260 2721 2318 Conditoris
2744 2281 3031 2320 concessum
3046 2273 3148 2333 est;
3179 2276 3228 2320 et
3253 2270 3448 2322 nullam
3479 2270 3554 2323 ita
3579 2271 3668 2324 de-

2097 2358 2354 2420 pravatum
2377 2353 2454 2406 vel
2468 2354 2759 2408 exstinctam
2775 2362 2970 2424 putant,
2981 2366 3034 2410 ut
3050 2373 3148 2411 non
3158 2357 3330 2412 debeat
3349 2361 3425 2413 vel
3435 2362 3591 2430 possit
3613 2378 3671 2414 se

2095 2437 2221 2494 velle
2242 2442 2446 2506 sanari;
2475 2452 2676 2514 propter
2701 2445 2835 2514 quod
2861 2446 2938 2500 vel
2972 2457 3174 2502 sanetur
3199 2449 3308 2517 quis
3337 2467 3370 2504 a
3413 2467 3523 2516 sua,
3555 2454 3664 2517 vel,

2095 2529 2140 2583 si
2168 2529 2399 2597 noluerit,
2427 2547 2541 2585 cum
2590 2550 2684 2588 sua
2709 2536 3007 2604 aegritudine
3046 2539 3300 2607 puniatur.
3356 2539 3466 2594 Nec
3493 2543 3670 2612 negari

2095 2624 2330 2694 gratiam,
2357 2627 2401 2679 si
2428 2629 2704 2697 precedere
2717 2630 2910 2684 dicatur
2930 2632 3047 2685 talis
3066 2633 3310 2697 voluntas,
3335 2651 3445 2703 qua:
3472 2645 3669 2689 tantum

2096 2713 2340 2768 medicum
2364 2726 2575 2785 quierat,
2606 2735 2705 2772 non
2724 2729 2888 2774 autem
2910 2722 3178 2792 quidquam
3195 2723 3308 2794 ipsa
3337 2725 3451 2794 jam
3478 2727 3662 2780 valeat.

2097 2800 2236 2856 Nam
2261 2805 2352 2859 illa
2380 2807 2683 2876 testintonia,
2707 2819 2761 2864 ut
2785 2820 2854 2864 est
2883 2811 3032 2876 illud,
3052 2831 3070 2863 t
3093 2811 3237 2868 Sicut
3261 2816 3526 2886 unicuique
3553 2834 3668 2886 par-

2102 2909 2121 2944 t
2159 2894 2274 2948 titus
2298 2905 2369 2950 est
2394 2913 2676 2952 mensuram
2695 2900 2816 2970 ﬁdei
2845 2919 2865 2952 ι
2896 2901 3071 2972 (Rom.
3095 2919 3188 2968 xu,
3211 2904 3291 2975 5),
3317 2916 3363 2958 et
3375 2907 3581 2973 similia,
3596 2909 3671 2961 ad

2095 2985 2151 3038 id
2175 2987 2341 3041 volunt
2361 2989 2546 3058 valere,
2586 3001 2640 3046 ut
2667 2993 2930 3064 adjuvetur
2957 2995 3042 3064 qui
3079 2999 3282 3067 cteperit
3304 2997 3447 3062 velle,
3483 3015 3583 3052 non
3611 3011 3670 3054 ut

2096 3076 2244 3130 etiam
2273 3078 2485 3132 donetur
2509 3091 2560 3134 ut
2582 3082 2732 3146 velit;
2759 3085 2954 3152 rejectis
2977 3085 3039 3138 ab
3068 3089 3162 3139 hoc
3185 3085 3319 3140 dono
3339 3087 3452 3142 aliis
3475 3090 3670 3158 pariter

2094 3167 2213 3232 reis,
2265 3177 2309 3222 et
2335 3169 2420 3240 qui
2446 3180 2644 3239 possent
2669 3172 2899 3226 similiter
2927 3173 3148 3242 liberari,
3174 3176 3220 3229 si
3241 3193 3302 3229 ea
3339 3193 3451 3247 quae
3477 3179 3668 3248 pariter

2093 3257 2316 3328 indignis
2343 3269 2608 3330 prtestatur
2621 3263 2856 3317 credendi
2877 3263 3125 3332 voluntas,
3159 3267 3311 3320 etiam
3338 3268 3460 3338 ipsis
3482 3269 3669 3323 simili-

2097 3356 2170 3400 ter
2196 3358 2534 3418 prtestaretur.
2560 3351 2622 3406 Si
2644 3362 2830 3417 autem,
2848 3354 3005 3418 aiunt,
3027 3356 3224 3409 dicatur
3248 3357 3323 3410 rel
3341 3367 3488 3411 tatem
3509 3361 3672 3412 omni-

2095 3438 2186 3493 bus
2213 3442 2527 3508 remansisse,
2557 3459 2655 3514 qua
2675 3443 2751 3497 vel
2768 3453 3079 3499 contemnere
3102 3447 3212 3515 quis
3239 3449 3420 3515 ualeat,
3449 3449 3525 3503 vel
3548 3451 3666 3504 obe-

2095 3530 2222 3595 dire,
2254 3531 2316 3585 de
2329 3535 2621 3603 compendio
2646 3545 2820 3604 putant
2851 3539 3094 3592 rationem
3121 3539 3263 3593 reddi
3291 3541 3558 3596 electon
3582 3543 3662 3596 vel

2094 3624 2388 3694 rejectorum
2414 3627 2466 3679 in
2495 3642 2551 3680 eo
2568 3627 2701 3696 quod
2725 3628 2985 3699 unicuique
3005 3632 3234 3684 meritum
3249 3633 3469 3703 propr-ite
3487 3634 3665 3688 volun-

2094 3714 2210 3768 tatis
2229 3716 2540 3786 adjungitur.

2164 3806 2217 3862 ὅ.
2257 3805 2382 3862 Cum
2410 3819 2578 3863 autem
2598 3810 2780 3864 dicitur
2807 3812 2876 3866 eis
2899 3829 3052 3883 quare
3077 3813 3192 3868 aliis
3219 3813 3297 3869 vel
3322 3815 3507 3870 alicubi
3527 3830 3663 3886 pra-

2094 3897 2286 3952 dicetur
2303 3941 2317 3962 ,
2343 3900 2419 3954 vel
2459 3917 2560 3955 non
2589 3904 2918 3972 prwdicetur,
2949 3904 3026 3959 vel
3049 3923 3181 3960 nunc
3203 3908 3502 3978 prwdicetur
3525 3911 3664 3978 quod

2091 3988 2362 4059 aliquando
2391 4007 2515 4061 pene
2540 3994 2766 4048 omnibus
2785 4035 2798 4058 ,
2829 3996 2957 4048 sicut
2990 4012 3122 4049 nunc
3147 3997 3397 4069 aliquibus
3433 4000 3664 4069 gentibus

2091 4094 2194 4132 non
2219 4081 2545 4151 prtedicatum
2569 4083 2662 4149 sit;
2691 4084 2861 4138 dicunt
2890 4085 2942 4138 id
2970 4089 3292 4156 prazscientia:
3326 4104 3431 4143 esse
3455 4090 3660 4155 divinat,

2091 4178 2146 4224 ut
2169 4186 2228 4225 eo
2253 4179 2491 4242 tempore,
2519 4183 2565 4228 et
2589 4175 2689 4240 ibi,
2717 4185 2763 4230 et
2797 4176 2898 4229 illis
2923 4178 3104 4231 veritas
3143 4180 3526 4233 annuntiaretur
3543 4222 3560 4248 ,
3585 4182 3663 4234 vel

2090 4264 2430 4334 annuntietur,
2447 4267 2646 4336 quando
2666 4277 2710 4321 et
2732 4269 2815 4322 ubi
2840 4272 3238 4340 praenoscebatur
3261 4288 3366 4326 esse
3386 4274 3659 4328 credenda.

2089 4354 2160 4409 Et
2183 4356 2277 4410 hoc
2299 4373 2400 4412 non
2424 4359 2587 4413 solum
2611 4360 2824 4414 aliorum
2849 4363 3208 4417 catltolicorum
3230 4365 3542 4429 testimoniis,
3571 4368 3661 4420 sed

2089 4446 2240 4500 etiam
2265 4446 2559 4504 Sanctitatis
2587 4457 2684 4504 tute
2709 4451 3044 4521 disputatione
3070 4455 3350 4522 antiquiore
3371 4471 3424 4509 se
3448 4456 3663 4524 probare

2087 4545 2369 4606 testantur;
2394 4541 2477 4595 ubi
2500 4551 2662 4597 tamen
2700 4544 2924 4597 eamdem
2947 4547 3161 4614 gratiam
3189 4563 3288 4600 non
3315 4547 3504 4601 minore
3527 4551 3661 4601 veri-

2086 4632 2202 4687 tatis
2227 4633 2574 4702 perspicuitate
2595 4633 2821 4689 docueris
2843 4650 2862 4690 :
2885 4645 2941 4689 ut
2959 4647 3030 4690 est
3053 4637 3182 4690 illud
3200 4637 3334 4709 quod
3363 4639 3490 4693 dixit
3515 4639 3657 4694 San-

2087 4726 2231 4778 ctitas
2260 4733 2348 4778 tua
2374 4726 2428 4779 in
2455 4727 2726 4796 quwstione
2751 4738 2923 4781 contra
2957 4727 3322 4799 Porphyrium,
3349 4731 3412 4785 de
3438 4741 3659 4801 tempore

2086 4814 2373 4869 christiana:
2389 4816 2662 4887 religionis,
2687 4834 2704 4868 ι
2729 4816 2870 4871 Tunc
2890 4818 3100 4872 voluisse
3118 4819 3396 4875 hominibus
3415 4837 3660 4892 apparere

2086 4906 2359 4974 Christum,
2381 4916 2426 4959 et
2449 4907 2586 4978 apud
2600 4925 2682 4962 eos
2702 4909 2963 4978 prtedicari
2983 4910 3260 4964 doctrinam
3278 4927 3440 4975 suam,
3457 4914 3658 4982 quando

2084 4998 2266 5053 sciebat
2287 5008 2335 5053 et
2366 4999 2450 5052 ubi
2475 4999 2658 5053 sciebat
2682 5016 2790 5077 (esse
2815 5001 2901 5071 qui
2930 5001 2984 5054 in
3008 5017 3118 5054 eum
3140 5005 3337 5073 fuerant
3365 5003 3610 5057 credituri
3631 5022 3652 5057 ι

2087 5089 2292 5161 (Epist.
2322 5089 2455 5158 102,
2491 5101 2664 5160 qutest.
2698 5091 2752 5155 2,
2779 5107 2833 5146 n.
2861 5087 2966 5164 14)
3000 5108 3012 5145 :
3042 5092 3119 5146 vel
3162 5091 3293 5146 illud
3330 5092 3393 5146 de
3435 5093 3565 5147 libro
3604 5094 3656 5148 in

2088 5177 2369 5249 Epistolam
2388 5180 2455 5232 ad
2477 5180 2732 5234 Romanos
2748 5222 2763 5246 ,
2798 5198 2817 5232 ‹
2841 5179 2982 5233 Dicis
2999 5181 3165 5250 itaque
3186 5181 3329 5248 mihi,
3340 5181 3462 5252 quid
3487 5182 3655 5236 adhuc

2082 5263 2436 5340 conqueritur?
2459 5287 2574 5324 nam
2594 5271 2832 5325 voluntati
2857 5272 2965 5341 ejus
2993 5274 3102 5340 quis
3119 5273 3300 5327 resistit
3323 5291 3342 5324 ι
3373 5273 3547 5341 (Rom.
3571 5287 3651 5340 Ix,

2083 5359 2209 5429 i9)?
2233 5378 2253 5411 ‹
2280 5359 2370 5414 Cui
2393 5377 2512 5414 sane
2534 5361 2859 5431 inquisitioni,
2886 5362 3068 5431 inquis,
3090 5363 3162 5416 sic
3183 5362 3467 5432 respondet,
3488 5371 3543 5415 ut
3569 5363 3651 5415 in-

2081 5449 2362 5521 telligamus
2388 5451 2731 5520 spiritualibus
2755 5452 2894 5518 viris,
2917 5453 3063 5506 etiam
3088 5468 3187 5505 non
3206 5452 3477 5505 secundum
3502 5461 3653 5505 terre-

2079 5558 2199 5596 num
2220 5541 2468 5596 hominem
2483 5543 2772 5608 viventibus,
2787 5553 2955 5612 patere
2983 5558 3124 5613 posse
3146 5543 3311 5611 prima
3335 5542 3508 5596 merita
3535 5541 3655 5610 ﬁdei

2078 5642 2124 5686 et
2151 5633 2420 5703 impietatis
2439 5674 2453 5698 ,
2481 5633 2728 5704 quomodo
2751 5632 2888 5688 Deus
2917 5634 3229 5703 pra'scientia
3256 5634 3405 5704 eligat
3429 5633 3651 5686 creditu-

2077 5741 2180 5792 ros,
2209 5735 2255 5778 et
2284 5723 2483 5779 damnet
2512 5725 2792 5779 incredulos
2816 5739 2833 5778 :
2860 5741 2946 5779 nec
2969 5723 3082 5780 illos
3106 5740 3168 5780 ex
3190 5725 3419 5795 operibus
3437 5723 3646 5794 eligens,
