4084 6332
428 264 565 327 1009

375 393 392 418 ι
429 398 517 436 nec
537 381 658 434 istos
688 395 749 434 ea:
773 378 1001 450 operibus
1024 377 1310 445 damnans;
1335 378 1423 433 sed
1442 387 1486 434 et
1512 380 1711 434 illorum
1733 384 1850 450 ﬁdei
1866 400 1998 454 pra:-

430 482 585 536 stans,
606 480 658 524 ut
676 470 797 527 bene
819 479 1105 540 operentur,
1121 480 1166 525 et
1186 471 1393 525 istorunt
1412 472 1710 541 impietatem
1732 474 2002 527 deserendo

431 565 700 629 sbdurans,
729 573 783 617 ut
807 563 939 619 male
961 572 1261 633 aperentur:
1285 583 1303 615 ι
1333 573 1377 618 ει
1405 567 1582 618 iterum
1606 566 1655 617 in
1683 566 1853 617 eodem
1875 566 1999 619 libro

439 655 688 725 tuperius,
720 671 738 705 ι
764 651 1011 722 ίΕᾳυαιεε
1038 669 1207 706 omnes
1232 663 1347 706 sunt
1376 663 1489 705 ante
1511 655 1757 715 meritum,
1792 670 1879 706 nec
1905 672 1997 721 po-

444 753 519 801 test
549 744 601 797 in
627 745 769 796 rebus
793 742 926 796 omni
945 742 1092 795 modo
1108 742 1380 812 arqualibus
1406 743 1577 796 electio
1602 744 1869 795 nominari.
1896 743 2000 795 Sed

438 835 661 910 ptoniant
697 833 919 901 Spiritus
965 843 1166 888 sanctus
1200 850 1297 885 non
1337 834 1487 886 datur
1516 833 1612 885 nisi
1658 834 1999 897 credentibus;

426 943 526 980 non
547 927 746 994 quidem
764 924 899 979 Deus
925 926 1058 996 eligit
1085 943 1234 994 opera
1263 941 1371 995 qua:
1390 927 1494 995 ipse
1518 926 1748 996 largitur,
1776 943 1886 979 cum
1912 926 1998 979 dat

426 1020 675 1088 Spiritum
708 1028 934 1072 sanctum
955 1058 969 1083 ,
1004 1026 1055 1070 ut
1090 1034 1181 1087 per
1216 1018 1505 1070 charitutem
1547 1018 1674 1070 bona
1702 1033 1999 1084 operentur:

424 1109 513 1164 sed
539 1118 702 1163 tamen
729 1109 865 1179 eligit
889 1108 1059 1176 ﬁdem,
1087 1107 1204 1177 quia
1224 1108 1319 1161 nisi
1348 1109 1457 1177 quis
1485 1108 1673 1173 credat,
1705 1118 1749 1161 et
1788 1108 1838 1161 in
1861 1109 1997 1161 acci-

428 1200 598 1271 piendi
635 1200 889 1254 voluntate
925 1209 1231 1269 permaneat,
1255 1216 1352 1252 non
1383 1202 1561 1268 accipit
1588 1201 1774 1253 donum
1802 1200 1915 1263 Dei,
1946 1200 1999 1254 id

425 1304 495 1349 at
514 1294 763 1363 Spiritum
790 1303 1036 1356 sanctunt,
1065 1310 1153 1364 per
1179 1311 1324 1364 quem
1349 1294 1517 1365 infusa
1544 1295 1786 1348 charitate
1817 1295 1999 1349 bonum

425 1388 579 1457 possit
604 1387 821 1457 operari.
852 1385 970 1441 Non
994 1402 1112 1457 ergo
1136 1389 1269 1456 eligit
1299 1403 1449 1457 opera
1476 1388 1772 1457 cujusquam
1796 1388 1848 1440 in
1869 1403 1998 1457 prte-

422 1478 664 1544 scientia,
702 1493 815 1549 qua:
847 1478 955 1547 ipse
998 1477 1273 1531 donaturus
1319 1486 1391 1530 est
1419 1492 1435 1529 :
1462 1476 1548 1530 sed
1588 1477 1739 1545 ﬁdem
1767 1477 1902 1547 eligit
1945 1477 1999 1531 in

424 1569 771 1641 prcescientia;
798 1577 851 1622 ut
886 1584 1027 1637 quem
1062 1568 1368 1622 crediturum
1403 1584 1506 1622 esse
1534 1569 1807 1635 praesciuit,
1833 1569 1998 1638 ipsunt

423 1661 624 1730 elegerit
652 1660 735 1712 cui
761 1657 1010 1728 Spiritum
1044 1667 1270 1712 sanctum
1308 1659 1480 1722 daret,
1510 1667 1563 1708 ut
1592 1658 1720 1710 bona
1745 1658 1998 1728 operando

421 1752 572 1804 etiam
595 1760 832 1806 aeternam
852 1750 1004 1802 vitam
1020 1759 1421 1819 consequeretur.
1456 1746 1590 1800 Dicit
1620 1748 1750 1800 enint
1780 1748 1996 1816 Aposto-

423 1841 505 1895 lus
526 1856 545 1895 :
568 1858 585 1890 ι
619 1839 765 1893 Idem
791 1838 1505 1909 Deusquioperaturomniain
1520 1836 1744 1891 omnibus
1766 1856 1783 1889 ι
1809 1836 1993 1908 (ICor.

423 1947 522 2001 xtl,
546 1932 625 2003 6).
668 1930 931 2002 Nusquam
955 1940 1120 1983 autem
1146 1929 1333 1983 dictum
1359 1939 1452 1995 est,
1484 1928 1620 1983 Deus
1646 1930 1804 1983 credit
1830 1931 1997 1985 omnia

421 2025 474 2077 in
509 2022 737 2077 omnibus
762 2037 783 2077 :
806 2022 941 2093 quod
983 2022 1113 2075 enim
1151 2022 1432 2085 credimus,
1464 2032 1688 2075 nostrum
1728 2031 1840 2087 est;
1865 2024 1997 2092 quod

420 2127 585 2171 autem
600 2134 885 2187 operantur,
904 2116 1041 2171 illius
1064 2114 1181 2190 »(Ιη
1202 2116 1399 2186 Expos.
1418 2118 1749 2185 quarumdam
1764 2116 1995 2187 preposi-

421 2208 614 2261 tionum
632 2223 694 2262 ex
712 2206 878 2278 Epist.
898 2208 965 2261 ad
985 2208 1133 2262 Rom.
1158 2224 1340 2279 propp.
1364 2207 1431 2261 12
1455 2217 1501 2262 et
1530 2208 1632 2279 60)
1680 2226 1692 2261 :
1734 2218 1781 2261 et
1817 2216 1997 2261 caetera

418 2299 478 2353 in
501 2299 671 2353 eodem
704 2315 889 2369 opere;
923 2316 1036 2369 qua:
1058 2316 1113 2354 se
1135 2309 1392 2369 acceptare
1414 2309 1461 2353 et
1488 2300 1697 2369 probare
1731 2310 1994 2366 testantur,

418 2398 657 2461 tanquam
679 2392 1020 2446 convenientia
1040 2392 1337 2461 evangelicae
1359 2392 1569 2446 veritati.

490 2482 546 2537 ι.
586 2482 831 2537 Cteterum
875 2483 1271 2553 prtescientiam,
1298 2491 1344 2536 et
1371 2483 1853 2552 prwdestinationem
1874 2522 1888 2547 ,
1920 2481 1996 2535 vel

421 2572 729 2641 propositum
750 2613 764 2638 ,
793 2571 862 2625 ad
888 2573 941 2625 id
965 2572 1128 2626 valere
1153 2572 1492 2639 contendunt,
1517 2580 1571 2627 ut
1593 2589 1675 2627 eos
1700 2572 1991 2644 prtvscierit,

418 2663 500 2716 vel
526 2664 974 2731 praedestinaverit,
1013 2666 1089 2719 vel
1114 2666 1426 2736 proposuerit
1456 2666 1635 2735 eligere
1673 2667 1755 2736 qui
1798 2666 1996 2735 fuerant

420 2756 799 2810 crediturimec
811 2755 877 2809 de
893 2756 986 2809 hac
1013 2756 1113 2825 ﬁde
1143 2774 1287 2827 posse
1314 2757 1415 2810 dici
1431 2799 1444 2823 ,
1474 2777 1493 2810 ‹
1528 2757 1665 2822 Quid
1685 2758 1833 2813 habes
1862 2759 1995 2827 quod

420 2861 522 2899 non
551 2846 783 2916 accepisti
803 2865 823 2897 ο
848 2844 898 2919 (1
918 2846 1036 2901 Cor.
1061 2862 1137 2914 tv,
1164 2843 1261 2919 7)?
1298 2863 1413 2901 cum
1435 2848 1487 2901 in
1507 2848 1678 2902 eadem
1712 2858 1892 2902 natura
1917 2865 1995 2901 re-

420 2935 680 3000 manserit,
699 2935 811 2989 licet
840 2936 1031 3000 vitiata,
1051 2952 1162 3007 qua:
1178 2937 1315 3006 prius
1333 2953 1458 2991 sana
1482 2953 1542 2990 ac
1562 2938 1782 3009 perfecta
1806 2937 1995 2990 donata

417 3027 503 3080 sit.
548 3026 697 3092 Quod
723 3036 889 3080 autem
926 3027 1047 3081 dicit
1072 3027 1326 3084 Sanctitas
1351 3036 1470 3096 tua,
1501 3029 1746 3083 neminem
1772 3045 1993 3101 perseve-

419 3134 556 3182 rare,
582 3117 679 3171 nisi
708 3119 1056 3188 perseverandi
1084 3120 1262 3173 virtute
1289 3130 1520 3191 percepta
1542 3138 1563 3187 ;
1589 3120 1827 3174 hactenus
1864 3121 1997 3172 acci-

420 3209 584 3278 piunt,
610 3218 667 3263 ut
699 3209 875 3278 quibus
918 3210 1071 3263 datur
1093 3251 1109 3277 ,
1135 3210 1280 3264 inerti
1305 3210 1453 3277 licet,
1488 3211 1786 3281 precedenti
1831 3221 1995 3265 tamen

421 3301 627 3369 proprio
651 3300 856 3354 arbitrio
883 3301 1130 3355 tribuatur
1155 3317 1174 3356 :
1196 3301 1330 3372 quod
1355 3302 1422 3356 ad
1449 3303 1543 3356 hoc
1563 3311 1757 3356 tantunt
1784 3302 1995 3357 liberum

417 3401 666 3457 asserunt,
694 3402 750 3446 ut
777 3392 894 3446 velit
934 3393 1010 3446 vel
1049 3393 1170 3448 nolit
1198 3393 1460 3449 admittere
1487 3395 1803 3449 medicinam.
1833 3394 1990 3449 Caete-

417 3497 533 3534 rum
556 3492 602 3535 et
626 3483 722 3552 ipsi
750 3483 1028 3536 abominari
1056 3500 1109 3538 se
1140 3492 1184 3538 et
1221 3478 1462 3539 dantnare
1502 3493 1768 3551 testantur,
1799 3487 1841 3540 si
1882 3487 1994 3557 quis

358 3604 363 3607 -
418 3574 689 3643 quidquam
721 3574 899 3627 virium
924 3575 975 3627 in
998 3574 1167 3644 aliqua
1193 3575 1505 3640 remansisse,
1525 3592 1621 3644 quo
1642 3576 1708 3629 ad
1732 3576 1991 3629 sanitatem

418 3664 653 3734 progredi
677 3665 848 3733 possit,
878 3666 1139 3718 existimet.
1183 3664 1379 3718 Nolunt
1418 3676 1583 3721 autem
1619 3667 1689 3720 ita
1719 3667 1847 3720 hanc
1875 3684 1991 3738 per-

416 3757 743 3810 severantiam
781 3757 1080 3826 praedicari,
1112 3766 1164 3810 ut
1192 3773 1294 3811 non
1320 3757 1397 3811 vel
1434 3758 1725 3829 suppliciter
1762 3758 1988 3823 emereri,

417 3846 495 3901 vel
522 3847 684 3900 amitti
711 3848 1069 3901 contumaciter
1097 3848 1271 3918 possit.
1304 3847 1412 3903 Nec
1436 3850 1503 3903 ad
1540 3850 1783 3904 incertum
1814 3851 1992 3904 volun-

418 3938 535 3992 tatis
558 3937 653 3991 Dei
693 3937 871 3991 deduei
897 3954 950 3991 se
982 3938 1191 4005 volunt,
1220 3940 1305 3993 ubi
1332 3940 1402 3994 eis
1446 3949 1687 4009 quantum
1720 3950 1895 4009 putant
1925 3941 1993 3995 ad

416 4028 737 4081 obtinendum
766 4016 842 4081 vel
868 4028 1229 4080 admittendum
1248 4069 1261 4090 ,
1289 4028 1488 4083 evidens
1529 4039 1601 4084 est
1638 4031 1993 4101 qualecumque

415 4119 616 4172 initium
656 4117 946 4172 voluntatis.
985 4118 1130 4173 Illud
1173 4119 1322 4172 etiam
1361 4121 1692 4173 testimonium
1726 4121 1861 4191 quod
1895 4138 1990 4191 po-

417 4210 563 4265 suisti
583 4250 599 4277 ,
622 4228 641 4261 (
670 4210 866 4279 Raptus
894 4219 965 4264 est
984 4225 1048 4263 ne
1076 4209 1273 4262 malitia
1294 4218 1503 4263 mutaret
1521 4209 1820 4264 intellectum
1836 4213 1943 4281 ejus
1965 4230 1984 4264 ι

420 4298 575 4371 (Sap.
600 4315 673 4365 tv,
702 4299 825 4369 ii);
857 4308 1098 4369 tanquam
1122 4313 1223 4352 non
1250 4299 1544 4352 canonicum
1571 4298 1815 4368 deﬁniunt
1838 4302 1990 4354 amite

416 4393 642 4449 tendum.
682 4390 829 4447 Unde
844 4391 986 4447 illam
1012 4391 1375 4461 prtescieutiam
1402 4390 1472 4445 sic
1497 4391 1767 4460 accipiunt,
1789 4400 1844 4445 ut
1873 4408 1989 4461 pra-

416 4492 527 4552 pter
549 4483 701 4551 ﬁdem
730 4484 952 4553 futuram
992 4480 1305 4550 intelligendi
1340 4480 1440 4534 sint
1477 4481 1694 4549 prtesciti
1721 4497 1739 4535 :
1764 4497 1854 4534 nec
1878 4483 1987 4535 cui-

414 4591 567 4645 quam
596 4577 743 4630 talem
771 4575 883 4629 dari
909 4575 1344 4646 perseverantiam,
1371 4590 1404 4626 a
1429 4590 1528 4643 qua
1556 4591 1653 4627 non
1677 4576 1989 4644 permittatur

416 4666 737 4735 prtevaricari
756 4683 776 4731 ,°
802 4665 888 4722 sed
915 4682 946 4718 α
971 4682 1070 4734 qua
1099 4664 1253 4736 possit
1287 4679 1379 4719 sua
1407 4664 1657 4718 voluntate
1693 4665 1904 4734 deﬁcere
1944 4675 1989 4720 et

413 4755 683 4825 inﬁrmari.

485 4848 539 4902 5.
582 4847 822 4899 Asserunt
861 4844 1087 4898 inutilem
1133 4843 1430 4898 exhortandi
1471 4844 1907 4911 consuetudinem,
1947 4846 1991 4900 si

414 4940 543 4995 nihil
568 4940 621 4993 in
638 4939 835 4993 homine
856 4938 1151 4991 remansisse
1169 4937 1384 4999 dicatur,
1406 4936 1540 5005 quod
1561 4939 1806 5008 correptio
1831 4938 1991 4992 valeat

413 5033 630 5086 excitare
658 5047 677 5086 .'
702 5029 836 5100 quod
860 5029 1057 5099 quidem
1088 5028 1248 5080 inesse
1288 5036 1484 5081 natura:
1510 5028 1580 5080 sic
1608 5044 1661 5081 se
1685 5027 1848 5082 dicere
1873 5045 1992 5083 con-

416 5125 642 5194 ﬁtentur,
670 5131 723 5176 ut
748 5123 842 5175 hoc
870 5122 980 5190 ipso
1008 5120 1141 5190 quod
1178 5121 1429 5189 ignoranti
1462 5120 1641 5173 veritas
1667 5122 1988 5191 praedicatur,

415 5216 485 5271 ad
532 5214 823 5283 beneﬁcium
868 5210 1124 5279 praesentis
1168 5210 1345 5278 gratitz
1383 5211 1697 5279 referendum
1725 5210 1808 5264 sit.
1850 5210 1989 5265 Nam

415 5306 460 5359 si
485 5306 556 5359 sic
586 5303 921 5374 prtedestinati
948 5310 1083 5365 sunt,
1114 5301 1363 5370 inquiunt,
1395 5300 1462 5353 ad
1487 5311 1748 5371 utramque
1776 5313 1986 5371 partem,

419 5402 477 5447 ut
503 5393 563 5447 de
586 5392 699 5446 aliis
723 5391 791 5444 ad
815 5392 943 5444 altos
978 5390 1149 5443 nullus
1176 5389 1329 5457 possit
1356 5388 1628 5452 accedere;
1656 5407 1753 5459 quo
1782 5393 1990 5460 pertinet

419 5494 559 5542 tanta
585 5486 888 5538 extrinsecus
925 5481 1249 5552 correptionis
1275 5481 1557 5534 instantia?
1595 5480 1656 5536 Si
1683 5482 1744 5535 ab
1770 5484 1986 5551 homine,

419 5577 511 5630 etsi
536 5593 634 5629 non
663 5576 787 5644 ﬁdes
813 5577 1024 5644 integra,
1056 5573 1230 5627 saltem
1255 5573 1332 5627 vel
1353 5573 1497 5628 dolor
1516 5585 1826 5645 compunch
1848 5577 1993 5646 inﬁr—

420 5666 607 5724 mitatis
636 5668 869 5731 exoritur,
897 5675 982 5717 aut
1009 5664 1283 5736 periculum
1309 5663 1657 5720 demonstratae
1681 5665 1853 5724 mortis
1878 5666 1997 5721 hor-

1585 265 2057 326 EPISTOLARUM
2093 268 2368 332 CLASSIS
2402 274 2491 334 Ill.

3545 281 3682 340 1010

2106 398 2263 442 retur.
2300 389 2435 444 Nam
2461 391 2506 447 si
2530 407 2631 447 non
2658 402 2818 465 potest
2843 395 3015 451 timere
3039 396 3151 469 quis
3170 397 3303 453 unde
3332 407 3561 466 terretur,
3584 406 3683 457 nisi

2107 496 2165 533 ea
2193 482 2444 537 voluntate
2471 500 2583 549 qua:
2613 487 2866 551 sumitur;
2899 503 3001 542 non
3028 505 3092 543 ea:
3128 506 3186 543 eo
3226 491 3507 561 culpandus
3547 494 3681 549 quod

2106 588 2238 626 nunc
2279 590 2378 628 non
2420 576 2565 630 vult:
2586 577 2676 632 sed
2702 578 2754 633 in
2792 594 2849 633 eo
2877 586 2923 633 et
2963 596 3074 633 cum
3101 596 3159 634 eo
3186 582 3271 651 qui
3311 582 3381 637 sic
3408 583 3680 653 aliquando
3734 575 3739 579 ’

2106 668 2284 731 noluit,
2319 678 2369 722 ttt
2411 687 2521 724 eam
2562 672 2931 727 damnationem
2989 691 3101 728 cum
3139 678 3243 730 suis
3282 677 3489 745 posteris
3523 694 3681 731 ntere-

2105 769 2242 812 retur
2281 760 2551 829 incurrere,
2582 771 2636 816 ut
2660 780 2917 835 nunquam
2940 774 3094 829 recta,
3121 782 3313 836 semper
3337 776 3502 821 autem
3526 784 3679 837 prava

2104 848 2249 903 vellet
2273 860 2521 920 appetere.
2564 852 2625 907 Si
2651 862 2815 907 autent
2845 863 2916 908 est
2943 855 3314 925 qualiscumque
3340 857 3484 910 dolor
3504 858 3591 927 qui
3613 859 3680 911 ad

2104 940 2496 995 exhortationem
2525 943 2837 1014 corripientis
2874 946 3107 999 oriatur:
3135 946 3264 998 hanc
3302 947 3463 1016 ipsam
3507 947 3681 1001 dicunt

2104 1044 2327 1096 causam,
2357 1040 2558 1103 propter
2583 1050 2733 1102 quam
2756 1035 2831 1089 vel
2860 1035 3116 1106 rejiciatur
3140 1035 3291 1102 alius,
3322 1037 3399 1090 vel
3435 1036 3564 1090 alius
3592 1053 3677 1090 as-

2103 1130 2329 1174 sumatur
2343 1138 2362 1176 :
2380 1132 2529 1193 atque
2546 1125 2618 1177 ita
2638 1141 2735 1179 non
2764 1143 2889 1195 opus
2908 1143 3013 1181 esse
3037 1137 3201 1197 partes
3223 1128 3477 1192 constitui,
3503 1127 3679 1197 quibus

2103 1226 2192 1263 nec
2213 1211 2553 1282 adjiciendum
2580 1215 2642 1268 sit
2669 1216 2861 1285 aliquid
2884 1256 2899 1281 ,
2932 1232 3021 1268 nec
3049 1216 3430 1270 detrahendum.

2175 1303 2228 1356 6.
2272 1301 2462 1357 Deinde
2486 1305 2687 1359 moleste
2718 1310 2882 1377 ferunt
2911 1306 2981 1360 ita
3005 1306 3161 1360 dividi
3196 1308 3430 1377 gratiam,
3459 1323 3571 1377 qua:
3604 1308 3678 1359 vel

2105 1401 2221 1446 tunc
2249 1394 2408 1462 primo
2446 1395 2637 1448 homini
2673 1396 2792 1450 data
2836 1405 2940 1463 est,
2967 1395 3045 1455 vel
3086 1412 3216 1453 nunc
3256 1396 3480 1451 omnibus
3508 1398 3675 1461 datur,

2109 1501 2127 1535 t
2156 1483 2221 1537 Ut
2243 1483 2327 1537 ille
2354 1485 2596 1555 acceperit
2625 1487 3056 1556 perseverantiam,
3078 1503 3177 1541 non
3202 1499 3299 1557 qua
3329 1488 3464 1555 ﬁeret
3492 1496 3544 1540 ut
3561 1504 3677 1556 per-

2101 1583 2363 1640 severaret,
2380 1574 2469 1629 sed
2487 1575 2593 1631 sine
2614 1592 2712 1645 qua
2739 1594 2827 1647 per
2849 1577 3059 1631 liberum
3082 1578 3342 1631 arbitrium
3369 1592 3679 1647 perseverare

2101 1680 2203 1719 non
2249 1676 2409 1735 posset
2434 1682 2452 1720 :
2475 1684 2609 1721 nunc
2638 1684 2750 1722 vero
2779 1670 2962 1722 sanctis
3005 1670 3058 1723 in
3099 1686 3305 1740 regnum
3349 1685 3438 1739 per
3464 1670 3677 1738 gratiam

2102 1758 2462 1828 prwdestinatis
2505 1777 2603 1813 non
2649 1761 2746 1815 tale
2773 1762 3081 1831 adjutorium
3110 1762 3486 1831 perseverantia:
3513 1760 3675 1823 detur,

2100 1847 2188 1902 sed
2212 1848 2311 1903 tale
2337 1858 2390 1907 ut
2422 1849 2495 1904 eis
2540 1852 2902 1920 perseverantia
2937 1852 3051 1920 ipsa
3085 1851 3335 1916 donetur;
3375 1866 3475 1903 non
3514 1849 3677 1903 solum

2099 1947 2155 1992 ut
2190 1941 2298 1993 sine
2325 1940 2419 1994 isto
2458 1940 2592 1995 dono
2619 1952 2980 2013 perseverantes
3004 1959 3108 1998 esse
3132 1959 3231 2001 non
3257 1942 3480 2012 possint,
3508 1957 3677 1994 verum

2098 2029 2247 2082 etiam
2262 2040 2314 2083 ut
2331 2047 2418 2099 per
2433 2031 2525 2084 hoc
2541 2031 2728 2086 donum
2752 2034 2951 2088 nonnisi
2977 2042 3341 2102 perseverantes
3366 2032 3466 2087 sint
3490 2049 3507 2085 ι
3537 2029 3675 2101 (Lib.

2100 2119 2162 2172 de
2188 2117 2414 2191 Corrept.
2444 2132 2490 2176 et
2516 2120 2690 2176 Gratia
2708 2164 2723 2187 ,
2752 2139 2903 2193 capp.
2933 2124 2993 2177 H
3020 2163 3033 2187 ,
3058 2122 3181 2193 12).
3224 2120 3320 2175 His
3347 2120 3506 2175 verbis
3542 2119 3679 2175 San-

2099 2209 2281 2265 ctitatis
2306 2219 2407 2265 tua:
2433 2212 2503 2265 ita
2534 2222 2824 2278 moventur,
2852 2222 2904 2267 ut
2944 2214 3110 2266 dicant
3150 2211 3419 2278 quamdam
3446 2211 3679 2280 desperaa

2100 2301 2285 2356 tionem
2313 2302 2596 2357 hominibus
2631 2304 2871 2358 exhiberi.
2925 2303 2987 2358 Si
3015 2304 3144 2358 enim
3164 2344 3180 2368 ,
3209 2304 3382 2367 aiunt,
3410 2303 3482 2354 ita
3514 2300 3678 2355 Adam
3759 2307 3767 2313 “

2098 2392 2302 2461 adjutus
2328 2403 2419 2460 est,
2451 2402 2506 2447 ut
2550 2402 2595 2448 et
2622 2404 2756 2449 stare
2795 2404 2960 2466 posset
3002 2396 3055 2449 in
3079 2395 3283 2465 justitia
3323 2403 3369 2447 et
3408 2410 3440 2446 a
3478 2394 3679 2463 justitia

2099 2482 2369 2550 declinare,
2398 2492 2443 2537 et
2470 2500 2603 2538 nunc
2628 2484 2698 2537 ita
2723 2486 2884 2540 sancti
2900 2487 3143 2556 juvantur
3163 2526 3178 2550 ,
3210 2493 3262 2537 ut
3292 2483 3541 2538 declinare
3577 2500 3677 2543 non

2100 2574 2320 2641 possint,
2350 2574 2593 2644 siquidem
2629 2592 2740 2630 eam
2781 2585 3074 2646 acceperunt
3112 2575 3306 2629 valendi
3355 2590 3675 2643 persevcran-

2098 2667 2239 2728 tiam,
2280 2674 2334 2719 ut
2376 2666 2518 2719 aliud
2546 2666 2667 2720 velle
2692 2683 2790 2720 non
2820 2668 3051 2737 possint;
3088 2665 3163 2719 vel
3195 2665 3266 2718 sic
3302 2664 3504 2732 quidant
3532 2662 3676 2716 dese-

2096 2765 2295 2821 runtur,
2325 2764 2380 2809 ut
2407 2765 2494 2809 aut
2534 2773 2622 2810 nec
2648 2758 2904 2822 accedant,
2928 2767 3034 2820 aut,
3063 2758 3106 2809 si
3131 2755 3440 2831 accesserint,
3468 2763 3511 2807 et
3540 2770 3675 2808 rece-

2098 2847 2218 2899 dant
2238 2845 2339 2898 :ad
2362 2845 2502 2899 illam
2531 2848 2827 2899 voluntatem
2853 2847 3147 2914 pertinuisse
3170 2845 3340 2900 dicunt
3369 2844 3673 2897 exhortatio-

2096 2938 2174 2991 nis
2199 2937 2274 2992 vel
2301 2939 2700 2993 comminationis
2742 2940 3006 2993 utilitatem
3026 2981 3040 3004 ,
3068 2954 3181 3009 qua:
3213 2946 3259 2991 et
3302 2936 3595 3006 persistendi
3630 2942 3677 2989 et

2098 3028 2366 3083 desistendi
2404 3028 2649 3083 obtinebat
2695 3028 2899 3082 liberant
2946 3037 3271 3099 potestatem;
3306 3042 3404 3080 non
3443 3025 3510 3077 ad
3547 3025 3674 3079 hanc

2097 3122 2179 3174 cui
2204 3121 2339 3175 nolle
2351 3121 2606 3190 justitiam
2636 3120 2906 3173 inevitabili
2927 3119 3216 3173 necessitate
3234 3118 3551 3189 conjunctum
3580 3127 3674 3178 est,

2098 3222 2281 3282 prteter
2311 3212 2424 3266 illos
2462 3212 2548 3283 qui
2577 3212 2647 3265 sic
2676 3212 2921 3264 concreati
2946 3220 3059 3265 sunt
3090 3210 3166 3263 his
3195 3209 3279 3278 qui
3307 3224 3421 3261 cum
3447 3206 3675 3260 universa

2097 3317 2263 3354 massa
2289 3300 2515 3353 damnati
2539 3308 2673 3362 sunt,
2706 3308 2761 3352 ut
2788 3299 3127 3367 exciperentur
3166 3314 3253 3365 per
3298 3296 3513 3366 gratiam
3554 3294 3675 3347 libe-

2096 3392 2263 3445 randi.
2300 3390 2446 3446 Unde
2463 3393 2517 3446 in
2542 3392 2634 3444 hoc
2654 3391 2759 3444 solo
2786 3390 2955 3444 volunt
2978 3408 3008 3443 a
3038 3390 3200 3462 prima
3228 3389 3427 3443 homine
3450 3389 3672 3441 omnium

2098 3481 2285 3536 distare
2308 3491 2570 3550 naturam,
2602 3490 2656 3534 ut
2680 3480 2823 3535 illum
2851 3482 3055 3552 integris
3082 3480 3265 3534 viribus
3291 3478 3559 3533 voluntatis
3577 3479 3673 3549 ju-

2096 3586 2228 3627 varet
2249 3574 2413 3645 gratia
2434 3574 2697 3641 volentem,
2718 3574 2826 3628 sine
2852 3591 2951 3644 qua
2977 3590 3290 3644 perseverare
3314 3589 3413 3627 non
3439 3581 3631 3643 poterat
3654 3588 3673 3626 :

2098 3665 2189 3719 hos
2214 3674 2378 3720 autem
2402 3666 2601 3719 amissis
2637 3675 2682 3720 et
2712 3666 2916 3735 perditis
2955 3667 3136 3721 viribus
3178 3664 3429 3719 credentes
3457 3673 3671 3730 tantum,

2098 3774 2198 3811 non
2218 3758 2381 3813 solum
2401 3758 2558 3828 erigat
2582 3766 2876 3828 prostratos,
2905 3774 3069 3810 verum
3099 3757 3247 3811 etiam
3275 3754 3535 3822 su/fulciat
3560 3772 3673 3807 ant-

2099 3848 2341 3903 bulantes.
2382 3847 2627 3902 Cteterum
2652 3847 3012 3918 quidquidlibet
3042 3848 3282 3901 donatum
3313 3846 3378 3899 sit
3417 3845 3675 3916 praedesti-

2096 3939 2248 3997 natis.
2277 3938 2331 3991 id
2350 3954 2495 4007 posse
2518 3948 2565 3991 et
2585 3939 2743 3992 amitti
2761 3947 2808 3991 et
2837 3938 3037 3992 retineri
3057 3938 3261 4008 prapria
3286 3938 3535 3991 voluntate
3554 3953 3675 3990 con-

2097 4031 2305 4083 tendunt
2328 4045 2347 4082 :
2368 4030 2503 4100 quod
2528 4038 2646 4083 tunc
2669 4030 2854 4100 falsum
2878 4037 3022 4095 esset,
3044 4029 3088 4082 si
3111 4045 3277 4085 verum
3304 4036 3539 4098 putarent
3565 4044 3673 4082 eam

2096 4118 2340 4186 quosdam
2369 4118 2785 4188 perseverantiam
2814 4118 3089 4189 percepisse
3106 4158 3121 4183 ,
3150 4125 3204 4170 ut
3230 4117 3326 4171 nisi
3351 4134 3672 4187 perseveran-

2095 4217 2168 4261 tes
2193 4225 2296 4265 esse
2320 4225 2420 4262 non
2449 4209 2661 4279 possint.

2168 4301 2220 4355 7.
2265 4298 2391 4354 Inde
2422 4299 2652 4369 estquod
2693 4307 2739 4353 et
2780 4298 2911 4353 illud
2949 4300 3135 4368 pariter
3167 4314 3267 4359 non
3307 4298 3590 4369 accipiunt,
3618 4306 3673 4361 ut

2095 4394 2435 4464 eligendorum
2471 4393 2955 4464 rejiciendorumque
2994 4409 3098 4447 esse
3123 4392 3383 4460 deﬁnitum
3410 4406 3671 4444 numerum

2094 4485 2254 4538 nolint
2278 4500 2296 4543 .'
2315 4493 2460 4553 atque
2481 4483 2620 4540 illius
2639 4483 2893 4540 sententia:
2915 4483 3289 4555 expositionem,
3312 4498 3413 4535 non
3434 4497 3543 4534 eam
3561 4496 3674 4551 qute

2093 4592 2126 4628 α
2155 4587 2202 4629 te
2226 4586 2295 4630 est
2325 4576 2639 4646 deprompta,
2661 4575 2952 4645 suscipiant,
2978 4574 3033 4633 id
3060 4582 3164 4638 est,
3195 4582 3248 4626 ut
3281 4572 3478 4627 nonnisi
3505 4589 3669 4634 omnes

2095 4669 2319 4722 homines
2338 4668 2498 4721 salvos
2522 4667 2633 4734 ﬁeri
2657 4668 2812 4732 velit;
2841 4677 2887 4720 et
2912 4683 3011 4719 non
3035 4682 3117 4720 eos
3142 4675 3331 4719 tantum
3357 4666 3442 4734 qui
3468 4664 3536 4716 ad
3554 4681 3672 4718 san-

2094 4768 2287 4813 ctorum
2333 4772 2596 4812 numerum
2641 4756 2987 4826 pertinebunt,
3015 4757 3104 4809 sed
3149 4770 3317 4809 omnes
3355 4754 3589 4817 omnino,
3619 4764 3671 4805 ut

2095 4851 2263 4907 nullus
2289 4850 2530 4903 habeatur
2554 4858 2807 4918 exceptus.
2836 4846 2947 4901 Nec
2975 4848 3068 4900 hoc
3093 4847 3383 4912 timendum,
3407 4846 3542 4914 quod
3559 4848 3659 4914 qni-

2095 4942 2213 4994 dam
2240 4956 2297 4995 eo
2324 4940 2478 4994 invito
2506 4940 2667 5010 perire
2691 4939 2924 4995 dicantur
2947 4955 2963 4994 :
2983 4939 3071 4993 sed
3095 4942 3362 5007 quomodo,
3388 4938 3549 5001 aiunt,
3572 4954 3670 4990 non

2095 5032 2199 5088 vult
2234 5048 2266 5087 a
2304 5047 2552 5101 quoquam
2599 5030 2794 5100 peccari
2827 5028 2903 5083 vel
2930 5029 3087 5085 deseri
3115 5029 3402 5098 justitiam,
3432 5036 3479 5081 et
3508 5038 3667 5091 tamen

2086 5124 2279 5194 jugiter
2306 5123 2397 5177 illa
2423 5123 2665 5177 deseritur
2683 5132 2855 5177 contra
2874 5122 2982 5192 ejus
3007 5121 3328 5186 voluntatem,
3351 5120 3667 5174 committun—

2096 5221 2275 5283 turque
2317 5222 2552 5283 peccata;
2581 5213 2652 5265 ita
2696 5228 2808 5265 eum
2844 5210 3027 5266 salvari
3060 5211 3184 5268 velle
3219 5226 3390 5264 omnes
3426 5210 3667 5265 homines.

2095 5320 2184 5357 nec
2231 5312 2396 5357 tamen
2441 5320 2609 5358 omnes
2653 5303 2877 5356 homines
2927 5302 3131 5356 salvari.
3176 5299 3481 5353 Testimonia
3521 5301 3670 5353 etiam

2097 5395 2377 5467 Scriptura:
2401 5412 2515 5467 qute
2538 5396 2602 5450 de
2630 5396 2786 5450 Sinite
2805 5395 2880 5448 vel
2902 5394 2963 5447 de
2986 5392 3148 5446 David
3168 5394 3375 5462 posuisti
3399 5390 3505 5465 (Id.
3521 5409 3669 5461 capp.

2098 5488 2186 5555 13,
2214 5487 2323 5559 M),
2342 5503 2442 5541 non
2467 5488 2714 5559 pertinere
2739 5494 2913 5555 putant
2938 5484 3006 5537 ad
3019 5486 3339 5554 qutestionem
3363 5500 3475 5553 qua?
3502 5483 3565 5538 de
3586 5502 3671 5539 cx-

2097 5576 2375 5635 hortatione
2400 5586 2623 5632 versatur
2645 5592 2664 5630 :
2692 5575 2795 5629 alia
2819 5584 2984 5629 autem
3008 5575 3075 5627 ad
3099 5573 3152 5629 id
3173 5578 3417 5644 referunt,
3442 5584 3493 5627 ut
3515 5591 3577 5628 ex
3598 5584 3672 5633 his

2098 5682 2207 5740 eam
2242 5667 2459 5738 gratiam
2492 5664 2740 5721 accipiant
2790 5660 3161 5731 commendari,
3207 5679 3305 5733 qua
3341 5662 3670 5735 unusquisque
