4070 6332
425 300 519 358 101
530 302 556 355 ι

423 423 535 483 post
557 414 861 469 voluntatem
884 412 1123 483 juvatur;
1161 412 1240 466 vel
1261 411 1330 465 ad
1351 412 1514 482 ipsam
1538 414 1862 482 vocationem,
1891 431 2020 484 qua

422 514 688 576 prastatur
710 505 950 575 indignis.
993 502 1106 557 Hoc
1125 504 1255 557 enim
1278 512 1325 557 et
1347 503 1450 558 illis
1472 504 1606 559 locis
1635 513 1832 559 tuorum
1874 522 2002 576 apu-

418 598 675 648 scntorum
699 603 744 648 et
781 595 1028 660 aliorum,
1054 609 1167 663 qua
1199 595 1425 665 persequi
1459 594 1669 665 longum
1697 605 1796 664 est,
1829 613 1881 652 se
1908 598 2003 653 de-

418 697 700 742 monstrare
727 697 987 742 testantur.

493 780 546 836 8.
600 778 940 834 Parvulorum
985 786 1150 833 autem
1195 795 1400 832 causam
1442 779 1512 832 ad
1557 780 1841 849 exemplum
1887 797 2001 834 ma-

414 873 590 942 jorum
645 887 744 924 non
793 871 1052 942 patiuntur
1099 868 1271 935 afferri
1322 885 1530 941 :quam
1581 879 1627 923 et
1677 879 1816 923 tuam
1866 871 2004 925 San-

419 965 636 1018 ctitatem
664 962 834 1014 dicunt
866 971 1067 1015 eatenus
1094 960 1335 1032 attigisse,
1350 971 1404 1014 ut
1426 962 1668 1014 incertum
1696 976 1802 1014 esse
1831 961 2002 1015 volue-

417 1057 512 1123 ris,
539 1072 598 1108 ac
625 1055 789 1126 potius
815 1054 877 1107 de
904 1069 1077 1107 eorum
1115 1054 1272 1124 panis
1306 1053 1542 1107 malueris
1582 1052 1818 1107 dubitari.
1855 1052 2004 1118 Quod

415 1147 469 1199 in
498 1146 623 1200 libro
662 1147 805 1200 tertio
834 1146 897 1200 de
925 1145 1103 1199 Libero
1131 1146 1350 1200 Arbitrio
1378 1146 1450 1199 ita
1485 1146 1699 1214 positum
1737 1145 2004 1198 meministi

417 1237 530 1310 (lib.
557 1238 625 1305 5,
653 1254 699 1291 c.
734 1236 866 1308 2'5),
898 1245 952 1290 ut
995 1236 1125 1290 hanc
1176 1237 1247 1290 eis
1293 1237 1600 1291 occasionem
1654 1236 1868 1305 potuerit
1911 1251 2000 1289 ea:-

415 1327 602 1384 hibere.
632 1326 745 1382 Hoc
767 1328 917 1383 etiam
944 1327 1010 1381 de
1027 1327 1244 1380 aliorum
1267 1326 1405 1380 libris
1425 1342 1636 1393 quorum
1659 1336 1729 1380 est
1742 1327 1804 1380 in
1828 1325 2003 1380 Eccle-

415 1421 494 1476 sia
531 1420 804 1475 auctoritas
824 1460 841 1487 ,
871 1420 1063 1491 faciunt
1089 1419 1222 1490 quod
1248 1419 1483 1490 perspicit
1511 1417 1768 1473 Sanctitas
1793 1427 1877 1471 tua
1901 1434 2002 1472 non

415 1529 598 1584 parum
641 1529 787 1585 posse
815 1513 1002 1584 juvare
1043 1511 1465 1577 contradictores,
1507 1512 1605 1566 nisi
1643 1512 1875 1582 majora,
1915 1519 2003 1564 aut

415 1612 546 1659 certe
571 1605 648 1659 vel
676 1604 823 1676 paria
853 1608 1175 1675 proferantur
1198 1620 1230 1657 a
1265 1603 1407 1658 nobis
1444 1619 1463 1657 :
1495 1620 1595 1657 non
1631 1604 1763 1657 enim
1801 1604 2004 1674 ignorat

415 1695 808 1764 prudentissima
833 1696 991 1765 pietas
1017 1705 1102 1748 tua
1137 1704 1322 1765 quanto
1351 1695 1519 1765 plures
1545 1695 1644 1750 sint
1668 1694 1721 1748 in
1749 1693 1997 1760 Ecclesia,

414 1787 504 1858 qui
543 1787 838 1840 auctoritate
880 1785 1138 1839 nominum
1173 1787 1227 1839 in
1264 1785 1508 1840 sententia
1536 1793 1830 1852 teneantur,
1859 1794 1944 1838 aut
1967 1801 2001 1838 a

413 1876 660 1930 sententia
688 1880 1072 1947 transferantur.
1106 1875 1186 1929 Ad
1209 1891 1484 1940 summam,
1515 1875 1739 1946 fatigatis
1771 1875 2001 1930 omnibus

415 1966 576 2034 nobis,
599 1966 668 2021 ad
690 1967 745 2022 id
767 1967 1053 2036 prosecutio
1073 1982 1266 2031 eorum,
1289 1965 1368 2020 vel
1391 1967 1556 2036 potius
1577 1965 1775 2037 querela
1797 1980 2001 2019 conver-

414 2061 570 2123 titur,
600 2056 1017 2111 consentientibus
1043 2057 1191 2110 etiam
1233 2056 1312 2110 his
1353 2057 1440 2126 qui
1486 2056 1616 2109 hanc
1659 2055 1999 2123 definitionem

413 2149 701 2221 improbare
724 2165 821 2202 non
848 2148 1058 2215 audent,
1084 2156 1137 2202 ut
1157 2147 1327 2202 dicant
1350 2162 1370 2202 :
1393 2147 1527 2212 Quid
1547 2163 1674 2219 opus
1694 2147 1790 2215 fuit
1814 2147 1998 2217 hujus-

343 2298 357 2309 .
414 2238 611 2292 cemodi
661 2237 1014 2309 disputationis
1055 2237 1242 2292 incerto
1288 2246 1358 2291 tot
1409 2237 1574 2290 minus
1619 2237 1999 2308 intelligentiam

413 2327 571 2382 corda
595 2327 784 2393 turbari
799 2329 824 2382 .’
854 2327 1030 2398 Neque
1052 2328 1186 2381 enim
1212 2329 1377 2382 minus
1402 2328 1587 2381 utiliter
1613 2327 1720 2382 sine
1747 2329 1844 2381 hac
1871 2328 2000 2396 defi-

415 2418 632 2486 nitione,
664 2419 843 2486 aiunt,
871 2427 942 2472 tot
967 2419 1116 2473 annis
1139 2435 1170 2472 a
1197 2418 1646 2472 toctractatoribus
1666 2459 1681 2484 ,
1713 2427 1783 2471 tot
1812 2433 1999 2487 prace-

414 2509 643 2565 dentibus
670 2510 811 2565 libris
837 2518 882 2564 et
908 2510 1006 2564 tuis
1031 2518 1078 2564 et
1097 2509 1342 2574 aliorum,
1373 2525 1486 2562 cum
1511 2517 1685 2562 contra
1713 2509 1859 2577 alios,
1893 2519 1998 2563 tum

415 2601 633 2654 maxime
684 2611 859 2655 contra
910 2598 1216 2670 Pelagianos
1234 2640 1251 2667 ,
1297 2599 1595 2653 catholicam
1643 2598 1797 2668 fidem
1845 2601 2001 2670 fuisse

413 2693 691 2765 defensam.

485 2785 538 2840 9.
584 2783 708 2839 Hac
725 2824 745 2852 ,
772 2783 840 2836 mi
867 2791 1044 2853 pater,
1071 2789 1115 2836 et
1137 2781 1242 2836 alia
1269 2779 1698 2835 interminabiliter
1729 2781 1878 2850 plura
1895 2821 1910 2844 ,
1942 2789 1999 2835 ut

413 2892 610 2930 summa
640 2892 750 2929 mea
783 2885 898 2928 vota
925 2874 1199 2942 conﬁtear,
1231 2889 1320 2943 per
1352 2888 1430 2925 me
1455 2872 1649 2942 deferre
1673 2871 1997 2937 maluissem;

413 2969 525 3033 vel,
569 2969 688 3037 quia
731 2969 823 3021 hoc
865 2983 965 3020 non
995 2965 1193 3032 merui,
1241 2966 1419 3019 saltem
1466 2963 1735 3034 prolixiore
1778 2971 1999 3032 tempore

413 3061 582 3114 omnia
609 3061 786 3130 quibus
815 3068 1110 3123 moventur,
1141 3057 1348 3111 collecta
1375 3056 1591 3125 dirigere
1627 3069 1644 3107 :
1672 3061 1728 3107 ut
1757 3052 1998 3123 quidquid

412 3153 478 3206 de
503 3153 597 3204 hac
624 3168 677 3205 re
703 3150 1062 3203 contradicitur
1081 3190 1094 3215 ,
1127 3157 1372 3218 quatenus
1403 3145 1598 3215 refelli,
1629 3144 1707 3198 vel
1733 3145 1775 3199 si
1814 3145 1867 3198 ia
1893 3160 1995 3200 non

412 3253 608 3314 potest,
636 3244 837 3298 tolerari
863 3243 1090 3308 deberet,
1123 3242 1368 3295 audirem.
1400 3240 1504 3295 Sed
1529 3241 1645 3308 quia
1679 3247 1906 3294 neutrum
1933 3255 1998 3294 ea:

411 3344 523 3388 voto
565 3335 820 3405 provenit,
859 3333 1016 3387 malui
1055 3331 1304 3403 quomodo
1339 3331 1478 3401 potui
1509 3330 1614 3384 hac
1640 3332 1997 3399 comprehensa

412 3427 660 3497 dirigere,
701 3443 851 3491 quam
889 3426 1084 3496 penitus
1114 3425 1176 3478 de
1203 3433 1341 3477 tanta
1367 3424 1700 3494 quorumdam
1736 3422 1994 3475 contradi-

409 3518 575 3571 ctione
613 3519 838 3570 reticere.
889 3516 1019 3572 Sunt
1063 3531 1126 3570 ea:
1168 3524 1310 3584 parte
1353 3514 1476 3567 tales
1514 3528 1769 3583 persona,
1800 3520 1856 3564 ut
1891 3512 1991 3578 his,

411 3611 768 3664 consuetudine
797 3611 1128 3663 ecclesiastica
1148 3650 1162 3674 ,
1204 3609 1357 3661 laicos
1397 3624 1643 3661 summam
1671 3608 1995 3662 reverentiam

412 3717 611 3755 necesse
637 3702 700 3754 sit
729 3701 975 3754 exhibere.
1029 3700 1174 3766 Quod
1217 3699 1419 3764 quidem
1461 3699 1530 3751 ita
1571 3699 1851 3753 curavimus
1891 3697 1994 3754 Deo

405 3793 614 3864 juvante
638 3807 864 3854 servare,
897 3800 974 3856 ut,
1006 3806 1118 3842 cum
1149 3805 1275 3860 opus
1304 3789 1420 3858 fuit,
1451 3805 1552 3842 non
1581 3799 1854 3843 taceremus
1882 3805 1995 3860 qua

409 3882 480 3935 ad
505 3881 792 3953 quastionis
818 3881 967 3952 hujus
992 3881 1315 3935 assertionem
1337 3879 1582 3950 exiguitas
1607 3889 1890 3934 nostrarum
1916 3881 1993 3934 vi-

409 3975 544 4027 rium
573 3973 884 4044 suggerebat.
919 3971 1025 4026 Sed
1058 3987 1189 4024 nunc
1216 3971 1502 4025 summatim
1524 4012 1537 4036 ,
1579 3979 1822 4042 quantum
1853 3971 1995 4040 festi—

411 4066 548 4118 natio
570 4064 834 4135 perlatoris
855 4063 1075 4127 admisit,
1099 4063 1204 4116 hac
1225 4061 1355 4115 velut
1375 4062 1732 4116 commonendo
1748 4063 1989 4132 suggessi.

410 4153 537 4209 Tua
559 4165 744 4208 sancta
773 4153 1050 4224 prudentia
1076 4162 1144 4206 est
1173 4152 1416 4223 dispicere
1442 4151 1564 4223 quid
1590 4156 1722 4221 facto
1752 4168 1877 4222 opus
1904 4153 1988 4220 sit,

408 4256 467 4299 ut
498 4246 673 4298 talium
701 4255 746 4298 et
777 4256 1030 4298 tantorum
1057 4253 1319 4314 superetur
1342 4243 1419 4296 vel
1445 4252 1739 4310 temperetur
1763 4243 1988 4296 intentio.

413 4337 507 4391 Cui
545 4354 634 4409 ego
667 4339 778 4408 jam
809 4353 988 4408 parum
1013 4337 1247 4407 prodesse
1271 4337 1497 4391 existimo
1526 4345 1571 4390 te
1602 4335 1809 4390 reddere
1833 4337 1990 4390 ratio-

410 4443 553 4489 nem,
587 4427 681 4478 nisi
709 4433 754 4478 ct
778 4425 996 4478 addatur
1021 4425 1289 4478 auctoritas
1325 4441 1475 4494 quam
1511 4426 1792 4496 transgredi
1817 4427 1992 4498 infati‘

412 4515 642 4585 gabiliter
670 4517 973 4568 contentiosa
1001 4517 1155 4568 corda
1183 4531 1283 4567 non
1309 4515 1519 4584 possint.
1555 4514 1660 4568 Sed
1694 4515 1842 4584 plane
1864 4515 1991 4569 illud

414 4615 577 4658 tacere
601 4621 701 4657 non
729 4603 900 4668 debeo,
928 4605 1063 4672 quod
1086 4622 1140 4659 se
1165 4605 1336 4657 dicant
1359 4613 1496 4657 tuam
1525 4603 1870 4672 Sanctitatem,
1898 4607 1991 4660 hoc

415 4707 621 4766 excepto
641 4738 654 4761 ,
683 4697 734 4749 in
759 4697 905 4768 factis
931 4707 976 4751 et
1004 4696 1150 4751 dictis
1173 4697 1399 4750 omnibus
1423 4696 1686 4750 admirari.
1716 4695 1878 4750 Tuum
1899 4699 1992 4751 erit

416 4787 678 4841 decernere
714 4786 961 4856 quomodo
996 4787 1060 4841 sit
1086 4788 1139 4840 in
1165 4787 1259 4840 hoc
1293 4803 1462 4840 eorum
1497 4787 1826 4840 contradictio
1863 4787 1990 4840 tole-

415 4879 596 4932 randa.
626 4875 736 4931 Nec
757 4877 949 4931 mireris
973 4877 1106 4948 quod
1125 4878 1272 4930 aliter
1298 4878 1371 4931 vel
1395 4876 1564 4946 aliqua
1587 4877 1638 4930 in
1664 4877 1758 4930 hac
1783 4878 1993 4947 epistola

415 4970 625 5035 addidi,
656 4979 898 5042 quantum
923 4979 1042 5040 puto
1061 5010 1075 5035 ,
1106 4983 1220 5038 qua
1247 4968 1297 5020 in
1323 4969 1576 5038 superiore
1604 4984 1703 5021 non
1729 4968 1991 5034 dixeram;

413 5062 532 5118 tatis
559 5072 633 5118 est
659 5063 788 5116 enim
814 5077 944 5114 nunc
967 5076 1137 5113 eorum
1165 5059 1408 5126 deﬁnitio,
1442 5069 1621 5130 prater
1650 5059 1740 5112 illa
1771 5075 1882 5129 qua
1903 5075 1993 5131 per

413 5155 784 5224 festinationem
809 5161 894 5204 aut
919 5151 1211 5204 oblivionem
1238 5151 1450 5220 fortasse
1479 5146 1714 5219 praterii.

489 5247 575 5302 10.
605 5245 797 5308 Libros,
832 5260 945 5296 cum
971 5242 1092 5296 editi
1120 5242 1326 5312 fuerint,
1356 5257 1478 5309 quos
1501 5239 1562 5292 de
1586 5242 1817 5294 universo
1843 5257 1993 5310 opere

415 5349 501 5389 tuo
533 5335 724 5388 moliris
755 5331 865 5406 (a),
907 5347 1072 5401 quaso
1113 5332 1292 5384 habere
1328 5347 1605 5384 mereamur
1621 5345 1647 5411 ;‘
1681 5332 1899 5385 maxime
1938 5341 1992 5385 ut

418 5445 506 5498 per
532 5443 704 5481 eorum
733 5426 1097 5486 auctoritatem,
1127 5424 1167 5476 si
1197 5439 1294 5492 qua
1320 5423 1408 5475 tibi
1436 5423 1488 5474 in
1512 5422 1608 5475 tuis
1643 5421 1928 5491 displicent,
1959 5439 1990 5476 a

419 5521 660 5590 dignitate
691 5521 764 5571 tui
791 5518 1004 5571 nominis
1023 5532 1133 5585 1am
1159 5531 1259 5568 non
1288 5515 1469 5585 trepidi
1495 5523 1872 5583 sequestremus.
1902 5511 1992 5568 Li-

419 5611 561 5664 brum
591 5611 740 5663 etiam
768 5610 829 5662 de
860 5609 1036 5663 Gratia
1061 5616 1107 5661 et
1138 5605 1316 5660 Libero
1340 5605 1558 5660 Arbitrio
1587 5622 1686 5661 non
1714 5605 1989 5674 habemus;

480 5722 552 5788 (a)
575 5723 976 5774 netractationum
991 5721 1141 5773 libros
1157 5716 1404 5785 intelligit.

1647 303 1703 360 S.
1745 303 2106 362 ACCUSTINI
2147 307 2445 368 EPISCOPI

3551 334 3696 390 1012

2110 429 2333 487 superest
2353 432 2405 474 ut
2426 438 2560 486 eum,
2591 423 2708 494 quia
2735 425 2908 483 utilem
2934 433 3198 500 quastioni
3221 439 3544 509 confidimus,
3573 462 3689 500 me-

2109 525 2311 563 rcamur
2337 513 2579 582 accipere.
2611 513 2749 570 Nolo
2777 526 2942 573 autem
2981 520 3240 582 Sanctitas
3273 537 3360 583 tua
3386 531 3460 585 sic
3487 549 3567 586 me
3593 552 3688 588 ar-

2109 598 2320 654 bitretur
2351 603 2456 657 hac
2481 605 2694 661 scribere
2715 650 2730 672 ,
2771 611 2920 680 quasi
2957 613 3020 667 de
3045 614 3108 669 iis
3134 631 3249 685 qua
3271 636 3403 676 nunc
3443 623 3648 680 edidisti
3671 647 3700 692 ,λ

2109 707 2199 786 ego
2233 693 2468 748 dubitem.
2503 695 2731 767 Sufficiat
2755 702 2880 756 mihi
2903 721 3050 774 pana
3074 724 3214 774 mea,
3241 714 3376 782 quod
3402 731 3434 767 a
3461 733 3688 786 prasen-

2109 781 2192 836 tia
2231 794 2329 839 tua
2352 786 2544 843 deliciis
2571 791 2829 846 exsulatus
2848 835 2862 859 ,
2896 796 2979 849 ubi
3019 781 3300 856 salubribus
3328 806 3429 858 tuis
3457 781 3692 863 uberibus

2109 873 2385 942 nutriebar,
2413 893 2512 931 non
2537 879 2704 933 solum
2730 882 2953 937 absentia
2979 893 3064 940 tua
3090 891 3305 958 crucior,
3337 909 3506 948 verum
3535 899 3685 953 etiam

2109 964 2385 1032 pervicacia
2425 971 2784 1037 quorumdam,
2828 977 2913 1044 qui
2949 992 3050 1031 non
3085 988 3278 1035 tantum
3319 987 3585 1054 manifesta
3615 1007 3670 1043 re

2105 1064 2318 1122 spuunt,
2351 1057 2440 1111 sed
2464 1059 2613 1112 etiam
2637 1077 2736 1115 non
2757 1063 3008 1119 intellecta
3029 1071 3420 1140 reprehendunt.
3444 1076 3691 1132 Caterum

2107 1143 2202 1197 hac
2225 1147 2508 1216 suspicione
2535 1150 2587 1203 in
2616 1161 2809 1206 tantum
2835 1171 2982 1210 careo
3001 1198 3018 1224 ,
3045 1167 3104 1212 ut
3137 1163 3302 1231 potius
3339 1165 3688 1234 infirmitatem

2105 1250 2297 1328 meam,
2336 1253 2435 1304 qua
2463 1241 2588 1294 tales
2629 1260 2808 1313 parum
2838 1247 3082 1315 patienter
3112 1253 3219 1321 fero
3242 1296 3256 1319 ,
3290 1257 3562 1311 notabilem
3589 1276 3690 1328 pu-

2107 1332 2225 1378 tem.
2261 1325 2488 1392 Qualiter
2522 1339 2688 1385 autem
2725 1336 2793 1387 ad
2831 1337 2943 1390 hac
2969 1342 3330 1398 consulendum
3355 1325 3598 1416 judices,‘
3639 1365 3693 1402 ut

2107 1416 2233 1483 dixi,
2264 1427 2363 1474 tua
2385 1423 2646 1493 sapientia
2683 1427 2994 1500 derelinquo.
3029 1431 3167 1486 Nam
3203 1436 3271 1489 ad
3300 1454 3378 1491 me
3412 1440 3506 1492 hoc
3532 1443 3692 1509 perti-

2106 1523 2223 1561 nere
2253 1511 2463 1576 credidi,
2505 1531 2595 1584 pro
2623 1531 2681 1569 ea
2705 1533 2856 1586 quam
2883 1518 3084 1576 Christo
3109 1524 3187 1578 vel
3216 1527 3304 1579 tibi
3331 1527 3484 1582 debeo
3514 1533 3690 1583 chari-

2107 1608 2227 1667 tate,
2255 1611 2310 1654 ut
2336 1618 2450 1672 qua
2476 1605 2528 1657 in
2548 1609 2870 1674 quastionem
2896 1613 3122 1681 veniunt,
3146 1631 3245 1668 non
3269 1626 3505 1671 tacerem.
3527 1620 3692 1684 Quid:

2082 1692 2226 1784 quid
2275 1709 2370 1763 pro
2421 1712 2479 1749 ea
2523 1699 2688 1767 gratia
2737 1717 2889 1770 quam
2930 1703 2983 1756 in
3026 1713 3074 1758 te
3118 1708 3290 1776 pusilli
3331 1725 3446 1763 cum
3489 1716 3692 1782 magnis

2105 1783 2349 1837 miramur
2371 1825 2385 1848 ,
2413 1786 2628 1841 volueris
2653 1801 2739 1843 aut
2765 1792 2981 1847 valueris
2999 1834 3014 1860 ,
3045 1798 3328 1865 gratissime
3352 1802 3654 1870 accipiemus
3669 1844 3688 1868 ,

2105 1879 2342 1943 tanquam
2370 1891 2402 1928 a
2436 1877 2579 1931 nobis
2614 1878 2912 1936 charissima
2937 1894 2986 1937 et
3018 1889 3434 1942 reverendissima
3460 1893 3691 1944 auctori-

2106 1969 2206 2016 tate
2227 1963 2498 2018 dccretum.
2537 1967 2678 2023 Sane
2712 1971 2831 2040 quia
2854 2012 2872 2037 ,
2907 1985 3111 2044 urgente
3136 1978 3414 2044 perlatore,
3453 1981 3598 2032 timui
3627 1997 3692 2034 ne

2104 2055 2180 2108 vel
2199 2071 2300 2108 non
2325 2058 2511 2124 omnia,
2544 2059 2620 2113 vel
2641 2060 2747 2113 hac
2772 2063 2882 2132 ipsa
2908 2066 3071 2119 minus
3097 2067 3265 2136 digne,
3295 2071 3522 2123 conscius
3549 2088 3692 2124 mea-

2103 2161 2216 2198 rum
2245 2147 2454 2216 virium,
2485 2165 2680 2220 possem
2699 2152 2947 2224 dirigere;
2975 2157 3054 2226 egi
3081 2173 3200 2210 cum
3219 2160 3346 2222 viro,
3393 2169 3498 2212 tum
3526 2162 3689 2214 mori-

2106 2235 2319 2290 bustum
2343 2237 2541 2302 eloquio
2567 2250 2616 2293 et
2639 2241 2804 2295 studio
2825 2244 2984 2311 claro,
3010 2254 3066 2298 ut
3085 2257 3272 2316 quanta
3294 2259 3457 2317 posset
3478 2251 3690 2304 collecta

2103 2326 2208 2380 suis
2239 2325 2414 2382 litteris
2435 2328 2686 2385 intimaret
2715 2331 2791 2402 (a)
2824 2350 2836 2386 :
2862 2350 2988 2403 quas
3012 2338 3306 2406 conjunctas
3331 2340 3408 2393 his
3433 2340 3689 2394 destinare

2104 2418 2295 2470 curavi.
2328 2417 2423 2472 Est
2448 2421 2577 2474 enim
2603 2421 2720 2476 talis
2739 2425 2823 2493 qui
2839 2466 2853 2490 ,
2879 2426 3028 2478 etiam
3051 2438 3233 2496 prater
3256 2428 3388 2482 lianc
3414 2432 3693 2484 necessita-

2105 2516 2200 2560 tem
2220 2549 2236 2575 ,
2268 2509 2451 2580 dignus
2477 2519 2576 2565 tua
2617 2513 2912 2569 Sanctitatis
2941 2518 3121 2571 notitia
3144 2519 3426 2588 judicetur.
3463 2519 3689 2576 Sanctus

2103 2595 2344 2652 Leontius
2384 2599 2629 2656 diaconus
2669 2604 2836 2658 cultor
2873 2616 2990 2660 tuus
3013 2647 3028 2671 ,
3071 2624 3184 2662 cum
3229 2611 3352 2664 meis
3397 2613 3688 2678 parentibus

2106 2687 2319 2742 multum
2354 2699 2400 2743 te
2438 2692 2646 2745 salutat.
2687 2692 2964 2750 Memorem
3008 2699 3105 2751 mei
3142 2697 3506 2754 Paternitatem
3545 2713 3686 2756 tuam

2105 2775 2355 2832 Dominus
2381 2777 2608 2836 Christus
2641 2781 2882 2838 Ecclesia
2915 2802 3024 2841 sua
3058 2794 3206 2842 annis
3231 2791 3456 2859 pluribus
3494 2795 3688 2847 donare

2107 2867 2369 2938 dignetur,
2394 2870 2596 2927 domine
2623 2885 2781 2942 pater.
2809 2877 2876 2931 Et
2903 2878 3038 2932 infra
3065 2897 3078 2932 :
3112 2881 3253 2935 Sciat
3283 2882 3539 2938 Sanctitas
3564 2896 3682 2951 tua,

2105 2961 2313 3030 fratrem
2367 2980 2562 3029 meum,
2605 2968 2750 3036 cujus
2795 2971 3012 3024 maxime
3077 2988 3232 3026 causa
3283 2975 3400 3028 hinc
3449 2976 3686 3029 discessi-

2103 3066 2246 3117 mus,
2293 3069 2406 3107 oum
2440 3065 2670 3111 matrona
2715 3075 2809 3113 sua
2850 3077 2914 3114 ea:
2953 3078 3196 3118 consensu
3241 3070 3510 3136 perfectam
3562 3066 3677 3123 Deo

2103 3142 2460 3197 continentiam
2516 3145 2785 3202 devovisse.
2855 3149 3003 3204 Unde
3057 3169 3295 3224 rogamus
3347 3154 3683 3210 Sanctitatens

2103 3240 2263 3298 tuam,
2296 3244 2348 3286 ut
2374 3250 2520 3289 orare
2542 3237 2762 3308 digneris
2790 3256 2888 3310 quo
2927 3242 3020 3296 hoc
3043 3243 3212 3314 ipsum
3251 3244 3304 3298 in
3333 3245 3404 3299 eis
3427 3243 3683 3305 Dominul

2103 3325 2404 3393 conﬁrmare
2421 3336 2468 3380 et
2489 3329 2741 3383 custodire
2763 3331 3014 3400 dignetur.

2480 3455 2809 3513 EPISTOLA
2848 3458 3124 3517 CCXXVII
3155 3469 3170 3487 '
3199 3464 3294 3529 (ὁ).

2102 3561 2412 3632 Augustinus
2435 3565 2617 3636 Alypio
2643 3569 2770 3635 seni,
2799 3569 2861 3624 de
2888 3569 3171 3627 Gabiniano
3192 3590 3360 3629 recens
3387 3574 3679 3646 baptizata,

2136 3661 2182 3706 et
2202 3651 2264 3706 de
2289 3652 2531 3708 Dioscoro
2551 3657 2808 3711 miraculis
2827 3675 3061 3714 converso
3089 3661 3158 3715 ad
3179 3662 3639 3721 Christianismum.

2505 3765 2869 3835 Accusamus,
2896 3771 3096 3826 Anno
3125 3772 3260 3827 seni.

2171 3872 2359 3929 Frater
2387 3874 2583 3930 Paulus
2610 3877 2695 3932 hic
2721 3889 2803 3933 est
2832 3879 3134 3950 incolumis,
3161 3892 3405 3953 apportet
3431 3887 3680 3956 negotio-

2099 3980 2218 4021 rum
2256 3981 2473 4022 suorum
2516 3970 2774 4024 secundas
2809 3986 2997 4040 curas;
3039 3977 3309 4045 praestabit
3340 3979 3592 4034 Dominus
3618 3990 3682 4034 ut

2099 4063 2259 4113 etiam
2291 4059 2418 4128 ipsae
2446 4059 2643 4114 ultimae
2671 4062 2795 4116 sint.
2827 4062 3046 4117 Multum
3077 4080 3172 4120 vos
3197 4067 3424 4131 salutat,
3457 4077 3513 4122 et
3553 4084 3681 4123 nar-

2100 4157 2182 4202 rat
2201 4149 2388 4219 gaudia
2415 4150 2483 4204 de
2513 4150 2805 4206 Gabiniano
2827 4154 2873 4218 ⁸,
2903 4154 3043 4224 quod
3071 4157 3137 4210 ab
3159 4156 3248 4210 illa
3275 4173 3367 4212 sua
3394 4173 3555 4212 causa
3579 4160 3681 4212 mi-

2099 4242 2386 4296 sericordia
2412 4243 2504 4298 Dei
2534 4243 2784 4298 liberatus
2805 4287 2821 4312 ,
2852 4261 2957 4300 non
2985 4248 3156 4302 solum
3186 4249 3508 4305 christianos
3528 4289 3545 4316 ,
3579 4251 3678 4306 sed

2098 4331 2256 4386 etiam
2300 4333 2469 4387 ﬁdelis
2498 4333 2569 4387 sit
2608 4334 2760 4389 valde
2801 4336 2973 4390 bonus
2996 4378 3011 4403 ,
3056 4352 3151 4407 per
3189 4339 3390 4394 Pascha
3436 4343 3682 4410 proxime

2098 4421 2428 4491 baptizatus,
2477 4424 2532 4478 in
2577 4424 2738 4479 corde
2779 4434 2938 4495 atque
2979 4427 3033 4481 in
3073 4443 3166 4483 ore
3208 4429 3408 4484 habens
3450 4435 3680 4500 gratiam

2098 4526 2255 4582 quam
2305 4514 2558 4583 percepit.
2607 4514 2871 4580 Quantum
2917 4532 3041 4572 eum
3088 4517 3408 4584 desiderem,
3461 4520 3679 4590 quando

2098 4601 2418 4672 explicabo?
2467 4604 2562 4659 sed
2615 4607 2754 4660 nosti
2800 4615 2859 4662 ut
2905 4623 3026 4663 eum
3067 4609 3301 4680 diligam.
3353 4611 3678 4666 Archiater'

2098 4693 2259 4749 etiam
2286 4695 2568 4750 Dioscorus
2594 4696 2918 4754 christianus.
2938 4700 3110 4755 ﬁdelis
3136 4710 3238 4766 est,
3268 4702 3426 4756 simul
3450 4704 3678 4772 gratiam

2098 4795 2460 4852 consecutus;
2523 4786 2647 4840 audi
2709 4789 2868 4842 etiam
2930 4791 3376 4860 quemadmodum
3431 4810 3446 4847 :
3505 4809 3680 4864 neque

2099 4875 2242 4930 enim
2279 4877 2541 4932 cervicula
2580 4877 2666 4932 illa
2696 4880 2785 4934 vel
2819 4879 3030 4951 lingua,
3079 4883 3181 4937 nisi
3220 4883 3397 4954 aliquo
3434 4885 3680 4954 prodigio

2099 4964 2426 5022 clamaretur.
2479 4968 2611 5024 Filia
2656 4971 2772 5040 ejus
2817 4973 2869 5027 in
2921 4989 3024 5044 qua
3068 4975 3223 5031 unica
3266 4977 3675 5045 acquiescebat,

2098 5057 2417 5126 aegrotabat,
2453 5067 2509 5112 et
2539 5073 2704 5130 usque
2730 5061 2799 5115 ad
2829 5070 2990 5117 totam
3017 5063 3446 5135 desperationem
3487 5066 3678 5120 salutis

2162 5209 2180 5280 ξ
2206 5216 2311 5280 “15.3:
2333 5210 2477 5280 com:
2497 5217 2550 5280 9.9
2563 5218 2739 5280 Gem.
2758 5211 3028 5280 δαυίηίαηρτ
3092 5277 3101 5280 _
3147 5265 3157 5276 .

2160 5269 2180 5301 ³
2210 5271 2346 5342 Εόάτ.
2366 5269 2894 5324 ΑνεΙιὶιΙιεαεετ.Ᾰι
2916 5275 3135 5326 melioris
3147 5269 3298 5339 nota,
3325 5277 3594 5342 ΑτσΙείατεν,
3621 5279 3671 5330 id

2099 5338 2176 5382 est
2195 5333 2413 5383 medicus
2433 5335 2670 5396 princeps.

2097 5416 2452 5524 Egltioercensita
2475 5422 2552 5466 est
2569 5414 2714 5466 adbl.
2739 5415 2790 5466 ιτ.
2813 5430 2898 5482 gg.
2915 5431 2958 5468 ι’.
2982 5419 3059 5471 ab.
3078 5433 3152 5472 vc.
3171 5436 3219 5473 v.
3243 5422 3417 5472 duost.
3437 5432 3538 5474 Am.
3561 5424 3674 5476 Bad.

2095 5490 2542 5650 iginosperum
2572 5539 2852 5604 intelligere
2885 5541 3094 5606 videtur,
3128 5546 3264 5608 cujus
3299 5545 3532 5608 prmedit
3565 5548 3674 5609 epi-

2099 5659 2914 5788 an(b2£l’ia:uﬂqmgt$mﬁ7
2938 5674 3061 5732 erat,
3077 5679 3207 5719 nunc
3231 5667 3335 5720 £24.
3350 5670 3528 5733 scripta
3549 5670 3673 5720 forte

2165 5756 2178 5771 .
2526 5759 2542 5788 ,
2861 5762 2874 5776 .

2165 5756 2178 5771 ο
2204 5756 2311 5784 1w,
2334 5756 2418 5775 uno
2430 5756 2542 5788 τευ,
2559 5756 2667 5788 ιιυῠι
2686 5756 2874 5777 rm-
