4084 6332
364 327 499 385 10ὶὸ

362 438 694 512 temporalis,
724 434 909 492 eodem
953 433 1069 503 ipso
1093 436 1243 499 patre
1268 422 1603 481 renuntiante
1623 461 1638 486 ,
1666 415 1929 488 pervenit.

360 506 560 588 Dicitur
579 542 734 597 ergo;
780 535 833 580 et
864 529 1107 587 constat,
1147 533 1268 574 eum
1308 514 1434 569 mihi
1463 511 1565 566 hoc
1591 518 1648 565 et
1669 516 1794 563 ante
1821 506 1930 560 fra-

360 625 459 679 tris
487 596 895 676 Pauliireditum
916 655 931 677 ,
962 626 1144 669 comes
1171 606 1508 676 Peregrinus,
1536 602 1617 655 vir
1654 596 1932 652 laudabilis

276 778 283 783 Ἰ
358 723 415 770 et
455 712 590 766 bene
630 707 987 768 christianos,
1030 701 1119 772 qui
1166 713 1287 754 cum
1332 695 1410 752 eis
1456 692 1647 748 eodem
1694 698 1933 755 tempore

284 784 285 787 η
359 803 657 873 baptizatus
685 806 797 863 est,
826 795 1069 851 indicarit
1098 810 1112 847 :
1139 790 1331 846 dicitur
1358 799 1486 855 ergo
1516 783 1603 837 ille
1623 795 1786 836 senex
1815 787 1934 831 tan-

364 868 486 950 dein
531 903 823 946 conversus
863 885 930 940 ad
970 880 1352 952 implorandam
1385 874 1583 931 Christi
1626 868 1934 926 misericor—

366 985 505 1043 diam
523 1016 543 1051 ,ι
584 988 708 1036 voto
736 993 797 1034 se
824 977 1084 1045 obligasse
1102 1014 1117 1037 ,
1144 969 1489 1025 christianum
1518 964 1630 1017 fore
1653 1002 1668 1026 ,
1716 958 1762 1013 si
1792 957 1933 1012 illam

363 1075 562 1131 salvam
608 1069 834 1124 videret.
882 1066 1098 1121 Factum
1139 1068 1241 1133 est.
1282 1060 1352 1113 At
1396 1057 1485 1111 ille
1531 1052 1673 1124 quod
1723 1055 1940 1105 voverat

364 1163 732 1223 dissimulabat
775 1158 1051 1215 exsolvere
1079 1172 1093 1208 :
1120 1152 1213 1209 sed
1258 1150 1433 1205 adhuc
1477 1159 1666 1201 manus
1706 1141 1934 1198 excelsa.

363 1255 499 1313 Nam
526 1251 802 1324 repentina
829 1246 1064 1303 ca~citate
1092 1240 1408 1297 suﬁunditur
1437 1255 1450 1293 :
1482 1236 1764 1304 statimque
1796 1230 1938 1287 venit

365 1348 420 1403 in
446 1354 678 1403 mentem
722 1340 860 1397 unde
900 1337 1029 1393 illud
1071 1343 1243 1397 esset;
1285 1329 1599 1387 exclamavit
1636 1325 1936 1391 conﬁtens,

366 1445 527 1507 atque
565 1435 755 1489 iterum
798 1428 974 1492 vovit,
1018 1442 1076 1480 se
1115 1431 1326 1492 recepto
1369 1420 1567 1474 lumine
1602 1414 1939 1485 impleturum

364 1504 487 1583 esse
515 1523 656 1596 quod
686 1530 919 1576 voverat.
949 1515 1207 1584 Recepit,
1237 1511 1473 1596 implevit
1505 1527 1517 1562 :
1548 1516 1602 1563 et
1630 1504 1801 1560 adhuc
1829 1517 1942 1557 ma-

366 1632 466 1674 nus
511 1595 739 1672 excelsa.
782 1610 1089 1682 Symbolum
1136 1620 1239 1661 non
1284 1595 1555 1666 tenuerat,
1603 1604 1693 1650 aut
1719 1595 1942 1649 fortasse

366 1719 550 1764 tenere
576 1710 951 1765 recusaverat,
980 1708 1034 1753 et
1070 1712 1128 1751 se
1154 1709 1259 1749 non
1290 1692 1523 1761 potuisse
1551 1691 1896 1742 excusaverat
1925 1701 1938 1737 :

370 1799 508 1852 Deus
548 1795 772 1850 viderat.
811 1791 928 1846 Jam
958 1798 1067 1843 tum
1098 1795 1217 1856 post
1249 1782 1381 1838 festa
1420 1779 1597 1834 omnia
1623 1773 1943 1847 receptionis

370 1903 481 1944 sua:
508 1890 525 1921 ι
559 1889 610 1942 in
643 1883 925 1957 paralysim
966 1879 1187 1933 solvitur
1233 1874 1409 1928 multis
1439 1886 1499 1925 ac
1542 1883 1676 1939 pene
1700 1866 1944 1921 omnibus

368 1980 663 2046 membris,
698 1986 753 2032 et
781 1976 938 2031 etiam
965 1971 1160 2041 lingua.
1208 1967 1357 2020 T—unc
1398 1963 1603 2017 somnio
1647 1957 1945 2012 admonitus

368 2073 648 2130 conﬁtetur
689 2084 783 2139 per
829 2066 1142 2134 scripturam
1189 2060 1258 2113 ob
1302 2057 1405 2111 hoc
1447 2054 1548 2109 sibi
1587 2053 1784 2107 dictum
1827 2061 1946 2103 esse

369 2164 648 2228 accidisse,
680 2158 820 2231 quod
850 2153 1149 2228 symbolum
1178 2165 1284 2204 non
1310 2144 1616 2202 reddiderit.
1649 2143 1776 2197 Post
1802 2140 1944 2193 illam

369 2253 763 2311 confessionem
789 2247 1079 2303 redduntur
1100 2241 1271 2297 ofﬁcia
1299 2240 1533 2293 omnimn
1561 2232 1942 2297 membrorum,

372 2347 477 2401 nisi
522 2346 713 2414 linguae
753 2340 949 2403 solius;
994 2351 1053 2391 se
1094 2344 1271 2388 tamen
1322 2327 1568 2383 didicisse
1610 2321 1943 2394 symbolum,

373 2411 619 2506 ideoque-
641 2431 895 2489 memoria
932 2429 1042 2500 jam
1083 2435 1263 2480 tenere
1302 2418 1647 2475 nihilominus
1680 2416 1731 2469 in
1758 2411 1948 2467 eadem

374 2501 664 2583 tentatione
690 2522 877 2577 litteris
908 2519 1077 2574 fassus
1105 2525 1188 2570 est
1221 2530 1233 2566 :
1264 2512 1444 2581 sicque
1484 2507 1658 2562 omnis
1686 2514 1767 2558 est
1792 2501 1857 2555 ab
1882 2513 1948 2554 eo

375 2616 547 2675 deleta
584 2614 850 2685 nugacitas
871 2652 887 2678 ,
932 2623 1069 2679 quae,
1103 2603 1177 2659 ut'
1204 2603 1328 2669 scis,
1361 2600 1583 2654 multum
1612 2590 1949 2649 decolorabat

377 2680 682 2765 naturalem.
705 2700 984 2772 quamdam
1014 2696 1127 2766 ejus
1171 2692 1546 2762 benignitatem
1569 2729 1583 2751 ,
1612 2696 1839 2752 eumque
1868 2680 1949 2733 in-

375 2802 658 2857 sultantem
687 2771 998 2849 Christianis
1028 2788 1248 2842 faciebat
1277 2782 1427 2837 valde
1453 2778 1788 2847 sacrilegum.
1812 2771 1950 2840 Quid

375 2892 580 2954 dicam,
622 2885 755 2949 nisi,
792 2882 1011 2936 Domino
1041 2879 1295 2949 hymnum
1327 2886 1613 2935 canamus,
1660 2877 1713 2922 et
1757 2878 1945 2933 super-

374 2983 668 3038 exaltemus
696 2991 815 3032 cum
845 2975 896 3027 in
924 2970 1114 3043 szecula
1138 3011 1153 3035 ,
1181 2964 1392 3022 Amen?

744 3104 1068 3163 EPISTOLA
1107 3096 1408 3155 CCXXVII]
1434 3100 1451 3119 ⁶
1483 3093 1581 3166 (a).

377 3223 689 3294 Augustinus
718 3219 977 3272 Honoralo
997 3258 1010 3281 ,
1041 3214 1223 3267 docens
1249 3210 1570 3283 quandonam
1597 3207 1830 3276 epismpo
1854 3204 1955 3256 sive

450 3315 643 3369 clericis
669 3316 841 3383 fugere
864 3311 1028 3375 liceat,
1055 3305 1343 3360 imminente
1365 3299 1635 3356 obsidionis
1661 3306 1747 3350 aut
1773 3295 1955 3350 excidii

451 3404 691 3474 periculo.

324 3559 331 3563 .
381 3514 577 3573 Sancto
612 3513 762 3569 fratri
802 3522 857 3568 et
893 3510 1206 3581 coepiscopo
1244 3506 1570 3569 Ilouoano,
1604 3502 1951 3564 Aucusrtsus,

825 3602 878 3657 in
910 3601 1131 3655 Domino
1159 3599 1378 3655 salutem
1412 3594 1506 3666 (b).

455 3716 507 3769 1.
536 3712 791 3769 Charitati
826 3720 927 3765 tua:
954 3712 1115 3765 misso
1142 3707 1383 3777 exemplo
1409 3704 1644 3776 epistolm
1673 3718 1826 3771 quam
1854 3700 1958 3754 fra-

382 3805 451 3860 tri
488 3802 851 3873 Quodvultdeo
881 3810 1062 3855 nostro
1102 3800 1415 3869 coepiscopo
1451 3794 1670 3864 scripsi,
1712 3790 1957 3859 putabam

382 3910 469 3949 me
502 3895 600 3950 hoc
638 3908 798 3947 onere
826 3894 1060 3947 caruisse
1099 3889 1239 3960 quod
1282 3888 1410 3942 mihi
1448 3883 1777 3954 imposuisti,
1809 3896 1957 3951 quae-

384 3984 551 4039 rendo
580 3983 853 4038 consilium
894 3980 1018 4051 quid
1057 3981 1109 4033 in
1151 3977 1235 4031 his
1277 3976 1522 4047 periculis
1564 3990 1680 4042 quae
1720 3981 1958 4040 tempora

384 4089 566 4132 nostra
615 4076 959 4136 invenerunt,
1008 4071 1179 4125 facere
1226 4068 1481 4123 debeatis.
1527 4065 1779 4131 Quamvis
1819 4063 1957 4116 enim

387 4165 662 4235 epistolam
695 4163 833 4216 illam
874 4159 1105 4214 breviter
1143 4156 1443 4226 scripserim
1463 4196 1479 4221 ,
1510 4154 1639 4208 nihil
1670 4168 1755 4207 me
1785 4160 1957 4205 tamen

384 4256 790 4329 przetermisisse
810 4253 1052 4317 arbitror,
1080 4250 1217 4320 quod
1244 4259 1297 4304 et
1322 4246 1659 4316 respondenti
1686 4245 1879 4312 dicere,
1906 4252 1961 4299 et

385 4347 646 4418 qurerenti
687 4345 868 4399 audire
909 4342 1218 4397 sufﬁceret:
1251 4338 1671 4410 quandoquidem
1714 4337 1821 4392 dixi
1864 4351 1962 4391 nec

386 4454 483 4495 eos
509 4452 627 4492 esse
657 4432 1012 4505 prohibendos
1040 4432 1129 4501 qui
1159 4429 1224 4484 ad
1254 4431 1389 4494 loca,
1421 4428 1462 4482 si
1490 4436 1728 4497 possunt,
1760 4429 1959 4480 munita

386 4528 616 4598 migrare
642 4525 979 4587 desiderant;
1010 4531 1064 4576 et
1093 4519 1369 4575 ministerii
1396 4519 1559 4571 nostri
1589 4518 1814 4582 vincula,
1845 4516 1962 4586 qui-

449 4646 467 4676 ί
496 4651 599 4692 Mss.
619 4644 791 4691 victor.
820 4648 872 4690 et
893 4640 1038 4690 vatio.
1061 4674 1076 4699 ,
1115 4636 1233 4699 jam,
1263 4642 1421 4686 tamen
1448 4640 1549 4698 post
1580 4636 1790 4699 confessa
1806 4633 1964 4685 omnia

388 4674 1325 4773 άεεὲἓῖἷὸπξὲᾜὶὲῗίιἰῆῖίἒὶ-ἷειιῖἓζόαὲῑῖ
1331 4674 1788 4760 inmanis}:

383 4764 665 4827 receptionis
684 4775 801 4814 sure.

444 4846 465 4859 ‘
491 4852 714 4893 Correcta
734 4843 793 4891 ad
815 4855 863 4891 a.
887 4843 937 4890 b.
960 4842 1045 4903 bg.
1075 4840 1142 4889 bl.
1162 4853 1207 4890 c.
1224 4852 1295 4889 ec.
1324 4838 1358 4887 f.
1384 4838 1432 4903 ff.
1454 4837 1509 4887 fs.
1535 4851 1585 4899 g.
1607 4852 1687 4899 gv.
1716 4852 1764 4887 n.
1782 4851 1825 4886 r.
1844 4836 1966 4888 duos

377 4906 451 4955 sb.
486 4906 606 4955 duos
628 4912 664 4954 t.
683 4906 803 4953 duos
827 4917 898 4953 vc.
925 4900 1128 4965 quatuor
1151 4917 1197 4952 v.
1218 4912 1317 4950 Am.
1343 4900 1450 4948 Bad.
1471 4907 1542 4947 Er.
1564 4906 1671 4949 Lov.

448 4986 522 5049 (a)
546 4984 961 5049 AliasA180:qu_:e
999 4992 1160 5033 autem
1198 4982 1288 5032 2228
1327 4989 1447 5042 erat,
1482 4994 1609 5029 nunc
1644 4980 1748 5029 1H.
1789 4979 1966 5043 Scripta

387 5046 513 5098 circ.
530 5061 609 5096 an.
633 5047 743 5106 428,
774 5054 858 5096 aut
872 5046 984 5093 1‘29.

452 5108 522 5219 ([2
545 5116 709 5158 Totam
731 5101 913 5156 hancce
944 5104 1197 5168 Epistulam
1236 5106 1287 5153 in
1328 5110 1373 5153 s.
1420 5104 1667 5165 Augustini
1713 5101 1808 5151 vita
1838 5102 1968 5153 inse-

452 5184 482 5217 n
516 5170 745 5218 amduxit
761 5169 1012 5219 Possidius.
1035 5180 1080 5216 c.
1103 5167 1179 5215 50.
1209 5173 1434 5214 «Interea
1451 5164 1752 5213 reticendum
1770 5163 1965 5213 minime

387 5163 592 5219 rendam
606 5170 745 5218 duxit
761 5163 1012 5228 Possidius,
1035 5180 1080 5216 c.
1103 5167 1179 5215 50.
1209 5173 1434 5228 «Interea
1451 5163 1752 5228 reticendum
1770 5163 1965 5228 minime

395 5249 421 5278 ι
437 5240 532 5291 est,
566 5232 738 5293 inquit,
762 5243 871 5279 cum
901 5224 1152 5293 memorati
1175 5226 1696 5293 impenderenthostes
1712 5224 1965 5293 (Vandali),

370 5309 391 5338 ιι
440 5305 468 5341 a
485 5286 650 5341 sancto
671 5286 774 5341 viro
798 5299 959 5340 nostro
978 5286 1259 5351 coepiscOpo
1274 5288 1553 5336 Thiavensis
1574 5286 1793 5351 Feclesige
1816 5286 1969 5335 Itono-

370 5370 413 5416 τι,
444 5361 612 5416 norato
631 5352 807 5416 litteris
828 5352 976 5416 fuisse
995 5347 1574 5416 eprisulttim,_utrumnam
1592 5347 1691 5416 illis
1706 5347 1969 5416 adventan-

368 5408 413 5460 ι’
436 5414 587 5471 tibus,
607 5428 671 5463 ex
698 5413 919 5463 Eeclesiis
954 5413 1191 5474 episeolis
1223 5410 1303 5460 vel
1336 5410 1525 5458 clericis
1546 5408 1873 5474 recedendum
1894 5421 1969 5474 es-

370 5488 393 5519 ι
441 5484 543 5545 get,
652 5488 775 5545 non;
801 5477 946 5537 eique
983 5470 1230 5545 rescriptis
1266 5473 1532 5545 insinuasse
1554 5470 1684 5545 'quid
1722 5472 1877 5532 magis
1896 5472 1967 5542 ab

396 5552 421 5579 ι
439 5531 540 5586 illis
583 5531 818 5585 Romania:
855 5531 1165 5585 éversoribus
1189 5541 1321 5583 esset
1339 5531 1667 5580 metuendum.
1693 5531 1839 5589 Quam
1862 5533 1968 5594 ejus

396 5612 423 5643 ι
448 5597 709 5667 epistolam
732 5597 843 5667 huic
859 5598 1119 5667 scripturae
1142 5595 1361 5667 inserere
1379 5594 1507 5667 volui
1529 5607 1540 5641 :
1561 5594 1787 5667 enim
1809 5606 1969 5643 sacer-

397 5673 424 5703 ι
440 5653 607 5729 (totum
628 5659 713 5709 Dei
736 5653 1131 5709 et
1153 5657 1366 5707 moribus
1387 5654 1526 5707 valde
1556 5653 1688 5707 utilis
1725 5660 1776 5705 et
1796 5668 1967 5706 neces-

395 5728 626 5769 εδπιιι

1498 300 1968 364 EPISTULARUM
2004 296 2278 355 CLASSIS
2316 295 2402 352 Ill.

3477 293 3614 349 {GH

2039 412 2138 468 bus
2160 426 2256 465 nos
2275 407 2471 464 Christi
2491 406 2720 463 charitas
2740 406 2996 477 alligavit,
3018 421 3085 462 ne
3104 404 3412 473 deseramus
3433 407 3617 461 Eccle‘

2038 502 2143 557 sias
2166 500 2353 571 quibus
2374 500 2574 554 servire
2598 498 2847 554 debemus
2864 536 2882 565 ,
2909 511 3013 552 non
3033 511 3151 551 esse
3171 479 3482 565 rumpenda.
3513 497 3614 550 Ista

2038 592 2231 663 quippe
2248 590 2405 645 verba
2432 597 2555 644 sunt
2581 604 2698 659 quae
2727 589 2779 643 in
2808 588 2898 643 illa
2918 589 3137 659 epistola
3161 588 3307 657 posui
3335 587 3521 660 (Epist.
3547 591 3617 641 ad

2042 681 2441 745 Quodvultdeum
2463 681 2770 753 episcOpum,
2789 694 2902 751 quae
2925 696 3024 733 non
3043 677 3223 751 exstat)
3241 695 3257 736 :
3282 677 3453 733 Restat
3475 693 3613 747 ergo,

2041 774 2285 842 inquam,
2317 782 2371 825 ut
2405 786 2494 825 nos
2532 786 2744 839 quorum
2784 770 3109 825 ministerium
3150 768 3619 840 quantulacumque

2041 864 2172 936 plebi
2198 862 2293 917 Dei
2320 862 2402 917 ubi
2437 879 2611 917 sumus
2649 861 2900 929 manenti,
2944 861 3015 914 ita
3052 863 3380 915 necessarium
3419 869 3527 928 est,
3563 869 3619 913 ut

2040 955 2148 1008 sine
2172 954 2264 1008 hoc
2290 969 2401 1007 eam
2430 969 2529 1005 non
2558 960 2786 1022 oporteat
2810 966 3092 1013 remanere,
3120 950 3345 1005 dicamus
3373 949 3615 1016 Domino,

2042 1043 2165 1098 Esto
2192 1044 2332 1098 nobis
2361 1044 2411 1097 in
2439 1041 2602 1097 Deum
2635 1050 2961 1113 protectorem
2982 1082 2998 1111 ,
3023 1050 3069 1097 et
3097 1041 3149 1096 in
3174 1040 3340 1096 locum
3366 1041 3617 1097 munitum

2042 1133 2212 1205 (Psal.
2241 1150 2363 1198 xxx,
2394 1132 2470 1207 ὅ).
2882 1142 2889 1145 ’

2111 1227 2164 1280 2.
2207 1225 2310 1309 Sed
2355 1227 2455 1281 hoc
2495 1227 2775 1282 consilium
2818 1226 2909 1280 tibi
2941 1236 3219 1296 propterea
3257 1240 3363 1280 non
3402 1224 3615 1293 sufﬁcit,

2044 1328 2100 1370 ut
2124 1316 2330 1379 scribis,
2355 1331 2422 1369 ne
2444 1324 2625 1369 contra
2648 1315 2854 1368 Domini
2875 1324 3194 1385 praeceptum
3219 1315 3298 1370 vel
3318 1312 3618 1383 exemplum

2044 1406 2217 1461 facere
2245 1407 2494 1472 nitamur,
2528 1407 2614 1460 ubi
2646 1405 2947 1476 fugiendum
2978 1420 3096 1460 esse
3123 1405 3190 1460 de
3218 1406 3427 1460 civitate
3458 1404 3510 1457 in
3540 1404 3618 1457 ci-

2045 1498 2258 1551 vitatem
2289 1506 2484 1550 mouet.
2526 1495 2829 1551 Recolimus
2856 1496 2997 1549 enim
3028 1495 3182 1551 verba
3210 1494 3464 1557 dicentis,
3494 1492 3620 1548 Cum

2044 1599 2209 1643 autem
2238 1598 2590 1660 persequcnlur
2619 1605 2701 1643 vos
2729 1590 2782 1643 in
2807 1589 3003 1643 civitate
3028 1590 3155 1654 ista,
3186 1590 3342 1662 fugite
3378 1590 3432 1643 in
3467 1589 3621 1641 aliam

2047 1679 2257 1750 (Matth.
2287 1695 2316 1733 κ
2341 1721 2353 1744 ,
2388 1678 2480 1751 25)
2509 1697 2521 1731 :
2549 1679 2666 1749 quis
2695 1686 2869 1733 autem
2898 1678 3080 1734 credat
3118 1678 3187 1732 ita
3217 1677 3316 1731 hoc
3344 1677 3617 1730 Dominum

2045 1770 2159 1826 ﬁeri
2181 1770 2431 1835 voluisse,
2452 1780 2506 1825 ut
2537 1770 2835 1825 necessario
2857 1768 3165 1833 ministerio,
3191 1769 3302 1822 sine
3322 1781 3426 1837 quo
3445 1767 3621 1821 vivere

2047 1871 2335 1933 nequeunt,
2359 1863 2672 1916 deserantur
2696 1877 2902 1932 greges,
2926 1876 3059 1931 quos
3085 1876 3180 1915 suo
3206 1859 3458 1930 sanguine
3478 1872 3622 1913 com-

2047 1957 2285 2027 paravit?
2315 1955 2574 2026 Numquid
2606 1956 2705 2010 hoc
2730 1953 2854 2011 fecit
2882 1956 3027 2025 ipse,
3058 1953 3267 2024 quando
3298 1952 3622 2023 portantibus

2048 2048 2351 2117 parentibus
2394 2048 2445 2101 in
2490 2045 2776 2117 Egyptum
2822 2046 3067 2116 parvulus
3108 2043 3240 2116 fugit
3278 2042 3387 2116 (Id.
3414 2058 3471 2109 tt,
3507 2040 3619 2114 14),

2048 2138 2135 2209 qui
2166 2140 2397 2194 nondum
2426 2138 2693 2193 Ecelesias
2721 2144 3152 2207 congregaverat,
3180 2150 3312 2206 quas
3338 2134 3406 2190 ab
3432 2149 3497 2189 eo
3524 2118 3631 2193 de-‘l

2048 2237 2218 2283 sertas
2264 2228 2427 2283 fuisse
2473 2228 2746 2283 dicamus?
2789 2227 3050 2298 Numquid
3098 2227 3308 2297 quando
3352 2225 3626 2295 apostolus

2049 2318 2260 2385 Paulus,
2292 2333 2361 2374 ne
2388 2318 2532 2372 illum
2558 2317 3031 2387 comprehenderet
3058 2316 3321 2383 inimicus,
3354 2330 3445 2384 per
3471 2313 3624 2369 fene-

2049 2418 2216 2464 stram
2247 2411 2302 2463 in
2331 2418 2510 2479 sporta
2540 2408 2833 2463 submissus
2857 2418 2938 2463 est
2958 2450 2972 2476 ,
3000 2416 3055 2463 et
3081 2407 3265 2476 effugit
3302 2422 3486 2461 manus
3513 2406 3627 2476 ejus

2051 2498 2119 2570 (ll
2144 2491 2359 2565 Cor-5n,
2387 2498 2475 2570 55)
2497 2539 2512 2564 ,
2541 2499 2750 2553 deserta
2775 2508 2852 2554 est
2882 2513 2999 2569 quae
3027 2497 3097 2554 ibi
3126 2505 3239 2553 erat
3267 2496 3503 2551 Ecclesia
3536 2511 3628 2549 ne-

2050 2592 2281 2646 cessario
2310 2591 2636 2656 ministerio,
2683 2598 2736 2646 et
2774 2606 2878 2645 non
2917 2590 2983 2646 ab
3008 2589 3125 2644 aliis
3155 2588 3404 2644 fratribus
3431 2586 3625 2641 ibidem

2051 2681 2351 2738 constitutis
2379 2682 2518 2753 quod
2552 2680 2828 2751 Oportebat
2856 2679 3123 2749 impletum
3155 2678 3272 2733 est?
3311 2678 3400 2732 Eis
3429 2676 3625 2746 quippe

2054 2773 2353 2828 volentibus
2376 2772 2479 2827 hoc
2503 2771 2783 2841 Apostolus
2810 2769 3023 2833 fecerat,
3053 2775 3111 2823 ut
3134 2769 3363 2837 seipsum
3391 2775 3627 2823 servaret

2054 2863 2339 2923 Ecclesia),
2386 2878 2541 2933 quem
2588 2861 2797 2931 proprie
2847 2867 3153 2929 persecutor
3201 2848 3291 2912 ille
3334 2857 3625 2926 quaerebat.

2055 2953 2272 3007 Faciant
2299 2968 2423 3022 ergo
2453 2952 2589 3006 servi
2618 2950 2847 3013 Christi,
2884 2948 3111 3003 ministri
3152 2948 3297 3003 verbi
3342 2955 3397 3002 et
3434 2946 3627 3001 Sacra-

2054 3042 2218 3097 tncnti
2264 3043 2411 3112 ejus,
2457 3042 2597 3111 quod
2646 3040 2894 3111 prmcepit
2945 3040 3057 3095 sive
3098 3038 3356 3109 permisit.
3405 3036 3628 3107 Fugiant

2055 3135 2270 3189 omnino
2295 3133 2363 3187 de
2392 3132 2600 3187 civitate
2629 3134 2679 3185 in
2709 3132 2996 3191 civitatem,
3028 3128 3238 3199 quando
3265 3142 3447 3182 eorum
3478 3127 3626 3196 quis-

2056 3240 2212 3296 quam
2255 3223 2554 3293 Specialiter
2596 3238 2626 3276 a
2675 3221 3101 3291 persecutoribus
3145 3217 3428 3289 qumritur,
3470 3225 3524 3270 ut
3562 3215 3630 3269 ab

2056 3316 2173 3370 aliis
2198 3315 2284 3386 qui
2316 3330 2419 3369 non
2446 3314 2515 3367 ita
2545 3315 2909 3384 requiruntur,
2944 3326 3047 3366 non
3074 3310 3348 3365 deseratur
3372 3307 3629 3373 Ecclesia,

2057 3407 2150 3463 sed
2178 3407 2443 3477 prmbeant
2468 3407 2661 3460 cibaria
2683 3405 2952 3459 conservis
2973 3404 3097 3467 suis,
3123 3418 3256 3473 quos
3275 3401 3428 3455 aliter
3452 3400 3632 3454 vivere

2059 3513 2163 3552 non
2193 3512 2349 3567 posse
2373 3506 2650 3551 noverunt.
2680 3494 2811 3550 Cum
2841 3506 3016 3548 autem
3043 3494 3297 3559 omnium,
3330 3491 3381 3546 id
3412 3499 3492 3545 est
3516 3489 3631 3559 epi-

2058 3604 2375 3661 scoporum,
2420 3586 2737 3644 clericorum
2780 3596 2833 3642 et
2874 3588 3123 3640 laicorum
3166 3586 3182 3617 ¹
3228 3593 3308 3640 est
3350 3597 3631 3636 commune

2060 3678 2381 3749 periculum,
2413 3678 2467 3731 hi
2496 3679 2584 3748 qui
2618 3677 2735 3731 aliis
2774 3676 3034 3747 indigent,
3067 3690 3170 3729 non
3215 3674 3525 3728 deserantur
3564 3670 3631 3723 ab

2061 3770 2144 3824 his
2174 3769 2362 3840 quibus
2389 3768 2639 3838 indigent.
2670 3767 2772 3820 Aut
2802 3767 2957 3836 igitur
2984 3766 3049 3820 ad
3078 3765 3190 3819 loca
3219 3763 3419 3817 munita
3447 3776 3631 3814 omnes

2061 3870 2364 3928 transeant;
2410 3869 2500 3914 aut
2541 3860 2630 3931 qui
2674 3859 2868 3913 habent
2901 3856 3207 3912 remanendi
3238 3853 3628 3915 necessitatem,

2061 3970 2166 4007 non
2197 3954 2557 4021 relinquantur
2578 3951 2644 4004 ab
2666 3953 2742 4004 eis
2769 3965 2861 4018 per
2883 3963 3014 4018 quos
3040 3948 3250 4001 illorum
3276 3953 3356 3999 est
3383 3942 3634 3998 ecclesia-

2062 4042 2189 4094 stica
2222 4040 2509 4109 supplenda
2542 4038 2827 4093 necessitas
2847 4077 2860 4100 ,
2894 4045 2950 4090 ut
2977 4045 3066 4089 aut
3095 4035 3291 4105 pariter
3317 4034 3512 4097 vivant,
3543 4039 3631 4083 aut

2064 4132 2261 4201 pariter
2284 4130 2534 4184 sufferant
2559 4126 2699 4198 quod
2725 4141 2816 4181 eos
2842 4124 3211 4195 paterfamilias
3240 4123 3379 4177 volet
3409 4123 3629 4191 perpeti.

2135 4222 2187 4275 5.
2219 4218 2370 4285 Quod
2395 4218 2438 4271 si
2464 4217 2743 4286 contigerit
2766 4226 2824 4269 ut
2845 4216 2955 4269 sive
2983 4215 3069 4269 alii
3100 4214 3293 4275 minus,
3320 4211 3406 4266 alii
3435 4212 3628 4280 majus,

2064 4311 2176 4365 sive
2205 4324 2391 4364 omnes
2416 4307 2687 4376 aequaliter
2713 4306 2977 4376 patiantur
2996 4347 3011 4370 ,
3039 4305 3127 4374 qui
3164 4318 3345 4358 eorum
3389 4303 3493 4356 sint
3536 4304 3626 4371 qui

2066 4415 2162 4470 pro
2190 4400 2304 4453 aliis
2332 4397 2598 4467 patiuntur
2620 4437 2635 4461 ,
2666 4404 2920 4465 apparet;
2961 4394 3034 4448 illi
3070 4378 3269 4447 scilicet
3294 4392 3383 4461 qui
3424 4406 3540 4445 cmn
3569 4405 3631 4444 se

2066 4500 2282 4561 possent
2315 4488 2507 4542 talibus
2548 4486 2699 4539 malis
2725 4486 2933 4554 eripere
2978 4483 3227 4554 fugiendo
3250 4524 3264 4546 ,
3302 4498 3368 4537 ne
3402 4482 3627 4536 aliorum

2066 4580 2432 4636 necessitatem
2476 4578 2812 4641 desererent,
2864 4590 3079 4629 manere
3130 4574 3449 4627 maluerunt.
3496 4572 3629 4625 Hinc

2065 4670 2293 4726 maxime
2318 4669 2571 4738 probatur
2599 4667 2684 4719 illa
2715 4666 2943 4720 charitas
2969 4680 3123 4735 quam
3149 4664 3380 4718 Joannes
3421 4672 3633 4733 aposto-

2066 4763 2148 4817 lus
2168 4758 2521 4823 commendat,
2552 4757 2732 4811 dicens
2764 4773 2779 4810 :
2812 4756 2958 4811 Sicut
2987 4754 3215 4810 Christus
3243 4755 3461 4805 animam
3485 4768 3630 4803 suam

2067 4867 2158 4920 pro
2186 4850 2324 4903 nobis
2347 4849 2537 4917 posuit,
2564 4847 2635 4901 sic
2662 4855 2709 4899 et
2735 4863 2824 4899 nos
2853 4845 3084 4899 debemus
3113 4844 3308 4896 animus
3342 4858 3431 4911 pro
3457 4843 3631 4911 {ratri-

2068 4940 2158 4994 bus
2184 4955 2365 5010 ponere
2391 4937 2433 5007 (l
2454 4936 2608 4991 Joan.
2630 4953 2686 4990 tn
2708 4978 2723 5001 ,
2752 4938 2865 5007 16).
2893 4936 3023 4989 Nam
3048 4934 3135 5004 qui
3167 4932 3387 5002 fugiunt,
3417 4930 3499 4985 vel
3523 4932 3634 4983 suis

2069 5030 2296 5086 devincti
2339 5027 2739 5083 necessitatibus
2781 5027 2962 5097 fugere
2998 5040 3100 5079 non
3133 5031 3385 5093 possunt;
3413 5021 3455 5074 si
3482 5035 3598 5075 com
3614 5052 3631 5059 --

2070 5119 2317 5191 prehensi
2343 5120 2641 5189 patiuntur,
2687 5133 2783 5187 pro
2819 5118 3041 5185 seipsis,
3079 5132 3181 5167 non
3223 5129 3318 5182 pro
3346 5112 3590 5166 fratribus
3616 5152 3630 5176 ,

2071 5212 2250 5280 utique
2279 5210 2544 5279 patiuntur
2577 5226 2589 5261 :
2619 5210 2709 5279 qui
2739 5223 2864 5262 vero
2888 5216 3163 5277 propterea
3183 5205 3483 5276 patiuntur,
3513 5204 3634 5270 quia

2073 5303 2295 5369 fratres,
2324 5303 2412 5371 qui
2446 5301 2521 5355 cis
2560 5300 2623 5354 ad
2665 5301 3005 5354 christianam
3048 5298 3270 5352 salutem
3302 5296 3625 5365 indigebant,

2071 5394 2319 5449 deserere
2347 5393 2653 5458 noluerunt,
2686 5393 2799 5445 sine
2827 5390 2988 5444 dubio
3016 5404 3139 5444 suas
3167 5389 3369 5441 animas
3400 5402 3495 5457 pro
3522 5384 3634 5438 ἔπι-

2074 5486 2240 5540 tribus
2272 5490 2488 5553 ponunt.

2148 5580 2193 5634 ι.
2211 5576 2358 5633 Unde
2378 5575 2504 5629 illud
2519 5573 2656 5644 quod
2668 5573 2970 5642 episcopum
2985 5570 3265 5641 quemdam
3279 5568 3473 5622 dixisse
3489 5568 3633 5621 audi-

2136 5714 2153 5747 ί
2178 5711 2295 5764 aditi
2314 5711 2554 5771 omittunt,
2578 5710 2623 5758 et
2641 5703 2870 5755 laicorum
2891 5715 2908 5754 :
2931 5701 3058 5769 quod
3077 5716 3141 5753 ex
3294 5704 3623 5752 restitutuuut.
3654 5676 3659 5685 ’
