4084 6332
427 289 567 349 ιοιδ
1039 333 1080 352 .,,

429 406 623 472 vimus,
642 402 706 460 Si
727 401 976 458 Dominus
993 399 1136 456 nobis
1149 394 1415 469 imperauit
1435 395 1611 467 fugam
1625 391 1679 446 in
1694 390 1766 446 eis
1785 402 2018 458 persecu-

431 497 671 563 tionibus,
707 493 794 549 ubi
814 501 977 564 potest
996 493 1192 562 fructus
1214 480 1320 543 esse
1345 483 1616 555 martyrii;
1645 489 1834 551 quanto
1858 475 2018 548 magis

430 590 668 644 debemus
692 585 1082 660 fugerestcriles
1104 583 1382 654 passiones,
1402 577 1607 649 quando
1627 587 1700 633 est
1727 574 2019 631 barbaricus

427 693 475 738 et
503 682 698 738 hostilis
722 682 954 735 incursus
974 679 1000 732 ?
1024 690 1208 733 verum
1232 683 1318 732 est
1337 673 1552 745 quidem
1585 677 1642 727 et
1668 666 2016 738 acceptabile,

427 773 524 827 sed
550 771 635 828 his
659 785 794 842 quos
830 767 1176 826 ecclesiastici
1205 765 1366 821 ofﬁcii
1408 779 1515 820 non
1561 770 1746 818 tenent
1781 757 2014 813 vincula.

430 861 565 918 Nam
597 863 687 933 qui
713 861 892 916 clades
931 857 1155 914 hostiles
1185 857 1306 913 ideo
1339 871 1446 911 non
1484 853 1651 924 fugit,
1683 865 1805 906 cum
1849 849 2020 920 possit

425 953 700 1022 effugere,
743 966 809 1006 ne
832 952 1048 1021 deserat
1085 947 1441 1005 ministerium
1483 943 1712 1012 Christi,
1757 942 1874 998 sine
1911 954 2018 1012 quo

425 1058 536 1097 non
566 1050 790 1112 possunt
817 1041 1066 1097 homines
1107 1039 1193 1094 vel
1230 1038 1348 1094 ﬁeri
1383 1037 1472 1093 vel
1494 1035 1674 1091 vivere
1701 1032 2014 1099 christiani,

425 1133 690 1202 majorem,
718 1132 995 1199 charitatis
1023 1131 1226 1188 invenit
1264 1129 1490 1186 fructum
1512 1171 1528 1196 ,
1571 1141 1733 1199 quam
1769 1125 1862 1200 qui
1908 1139 2018 1180 non

424 1226 646 1296 propter
680 1225 908 1292 fratres,
938 1225 1035 1281 sed
1063 1232 1281 1296 propter
1304 1223 1538 1294 seipsqu
1577 1221 1783 1292 fugiens
1805 1260 1822 1287 ,
1861 1227 2017 1289 atque

425 1315 852 1386 comprehensus
875 1331 982 1386 non
1011 1325 1170 1387 negat
1185 1313 1455 1372 Christum
1477 1355 1494 1382 ,
1519 1311 1846 1383 suscipitque
1875 1325 2018 1365 mar-

425 1406 645 1477 tyrium.

499 1497 554 1552 5.
581 1496 720 1564 Quid
753 1506 835 1553 est
868 1511 998 1568 ergo
1038 1495 1183 1568 quod
1211 1496 1262 1550 in
1302 1495 1525 1566 epistola
1566 1502 1655 1548 tua
1697 1491 1876 1563 priore
1916 1505 2016 1567 po-

424 1587 631 1643 suisti‘l-
664 1588 800 1643 dicis
835 1588 978 1643 enim
999 1628 1015 1656 ,
1046 1588 1108 1644 Si
1146 1589 1200 1642 in
1229 1587 1471 1641 Ecclesiis
1513 1583 1880 1657 persistendum
1904 1591 2013 1649 est,

423 1678 553 1748 quid
576 1680 733 1735 simus
758 1679 900 1735 nobis
924 1681 1001 1735 uel
1023 1679 1213 1751 populo
1240 1676 1490 1748 profuturi
1517 1693 1619 1730 non
1643 1675 1808 1742 rideo,
1837 1674 1936 1729 nisi
1959 1682 2016 1737 ut

423 1779 543 1826 ante
565 1771 736 1826 oculos
771 1781 969 1826 nostros
993 1771 1088 1825 uiri
1111 1770 1313 1835 cadant,
1349 1769 1552 1840 feminae
1589 1775 2012 1847 constuprentur,

422 1861 763 1916 incendantur
788 1862 1028 1928 ecclesiae,
1059 1877 1150 1916 nos
1177 1859 1279 1931 ipsi
1308 1860 1362 1914 in
1389 1859 1650 1914 tormentis
1679 1856 1976 1926 deﬁciamus
1993 1897 2010 1922 ,

425 1967 543 2006 cum
569 1951 632 2006 de
662 1953 806 2006 nobis
834 1953 1076 2023 quwritur
1098 1951 1239 2024 quod
1259 1967 1363 2005 non
1399 1949 1660 2004 habmus.
1701 1949 1897 2005 Potens
1933 1957 2017 2004 est

423 2041 640 2112 quidem
682 2042 826 2098 Deus
861 2041 1047 2097 audire
1092 2029 1276 2112 preces
1325 2040 1540 2096 familiae
1584 2056 1729 2107 sum,
1765 2048 1822 2096 et
1861 2039 2012 2104 haec,

423 2148 545 2203 quae
572 2134 955 2199 formidantur,
983 2142 1258 2200 avertere;
1300 2147 1400 2189 nec
1429 2133 1548 2188 ideo
1580 2142 1758 2187 tamen
1795 2138 2015 2202 propter

425 2224 528 2278 ista
552 2264 568 2289 ,
599 2239 717 2295 quae
743 2225 946 2280 incerta
971 2232 1116 2292 sunt,
1145 2225 1305 2280 debet
1329 2224 1496 2280 nostri
1524 2224 1687 2279 ofﬁcii
1721 2239 1844 2280 esse
1869 2233 2015 2279 certa

425 2309 664 2372 desertio
685 2357 700 2380 ,
728 2316 846 2372 sine
871 2331 976 2388 quo
1006 2326 1090 2372 est
1122 2316 1260 2387 plebi
1289 2324 1433 2372 certa
1475 2316 1758 2386 pernicies,
1806 2331 1912 2370 non
1961 2317 2014 2372 in

425 2408 592 2463 rebus
616 2409 739 2464 vitae
772 2409 950 2480 hujus,
991 2409 1087 2466 sed
1112 2409 1332 2465 alterius
1371 2409 1854 2480 incomparabiliter
1891 2408 2015 2464 dili-

426 2501 637 2570 gentius
678 2499 1062 2574 sollicitiusque
1094 2501 1362 2567 curandae.
1402 2501 1534 2566 Nam
1574 2503 1619 2556 si
1656 2511 1801 2566 certa
1835 2509 2018 2568 essent

428 2594 530 2652 ista
560 2593 720 2656 mala,
746 2607 866 2663 quae
898 2582 1152 2648 timentur
1180 2609 1246 2649 ne
1272 2595 1324 2648 in
1351 2594 1485 2649 locis
1510 2594 1562 2648 in
1587 2595 1778 2664 quibus
1807 2608 2012 2669 sumus,

427 2681 568 2738 forte
591 2684 920 2754 contingant,
965 2684 1114 2754 prius
1152 2684 1276 2741 inde
1317 2684 1556 2756 lugerent
1583 2699 1770 2740 omnes
1798 2694 2016 2755 propter

429 2787 563 2843 quos
591 2773 661 2828 ibi
687 2775 1009 2830 manendum
1039 2785 1143 2843 est,
1177 2785 1230 2832 et
1255 2791 1354 2832 nos
1373 2791 1402 2831 a
1424 2776 1672 2832 manendi
1698 2778 2016 2833 necessitate

428 2865 630 2921 liberos
657 2867 942 2923 redderent
973 2885 985 2920 :
1018 2885 1124 2923 non
1155 2869 1296 2924 enim
1333 2871 1613 2940 quisquam
1641 2877 1725 2925 est
1757 2870 1845 2940 qui
1876 2869 2018 2925 dicat

429 2956 706 3012 ministros
735 2973 952 3014 manere
979 2970 1248 3030 oportere,
1280 2961 1368 3014 ubi
1397 2960 1507 3031 jam
1535 2976 1639 3014 non
1677 2961 1874 3016 fuerint
1899 2961 2018 3030 qui-

428 3049 530 3105 bus
558 3065 775 3123 necesse
799 3051 870 3106 sit
893 3051 1216 3109 ministrare.
1240 3051 1315 3117 lta
1346 3053 1560 3124 quidam
1586 3054 1755 3109 sancti
1781 3054 2018 3125 episcopi

428 3144 499 3208 de
528 3143 779 3218 Hispania
807 3144 1176 3229 profugerunt,
1207 3145 1353 3216 prius
1384 3146 1626 3216 plebibus
1663 3146 1858 3229 partim
1894 3145 2018 3216 fuga

427 3233 625 3316 lapsis,
657 3223 849 3304 partim
875 3235 1166 3316 peremptis
1186 3276 1201 3303 ,
1235 3236 1432 3306 partim
1458 3223 1738 3292 obsidione
1762 3251 2018 3291 consum-

429 3314 566 3400 ptis,
596 3325 789 3396 partim
818 3314 1123 3400 captivitate
1146 3325 1408 3400 dispersis
1438 3343 1451 3380 :
1481 3326 1575 3382 sed
1603 3326 1771 3381 multo
1805 3327 2018 3399 plures,

430 3399 543 3480 illic
573 3399 911 3490 manentibus
934 3429 1154 3492 propter
1176 3399 1313 3491 quos
1337 3428 1616 3483 manerent
1635 3461 1650 3488 ,
1679 3419 1778 3475 sub
1807 3433 2023 3486 eorum-

432 3512 558 3581 dcm
593 3501 958 3582 periculorum
995 3510 1260 3582 densitate
1299 3519 1632 3581 manserunt.
1679 3509 1748 3564 Et
1775 3508 1820 3564 si
1860 3509 2020 3580 aliqui

435 3606 792 3674 deseruerunt
817 3604 999 3675 plebes
1025 3618 1180 3676 suas,
1210 3604 1312 3658 hoc
1350 3611 1433 3658 est
1467 3603 1609 3674 quod
1639 3602 1866 3657 dicimus
1906 3600 2022 3668 ﬁeri

429 3691 546 3766 'nou
585 3697 782 3753 debere
813 3715 828 3752 :
860 3712 1038 3768 neque
1073 3697 1215 3767 enim
1260 3697 1394 3752 tales
1435 3696 1574 3752 docti
1602 3696 1916 3752 auctoritate
1942 3695 2024 3750 dio

435 3790 586 3856 vina,
618 3787 714 3845 sed
738 3787 969 3859 humano
991 3789 1073 3858 vel
1105 3803 1291 3859 errore
1311 3786 1539 3873 decepti,
1568 3789 1653 3844 vel
1680 3788 1873 3843 timore
1897 3795 2025 3854 sunt

433 3878 580 3945 victi.

509 3971 565 4037 6.
595 3971 702 4027 Cur
737 3971 878 4040 enim
909 3971 1008 4027 sibi
1036 3978 1222 4041 putant
1256 3969 1621 4038 indifferenter
1648 3971 2022 4041 obtemperan-

437 4063 566 4118 dum
592 4077 713 4118 esse
742 4072 1031 4132 prarcepto,
1065 4061 1152 4116 ubi
1182 4062 1365 4131 legunt
1399 4061 1467 4117 de
1504 4062 1721 4117 civitate
1747 4062 1798 4116 in
1837 4061 2026 4116 civita-

434 4165 545 4212 tem
572 4169 692 4209 esse
712 4153 1060 4224 fugiendum;
1081 4161 1135 4207 et
1159 4154 1547 4209 mercenarium
1579 4169 1683 4208 non
1709 4154 2019 4220 exhorrent,

434 4246 528 4318 qui
556 4245 699 4300 videt
727 4245 907 4315 lupum
934 4245 1235 4310 venientem
1262 4255 1316 4306 et
1342 4245 1495 4316 fugit,
1519 4248 1772 4316 quoniam
1802 4263 1909 4302 non
1937 4257 2020 4311 est

436 4338 488 4406 ei
517 4353 645 4393 cura
671 4337 737 4392 de
762 4337 950 4399 ovibus
974 4333 1151 4410 (Ιοαη.
1179 4353 1248 4404 χ,
1291 4337 1391 4403 12,
1429 4338 1560 4408 lii)?
1595 4337 1702 4403 Cur
1744 4354 1850 4400 non
1896 4340 2024 4395 istas

436 4433 574 4489 duas,
614 4431 908 4493 dominicas
952 4445 1212 4502 verasque
1253 4433 1565 4497 sententias,
1617 4447 1776 4486 unam
1821 4432 2026 4488 scilicet
2081 4429 2088 4436 ’

435 4523 527 4580 ubi
560 4521 683 4592 fuga
730 4521 922 4582 sinitur
966 4530 1059 4577 aut
1098 4522 1352 4591 jubetur,
1394 4522 1613 4577 alteram
1659 4522 1749 4580 ubi
1789 4523 2026 4594 arguitur

433 4625 596 4686 atque
620 4614 893 4686 culpatur,
914 4615 994 4672 sic
1018 4614 1315 4686 intelligere
1342 4614 1577 4683 student,
1608 4623 1668 4671 ut
1695 4615 1832 4672 inter
1857 4631 1916 4671 se
1941 4631 2026 4673 re-

432 4708 713 4779 periantur
736 4723 844 4763 non
868 4723 987 4764 esse
1011 4709 1326 4778 contraria,
1352 4708 1490 4763 sicut
1511 4724 1620 4763 non
1651 4710 1807 4764 sunt?
1833 4710 1899 4764 Et
1923 4709 2026 4771 hoc

434 4799 709 4870 quomodo
735 4799 1020 4870 reperitur,
1051 4799 1157 4854 nisi
1193 4800 1502 4861 attendatur
1539 4801 1681 4872 quod
1716 4801 1827 4871 jam
1868 4817 2028 4872 supe~

433 4893 549 4952 rius
574 4893 873 4964 disputavi,
907 4902 1032 4948 tunc
1065 4891 1134 4948 de
1172 4892 1303 4948 locis
1338 4893 1390 4948 in
1420 4894 1614 4963 quibus
1643 4909 1828 4950 sumus
1852 4936 1867 4960 ,
1895 4911 2026 4965 pre-2

433 4994 618 5046 mente
643 4985 1012 5054 persecutione
1038 4983 1344 5054 fugiendum
1371 5000 1491 5041 esse
1516 4984 1721 5042 Christi
1745 4988 2023 5053 ministris,

432 5073 654 5145 quando
690 5074 759 5129 ibi
793 5082 885 5136 aut
910 5073 1059 5144 plebs
1084 5072 1282 5132 Christi
1310 5090 1415 5130 non
1446 5076 1713 5134 fueritcui
1755 5079 2025 5134 ministres

435 5146 558 5231 tur;
589 5173 680 5220 aut
703 5165 861 5220 etiam
890 5164 1048 5231 fuerit
1070 5207 1085 5232 ,
1118 5175 1170 5221 et
1195 5173 1370 5236 potest
1395 5167 1602 5236 impleri
1631 5185 1724 5238 per
1759 5168 1894 5224 alios
1923 5185 2022 5227 ne-

437 5257 730 5312 cessarium
770 5255 1362 5328 ministerium,quibus
1391 5258 1578 5314 eadem
1611 5275 1714 5314 non
1747 5271 1830 5319 est
1866 5277 2025 5317 causa

434 5347 676 5419 fugiendi
706 5365 720 5403 :
749 5347 886 5407 sicut
907 5348 959 5402 in
982 5357 1162 5418 sporta
1197 5348 1515 5416 submissus,
1545 5351 1689 5420 quod
1715 5367 1875 5422 supra
1914 5370 2029 5410 me-

436 5441 645 5496 moravi
665 5484 681 5508 ,
710 5440 842 5512 fugit
871 5441 1160 5513 Apostolus
1180 5483 1195 5507 ,
1237 5457 1358 5497 cum
1388 5457 1419 5497 a
1443 5453 1786 5514 persecutore
1813 5449 2028 5516 proprie

436 5534 558 5603 ipse
601 5543 962 5604 quaereretur,
1010 5533 1130 5590 aliis
1169 5535 1350 5605 utique
1386 5536 1764 5592 necessitatem
1797 5538 2024 5594 similem

438 5641 548 5682 non
576 5626 924 5692 habentibus,
962 5642 992 5682 a
1033 5627 1228 5700 quibus
1264 5629 1370 5684 illic
1412 5628 1764 5692 ministerium
1789 5631 1928 5688 absit
1971 5643 2028 5688 ut

439 5723 776 5787 desereretur
811 5722 1103 5793 Ecclesiae;
1132 5723 1270 5780 sicut
1305 5725 1436 5798 fugit
1466 5733 1678 5783 sanctus
1708 5725 2027 5785 Athanasius

1656 274 1714 330 S.
1755 263 2118 330 AUCUSTINI
2155 267 2457 326 EPISCGP!

3543 266 3724 331 ‘tost’

2123 382 2518 440 Alexandrinus
2543 385 2853 457 episcopus,
2883 400 3008 442 cum
3043 399 3166 442 eum
3193 386 3494 457 specialiter
3516 403 3718 459 appre-

2123 473 2359 530 hendere
2382 473 2726 532 Constantius
2762 487 2981 548 cuperet
3019 479 3341 549 imperator,
3374 495 3714 551 nequaquam

2121 579 2154 619 a
2189 565 2400 622 caeteris
2442 566 2704 622 ministris
2740 567 2948 624 deserta
2986 569 3142 640 plebe
3183 570 3446 626 catholica
3494 588 3614 642 qua:
3659 574 3716 627 in

2121 656 2445 713 Alexandria
2469 660 2862 716 commanebat.
2889 660 3024 717 Cum
3047 670 3224 717 autem
3250 663 3403 734 plebs
3426 675 3626 730 manet,
3662 673 3719 719 et

2119 748 2352 804 ministri
2394 748 2620 822 fugiunt,
2668 752 3130 824 ministeriumque
3170 754 3538 821 subtrahitur;
3585 755 3717 825 quid

2121 839 2225 895 erit
2249 841 2352 896 nisi
2381 844 2834 898 mercenariorum
2866 843 2952 898 illa
2981 844 3100 914 fuga
3140 843 3461 901 damnabilis
3479 888 3492 910 ,
3521 845 3718 915 quibus

2120 947 2228 988 non
2271 942 2354 989 est
2401 948 2529 989 cura
2564 934 2633 990 de
2674 935 2904 990 ovibus?
2938 935 3128 992 Veniet
3175 937 3317 991 enim
3367 938 3561 1008 lupus;
3608 953 3714 992 non

2120 1025 2281 1080 homo
2301 1065 2318 1094 ,
2346 1025 2446 1082 sed
2470 1025 2736 1095 diabolus,
2767 1028 2857 1099 qui
2887 1029 3200 1100 plerumque
3228 1030 3411 1086 ﬁdeles
3439 1039 3717 1100 apostatas

2119 1130 2239 1172 esse
2273 1117 2572 1187 persuasit,
2603 1118 2796 1188 quibus
2834 1119 3199 1190 quotidianum
3230 1121 3586 1177 ministerium
3613 1121 3719 1176 do-

2117 1209 2299 1264 minici
2327 1210 2568 1280 corporis
2598 1209 2798 1278 defuit;
2829 1221 2882 1267 et
2909 1213 3100 1282 peribit
3133 1211 3376 1268 inﬁrmus
3407 1215 3458 1268 in
3487 1224 3574 1268 tua
3606 1228 3718 1268 non

2118 1301 2361 1371 scientia,
2385 1302 2484 1359 sed
2506 1303 2797 1374 ignorantia
2824 1305 3005 1370 frater,
3033 1315 3252 1377 prepter
3278 1322 3436 1376 quem
3461 1305 3717 1362 Christus

2117 1403 2360 1450 mortuus
2385 1405 2468 1451 est
2497 1396 2545 1465 (l
2565 1395 2684 1452 Cor.
2717 1413 2842 1462 Vili,
2877 1397 2987 1470 ll).

2190 1489 2242 1541 7.
2281 1488 2433 1558 Quod
2460 1498 2641 1552 autem
2663 1489 2733 1545 ad
2759 1505 2853 1544 eos
2878 1491 3097 1557 attinet,
3134 1491 3222 1561 qui
3263 1491 3323 1554 in.
3357 1490 3458 1545 hac
3504 1506 3565 1545 re
3601 1505 3712 1545 non

2116 1581 2370 1637 falluntur
2391 1597 2598 1650 errore,
2623 1582 2715 1638 sed
2743 1582 3022 1637 formidine
3045 1593 3392 1653 superantur;
3417 1598 3582 1650 quare
3605 1599 3713 1636 non

2117 1673 2296 1744 potius
2320 1682 2504 1729 contra
2532 1690 2682 1729 suum
2713 1674 2963 1728 timorem
2985 1675 3216 1731 Domino,
3241 1675 3526 1737 miserante
3551 1683 3715 1742 atque

2116 1765 2402 1836 adjuvante
2430 1767 2638 1822 fortiter
2666 1767 2952 1833 dimicant,
2996 1783 3063 1828 ne
3101 1768 3237 1822 mala
3277 1768 3394 1822 sine
3434 1784 3719 1836 compara-

2118 1856 2261 1913 tione
2287 1857 2562 1928 graviora,
2605 1874 2726 1928 quae
2767 1858 2934 1912 multo
2973 1859 3202 1928 amplius
3241 1868 3366 1914 sunt
3405 1859 3713 1922 tremenda,

2117 1947 2465 2019 contingant?
2505 1949 2590 2004 Fit
2629 1948 2733 2004 hoc
2783 1949 2868 2004 ubi
2918 1949 3010 2004 Dei
3057 1951 3291 2005 charitas
3337 1949 3557 2018 ﬂagrat,
3605 1967 3714 2005 non

2117 2040 2302 2094 mundi
2327 2040 2589 2112 cupiditas
2619 2042 2801 2096 fumat.
2830 2041 3077 2097 Charitas
3101 2043 3242 2098 enim
3269 2039 3399 2100 dicit
3427 2061 3440 2098 ε
3478 2043 3603 2109 Quis
3627 2045 3715 2097 in-

2117 2132 2385 2200 ﬁrmatur,
2417 2141 2462 2186 et
2507 2149 2608 2186 non
2648 2149 2738 2204 ego
2776 2133 3051 2204 inﬁrmor?
3074 2136 3186 2204 quis
3212 2135 3623 2202 scandalizatur,
3667 2145 3719 2193 et.

2117 2237 2219 2275 non
2249 2239 2340 2293 ego
2384 2239 2508 2277 uror
2545 2223 2625 2295 (ll
2649 2223 2767 2280 Cor.
2795 2241 2849 2279 ιι
2878 2267 2892 2289 ,
2918 2225 3052 2297 29)?
3093 2225 3197 2282 Sed
3226 2227 3458 2281 charitas
3495 2243 3560 2282 ex
3604 2229 3717 2282 Deo

2117 2323 2221 2370 est.
2252 2315 2477 2370 Oremus
2513 2331 2641 2388 ergo
2672 2327 2727 2372 ut
2754 2317 2820 2373 ab
2851 2318 2941 2374 illo
2970 2319 3144 2385 detur,
3169 2336 3199 2374 a
3227 2336 3331 2390 quo
3365 2321 3585 2391 jubetur
3613 2339 3625 2374 :
3657 2331 3719 2376 et

2117 2419 2216 2487 per
2251 2405 2387 2462 hanc
2415 2408 2583 2478 magis
2615 2408 2892 2463 timeamus
2931 2426 3000 2465 ne
3036 2424 3164 2465 oves
3188 2409 3382 2465 Christi
3424 2412 3723 2482 spiritualis

2119 2499 2368 2577 nequitiae
2398 2500 2572 2570 gladio
2618 2500 2669 2555 in
2703 2502 2899 2569 corde,
2931 2519 3088 2573 quam
3127 2519 3195 2558 ne
3231 2503 3376 2559 ferro
3405 2504 3455 2558 in
3487 2520 3720 2576 corpore

2118 2589 2484 2656 trucidentur,
2529 2590 2623 2657 ubi
2658 2593 3117 2664 quandocumque,
3162 2609 3498 2666 quocumque
3527 2596 3718 2650 mortis

2117 2696 2333 2756 genere,
2361 2682 2605 2744 morituri
2644 2693 2787 2751 sunt.
2821 2685 2986 2756 Magis
3012 2670 3293 2742 timeamus
3324 2703 3392 2742 ne
3427 2703 3587 2742 sensu
3629 2688 3716 2743 in-

2119 2775 2302 2830 teriori
2327 2784 2603 2852 corrupto,
2625 2786 2806 2846 pereat
2826 2779 3045 2844 castitas
3066 2778 3208 2845 ﬁdei,
3232 2797 3388 2850 quam
3416 2797 3482 2836 ne
3505 2781 3718 2836 femina:

2119 2865 2381 2921 violenter
2405 2877 2814 2937 constuprentur
2850 2870 2900 2932 in
2931 2886 3092 2938 carne
3127 2889 3147 2940 :g
3174 2872 3296 2942 quia
3326 2872 3575 2936 violentia
3606 2889 3718 2938 non

2119 2956 2351 3012 violatur
2378 2958 2648 3028 pudicitia,
2676 2961 2721 3016 si
2751 2970 2932 3017 mente
2957 2943 3229 3027 servatur;
3256 2965 3507 3035 quoniam
3537 2980 3635 3019 nec
3661 2965 3718 3019 in

2121 3063 2280 3104 carne
2306 3050 2547 3116 violatur,
2581 3051 2794 3122 quando
2821 3053 3064 3108 voluntas
3089 3055 3336 3124 patientis
3364 3071 3459 3110 sua
3489 3056 3719 3126 turpiter

2121 3157 2282 3198 carne
2317 3158 2425 3198 non
2459 3143 2654 3208 utitur,
2699 3145 2793 3200 sed
2824 3145 2942 3201 sine
2970 3147 3325 3202 consensione
3355 3148 3546 3203 tolerat
3569 3147 3717 3218 quod

2121 3234 2258 3289 alius
2283 3243 2552 3304 operatur.
2583 3236 2747 3306 Magis
2773 3238 3053 3293 timeamus
3074 3254 3141 3294 ne
3165 3239 3370 3309 lapides
3389 3240 3493 3294 vivi
3515 3240 3720 3294 exstin—

2123 3335 2351 3398 guantur
2373 3327 2743 3384 deserentibus
2768 3330 2951 3394 nobis,
2983 3346 3141 3399 quam
3169 3347 3236 3386 ne
3262 3331 3464 3402 lapides
3493 3341 3547 3388 et
3576 3332 3722 3402 ligna

2124 3425 2459 3483 terrenarum
2487 3419 2832 3474 aediﬁciorum
2861 3420 3212 3477 incendantur
3235 3423 3588 3492 praesentibus
3618 3438 3722 3478 no.-

2125 3508 2228 3564 bis.
2256 3508 2417 3578 Magis
2445 3509 2723 3577 timeamus
2752 3527 2820 3567 ne
2855 3514 3093 3581 membra
3123 3515 3364 3585 corporis
3397 3513 3592 3569 Christi
3627 3513 3724 3569 de-

2127 3601 2308 3657 stituta
2348 3602 2607 3680 spirituali
2646 3603 2790 3658 victu
2830 3614 3126 3680 necantur,
3167 3622 3324 3676 quam
3368 3622 3437 3661 ne
3480 3606 3722 3661 membra

2127 3693 2367 3763 corporis
2397 3693 2567 3748 nostri
2596 3711 2848 3764 oppressa
2895 3695 3072 3751 hostili
3119 3697 3317 3767 impetu
3354 3709 3722 3769 torqueantur.

2126 3781 2242 3838 Non
2268 3783 2391 3855 quia
2414 3783 2513 3837 ista
2538 3799 2643 3847 non
2667 3775 2792 3840 sunt
2817 3787 3025 3840 vitanda
3051 3804 3171 3841 cum
3203 3773 3576 3858 possuntascd
3596 3791 3723 3861 quia

2127 3877 2304 3956 potius
2346 3875 2562 3931 ferenda
2610 3888 2757 3947 sunt,
2807 3879 3019 3948 quando
3067 3882 3218 3934 vitari
3275 3882 3391 3936 sine
3448 3883 3721 3953 impietate

2127 3981 2236 4021 non
2291 3976 2554 4036 possunt:
2588 3969 2689 4035 nisi
2735 3968 2872 4024 forte
2914 3971 3193 4042 quisquam
3237 3973 3571 4029 contenderit
3613 3992 3721 4034 tum

2128 4071 2249 4112 esse
2272 4057 2572 4128 ministrum
2605 4059 2855 4130 impium,
2900 4061 2988 4130 qui
3028 4069 3150 4116 tunc
3186 4063 3451 4117 subtrahit
3483 4064 3726 4120 ministe-

2129 4149 2266 4204 rium
2290 4150 2470 4221 pietati
2500 4151 2860 4209 necessarium
2881 4193 2896 4219 ,
2927 4152 3140 4223 quando
3171 4155 3337 4227 magis
3367 4163 3448 4210 est
3475 4171 3726 4224 accessa.

2128 4244 2285 4299 rium.

2199 4337 2253 4390 8.
2286 4337 2372 4390 An
2395 4352 2499 4391 non
2527 4338 2839 4407 cogitamus,
2868 4353 2988 4393 cum
3015 4338 3089 4405 ad.
3114 4339 3332 4400 istorum
3362 4339 3724 4409 periculorum

2130 4430 2438 4506 pervenitur
2481 4440 2714 4485 extrema
2738 4473 2753 4497 ,
2786 4447 2885 4487 nec
2925 4441 3010 4496 est
3051 4441 3286 4502 potestas
3325 4433 3427 4487 ulla
3464 4433 3729 4506 fugiendi,

2129 4503 2360 4590 quantus
2388 4521 2440 4575 in
2468 4519 2706 4576 Ecclesia
2736 4521 2848 4577 ﬁeri
2878 4523 3047 4578 soleat
3068 4507 3139 4577 ab
3169 4532 3396 4594 utroque
3433 4538 3598 4586 sexu,
3640 4503 3724 4579 at-

2130 4626 2236 4684 que
2260 4611 2328 4666 ab
2358 4613 2502 4666 omni
2534 4620 2688 4668 astate
2717 4628 3035 4682 concursus;
3073 4614 3197 4686 aliis
3217 4614 3538 4685 Baptismum
3567 4615 3725 4686 ﬂagi-

2130 4689 2386 4773 tantibus,
2406 4706 2524 4760 aliis
2545 4707 3054 4772 reconciliationem,
3072 4709 3187 4763 aliis
3208 4711 3368 4764 etiam
3396 4711 3729 4779 paenitentiae

2129 4795 2297 4866 ipsius
2321 4796 2605 4860 actionem,
2633 4797 2879 4851 omnibus
2899 4799 3320 4870 consolationem
3343 4808 3397 4855 et
3421 4816 3732 4858 sacramen-

2131 4894 2305 4942 torum
2332 4887 2718 4955 confectionem
2763 4895 2818 4952 et
2849 4889 3249 4966 erogationem?
3278 4890 3381 4953 Ubi.
3414 4892 3458 4946 si
3490 4893 3729 4964 ministri

2132 4977 2339 5048 desint,
2370 4987 2624 5050 quantum
2663 4980 2880 5034 exitium
2919 4981 3159 5050 sequitur
3195 4997 3322 5048 eos,
3371 4984 3460 5053 qui
3505 4983 3573 5039 de
3621 4984 3730 5039 isto

2133 5072 2330 5127 saeculo
2367 5073 2449 5126 vel
2475 5087 2582 5126 non
2609 5074 2905 5142 regenerati
2930 5082 3126 5134 exeunt
3154 5075 3237 5128 vel
3275 5074 3452 5146 ligati!
3492 5084 3730 5146 quantus

2135 5174 2218 5228 est
2243 5165 2401 5219 etiam
2433 5164 2604 5219 luctus
2643 5164 2877 5220 ﬁdelium
2903 5181 3120 5220 suorum
3142 5207 3160 5234 ,
3195 5168 3287 5238 qui
3325 5184 3421 5223 eos
3456 5185 3640 5224 secum
3672 5171 3728 5224 in

2135 5258 2258 5311 vita:
2287 5267 2501 5311 aeternae
2539 5258 2724 5327 requie
2761 5274 2870 5313 non
2907 5258 3206 5316 habebunt!
3241 5273 3468 5332 quantus
3493 5244 3727 5334 denique

2137 5352 2365 5421 gemitus
2387 5350 2660 5416 omnium,
2697 5358 2751 5406 et
2775 5352 3126 5422 quorumdam
3161 5364 3356 5424 quanta
3396 5356 3723 5426 blasphemia

2137 5443 2206 5497 de
2231 5441 2469 5513 absentia
2497 5441 2910 5497 ministeriorum
2934 5451 2990 5509 et
3012 5445 3406 5502 ministrorum!
3444 5447 3572 5504 Vide
3597 5449 3724 5517 quid

2137 5533 2296 5592 faciat
2325 5535 2582 5589 malorum
2614 5536 2986 5604 temporalium
3026 5537 3215 5602 timor,
3255 5548 3308 5593 et
3345 5549 3540 5610 quanta
3580 5541 3630 5594 in
3661 5558 3728 5593 eo

2135 5632 2206 5686 sit
2228 5630 2508 5700 τις(ιυίμῆἱο
2535 5630 2794 5685 malorum
2823 5640 3163 5686 aeternorum.
3196 5633 3258 5688 Si
3285 5643 3462 5688 autem
3495 5633 3726 5697 ministri

2136 5726 2343 5794 adsint,
2392 5740 2488 5795 pro
2529 5723 2731 5780 viribus
2762 5739 2892 5795 quas
2928 5726 3007 5781 eis
3043 5725 3298 5782 Dominus
3336 5725 3729 5799 subministrat,
