4084 6332
314 370 451 427 1017

309 480 560 539 omnibus
583 476 891 535 subvenitur
918 492 930 530 :
954 474 1042 530 alii
1063 473 1418 545 baptizautur,
1441 472 1528 525 alii
1550 472 1900 527 reconcilian-

308 582 417 639 tur,
446 570 576 625 nulli
608 568 865 624 Dominici
895 566 1136 635 corporis
1158 562 1535 619 communione
1564 561 1896 627 fraudantur,

306 677 495 719 omnes
513 659 879 725 consolantur,
907 656 1254 721 aedificantur,
1271 655 1638 719 exhortantur,
1658 660 1715 706 ut
1734 653 1897 705 Deum

305 762 518 826 rogent,
542 752 633 823 qui
661 760 850 821 potens
869 757 952 805 est
971 748 1149 803 omnia
1171 762 1291 818 qua:
1317 747 1588 811 timentur,
1618 752 1894 808 avertere;

305 844 478 917 parati
501 843 568 898 ad
597 852 912 912 utrumque,
945 848 1004 895 ut
1029 840 1075 895 si
1105 854 1211 894 non
1243 846 1419 909 potest
1444 837 1513 890 ab
1534 836 1615 891 eis
1636 834 1771 890 calix
1798 835 1898 889 iste

307 936 558 1002 transire,
591 934 681 987 fiat
704 932 950 987 voluntas
974 930 1089 1001 ejus
1116 928 1331 1006 (Matth.
1360 943 1505 992 xxvi,
1532 922 1625 1000 42)
1657 926 1745 996 qui
1772 925 1896 981 mali

304 1026 505 1097 aliquid
532 1040 636 1080 non
669 1031 844 1094 potest
866 1023 1025 1078 velle.

376 1118 431 1174 9.
480 1117 639 1173 Certe
669 1116 778 1186 jam
820 1114 970 1170 vides
993 1112 1136 1185 quod
1162 1120 1215 1168 te
1239 1111 1529 1181 scripseras
1556 1125 1662 1165 non
1689 1108 1891 1176 videre,

302 1220 559 1283 quantum
599 1209 724 1266 boni
771 1215 1166 1278 consequantur
1212 1206 1394 1277 populi
1424 1204 1735 1267 Christiani.
1766 1204 1811 1257 si
1839 1205 1893 1257 in

299 1301 652 1373 pncsentibus
682 1300 836 1356 malis
880 1314 986 1354 non
1012 1298 1092 1354 eis
1136 1298 1277 1353 desit
1312 1297 1591 1368 prmsentia
1617 1296 1892 1351 ministro-

300 1410 419 1449 rum
461 1393 661 1448 Christi
696 1410 710 1446 :
737 1406 964 1462 quorum
989 1389 1139 1445 vides
1164 1391 1322 1444 etiam
1350 1397 1605 1460 quantum
1631 1388 1772 1442 obsit
1793 1387 1891 1442 ab-

300 1489 493 1552 sentia,
520 1487 645 1541 dum
671 1501 766 1541 sua
806 1492 1051 1555 quzerunt
1075 1498 1180 1538 non
1202 1498 1321 1553 qua:
1349 1482 1477 1538 Jesu
1500 1480 1698 1536 Christi
1723 1480 1739 1550 (
1764 1479 1892 1534 Phi-

300 1582 430 1652 lipp.
460 1597 519 1646 ιι,
540 1580 602 1634 2i
636 1576 696 1651 );
747 1593 845 1634 nec
898 1577 1098 1632 habent
1136 1576 1280 1631 illam
1325 1574 1394 1630 de
1430 1589 1535 1645 qua
1561 1573 1759 1628 dictum
1786 1580 1885 1636 est,

305 1674 431 1729 Non
453 1673 630 1743 qua’rit
648 1688 759 1743 qua:
781 1687 874 1725 sua
902 1677 1018 1724 sunt
1039 1666 1057 1742 (
1083 1669 1103 1724 ι
1130 1667 1249 1723 Cor.
1269 1682 1387 1732 xm,
1411 1665 1482 1735 5)
1508 1682 1523 1731 ;
1555 1680 1654 1720 nec
1674 1664 1888 1719 imitan-

300 1778 387 1822 tur
415 1782 535 1822 eum
577 1767 667 1835 qui
691 1764 844 1827 dixit,
888 1761 1009 1816 Non
1034 1777 1264 1828 quaerens
1288 1759 1425 1830 quod
1450 1759 1575 1812 mihi
1620 1757 1761 1824 utile,
1799 1756 1889 1812 sed

298 1857 434 1929 quod
453 1855 641 1921 multis,
662 1864 717 1908 ut
742 1855 869 1909 salvi
885 1855 1014 1923 ﬁant
1032 1852 1153 1923 (Id.
1172 1870 1229 1919 x,
1252 1853 1322 1907 '53
1338 1851 1377 1922 ).
1402 1850 1503 1919 Qui
1523 1850 1682 1906 etiam
1708 1864 1888 1919 perse-

303 1949 505 2004 cutoris
548 1948 803 2017 principis
842 1947 983 2011 illius
1012 1946 1230 2001 insidias
1273 1960 1378 2000 non
1426 1945 1665 2014 fugisset,
1698 1945 1797 1998 nisi
1828 1958 1888 1999 se

300 2041 418 2094 aliis
444 2039 635 2110 quibus
664 2038 993 2094 necessarius
1023 2046 1158 2103 erat,
1188 2052 1403 2091 servare
1428 2036 1687 2091 voluisset
1715 2054 1727 2089 :
1759 2051 1886 2106 pro-

297 2143 422 2209 pter
450 2130 588 2201 quod
619 2130 712 2196 ait,
756 2128 1043 2199 Compellor
1070 2136 1239 2182 autem
1278 2144 1342 2181 ea:
1376 2127 1572 2181 duobus
1599 2142 1618 2180 :
1644 2127 1886 2195 concupi-

296 2225 538 2277 scentiam
559 2223 744 2277 habens
765 2222 969 2277 dissolvi
986 2231 1033 2277 et
1059 2238 1165 2276 esse
1178 2237 1294 2275 cum
1309 2219 1527 2286 Christo,
1547 2220 1706 2275 multo
1726 2221 1889 2292 magis

298 2319 583 2396 Optimum;
610 2332 809 2370 manere
833 2325 1001 2370 autem
1034 2315 1089 2369 in
1110 2331 1282 2383 carne,
1313 2314 1649 2369 necessarium
1680 2323 1887 2385 propter

298 2409 428 2481 νος(
461 2410 690 2481 Philipp.
724 2425 762 2475 ι,
790 2409 863 2464 25
884 2410 923 2479 ).

375 2500 465 2555 10.
501 2500 597 2554 llic
624 2500 759 2554 forte
791 2499 910 2569 quis
934 2498 1077 2553 dicat
1106 2498 1223 2554 ideo
1249 2498 1445 2555 debere
1486 2499 1582 2555 Dei
1613 2499 1886 2554 ministros

300 2590 484 2660 fugere
511 2590 703 2644 talibus
723 2588 1120 2644 imminentibus
1168 2588 1344 2655 malis,
1374 2597 1432 2644 ut
1460 2605 1518 2644 se
1539 2603 1636 2659 pro
1661 2589 1885 2644 utilitate

299 2684 555 2755 Ecclesiae
595 2683 918 2752 temporibus
956 2680 1409 2752 tranquillioribus
1446 2688 1680 2737 servent.
1719 2681 1884 2736 Recte

298 2777 401 2831 hoc
426 2775 483 2830 ﬁt
503 2774 885 2846 aquibusdam,
932 2774 1143 2844 quando
1168 2789 1273 2828 non
1304 2773 1497 2828 desunt
1516 2773 1605 2827 alii
1626 2789 1721 2843 per
1751 2788 1884 2843 quos

297 2864 1033 2936 suppleaturecclesiasticum
1058 2864 1429 2926 ministerium.
1454 2879 1521 2920 ne
1540 2864 1608 2920 ab
1637 2864 1884 2919 omnibus

297 2958 580 3027 deseratur
605 2976 620 3023 ;
649 2956 789 3028 quod
823 2956 1011 3011 fecisse
1041 2956 1387 3012 Athanasium
1418 2973 1577 3027 supra
1603 2957 1835 3012 diximus
1867 2975 1881 3010 :

297 3065 421 3111 nam
452 3059 701 3120 quantum
726 3048 1079 3104 necessarium
1106 3048 1266 3103 fuerit
1289 3049 1567 3114 Ecclesim,
1598 3057 1884 3119 quantum-

296 3157 402 3212 que
428 3140 702 3210 profuerit,
736 3140 875 3210 quod
917 3140 996 3194 vir
1018 3140 1105 3195 ille
1148 3140 1344 3194 mansit
1368 3140 1419 3194 in
1448 3155 1629 3205 carne,
1663 3141 1887 3195 catholi-

296 3248 359 3291 ca
391 3232 520 3287 fides
562 3232 724 3297 novit,
754 3246 873 3302 quze
911 3230 1166 3286 adversus
1200 3232 1424 3285 Arianos
1468 3230 1748 3286 luereticos
1791 3247 1885 3286 ore

302 3324 448 3379 illius
475 3334 527 3379 et
556 3340 737 3379 amore
757 3324 971 3379 defensa
1002 3334 1102 3379 est.
1131 3320 1236 3379 Sed
1263 3324 1476 3394 quando
1493 3333 1575 3379 est
1602 3338 1884 3379 commune

296 3416 620 3486 periculum,
663 3416 935 3485 magisque
961 3415 1255 3470 timendum
1299 3424 1385 3469 est
1415 3430 1483 3470 ne
1522 3416 1800 3485 quisquam
1832 3415 1883 3469 id

295 3506 477 3563 facere
505 3507 774 3573 credatur,
809 3522 915 3562 non
944 3508 1256 3566 consulendi
1285 3509 1575 3573 voluntate,
1606 3508 1700 3563 sed
1724 3509 1884 3562 timo-

297 3614 359 3656 re
379 3598 657 3663 moriendi,
692 3599 964 3669 magisque
1000 3598 1234 3670 fugiendi
1264 3600 1405 3656 obsit
1428 3601 1694 3671 exemplo,
1724 3616 1882 3671 quam

297 3690 726 3760 vivendiprosit
767 3690 966 3758 officio,
1017 3691 1159 3745 nulla
1184 3692 1393 3746 ratione
1438 3690 1733 3746 faciendum
1779 3700 1881 3746 est.

296 3782 538 3853 Denique
560 3792 774 3843 sanctus
802 3783 988 3849 David,
1030 3798 1098 3838 ne
1146 3798 1205 3838 se
1250 3785 1610 3840 committeret
1635 3785 1885 3854 periculis

297 3876 622 3944 praeliorum,
648 3885 701 3930 et
716 3874 957 3932 fortassis
986 3878 1404 3948 exstingueretur,
1424 3879 1561 3933 sicut
1587 3879 1656 3933 ibi
1685 3878 1883 3933 dictum

295 3977 396 4033 est,
428 3967 636 4023 lucerna
661 3966 827 4023 Israel
849 3968 923 4040 (ll
950 3968 1079 4039 Reg.
1110 3986 1190 4035 ιι,
1223 3970 1347 4041 l7),
1374 3986 1403 4024 a
1426 3971 1536 4025 suis
1562 3971 1665 4026 hoc
1693 3980 1882 4040 peteno

300 4060 440 4115 tibus
468 4061 717 4130 sumpsit,
739 4076 843 4114 non
877 4062 989 4131 ipse
1021 4063 1359 4131 praesumpsit
1388 4078 1403 4127 ;
1433 4063 1665 4133 alioquin
1688 4064 1885 4119 multos

296 4151 595 4207 imitatores
622 4152 836 4207 fecisset
864 4152 1109 4221 ignaviaz,
1136 4153 1225 4222 qui
1246 4169 1368 4207 eum
1388 4153 1787 4208 crederenthoc
1811 4156 1886 4209 fe-

294 4246 437 4299 cisse
479 4260 586 4299 non
629 4243 1057 4299 consideratione
1087 4243 1328 4299 utilitatis
1370 4245 1615 4311 alterum,
1650 4244 1748 4300 sed
1774 4259 1885 4300 sua:

294 4338 692 4407 perturbatione
722 4337 1034 4393 formidinis.

369 4431 456 4484 ll.
485 4428 730 4484 Occurrit
756 4437 932 4483 autem
976 4428 1078 4482 alia
1106 4427 1332 4499 quaestio
1379 4442 1538 4499 quam
1572 4437 1885 4485 contemne-

296 4537 356 4576 re
383 4537 492 4575 non
511 4520 785 4576 debemus.
812 4519 867 4574 Si
894 4520 1035 4574 enim
1065 4519 1181 4577 haec
1210 4520 1406 4575 utilitas
1435 4520 1749 4591 negligenda
1775 4537 1881 4577 non

296 4621 399 4678 est,
432 4622 483 4666 ut
525 4612 684 4680 aliqui
735 4610 961 4665 ministri
1009 4619 1291 4681 propterea
1342 4611 1546 4682 fugiant
1572 4612 1884 4669 imminente

295 4705 469 4774 aliqua
499 4706 762 4769 vastitate,
798 4714 855 4759 ut
890 4714 1173 4759 serventur
1197 4706 1285 4775 qui
1313 4706 1619 4762 ministrent
1646 4709 1725 4759 eis
1750 4725 1885 4780 quos

296 4807 412 4867 post
447 4798 587 4851 illam
620 4797 830 4852 cladem
873 4797 1116 4853 residuos
1146 4800 1413 4868 potuerint
1450 4802 1726 4870 invenire;
1758 4805 1881 4875 quid

296 4889 388 4943 fiet
410 4888 497 4941 ubi
526 4903 714 4948 omnes
742 4888 988 4943 videntur
1018 4890 1299 4957 interituri,
1328 4892 1427 4947 nisi
1452 4893 1613 4963 aliqui
1635 4894 1883 4965 fugiant?

294 4979 421 5050 quid
470 4979 515 5033 si
554 4980 693 5035 enim
738 4979 995 5035 hactenus
1021 4983 1203 5036 sariat
1229 4982 1314 5036 illa
1343 4986 1624 5053 pernicies,
1658 4996 1715 5043 ut
1741 4988 1884 5043 solos

294 5073 567 5127 ministros
616 5072 871 5127 Ecclesiae
920 5075 1305 5142 persequatur?
1351 5076 1484 5143 Quid
1511 5078 1790 5134 dicemus?
1815 5095 1883 5135 an

294 5164 640 5235 relinquenda
669 5173 751 5218 est
774 5179 802 5216 a
831 5163 1091 5218 ministris
1115 5164 1435 5235 fugientibus
1456 5168 1716 5234 Ecclesia,
1744 5186 1810 5226 ne
1852 5187 1883 5225 a

294 5256 644 5318 morientibus
665 5255 1029 5311 miserabilius
1052 5258 1418 5328 relinquatur?
1443 5260 1546 5315 Sed
1569 5262 1613 5316 si
1635 5263 1751 5318 laici
1776 5279 1882 5319 non

294 5357 605 5419 qumruutur
621 5347 686 5401 ad
712 5356 959 5412 mortem,
980 5358 1203 5417 possunt
1223 5352 1494 5407 occultare
1529 5370 1740 5425 quoque
1766 5373 1883 5411 mo-

293 5441 364 5493 do
388 5439 668 5509 episcopos
690 5448 745 5494 et
789 5438 1017 5494 clericos
1043 5455 1189 5505 suos,
1231 5441 1367 5496 sicut
1392 5444 1481 5498 ille
1528 5444 1796 5515 adjuverit
1826 5450 1879 5504 in

293 5530 445 5599 cujus
470 5540 729 5600 potestate
757 5541 882 5584 sunt
910 5532 1106 5595 omnia,
1137 5533 1223 5601 qui
1257 5542 1429 5602 potest
1449 5542 1504 5589 et
1532 5552 1634 5591 non
1674 5538 1881 5609 fugien-

299 5633 412 5676 tem
444 5638 534 5690 per
573 5622 869 5677 mirabilem
914 5639 1236 5681 conservare
1277 5629 1589 5696 potentiam.
1621 5630 1727 5687 Sed
1762 5632 1882 5688 ideo

294 5718 585 5787 qumrimus
613 5717 737 5787 quid
774 5734 874 5772 nos
904 5719 1079 5775 facere
1099 5720 1407 5789 debeamus,
1440 5739 1508 5778 ne
1551 5723 1601 5778 in
1632 5726 1882 5782 omnibus

296 5809 657 5886 exspectando
702 5810 879 5868 divina
909 5814 1160 5870 miracula
1191 5824 1395 5874 tentare
1430 5818 1710 5876 Dominum
1730 5819 1876 5893 judi-

1448 358 1925 416 EPISTOLARUM
1966 357 2243 416 CLASSIS
2280 357 2368 415 lll.

3458 357 3595 417 l0l8

2006 485 2214 527 remur.
2252 471 2370 528 Non
2401 471 2613 543 quidem
2661 471 2781 527 talis
2803 478 2886 528 est
2910 470 3011 527 ista
3043 479 3349 543 tempestas,
3376 474 3591 545 quando

2007 563 2263 619 laicorum
2285 572 2339 620 et
2362 565 2676 620 clericorum
2701 573 2783 619 est
2815 579 3099 619 commune
3113 563 3428 633 periculum,
3452 566 3589 620 sicut

2006 656 2058 710 in
2083 656 2200 710 navi
2219 672 2320 711 una
2341 672 2622 712 commune
2638 655 2927 727 periculum
2947 663 3031 711 est
3050 665 3405 711 mercatorum
3423 665 3586 727 atque

2004 755 2307 801 nautarum.
2336 744 2532 802 Verum
2562 747 2701 801 absit
2725 755 2781 801 ut
2797 745 2927 801 tanti
2954 745 3231 815 pendenda
3254 746 3322 800 sit
3342 745 3459 800 haec
3484 763 3581 801 na-

2003 839 2085 893 vis
2100 846 2302 905 nostra,
2326 846 2383 892 ut
2411 838 2639 893 debeant
2662 853 2781 893 eam
2814 846 3006 903 nautre,
3047 846 3101 891 et
3131 838 3359 892 maxime
3382 838 3580 908 guber—

2002 939 2174 994 nator,
2207 929 2590 998 periclitantem
2644 929 2915 993 deserere,
2970 928 3177 982 etiamsi
3227 928 3277 981 iu
3326 929 3577 997 scapham

1934 1049 1939 1054 -
2003 1022 2349 1077 transiliendo
2374 1022 2457 1076 vel
2484 1022 2642 1077 etiam
2671 1020 2902 1075 natando
2940 1020 3142 1089 possint
3166 1018 3415 1089 effugere.
3446 1020 3577 1087 Qui--

1999 1114 2099 1170 bus
2142 1115 2283 1169 enim
2325 1114 2610 1168 metuimus
2652 1127 2718 1167 ne
2768 1118 2946 1166 nostra
2981 1110 3284 1165 desertione
3337 1120 3576 1177 pereant,

2000 1223 2104 1262 non
2128 1206 2471 1276 temporalem
2489 1214 2736 1269 mortem,
2756 1218 2875 1274 quze
2894 1203 3211 1273 quandoque
3236 1211 3455 1257 ventura
3477 1210 3579 1266 est,

1998 1299 2092 1353 sed
2118 1307 2395 1363 asternam,
2426 1311 2545 1365 quze
2564 1302 2758 1367 potest,
2790 1295 2835 1349 si
2863 1308 2969 1349 non
2998 1301 3269 1357 caveatur,
3294 1292 3495 1359 venire,
3526 1301 3583 1348 et

2000 1403 2190 1465 potest,
2222 1397 2266 1449 si
2296 1401 2565 1460 caveatur,
2620 1395 2779 1448 etiam
2822 1409 2926 1448 non
2955 1394 3155 1459 venire,
3187 1393 3489 1448 metuimus.
3523 1390 3583 1444 ln

1996 1487 2266 1543 communi
2293 1495 2469 1541 autem
2494 1486 2731 1556 periculo
2750 1487 2872 1540 vita!
2894 1486 3048 1555 hujus
3073 1502 3169 1540 cur
3188 1486 3577 1551 existimamus,

1997 1579 2314 1649 ubicumque
2344 1578 2500 1633 fuerit
2524 1578 2730 1633 hostilis
2772 1579 3033 1644 incursus,
3061 1592 3250 1632 omnes
3274 1576 3499 1633 clericos
3523 1587 3579 1631 et

1996 1685 2103 1724 non
2134 1670 2292 1725 etiam
2343 1685 2533 1725 omnes
2580 1670 2741 1725 laicos
2783 1684 2903 1724 esse
2956 1669 3265 1735 morituros,
3316 1677 3373 1722 ut
3419 1668 3576 1723 simul

1996 1762 2179 1816 finiant
2206 1761 2342 1816 hanc
2356 1762 2538 1827 vitam,
2561 1763 2643 1816 cui
2665 1771 2790 1816 sunt
2810 1760 2991 1816 clerici
3013 1760 3337 1814 necessarii?
3363 1768 3453 1813 aut
3478 1776 3573 1814 cur

1994 1870 2101 1909 non
2124 1870 2401 1925 speremus
2425 1856 2561 1911 sicut
2598 1855 2762 1911 laicos
2790 1855 3031 1924 aliquos,
3062 1855 3139 1908 sic
3164 1854 3323 1908 etiam
3353 1853 3576 1909 clericos

1993 1960 2352 2012 remansuros,
2380 1961 2409 1999 a
2458 1946 2649 2017 quibus
2696 1945 2775 2000 eis
2812 1945 3171 2001 necessarium
3223 1944 3574 1998 ministerium

1992 2038 2168 2093 valeat
2187 2037 2424 2093 exhiberi
2447 2039 2471 2093 ?

2066 2127 2155 2182 12.
2186 2128 2519 2199 Quanquam.
2547 2146 2580 2183 ο
2607 2130 2653 2185 si
2690 2129 2831 2184 inter
2862 2127 2952 2181 Dei
2975 2127 3248 2183 ministros
3279 2125 3402 2180 inde
3428 2124 3582 2180 sitdi-

1994 2220 2275 2288 sceptatio,
2328 2220 2417 2290 qui
2444 2234 2630 2275 eorum
2674 2228 2945 2286 maneant,
2979 2235 3046 2273 ne
3087 2218 3208 2288 fuga
3250 2218 3582 2283 omnium,et

1993 2310 2081 2378 qui
2107 2323 2291 2364 eorum
2315 2309 2539 2380 fugiant,
2566 2326 2633 2365 ne
2652 2321 2824 2365 morte
2845 2310 3080 2364 omnium
3098 2309 3373 2364 deseratur
3394 2308 3580 2362 Eccle—

1993 2402 2069 2455 sia
2097 2403 2109 2455 l
2142 2402 2270 2458 Tale
2298 2404 2494 2473 quippe
2522 2414 2791 2460 certamen
2819 2405 2923 2459 erit
2946 2405 3084 2458 inter
3103 2419 3218 2467 eos,
3248 2403 3335 2456 ubi
3364 2402 3581 2471 utrique

1997 2491 2237 2548 ferveant
2263 2494 2541 2561 charitate,
2569 2504 2623 2550 et
2647 2496 2856 2567 utrique
2881 2497 3124 2565 placeant
3150 2494 3417 2549 charitati.
3443 2493 3574 2559 Qua:

1992 2585 2305 2656 disceptatio
2329 2588 2372 2641 si
2404 2588 2560 2642 aliter
2602 2603 2710 2642 non
2735 2588 2970 2657 potuerit
2994 2585 3287 2652 terminari,
3319 2592 3580 2654 quantum

1992 2678 2121 2731 mihi
2149 2678 2375 2745 videtur,
2403 2679 2492 2749 qui
2521 2688 2772 2734 maneant
2793 2690 2848 2734 et
2867 2680 2954 2749 qui
2975 2678 3197 2747 fugiant,
3218 2685 3368 2731 sorte
3396 2676 3579 2744 legem

1991 2770 2045 2824 di
2075 2778 2218 2825 sunt.
2249 2770 2348 2837 Qui
2384 2772 2524 2826 enim
2555 2771 2791 2826 dixerint
2831 2786 2892 2826 se
2919 2771 3095 2841 potius
3139 2769 3319 2838 fugere
3349 2766 3577 2831 debere,

1991 2871 2083 2916 aut
2104 2862 2275 2917 timidi
2319 2863 2660 2929 videbuntur,
2707 2863 2831 2934 quia
2881 2863 3167 2917 imminens
3196 2860 3393 2915 malum
3421 2858 3580 2912 susti-

1992 2971 2121 3011 nere
2169 2956 2493 3022 noluerunt;
2545 2964 2637 3010 aut
2664 2962 2996 3026 arrogantes,
3024 2954 3147 3025 quia
3175 2968 3233 3007 se
3275 2950 3444 3020 magis
3487 2949 3579 3019 qui

1991 3047 2239 3102 servandi
2289 3056 2510 3115 essent,
2567 3047 2898 3103 necessarios
2942 3045 3193 3101 Ecclesiae
3248 3042 3573 3113 iudicarunt.

1992 3139 2211 3204 Deinde,
2232 3139 2468 3195 fortassis
2494 3141 2526 3194 ii
2556 3143 2644 3210 qui
2675 3140 2924 3195 meliores
2943 3146 3088 3204 sunt,
3120 3138 3317 3207 eligent
3340 3150 3433 3205 pro
3459 3135 3574 3189 fra-

1994 3233 2161 3287 tribus
2190 3233 2396 3288 auimas
2448 3247 2687 3301 ponere;
2718 3240 2771 3287 et
2803 3231 2855 3285 hi
2904 3230 3260 3285 servabuntur
3299 3226 3572 3298 fugiendo,

1990 3339 2215 3393 quorum
2246 3332 2328 3379 est
2374 3324 2550 3377 minus
2578 3323 2723 3377 utilis
2752 3324 2878 3389 vita,
2910 3323 3034 3392 quia
3064 3322 3240 3375 minor
3262 3316 3573 3374 consulendi

1991 3426 2043 3468 et
2071 3413 2400 3484 gubernandi
2432 3415 2619 3485 peritia
2643 3433 2655 3466 :
2684 3414 2772 3483 qui
2801 3422 2979 3468 tamen
3001 3413 3047 3468 si
3074 3412 3158 3481 pie
3185 3410 3417 3479 sapiunt,
3444 3424 3576 3464 cono

1993 3506 2253 3560 tradicent
2278 3506 2355 3560 eis
2380 3521 2515 3575 quos
2531 3505 2710 3560 vident
2735 3514 2791 3560 et
2813 3505 2997 3559 vivere
3027 3503 3200 3573 potius
3227 3508 3498 3571 Oportere,
3522 3509 3584 3554 et

1991 3599 2158 3669 magis
2186 3599 2319 3652 mori
2345 3599 2506 3653 malle
2530 3614 2687 3669 quam
2718 3598 2917 3669 fugere.
2954 3596 3101 3664 Ideo,
3129 3596 3265 3651 sicut
3307 3595 3571 3664 scriptum

1991 3700 2093 3758 est,
2126 3691 2561 3747 Contradictiones
2588 3691 2731 3745 sedat
2758 3691 2973 3755 sortitio,
3005 3699 3051 3743 et
3087 3690 3216 3743 inter
3242 3696 3463 3759 potentes
3489 3688 3579 3741 de-

1992 3785 2141 3858 ﬁnit(
2175 3785 2327 3840 Prov.
2358 3802 2511 3851 xvut,
2540 3786 2608 3841 l8
2629 3785 2647 3857 )
2672 3802 2684 3839 :
2715 3784 2908 3840 melius
2935 3784 3077 3839 enim
3105 3784 3245 3838 Deus
3262 3785 3314 3838 in
3342 3781 3583 3852 hujusce~

1991 3878 2133 3933 modi
2154 3878 2485 3948 ambagibus,
2514 3892 2674 3948 quam
2699 3876 2965 3944 homines,
2992 3875 3227 3946 iudicat;
3257 3875 3370 3929 sive
3390 3874 3577 3944 digne-

1991 3977 2078 4022 tur
2101 3968 2167 4023 ad
2205 3969 2467 4038 passionis
2512 3967 2741 4022 fructum
2772 3982 2967 4021 vocare
2993 3966 3241 4021 meliores
3275 3973 3331 4019 et
3356 3976 3578 4033 parcere

1993 4060 2239 4125 inﬁrmis,
2272 4060 2384 4115 sive
2422 4060 2555 4113 istos
2583 4058 2761 4113 facere
2787 4059 2855 4113 ad
2888 4058 3023 4112 mala
3051 4056 3362 4127 perferenda
3392 4055 3581 4110 fortio-

1991 4166 2099 4218 res,
2129 4161 2183 4206 et
2222 4151 2345 4205 huic
2373 4152 2495 4205 vita:
2534 4150 2868 4215 subtrahere,
2901 4163 3127 4218 quorum
3154 4162 3258 4201 non
3288 4154 3461 4216 potest
3486 4145 3579 4199 Dei

1992 4242 2244 4297 Ecclesiae
2277 4251 2477 4296 tantum
2502 4249 2755 4312 quantum
2782 4241 2995 4297 illorum
3023 4241 3130 4293 vita
3159 4237 3432 4308 prodesse.
3474 4237 3583 4290 Res

1991 4332 2204 4402 quidem
2234 4332 2324 4387 fiet
2349 4333 2523 4387 minus
2554 4332 2766 4399 usitata,
2799 4331 2844 4385 si
2885 4330 2975 4384 fiat
3002 4330 3102 4386 ista
3136 4327 3343 4383 sortitio
3375 4348 3387 4383 :
3417 4327 3510 4383 sed
3533 4328 3580 4382 si

1992 4422 2129 4477 facta
2154 4421 2331 4483 fuerit.
2363 4422 2482 4492 quis
2503 4437 2621 4478 eam
2648 4420 3039 4491 reprehendere
3055 4418 3300 4474 audebit?
3326 4417 3454 4485 Quis
3473 4433 3579 4471 non

1992 4528 2133 4578 eam,
2163 4514 2263 4569 nisi
2286 4514 2583 4584 imperitus,
2616 4521 2708 4567 aut
2728 4512 2955 4577 invidus,
2985 4526 3221 4581 congrua
3249 4510 3581 4580 prazdicatio-

1992 4620 2060 4659 ne
2113 4603 2349 4658 laudabit
2377 4605 2400 4657 ?
2445 4604 2594 4672 Quod
2622 4604 2666 4658 si
2695 4619 2800 4657 non
2837 4603 3006 4672 placet
3032 4603 3227 4667 facere,
3275 4600 3425 4670 cujus
3453 4599 3577 4655 facti

1991 4714 2097 4753 non
2122 4700 2355 4754 occurrit
2379 4697 2701 4767 exemplum,
2734 4697 2933 4751 nullius
2962 4696 3079 4766 fuga
3110 4694 3267 4749 faciat
3294 4682 3352 4748 ut
3385 4694 3572 4748 Eccle-

1991 4791 2085 4844 sia:
2116 4774 2491 4856 ministerium,
2524 4789 2755 4844 maxime
2776 4789 2829 4842 in
2855 4789 3013 4842 tantis
3041 4786 3290 4857 periculis
3331 4801 3583 4841 necessa—

1990 4883 2129 4938 rium
2177 4897 2240 4938 ac
2280 4882 2537 4947 debitum,
2589 4882 2745 4937 desit.
2794 4883 2960 4937 Nemo
3002 4882 3268 4952 excipiat‘
3301 4896 3581 4953 personam

1991 4988 2169 5041 suam,
2196 4981 2255 5029 ut
2300 4974 2344 5027 si
2387 4973 2564 5043 aliqua
2616 4974 2781 5044 gratia
2808 4973 3017 5028 videtur
3064 4974 3352 5037 excellere,
3379 4972 3498 5027 ideo
3525 4986 3583 5025 se

1990 5067 2131 5122 dicat
2156 5067 2285 5133 vita,
2334 5075 2389 5121 ct
2417 5066 2486 5119 ob
2523 5066 2625 5122 hoc
2653 5065 2797 5138 fuga,
2842 5083 2963 5122 esse
2989 5067 3305 5137 digniorem.
3330 5064 3582 5134 Quisquis

1992 5160 2133 5213 enim
2165 5158 2267 5212 hoc
2304 5166 2472 5228 putat,
2500 5159 2720 5213 nimium
2766 5160 2864 5213 sibi
2894 5160 3104 5228 placet:
3133 5159 3373 5230 quisquis
3401 5167 3581 5213 autem

1991 5254 2149 5308 etiam
2178 5252 2280 5306 hoc
2305 5252 2453 5316 dicit,
2484 5252 2729 5307 omnibus
2746 5252 3009 5322 displicet.

2065 5345 2151 5398 15.
2184 5343 2320 5399 Sunt
2340 5360 2467 5398 sane
2489 5344 2575 5414 qui
2606 5344 2930 5397 arbitrantur
2951 5345 3232 5415 episcopos
3261 5350 3317 5397 et
3351 5342 3577 5397 clericos

1994 5452 2097 5490 non
2121 5435 2379 5505 fugientes
2401 5436 2452 5489 in
2471 5435 2661 5491 talibus
2684 5436 2950 5505 periculis,
2970 5436 3063 5491 sed
3088 5442 3381 5499 manentes,
3403 5433 3578 5487 facere

1994 5540 2050 5582 ut
2078 5529 2261 5599 plebes
2291 5527 2641 5599 decipiantur,
2695 5544 2816 5582 cum
2872 5527 2993 5582 ideo
3048 5542 3150 5580 non
3195 5524 3423 5596 fugiunt,
3455 5526 3575 5594 quia

1993 5635 2209 5674 manere
2238 5635 2364 5674 suos
2395 5620 2706 5689 praepositos
2726 5628 2972 5674 cernunt.
3001 5618 3103 5674 Sed
3133 5618 3287 5673 facile
3325 5626 3408 5673 est
3438 5617 3574 5672 hanc

1992 5709 2400 5781 responsionem
2421 5711 2498 5766 vel
2526 5710 2775 5764 invidiam
2798 5711 3085 5779 declinare,
3108 5709 3426 5781 alloquendo
3444 5724 3568 5774 cas-

2057 5834 2073 5865 ι
2110 5840 2286 5884 Decem
2311 5839 2438 5897 Mss,
2462 5830 2682 5898 accipiat.
