4084 6332
515 347 649 407 1019

511 467 632 521 dem
662 459 860 532 plebes,
893 464 1050 525 atque
1094 447 1355 506 dicendo:
1383 443 1498 499 Non
1521 454 1617 495 vos
1654 437 1897 507 decipiat,
1938 434 2081 532 quod

509 559 579 614 de
605 527 724 611 loco
750 552 849 606 isto
875 564 979 603 non
1010 545 1235 615 fugimus
1262 556 1275 592 :
1307 553 1408 592 non
1426 535 1569 591 enim
1602 540 1814 601 propter
1837 542 1957 591 nos,
1988 527 2082 581 sed

511 660 730 722 propter
758 659 852 698 vos
876 641 1051 711 potius
1075 636 1161 689 hic
1187 643 1480 692 manemus,
1503 640 1571 680 ne
1593 624 1881 722 vobisnnon
1918 618 2080 673 mini-

510 712 742 795 stre-mus
770 729 1017 803 quidquid
1048 724 1204 782 saluti
1246 730 1458 781 vestr-te,
1502 733 1620 788 qua:
1662 715 1713 769 in
1738 712 1952 768 Christo
1974 720 2080 777 est,

511 833 754 888 novimus
781 821 1154 881 necessarium.
1177 815 1233 871 Si
1253 828 1379 883 ergo
1400 811 1579 880 fugere
1604 804 1897 869 volueritis,
1914 811 1969 857 et
1985 814 2085 855 nos

511 924 579 978 ab
607 922 738 986 istis,
765 914 954 987 quibus
981 922 1240 971 tenemur,
1272 903 1499 958 vinculis
1518 897 1767 954 solvistis.
1789 893 1939 987 Quod
1958 901 2085 946 tunc

512 1021 640 1083 puto
682 984 801 1064 esse
841 1002 1143 1065 dicendum,
1180 994 1391 1066 quando
1434 1006 1558 1045 vere
1582 988 1788 1083 videtur
1808 984 1935 1039 utile
1962 997 2084 1083 esse

512 1072 578 1159 ad
609 1103 722 1156 loca
750 1098 943 1152 tutiora
971 1094 1212 1162 migrare.
1231 1089 1346 1154 Quo
1365 1084 1565 1147 audito,
1611 1082 1655 1135 si
1684 1079 1765 1134 vel
1787 1090 1973 1132 omnes
2002 1072 2085 1127 vel

515 1190 679 1262 aliqui
704 1187 955 1249 dixerint,
983 1183 1037 1236 ln
1073 1182 1214 1235 illius
1253 1182 1510 1246 potestate
1537 1185 1737 1234 sumus,
1772 1166 2083 1262 cujus-iram

512 1255 705 1347 nullus,
726 1289 1054 1349 quocumque
1071 1271 1229 1333 vadit,
1253 1267 1459 1329 evadit;
1482 1266 1630 1331 cujus
1643 1255 2082 1349 misericordiam,

512 1347 834 1440 ubicumque
856 1369 945 1432 sit,
974 1374 1143 1436 potest
1164 1360 1401 1416 invenire
1434 1355 1525 1427 qui
1552 1366 1808 1423 nusquam
1836 1348 1951 1402 vult
1976 1347 2076 1412 ire,

520 1466 633 1521 sive
671 1463 833 1518 certis
874 1456 1281 1514 necessitatibus
1322 1446 1638 1519 impeditus,
1684 1445 1795 1497 sive
1842 1440 2084 1494 laborare

521 1557 709 1611 nolens
728 1551 794 1607 ad
824 1552 1025 1605 incerta
1054 1545 1297 1614 suffugia,
1318 1550 1372 1595 et
1397 1553 1503 1593 non
1529 1536 1593 1591 ad
1624 1532 1871 1596 finienda,
1898 1528 1992 1585 sed
2016 1527 2085 1581 ad

512 1644 766 1703 mutanda
797 1641 1026 1713 pericula
1057 1656 1073 1693 :
1115 1632 1487 1707 proculdubio
1529 1630 1615 1684 isti
1643 1623 1921 1683 deserendi
1978 1636 2087 1676 non

515 1734 953 1796 suntministerio
978 1730 1283 1788 christiano.
1314 1727 1370 1782 Si
1390 1735 1588 1789 autem,
1618 1722 1715 1774 hoc
1744 1717 1955 1781 audito,
1984 1713 2083 1767 ab-

515 1832 599 1887 ire
649 1826 950 1891 maluerint,
999 1837 1099 1877 nec
1143 1820 1247 1874 illis
1282 1814 1601 1873 manendum
1629 1819 1732 1877 est,
1759 1808 1845 1879 qui
1873 1813 2087 1876 propter

512 1920 636 1976 illos
677 1916 998 1979 manebant;
1029 1912 1149 1982 quia
1178 1910 1249 1965 ibi
1270 1909 1381 1980 jam
1420 1921 1528 1961 non
1552 1912 1673 1959 sunt
1704 1907 1920 1971 propter
1952 1910 2088 1967 quos

512 2025 730 2065 manere
754 2008 925 2062 adhuc
944 2006 1189 2059 debeant.

589 2103 674 2156 ts.
704 2100 1033 2167 Quicumque
1062 2095 1219 2165 igitur
1247 2094 1349 2149 isto
1375 2090 1536 2146 modo
1577 2088 1725 2157 fugit,
1759 2097 1817 2140 ut
1836 2082 2085 2139 Ecclesia:

514 2192 872 2249 necessarium
898 2188 1250 2244 ministerium
1279 2185 1369 2239 illo
1389 2182 1623 2253 fugiente
1656 2193 1761 2233 non
1786 2176 1943 2238 desit,
1963 2173 2090 2227 facit

512 2282 654 2352 quod
687 2280 936 2334 Dominus
962 2277 1232 2347 praecepit,
1260 2275 1372 2329 sive
1399 2271 1656 2343 permisit.
1688 2268 1784 2336 Qui
1806 2274 1982 2321 autem
2010 2264 2089 2318 sic

513 2373 668 2443 fugit,
696 2382 745 2426 nt
776 2372 920 2441 gregi
940 2370 1135 2426 Christi
1164 2384 1224 2423 ea
1249 2368 1439 2438 quibus
1455 2364 1796 2435 spiritualiter
1816 2360 1962 2423 vivit,
1990 2357 2089 2410 ali-

519 2474 699 2522 menta
751 2464 1146 2528 subtrahantur,
1196 2457 1555 2515 mercenarius
1585 2456 1675 2510 ille
1707 2462 1808 2519 est,
1838 2452 1928 2521 qui
1948 2448 2092 2503 videt

514 2555 697 2627 lupum
723 2556 1038 2619 venientem,
1060 2562 1112 2607 et
1133 2552 1283 2620 fugit,
1300 2550 1548 2620 quoniam
1576 2561 1678 2601 non
1704 2553 1788 2600 est
1801 2544 1849 2598 ei
1871 2557 1997 2597 cura
2023 2540 2089 2596 de

516 2648 722 2701 ovibus.
743 2646 866 2699 lla‘c
903 2644 1018 2708 tibi,
1041 2642 1161 2713 quia
1196 2657 1280 2697 me
1310 2639 1637 2700 consuluisti,
1670 2635 1833 2691 frater
1858 2634 2092 2689 dilectis-

514 2739 669 2803 sime,
700 2754 800 2806 qua
820 2736 1113 2793 existimavi
1136 2734 1356 2789 veritate
1376 2741 1431 2787 et
1455 2740 1596 2787 certa
1623 2730 1878 2784 charitate
1902 2725 2092 2783 rescri-

520 2832 636 2901 psi;
670 2830 762 2885 sed
794 2845 863 2884 ne
894 2829 1193 2893 meliorem,
1218 2827 1261 2880 si
1293 2824 1576 2886 inveneris,
1613 2821 1853 2889 sequaris
1878 2828 2092 2872 senten-

519 2924 667 2986 tiam,
692 2938 796 2975 non
828 2919 1147 2990 przescripsi.
1181 2918 1365 2973 Melius
1393 2925 1567 2970 tamen
1595 2912 1739 2983 quod
1765 2912 1813 2965 in
1843 2912 1925 2965 his
1954 2911 2093 2977 peri-

516 3013 654 3067 culis
685 3012 959 3073 faciamus,
987 3009 1225 3064 invenire
1263 3023 1367 3062 non
1390 3019 1688 3075 possumus,
1713 3018 1866 3073 quam
1892 3002 2092 3055 oratio-

517 3119 613 3159 nes
640 3103 702 3154 ad
729 3102 1004 3157 Dominum
1032 3101 1195 3155 Deum
1217 3108 1474 3160 nostrum,
1500 3103 1557 3149 ut
1576 3096 1887 3148 misereatur
1903 3091 2092 3146 nostri.

520 3193 670 3260 Quod
693 3194 886 3260 ipsum,
912 3200 971 3246 ut
995 3191 1197 3244 scilicet
1218 3188 1309 3242 Dei
1336 3187 1610 3242 Eeclesias
1634 3200 1738 3237 non
1763 3182 2091 3245 desererent,

522 3286 618 3341 Dei
660 3286 799 3341 dono
828 3283 1069 3340 nonnulli
1097 3283 1383 3351 prudentes
1403 3287 1454 3333 et
1478 3276 1647 3331 sancti
1669 3276 1765 3329 viri
1787 3286 1839 3329 et
1880 3275 2013 3330 velle
2041 3284 2097 3329 et

520 3377 697 3432 facere
723 3382 1049 3437 meruerunt,
1071 3382 1127 3428 et
1152 3379 1291 3428 inter
1308 3374 1497 3429 dentes
1522 3368 1927 3428 obtrectantium
1953 3383 1984 3421 a
2014 3368 2097 3422 sui

518 3469 776 3542 propositi
798 3469 1091 3525 intentione
1111 3468 1325 3522 minime
1351 3466 1676 3522 defecerunt.

931 3624 1260 3701 EPISTOLA
1298 3624 1579 3681 CCXXIX'
1606 3625 1706 3696 (α).

523 3758 834 3829 Augustinus
861 3759 1021 3813 Dario
1067 3760 1254 3826 comiti,
1298 3760 1384 3829 qui
1427 3761 1564 3831 pacis
1588 3759 1903 3827 conferenda:
1946 3775 2101 3814 causa

585 3843 767 3895 missus
790 3843 874 3903 sit,
907 3844 1207 3913 gratulatur,
1236 3853 1282 3897 et
1302 3854 1536 3912 provocat
1560 3844 1627 3896 ad
1652 3842 2039 3896 rescribendum.

530 3931 756 3991 Domino
793 3936 985 3988 merito
1022 3935 1232 4000 illustri,
1284 3944 1336 3989 et
1377 3935 1901 4005 magnificentissimo
1942 3944 2101 4004 atque

602 4022 654 4077 in
684 4023 896 4078 Christo
940 4024 1256 4080 cbarissimo
1283 4026 1393 4081 lilio
1422 4026 1588 4081 Dauno
1614 4024 1714 4098 (b),
1744 4028 2097 4093 Aucusnsus,

600 4113 655 4166 in
680 4113 903 4169 Domino
929 4115 1175 4170 salutem.

609 4244 659 4296 l.
688 4243 727 4297 A
751 4244 948 4300 sanctis
966 4244 1212 4299 fratribus
1228 4256 1281 4301 et
1304 4246 1639 4317 coepiscopis
1662 4248 1791 4303 meis
1823 4246 2034 4305 Urbano
2048 4255 2101 4303 et

528 4331 752 4400 Novato,
785 4334 953 4403 qualis
984 4335 1056 4388 sis
1071 4335 1151 4388 vir
1178 4344 1229 4389 et
1254 4347 1498 4406 quantus,
1526 4338 1735 4406 aceepi:
1768 4353 1988 4409 quorum
2021 4337 2100 4391 al-

527 4423 627 4478 teri
650 4423 787 4492 apud
811 4424 1175 4496 Carthaginem
1199 4427 1248 4480 in
1282 4427 1535 4482 Hilarensi
1559 4428 1769 4497 Oppido,
1789 4439 1842 4483 et
1867 4428 2023 4485 modo
2050 4428 2099 4482 in

529 4513 794 4580 Siccensi;
832 4516 984 4570 alteri
1014 4527 1188 4572 autem
1217 4518 1352 4588 apud
1383 4518 1635 4574 Sitifimte
1658 4535 1812 4574 nosse
1842 4521 2099 4589 provenit.

532 4605 636 4664 Per
663 4606 759 4661 hos
775 4623 901 4678 ergo
923 4607 1113 4663 factum
1141 4618 1238 4673 est,
1265 4619 1320 4663 ut
1350 4626 1444 4663 nec
1466 4626 1563 4680 ego
1581 4618 1631 4664 te
1654 4610 1847 4665 habere
1870 4612 2103 4682 incogni-

532 4706 641 4752 tum
690 4712 921 4767 possem.
954 4699 1132 4769 Neque
1158 4701 1297 4754 enim
1337 4701 1457 4770 quia
1496 4716 1580 4755 me
1606 4700 1881 4757 inﬁrmitas
1906 4716 2098 4771 corpo-

531 4788 624 4853 ris,
657 4797 708 4842 et
728 4788 1063 4859 congenitum
1087 4789 1266 4859 frigus,
1294 4790 1344 4844 id
1372 4799 1470 4856 est,
1497 4806 1663 4860 genus
1684 4792 1854 4847 relatis
1884 4808 1987 4846 non
2019 4794 2091 4847 si-

534 4877 615 4934 nit
644 4893 822 4932 coram
867 4887 1037 4933 tecum
1064 4880 1312 4948 colloqui,
1347 4880 1464 4934 ideo
1503 4896 1605 4934 non
1650 4889 1705 4936 te
1737 4882 1872 4935 vidi:
1901 4899 2021 4937 nam
2048 4892 2102 4938 et

530 4968 631 5022 iste
654 4968 781 5021 mihi
815 4984 1066 5038 prresens,
1093 4969 1304 5039 quando
1332 4970 1397 5024 ad
1425 4985 1509 5025 me
1531 4972 1711 5027 venire
1733 4972 1975 5042 dignatus
1996 4983 2096 5039 est,

534 5055 622 5110 ille
648 5065 819 5111 autem
849 5058 1058 5125 litteris,
1082 5076 1186 5114 non
1216 5059 1399 5115 faciem
1436 5070 1536 5115 tua:
1569 5062 1765 5128 carnis,
1798 5062 1889 5117 sed
1923 5063 2100 5118 cordis

532 5146 783 5213 ostendit,
803 5158 859 5201 ιιι
886 5157 1030 5201 tanto
1056 5150 1287 5218 suavius,
1312 5161 1507 5220 quanto
1535 5151 1751 5205 interius
1775 5159 1825 5206 te
1845 5151 2098 5208 viderem.

532 5236 682 5293 llanc
724 5238 911 5294 faciem
944 5250 1084 5295 tuam
1111 5252 1164 5296 et
1193 5244 1244 5297 in
1282 5254 1463 5299 sancto
1493 5243 1799 5313 Evangelio,
1828 5254 1881 5300 et
1908 5261 2025 5313 nos,
2048 5257 2103 5303 et

591 5391 610 5407 '
634 5390 797 5462 Epistt.
822 5398 1019 5462 ocx_xlx
1051 5401 1103 5444 et
1124 5403 1304 5447 ccxxx
1332 5400 1594 5462 recognitis
1613 5407 1730 5452 sunt
1750 5401 1810 5452 ad
1833 5410 2103 5457 Vaticanum

529 5451 783 5513 exemplar
808 5461 858 5502 et
879 5451 937 5503 ad
969 5462 1077 5505 ιον.

592 5534 668 5613 ιιρ
690 5535 813 5613 aliis
831 5535 923 5613 i969
943 5552 953 5586 ε
972 5552 1082 5613 quis
1104 5548 1266 5613 autem
1288 5541 1524 5613 manu
1548 5549 1793 5597 ιιιωείίδο
1816 5552 1991 5613 suum
2012 5552 2102 5601 sub

524 5593 673 5661 ﬂuctu
695 5600 806 5647 vitae
828 5593 1092 5661 angusiini,
1117 5602 1240 5651 forte.
1262 5616 1339 5652 an.
1360 5593 1468 5655 429.

594 5654 1009 5739 ιφὲεξςὲεηξιὶξι
1030 5654 1113 5739 ac.
1127 5665 1334 5739 situram
1349 5654 1435 5719 ίιιε
1449 5671 1631 5732 Darius»
1645 5671 1729 5735 ειιιί
1747 5671 1963 5735 praefecti
1976 5687 2101 5739 ιη-

546 5726 651 5770 orio
674 5733 847 5773 munus
868 5726 1074 5786 gerebat
1096 5737 1172 5775 an.
1198 5726 1306 5776 διδ.

1759 326 1816 382 S.
1857 320 2217 381 AUGUSTINI
2253 323 2550 382 EPlSCOPl

3614 321 3766 381 1020

2192 443 2248 489 tu
2269 435 2399 504 ipse,
2432 435 2654 505 propitio
2684 434 2811 499 Deo,
2846 441 3096 504 tanquam
3124 436 3177 490 ln
3207 434 3423 503 speculo
3447 434 3757 493 lietissimus

2188 523 2422 593 inspicis,
2446 525 2536 579 ubi
2560 525 2812 593 scriptum
2833 534 2913 579 est
2936 539 2966 578 a
2988 525 3206 580 veritate
3229 524 3439 582 dicente
3462 543 3476 578 :
3497 524 3644 580 Beati
3668 545 3767 599 pa-

2187 617 2360 686 ciﬁci;
2386 617 2624 687 quoniam
2650 617 2746 684 ﬁlii
2772 614 2869 669 Dei
2891 615 3198 670 vocabuntur
3235 615 3447 686 (Matth.
3474 632 3531 682 v,
3562 615 3596 671 9
3620 616 3668 687 ).

2260 703 2317 758 2.
2344 704 2517 774 Magni
2542 704 2756 775 quidem
2799 714 2939 771 sunt,
2987 714 3043 760 et
3078 704 3274 760 habent
3315 705 3537 773 gloriam
3582 720 3764 774 suam,

2188 810 2294 850 non
2322 796 2495 851 solum
2526 796 2819 864 fortissimi,
2850 797 2943 853 sed
2965 798 3147 862 etiam,
3172 799 3314 869 quod
3342 801 3563 855 verioris
3590 815 3765 870 genus

2162 895 2271 942 est
2309 886 2501 953 laudis,
2541 888 2835 943 fidelissimi
2880 889 3184 953 bellatores,
3222 904 3447 959 quorum
3493 890 3768 945 laboribus

2188 986 2347 1047 atque
2369 980 2639 1048 periculis,
2673 980 2763 1033 Dei
2801 979 3120 1049 protegentis
3148 988 3305 1048 atque
3339 980 3646 1047 opitulantis
3672 996 3770 1033 au-

2187 1069 2335 1132 xilio,
2368 1068 2538 1124 hostis
2568 1070 2857 1125 indomitus
2900 1071 3144 1133 vincitur,
3185 1081 3239 1125 et
3277 1071 3429 1139 quies
3454 1071 3762 1140 reipublicu:

2188 1160 2492 1231 pacatisque
2535 1162 2822 1230 provinciis
2861 1171 3243 1231 comparatur:
3288 1164 3381 1217 sed
3423 1164 3639 1231 majoris
3677 1173 3764 1216 est

2186 1252 2406 1321 glorias,
2454 1253 2567 1323 ipsa
2610 1254 2744 1308 bella
2797 1254 2959 1309 verbo
3004 1254 3267 1320 occidere,
3310 1271 3467 1324 quam
3521 1255 3769 1309 homines

2189 1340 2361 1406 ferro;
2403 1350 2457 1397 et
2499 1343 2770 1412 acquirere
2817 1343 2901 1398 vel
2939 1344 3180 1399 obtinere
3229 1360 3409 1413 pac.:m
3456 1361 3605 1414 pace,
3655 1361 3767 1398 non

2188 1430 2347 1486 bello.
2377 1430 2507 1486 Nam
2534 1441 2589 1487 et
2624 1432 2675 1486 bi
2704 1434 2791 1503 qui
2822 1443 3089 1504 pugnant,
3122 1435 3166 1488 si
3212 1434 3337 1489 boni
3380 1445 3525 1499 sunt,
3576 1434 3766 1503 procul

2188 1524 2349 1579 dubio
2376 1540 2579 1595 pacem,
2610 1526 2703 1580 sed
2739 1536 2915 1582 tamen
2942 1541 3037 1596 per
3061 1527 3368 1597 sanguinem
3396 1538 3635 1597 qna-runt
3660 1543 3678 1591 ;
3709 1537 3769 1580 tu

2187 1624 2363 1669 autem
2392 1630 2460 1669 ne
2487 1616 2793 1685 cujusquam
2820 1617 3034 1686 sanguis
3058 1626 3412 1686 qumrcretur,
3439 1633 3498 1671 es
3528 1618 3724 1671 missus
3750 1634 3767 1670 :

2188 1714 2271 1759 est
2294 1704 2467 1775 itaque
2491 1706 2607 1759 aliis
2635 1704 2723 1759 illa
2749 1705 3059 1769 necessitas,
3092 1706 3185 1760 tibi
3223 1706 3322 1759 ista
3348 1705 3593 1760 felicitas.
3626 1706 3768 1760 Pro-

2189 1795 2347 1862 inde,
2384 1796 2597 1851 domine
2629 1798 2821 1853 merito
2859 1797 3081 1852 illustris
3119 1807 3173 1852 et
3216 1798 3769 1868 magnificentissime,

2187 1894 2346 1956 atque
2369 1885 2422 1940 in
2462 1886 2677 1941 Christo
2716 1886 3028 1942 eharissime
3056 1887 3154 1953 fili,
3191 1886 3363 1957 gaude
3410 1887 3511 1941 isto
3541 1896 3633 1941 tuo
3658 1896 3770 1941 tam

2188 1992 2378 2047 magno
2400 1986 2454 2032 et
2471 1992 2595 2031 vere
2619 1978 2780 2043 bono,
2814 1978 3066 2049 etfruere
3090 1978 3142 2032 in
3174 1978 3286 2033 Deo
3308 1978 3447 2033 unde
3467 1979 3768 2048 sumpsisti,

2189 2076 2249 2122 ut
2278 2068 2397 2122 talis
2421 2083 2591 2133 esses,
2623 2077 2679 2123 et
2702 2068 2821 2123 talia
2849 2069 3078 2140 gerenda
3122 2070 3439 2139 susciperes.
3472 2068 3773 2124 Conﬁrmet

2190 2159 2330 2213 Deus
2351 2158 2489 2228 quod
2518 2174 2612 2229 per
2632 2166 2682 2214 te
2711 2171 2961 2230 operatus
2986 2168 3069 2215 est
3087 2160 3241 2215 nobis
3265 2158 3435 2231 (Psal.
3459 2175 3626 2227 van,
3643 2158 3767 2232 29).

2190 2248 2383 2319 Accipe
2414 2250 2550 2304 hanc
2586 2249 2951 2304 salutationem
2991 2257 3247 2313 nostram,
3293 2257 3348 2305 et
3377 2259 3520 2304 tuam
3549 2250 3775 2319 dignare

2190 2339 2503 2409 rependere.
2529 2338 2675 2395 Sicut
2699 2338 2825 2393 mihi
2860 2339 3071 2408 scripsit
3100 2338 3264 2394 frater
3290 2338 3552 2403 Novatus,
3574 2340 3683 2409 egit
3710 2348 3771 2393 ut

2190 2446 2277 2486 me
2303 2431 2614 2485 excellentia
2641 2440 2696 2486 et
2721 2430 2946 2484 eruditio
2969 2440 3054 2484 tua
3079 2430 3237 2484 etiam
3262 2429 3312 2482 in
3341 2429 3475 2484 meis
3497 2428 3773 2499 opusculis

2192 2528 2393 2573 nosset.
2425 2519 2479 2573 Si
2516 2535 2642 2589 ergo
2663 2519 2839 2589 legisti
2864 2535 2983 2589 qua:
3008 2519 3172 2585 dedit,
3206 2534 3305 2589 ego
3329 2534 3537 2589 quoque
3564 2518 3771 2572 innotui

2192 2610 2528 2664 interioribus
2580 2611 2681 2663 tuis
2728 2610 2989 2665 sensibus.
3035 2610 3149 2664 Non
3194 2610 3415 2663 multum
3454 2608 3762 2679 displicent,

2193 2712 2445 2772 quantum
2472 2702 2737 2768 existimo,
2760 2703 2803 2757 si
2835 2704 3179 2771 propensiore
3198 2703 3475 2768 eharitate,
3506 2718 3665 2772 quam
3684 2718 3780 2757 se»

2192 2793 2416 2847 veritate
2460 2792 2653 2862 legisti.
2684 2792 2798 2846 Non
2829 2803 2910 2847 est
2955 2792 3335 2858 multum;sed
3378 2793 3602 2846 multum
3642 2807 3773 2862 gra-

2196 2890 2326 2947 tum,
2353 2883 2396 2935 si
2429 2896 2524 2951 pro
2548 2882 2737 2936 litteris
2767 2883 2982 2949 nostris,
3011 2891 3063 2936 et
3094 2881 3175 2936 his
3197 2892 3249 2937 et
3279 2882 3399 2947 illis,
3432 2897 3587 2935 unam
3616 2881 3775 2937 nobis

2196 2974 2475 3043 epistolam
2510 2973 2721 3028 reddas.
2770 2974 2952 3029 Saluto
2994 2982 3052 3028 et
3091 2974 3277 3043 pignus
3317 2974 3463 3043 pacis
3496 2972 3595 3044 (α),
3626 2972 3772 3043 quod

2196 3062 2420 3116 Domino
2460 3063 2566 3117 Deo
2591 3071 2773 3117 nostro
2802 3062 3082 3133 adjuvante
3137 3063 3359 3118 feliciter
3404 3063 3673 3133 accepisti,
3708 3080 3775 3118 ea
3863 3085 3869 3090 -

2196 3152 2476 3208 dilectione
2501 3168 2601 3224 qua
2626 3153 2815 3208 debeo.

2622 3265 2955 3321 EPISTOLA
2992 3265 3227 3321 CCXXX
3252 3265 3349 3341 (b).

2199 3376 2387 3431 Darius
2406 3376 2704 3447 Augustino,
2735 3394 2825 3447 pro
2851 3377 3029 3432 litteris
3052 3380 3113 3432 ab
3137 3394 3196 3433 eo
3219 3379 3435 3448 acceptis
3462 3380 3675 3450 gratiam
3694 3396 3784 3433 re-

2270 3468 2453 3536 ferens,
2484 3478 2530 3521 et
2561 3476 2728 3535 petens
2757 3469 2888 3521 mitti
2913 3469 3004 3522 sibi
3026 3468 3178 3523 libros
3204 3468 3603 3537 Confessionum,
3626 3486 3779 3540 seque

2269 3558 2427 3629 ipsius
2450 3557 2588 3629 apud
2617 3559 2775 3612 Deum
2802 3560 3028 3629 precibus
3054 3560 3451 3613 commendatum
3475 3561 3700 3630 cupiens.

2404 3650 2605 3705 Damus
2631 3650 2934 3707 Aucusrmo
2961 3650 3177 3706 domino
3202 3666 3300 3707 suo
3320 3652 3569 3706 salutem.

2274 3762 2326 3815 l.
2358 3760 2585 3828 Utinam,
2618 3760 2818 3815 domine
2840 3771 3010 3815 sancte
3037 3771 3199 3831 pater,
3224 3772 3279 3815 ut
3305 3779 3466 3815 meum
3508 3778 3688 3816 nomen
3710 3762 3783 3813 ad

2202 3866 2347 3904 aures
2390 3859 2522 3917 tuas,
2562 3852 2968 3921 coepiscoporum
2992 3892 3006 3916 ,
3051 3862 3105 3905 ut
3146 3852 3242 3917 ais,
3286 3862 3485 3906 tuorum
3516 3850 3712 3907 Urbani
3735 3863 3784 3903 et

2206 3941 2392 3995 Novati
2434 3942 2648 4013 benigna
2674 3958 2795 4012 erga
2828 3959 2907 3996 me
2933 3944 3097 4013 gratia
3136 3943 3366 4013 faciente,
3391 3944 3640 4013 perlatum
3668 3954 3740 3995 est
3763 3958 3784 4006 ;

2203 4032 2275 4085 ita
2299 4032 2640 4101 memetipsum
2675 4031 2812 4085 Deus
2836 4033 3089 4098 omnium,
3105 4032 3244 4087 Deus
3275 4042 3409 4097 tuus,
3432 4034 3661 4087 manibus
3680 4034 3785 4085 tuis

2202 4131 2348 4190 atque
2366 4123 2524 4177 oculis
2551 4123 2806 4176 obtulisset
2833 4138 2852 4176 :
2880 4139 2979 4176 non
3012 4140 3111 4194 quo
3145 4125 3408 4194 majorem,
3448 4134 3539 4176 aut
3564 4123 3783 4195 forsitan

2204 4214 2373 4281 talem,
2402 4214 2601 4283 qualem
2627 4223 2883 4267 tantorum
2907 4215 3125 4268 uirorum
3149 4215 3290 4283 apud
3317 4224 3363 4268 te
3388 4214 3649 4269 benevolus
3664 4231 3780 4268 ser-

2203 4319 2304 4367 mo,
2344 4311 2387 4356 et
2417 4303 2693 4356 litterarum
2732 4303 2913 4357 utentia
2939 4306 3140 4375 fecerat,
3173 4305 3249 4357 tui
3273 4321 3351 4358 me
3388 4304 3643 4375 probasset
3671 4320 3784 4358 me-

2205 4394 2302 4449 lior
2324 4394 2445 4449 lima
2463 4394 2648 4464 judicii
2664 4412 2683 4459 ;
2720 4394 2809 4448 sed
2832 4405 2886 4449 nt
2911 4395 3119 4451 cazlestis
3154 4398 3415 4467 sapientiae
3453 4407 3554 4450 tuw
3578 4396 3783 4450 uerissi—

2204 4501 2312 4539 mos
2339 4493 2486 4556 atque
2511 4486 2814 4540 immortales
2844 4489 3053 4557 fructus,
3081 4503 3167 4540 ore
3194 4498 3278 4542 tuo
3305 4490 3491 4557 potius,
3513 4488 3665 4542 velati
3689 4505 3783 4541 cu-

2193 4577 2404 4647 jusdam
2432 4593 2572 4646 pura:
2597 4593 2742 4646 aquae
2761 4578 3093 4644 dulcedinem,
3122 4580 3186 4633 ab
3220 4582 3333 4647 ipso
3355 4582 3507 4653 fontis
3537 4584 3790 4650 prtesenti-

2203 4683 2264 4721 ac
2293 4677 2529 4738 perpetuo
2563 4668 2754 4738 liquore
2773 4671 3115 4740 sumpsissem.
3164 4670 3209 4726 0
3238 4688 3315 4726 me
3336 4713 3350 4737 ,
3382 4688 3483 4726 non
3512 4673 3661 4726 modo
3702 4683 3784 4726 ter

2204 4766 2288 4811 aut
2307 4766 2503 4828 quater,
2528 4766 2583 4812 ut
2601 4758 2739 4828 apud
2762 4759 2927 4813 nescio
2946 4776 3092 4827 quem
3120 4770 3212 4826 est,
3234 4762 3323 4816 sed
3349 4763 3548 4825 millies,
3567 4772 3615 4817 et
3639 4764 3782 4816 omni

2204 4865 2413 4902 numero
2439 4847 2555 4919 plus
2584 4849 2817 4904 beatum!
2847 4851 2893 4903 si
2922 4851 3049 4905 mihi
3077 4852 3251 4907 datum
3283 4864 3406 4907 esset
3436 4854 3670 4923 prcrsenti
3697 4855 3787 4907 in-

2206 4937 2333 4991 tueri
2360 4947 2471 4991 tuos
2508 4953 2621 4992 rere
2655 4938 2876 4994 sidereos
2913 4940 3098 5006 vultus,
3143 4959 3405 5012 vocemque
3448 4945 3691 5011 divinam,
3724 4962 3790 4999 ac

2205 5029 2375 5084 divina
2399 5039 2675 5097 canentem,
2706 5040 2754 5084 et
2779 5048 2877 5086 non
2896 5034 3058 5086 solum
3085 5036 3262 5088 utentis
3289 5038 3500 5105 fructus,
3523 5036 3611 5089 sed
3630 5040 3787 5090 etiam

2204 5137 2319 5175 cum
2345 5122 2547 5174 aurium
2565 5122 2885 5191 jucunditate
2902 5140 3097 5178 sumere
3118 5135 3163 5178 et
3184 5125 3387 5179 haurire
3404 5126 3644 5180 licuisset.
3672 5125 3788 5178 Pu-

2205 5221 2362 5265 tarem
2390 5212 2616 5282 profecto
2654 5230 2732 5265 me
2775 5214 3021 5284 quasdam
3067 5214 3458 5269 immortalitatis
3496 5216 3649 5285 leges,
3686 5232 3788 5269 non

2205 5303 2354 5357 modo
2375 5304 2437 5356 de
2460 5304 2603 5368 calo,
2627 5303 2715 5357 sed
2751 5305 2804 5358 in
2841 5305 2952 5373 ipso
2992 5307 3317 5360 constitutum
3344 5308 3468 5361 cwlo
3504 5308 3785 5375 suscipere,

2206 5403 2253 5447 et
2279 5392 2520 5463 quasdam
2554 5392 2650 5447 Dei
2681 5409 2822 5448 voces
2846 5411 2947 5448 non
2984 5396 3129 5466 longe
3170 5395 3233 5449 de
3272 5396 3479 5467 templo,
3506 5398 3596 5453 sed
3626 5414 3791 5467 prepe

2207 5485 2373 5555 ipsum
2402 5483 2497 5540 Dei
2523 5495 2767 5539 astantem
2792 5487 3011 5541 tribunal
3038 5489 3235 5543 audire.

2269 5614 2343 5739 Ea;
2366 5616 2687 5692 \‘erimodum,
2711 5619 2836 5667 Darii
2861 5617 3026 5668 ﬁlium.

2291 5675 2320 5726 b
2364 5677 2487 5727 Alias
2507 5678 2755 5739 Ξϐοςίιιιω
2776 5689 2940 5732 autem
2962 5681 3026 5733 23

2208 5656 3054 5804 ἓξῖὲὶεἷςῖιῖιέὲὶἱιῖἁῖἷέο
3072 5688 3196 5745 erat,
3210 5695 3338 5734 nunc
3354 5685 3457 5737 us.
3483 5656 3663 5749 Scripta
3677 5697 3797 5749 me
