  <div class='ocr_page' id='page_1' title='image "/cluster/home/n/w/nwhite01/storage/ocr_20150623/33/hvd.32044015471451/516.png"; bbox 0 0 4084 6332; ppageno 0'>
   <div class='ocr_carea' id='block_1_1' title="bbox 355 391 1861 474">
    <p class='ocr_par' dir='ltr' id='par_1_1' title="bbox 355 391 1861 474">
     <span class='ocr_line' id='line_1_1' title="bbox 355 391 1861 474; baseline -0.015 -6"><span class='ocrx_word' id='word_1_1' title='bbox 355 415 412 469; x_wconf 77' lang='grc'><strong>2.</strong></span> <span class='ocrx_word' id='word_1_2' title='bbox 437 409 550 466; x_wconf 83' lang='lat' dir='ltr'><strong><em>Hoc</em></strong></span> <span class='ocrx_word' id='word_1_3' title='bbox 571 415 626 462; x_wconf 89' lang='lat' dir='ltr'><strong><em>ut</em></strong></span> <span class='ocrx_word' id='word_1_4' title='bbox 648 405 774 462; x_wconf 84' lang='lat' dir='ltr'><strong><em>mihi</em></strong></span> <span class='ocrx_word' id='word_1_5' title='bbox 800 401 1121 474; x_wconf 86' lang='lat' dir='ltr'><strong><em>contingeret,</em></strong></span> <span class='ocrx_word' id='word_1_6' title='bbox 1137 403 1337 468; x_wconf 90' lang='lat' dir='ltr'><strong><em>propter</em></strong></span> <span class='ocrx_word' id='word_1_7' title='bbox 1358 393 1760 448; x_wconf 75' lang='lat' dir='ltr'><strong><em>ardentissimum</em></strong></span> <span class='ocrx_word' id='word_1_8' title='bbox 1787 391 1861 446; x_wconf 90' lang='lat' dir='ltr'><strong><em>tui</em></strong></span> 
     </span>
    </p>
   </div>
   <div class='ocr_carea' id='block_1_2' title="bbox 287 486 1856 572">
    <p class='ocr_par' dir='ltr' id='par_1_2' title="bbox 287 486 1856 572">
     <span class='ocr_line' id='line_1_2' title="bbox 287 486 1856 572; baseline -0.015 -12"><span class='ocrx_word' id='word_1_9' title='bbox 287 502 591 562; x_wconf 73' lang='lat' dir='ltr'><strong><em>desiderium</em></strong></span> <span class='ocrx_word' id='word_1_10' title='bbox 605 498 817 572; x_wconf 90' lang='lat' dir='ltr'><strong><em>forsitan</em></strong></span> <span class='ocrx_word' id='word_1_11' title='bbox 829 497 1072 560; x_wconf 87' lang='lat' dir='ltr'><strong><em>merebar;</em></strong></span> <span class='ocrx_word' id='word_1_12' title='bbox 1090 499 1290 561; x_wconf 76' lang='lat' dir='ltr'><strong><em>propter</em></strong></span> <span class='ocrx_word' id='word_1_13' title='bbox 1300 486 1670 552; x_wconf 85' lang='lat' dir='ltr'><strong><em>conscientiam,</em></strong></span> <span class='ocrx_word' id='word_1_14' title='bbox 1676 489 1856 557; x_wconf 91' lang='lat' dir='ltr'><strong><em>fateor,</em></strong></span> 
     </span>
    </p>
   </div>
   <div class='ocr_carea' id='block_1_3' title="bbox 286 575 1861 654">
    <p class='ocr_par' dir='ltr' id='par_1_3' title="bbox 286 575 1861 654">
     <span class='ocr_line' id='line_1_3' title="bbox 286 575 1861 654; baseline -0.014 -5"><span class='ocrx_word' id='word_1_15' title='bbox 286 612 386 650; x_wconf 89' lang='lat' dir='ltr'><strong><em>non</em></strong></span> <span class='ocrx_word' id='word_1_16' title='bbox 408 592 649 647; x_wconf 88' lang='lat' dir='ltr'><strong><em>merebar.</em></strong></span> <span class='ocrx_word' id='word_1_17' title='bbox 678 588 782 644; x_wconf 86' lang='lat' dir='ltr'><strong><em>Sed</em></strong></span> <span class='ocrx_word' id='word_1_18' title='bbox 813 587 987 641; x_wconf 83' lang='lat' dir='ltr'><strong><em>absens</em></strong></span> <span class='ocrx_word' id='word_1_19' title='bbox 1017 598 1209 654; x_wconf 87' lang='lat' dir='ltr'><strong><em>quoque</em></strong></span> <span class='ocrx_word' id='word_1_20' title='bbox 1237 579 1342 650; x_wconf 87' lang='lat' dir='ltr'><strong><em>cepi</em></strong></span> <span class='ocrx_word' id='word_1_21' title='bbox 1359 582 1550 651; x_wconf 89' lang='lat' dir='ltr'><strong><em>fructus</em></strong></span> <span class='ocrx_word' id='word_1_22' title='bbox 1574 575 1861 647; x_wconf 88' lang='lat' dir='ltr'><strong><em>cupiditatis</em></strong></span> 
     </span>
    </p>
   </div>
   <div class='ocr_carea' id='block_1_4' title="bbox 285 667 1861 745">
    <p class='ocr_par' dir='ltr' id='par_1_4' title="bbox 285 667 1861 745">
     <span class='ocr_line' id='line_1_4' title="bbox 285 667 1861 745; baseline -0.013 -5"><span class='ocrx_word' id='word_1_23' title='bbox 285 686 431 740; x_wconf 78' lang='lat' dir='ltr'><strong><em>bona:</em></strong></span> <span class='ocrx_word' id='word_1_24' title='bbox 454 699 554 737; x_wconf 90' lang='lat' dir='ltr'><strong><em>non</em></strong></span> <span class='ocrx_word' id='word_1_25' title='bbox 573 681 825 745; x_wconf 89' lang='lat' dir='ltr'><strong><em>minimos,</em></strong></span> <span class='ocrx_word' id='word_1_26' title='bbox 839 686 886 732; x_wconf 92' lang='lat' dir='ltr'><strong><em>et</em></strong></span> <span class='ocrx_word' id='word_1_27' title='bbox 898 685 968 731; x_wconf 91' lang='lat' dir='ltr'><strong><em>est</em></strong></span> <span class='ocrx_word' id='word_1_28' title='bbox 993 675 1115 728; x_wconf 90' lang='lat' dir='ltr'><strong><em>mihi</em></strong></span> <span class='ocrx_word' id='word_1_29' title='bbox 1134 673 1196 727; x_wconf 89' lang='lat' dir='ltr'><strong><em>de</em></strong></span> <span class='ocrx_word' id='word_1_30' title='bbox 1213 669 1440 726; x_wconf 88' lang='lat' dir='ltr'><strong><em>secundis</em></strong></span> <span class='ocrx_word' id='word_1_31' title='bbox 1457 668 1595 722; x_wconf 90' lang='lat' dir='ltr'><strong><em>bonis</em></strong></span> <span class='ocrx_word' id='word_1_32' title='bbox 1620 667 1861 720; x_wconf 88' lang='lat' dir='ltr'><strong><em>bonorum</em></strong></span> 
     </span>
    </p>
   </div>
   <div class='ocr_carea' id='block_1_5' title="bbox 284 759 1860 846">
    <p class='ocr_par' dir='ltr' id='par_1_5' title="bbox 284 759 1860 846">
     <span class='ocr_line' id='line_1_5' title="bbox 284 759 1860 846; baseline -0.015 -16"><span class='ocrx_word' id='word_1_33' title='bbox 284 792 482 830; x_wconf 88' lang='lat' dir='ltr'><strong><em>sumnta</em></strong></span> <span class='ocrx_word' id='word_1_34' title='bbox 496 773 750 846; x_wconf 75' lang='lat' dir='ltr'><strong><em>perfectio.</em></strong></span> <span class='ocrx_word' id='word_1_35' title='bbox 765 766 1148 826; x_wconf 90' lang='lat' dir='ltr'><strong><em>Commendatus</em></strong></span> <span class='ocrx_word' id='word_1_36' title='bbox 1161 780 1269 818; x_wconf 90' lang='lat' dir='ltr'><strong><em>sum</em></strong></span> <span class='ocrx_word' id='word_1_37' title='bbox 1286 761 1330 816; x_wconf 91' lang='lat' dir='ltr'><strong><em>ei</em></strong></span> <span class='ocrx_word' id='word_1_38' title='bbox 1344 762 1425 815; x_wconf 90' lang='lat' dir='ltr'><strong><em>cui</em></strong></span> <span class='ocrx_word' id='word_1_39' title='bbox 1441 759 1631 824; x_wconf 79' lang='lat' dir='ltr'><strong><em>vellem,</em></strong></span> <span class='ocrx_word' id='word_1_40' title='bbox 1647 773 1730 811; x_wconf 90' lang='lat' dir='ltr'><strong><em>ore</em></strong></span> <span class='ocrx_word' id='word_1_41' title='bbox 1743 773 1860 810; x_wconf 77' lang='lat' dir='ltr'><strong><em>san-</em></strong></span> 
     </span>
    </p>
   </div>
   <div class='ocr_carea' id='block_1_6' title="bbox 287 848 1860 928">
    <p class='ocr_par' dir='ltr' id='par_1_6' title="bbox 287 848 1860 928">
     <span class='ocr_line' id='line_1_6' title="bbox 287 848 1860 928; baseline -0.013 -8"><span class='ocrx_word' id='word_1_42' title='bbox 287 875 481 920; x_wconf 90' lang='lat' dir='ltr'><strong><em>ctorum</em></strong></span> <span class='ocrx_word' id='word_1_43' title='bbox 504 874 552 920; x_wconf 89' lang='lat' dir='ltr'><strong><em>et</em></strong></span> <span class='ocrx_word' id='word_1_44' title='bbox 581 865 794 916; x_wconf 88' lang='lat' dir='ltr'><strong><em>duorum</em></strong></span> <span class='ocrx_word' id='word_1_45' title='bbox 819 860 941 916; x_wconf 86' lang='lat' dir='ltr'><strong><em>locis</em></strong></span> <span class='ocrx_word' id='word_1_46' title='bbox 960 874 1020 912; x_wconf 88' lang='lat' dir='ltr'><strong><em>ac</em></strong></span> <span class='ocrx_word' id='word_1_47' title='bbox 1039 855 1322 928; x_wconf 71' lang='lat' dir='ltr'><strong><em>regionibus</em></strong></span> <span class='ocrx_word' id='word_1_48' title='bbox 1345 854 1474 906; x_wconf 89' lang='lat' dir='ltr'><strong><em>inter</em></strong></span> <span class='ocrx_word' id='word_1_49' title='bbox 1495 869 1546 906; x_wconf 91' lang='lat' dir='ltr'><strong><em>se</em></strong></span> <span class='ocrx_word' id='word_1_50' title='bbox 1570 848 1860 906; x_wconf 83' lang='lat' dir='ltr'><strong><em>distantium</em></strong></span> 
     </span>
    </p>
   </div>
   <div class='ocr_carea' id='block_1_7' title="bbox 285 944 1855 1022">
    <p class='ocr_par' dir='ltr' id='par_1_7' title="bbox 285 944 1855 1022">
     <span class='ocr_line' id='line_1_7' title="bbox 285 944 1855 1022; baseline -0.013 -10"><span class='ocrx_word' id='word_1_51' title='bbox 285 956 630 1019; x_wconf 75' lang='lat' dir='ltr'><strong><em>sacerdotum;</em></strong></span> <span class='ocrx_word' id='word_1_52' title='bbox 647 954 797 1007; x_wconf 87' lang='lat' dir='ltr'><strong><em>unius</em></strong></span> <span class='ocrx_word' id='word_1_53' title='bbox 814 994 829 1019; x_wconf 94' lang='lat'><strong><em>,</em></strong></span> <span class='ocrx_word' id='word_1_54' title='bbox 843 951 974 1022; x_wconf 88' lang='lat' dir='ltr'><strong><em>quod</em></strong></span> <span class='ocrx_word' id='word_1_55' title='bbox 979 952 1091 1020; x_wconf 87' lang='lat' dir='ltr'><strong><em>jam</em></strong></span> <span class='ocrx_word' id='word_1_56' title='bbox 1103 949 1208 1002; x_wconf 79' lang='lat' dir='ltr'><strong><em>dixi</em></strong></span> <span class='ocrx_word' id='word_1_57' title='bbox 1216 991 1229 1014; x_wconf 92' lang='lat'><strong><em>,</em></strong></span> <span class='ocrx_word' id='word_1_58' title='bbox 1245 947 1307 1000; x_wconf 91' lang='lat' dir='ltr'><strong><em>de</em></strong></span> <span class='ocrx_word' id='word_1_59' title='bbox 1321 963 1397 999; x_wconf 90' lang='lat' dir='ltr'><strong><em>me</em></strong></span> <span class='ocrx_word' id='word_1_60' title='bbox 1407 944 1665 1004; x_wconf 76' lang='lat' dir='ltr'><strong><em>benevolus</em></strong></span> <span class='ocrx_word' id='word_1_61' title='bbox 1675 956 1855 1006; x_wconf 82' lang='lat' dir='ltr'><strong><em>sermo,</em></strong></span> 
     </span>
    </p>
   </div>
   <div class='ocr_carea' id='block_1_8' title="bbox 286 1032 1858 1119">
    <p class='ocr_par' dir='ltr' id='par_1_8' title="bbox 286 1032 1858 1119">
     <span class='ocr_line' id='line_1_8' title="bbox 286 1032 1858 1119; baseline -0.012 -16"><span class='ocrx_word' id='word_1_62' title='bbox 286 1060 332 1104; x_wconf 91' lang='lat' dir='ltr'><strong><em>et</em></strong></span> <span class='ocrx_word' id='word_1_63' title='bbox 357 1064 595 1119; x_wconf 80' lang='lat' dir='ltr'><strong><em>prtesens,</em></strong></span> <span class='ocrx_word' id='word_1_64' title='bbox 626 1055 681 1099; x_wconf 89' lang='lat' dir='ltr'><strong><em>ut</em></strong></span> <span class='ocrx_word' id='word_1_65' title='bbox 708 1047 778 1098; x_wconf 92' lang='lat' dir='ltr'><strong><em>ita</em></strong></span> <span class='ocrx_word' id='word_1_66' title='bbox 799 1044 984 1106; x_wconf 87' lang='lat' dir='ltr'><strong><em>dicam,</em></strong></span> <span class='ocrx_word' id='word_1_67' title='bbox 1011 1040 1374 1101; x_wconf 87' lang='lat' dir='ltr'><strong><em>testimonium;</em></strong></span> <span class='ocrx_word' id='word_1_68' title='bbox 1402 1035 1607 1090; x_wconf 77' lang='lat' dir='ltr'><strong><em>alterius</em></strong></span> <span class='ocrx_word' id='word_1_69' title='bbox 1638 1032 1858 1104; x_wconf 82' lang='lat' dir='ltr'><strong><em>ejusdem</em></strong></span> 
     </span>
    </p>
   </div>
   <div class='ocr_carea' id='block_1_9' title="bbox 285 1125 1858 1203">
    <p class='ocr_par' dir='ltr' id='par_1_9' title="bbox 285 1125 1858 1203">
     <span class='ocr_line' id='line_1_9' title="bbox 285 1125 1858 1203; baseline -0.011 -11"><span class='ocrx_word' id='word_1_70' title='bbox 285 1154 460 1192; x_wconf 84' lang='lat' dir='ltr'><strong><em>sensus</em></strong></span> <span class='ocrx_word' id='word_1_71' title='bbox 483 1135 752 1203; x_wconf 88' lang='lat' dir='ltr'><strong><em>parilisque</em></strong></span> <span class='ocrx_word' id='word_1_72' title='bbox 765 1133 1017 1187; x_wconf 68' lang='lat' dir='ltr'><strong><em>sententia</em></strong></span> <span class='ocrx_word' id='word_1_73' title='bbox 1036 1127 1254 1183; x_wconf 78' lang='lat' dir='ltr'><strong><em>volantia</em></strong></span> <span class='ocrx_word' id='word_1_74' title='bbox 1287 1127 1354 1180; x_wconf 87' lang='lat' dir='ltr'><strong><em>ad</em></strong></span> <span class='ocrx_word' id='word_1_75' title='bbox 1373 1135 1419 1180; x_wconf 93' lang='lat' dir='ltr'><strong><em>te</em></strong></span> <span class='ocrx_word' id='word_1_76' title='bbox 1437 1125 1622 1195; x_wconf 84' lang='lat' dir='ltr'><strong><em>scripta</em></strong></span> <span class='ocrx_word' id='word_1_77' title='bbox 1645 1139 1858 1176; x_wconf 87' lang='lat' dir='ltr'><strong><em>concur-</em></strong></span> 
     </span>
    </p>
   </div>
   <div class='ocr_carea' id='block_1_10' title="bbox 286 1215 1856 1293">
    <p class='ocr_par' dir='ltr' id='par_1_10' title="bbox 286 1215 1856 1293">
     <span class='ocr_line' id='line_1_10' title="bbox 286 1215 1856 1293; baseline -0.009 -11"><span class='ocrx_word' id='word_1_78' title='bbox 286 1237 425 1282; x_wconf 89' lang='lat' dir='ltr'><strong><em>runt.</em></strong></span> <span class='ocrx_word' id='word_1_79' title='bbox 446 1226 693 1281; x_wconf 86' lang='lat' dir='ltr'><strong><em>Coronam</em></strong></span> <span class='ocrx_word' id='word_1_80' title='bbox 715 1223 836 1277; x_wconf 88' lang='lat' dir='ltr'><strong><em>mihi</em></strong></span> <span class='ocrx_word' id='word_1_81' title='bbox 862 1220 997 1293; x_wconf 81' lang='lat' dir='ltr'><strong><em>apud</em></strong></span> <span class='ocrx_word' id='word_1_82' title='bbox 1023 1230 1068 1274; x_wconf 91' lang='lat' dir='ltr'><strong><em>te</em></strong></span> <span class='ocrx_word' id='word_1_83' title='bbox 1081 1218 1371 1291; x_wconf 81' lang='lat' dir='ltr'><strong><em>quamdam,</em></strong></span> <span class='ocrx_word' id='word_1_84' title='bbox 1388 1217 1514 1270; x_wconf 91' lang='lat' dir='ltr'><strong><em>tanti</em></strong></span> <span class='ocrx_word' id='word_1_85' title='bbox 1529 1233 1587 1268; x_wconf 93' lang='lat' dir='ltr'><strong><em>ac</em></strong></span> <span class='ocrx_word' id='word_1_86' title='bbox 1604 1215 1726 1269; x_wconf 89' lang='lat' dir='ltr'><strong><em>tales</em></strong></span> <span class='ocrx_word' id='word_1_87' title='bbox 1742 1215 1856 1281; x_wconf 87' lang='lat' dir='ltr'><strong><em>viri,</em></strong></span> 
     </span>
    </p>
   </div>
   <div class='ocr_carea' id='block_1_11' title="bbox 284 1307 1840 1385">
    <p class='ocr_par' dir='ltr' id='par_1_11' title="bbox 284 1307 1840 1385">
     <span class='ocr_line' id='line_1_11' title="bbox 284 1307 1840 1385; baseline -0.008 -13"><span class='ocrx_word' id='word_1_88' title='bbox 284 1335 386 1372; x_wconf 88' lang='lat' dir='ltr'><strong><em>non</em></strong></span> <span class='ocrx_word' id='word_1_89' title='bbox 402 1315 722 1372; x_wconf 82' lang='lat' dir='ltr'><strong><em>viridantium</em></strong></span> <span class='ocrx_word' id='word_1_90' title='bbox 735 1315 916 1385; x_wconf 78' lang='lat' dir='ltr'><strong><em>[lorum</em></strong></span> <span class='ocrx_word' id='word_1_91' title='bbox 929 1309 1256 1383; x_wconf 87' lang='lat' dir='ltr'><strong><em>germine,sed</em></strong></span> <span class='ocrx_word' id='word_1_92' title='bbox 1269 1307 1500 1379; x_wconf 76' lang='lat' dir='ltr'><strong><em>gloriosa:</em></strong></span> <span class='ocrx_word' id='word_1_93' title='bbox 1511 1307 1636 1359; x_wconf 80' lang='lat' dir='ltr'><strong><em>vocis</em></strong></span> <span class='ocrx_word' id='word_1_94' title='bbox 1649 1307 1840 1360; x_wconf 89' lang='lat' dir='ltr'><strong><em>testimo</em></strong></span> 
     </span>
    </p>
   </div>
   <div class='ocr_carea' id='block_1_12' title="bbox 285 1401 1854 1482">
    <p class='ocr_par' dir='ltr' id='par_1_12' title="bbox 285 1401 1854 1482">
     <span class='ocr_line' id='line_1_12' title="bbox 285 1401 1854 1482; baseline -0.009 -16"><span class='ocrx_word' id='word_1_95' title='bbox 285 1413 370 1466; x_wconf 86' lang='lat' dir='ltr'><strong><em>uio</em></strong></span> <span class='ocrx_word' id='word_1_96' title='bbox 386 1420 621 1482; x_wconf 88' lang='lat' dir='ltr'><strong><em>tanquam</em></strong></span> <span class='ocrx_word' id='word_1_97' title='bbox 632 1406 927 1479; x_wconf 80' lang='lat' dir='ltr'><strong><em>quibusdam</em></strong></span> <span class='ocrx_word' id='word_1_98' title='bbox 943 1403 1286 1477; x_wconf 73' lang='lat' dir='ltr'><strong><em>perpetuitatis</em></strong></span> <span class='ocrx_word' id='word_1_99' title='bbox 1300 1401 1556 1473; x_wconf 85' lang='lat' dir='ltr'><strong><em>gemmulis</em></strong></span> <span class='ocrx_word' id='word_1_100' title='bbox 1574 1407 1854 1454; x_wconf 75' lang='lat' dir='ltr'><strong><em>texuerunt.</em></strong></span> 
     </span>
    </p>
   </div>
   <div class='ocr_carea' id='block_1_13' title="bbox 288 1489 1859 1571">
    <p class='ocr_par' dir='ltr' id='par_1_13' title="bbox 288 1489 1859 1571">
     <span class='ocr_line' id='line_1_13' title="bbox 288 1489 1859 1571; baseline -0.01 -17"><span class='ocrx_word' id='word_1_101' title='bbox 288 1498 508 1571; x_wconf 87' lang='lat' dir='ltr'><strong><em>Pr0pter</em></strong></span> <span class='ocrx_word' id='word_1_102' title='bbox 533 1497 668 1569; x_wconf 87' lang='lat' dir='ltr'><strong><em>quod</em></strong></span> <span class='ocrx_word' id='word_1_103' title='bbox 694 1496 854 1550; x_wconf 90' lang='lat' dir='ltr'><strong><em>Deum</em></strong></span> <span class='ocrx_word' id='word_1_104' title='bbox 874 1511 1120 1550; x_wconf 89' lang='lat' dir='ltr'><strong><em>summum</em></strong></span> <span class='ocrx_word' id='word_1_105' title='bbox 1154 1509 1241 1546; x_wconf 89' lang='lat' dir='ltr'><strong><em>oro</em></strong></span> <span class='ocrx_word' id='word_1_106' title='bbox 1270 1508 1360 1561; x_wconf 91' lang='lat' dir='ltr'><strong><em>pro</em></strong></span> <span class='ocrx_word' id='word_1_107' title='bbox 1381 1499 1444 1554; x_wconf 93' lang='lat' dir='ltr'><strong><em>te,</em></strong></span> <span class='ocrx_word' id='word_1_108' title='bbox 1479 1500 1526 1544; x_wconf 89' lang='lat' dir='ltr'><strong><em>et</em></strong></span> <span class='ocrx_word' id='word_1_109' title='bbox 1550 1498 1687 1542; x_wconf 90' lang='lat' dir='ltr'><strong><em>tuam</em></strong></span> <span class='ocrx_word' id='word_1_110' title='bbox 1706 1489 1859 1541; x_wconf 89' lang='lat' dir='ltr'><strong><em>inter-</em></strong></span> 
     </span>
    </p>
   </div>
   <div class='ocr_carea' id='block_1_14' title="bbox 287 1577 1860 1658">
    <p class='ocr_par' dir='ltr' id='par_1_14' title="bbox 287 1577 1860 1658">
     <span class='ocr_line' id='line_1_14' title="bbox 287 1577 1860 1658; baseline -0.008 -14"><span class='ocrx_word' id='word_1_111' title='bbox 287 1591 592 1654; x_wconf 89' lang='lat' dir='ltr'><strong><em>cessionem,</em></strong></span> <span class='ocrx_word' id='word_1_112' title='bbox 621 1596 792 1642; x_wconf 87' lang='lat' dir='ltr'><strong><em>sancte</em></strong></span> <span class='ocrx_word' id='word_1_113' title='bbox 815 1595 976 1658; x_wconf 88' lang='lat' dir='ltr'><strong><em>pater,</em></strong></span> <span class='ocrx_word' id='word_1_114' title='bbox 999 1583 1283 1653; x_wconf 72' lang='lat' dir='ltr'><strong><em>expostulo,</em></strong></span> <span class='ocrx_word' id='word_1_115' title='bbox 1311 1590 1365 1634; x_wconf 89' lang='lat' dir='ltr'><strong><em>ut</em></strong></span> <span class='ocrx_word' id='word_1_116' title='bbox 1388 1580 1624 1650; x_wconf 87' lang='lat' dir='ltr'><strong><em>quoniam</em></strong></span> <span class='ocrx_word' id='word_1_117' title='bbox 1658 1577 1860 1631; x_wconf 90' lang='lat' dir='ltr'><strong><em>minime</em></strong></span> 
     </span>
    </p>
   </div>
   <div class='ocr_carea' id='block_1_15' title="bbox 286 1668 1860 1738">
    <p class='ocr_par' dir='ltr' id='par_1_15' title="bbox 286 1668 1860 1738">
     <span class='ocr_line' id='line_1_15' title="bbox 286 1668 1860 1738; baseline -0.009 -3"><span class='ocrx_word' id='word_1_118' title='bbox 286 1682 413 1736; x_wconf 86' lang='lat' dir='ltr'><strong><em>mihi</em></strong></span> <span class='ocrx_word' id='word_1_119' title='bbox 436 1679 699 1734; x_wconf 86' lang='lat' dir='ltr'><strong><em>testimonii</em></strong></span> <span class='ocrx_word' id='word_1_120' title='bbox 729 1679 853 1732; x_wconf 91' lang='lat' dir='ltr'><strong><em>tanti</em></strong></span> <span class='ocrx_word' id='word_1_121' title='bbox 887 1693 999 1730; x_wconf 90' lang='lat' dir='ltr'><strong><em>sum</em></strong></span> <span class='ocrx_word' id='word_1_122' title='bbox 1031 1674 1280 1738; x_wconf 88' lang='lat' dir='ltr'><strong><em>conscius,</em></strong></span> <span class='ocrx_word' id='word_1_123' title='bbox 1307 1689 1410 1726; x_wconf 91' lang='lat' dir='ltr'><strong><em>esse</em></strong></span> <span class='ocrx_word' id='word_1_124' title='bbox 1447 1671 1569 1724; x_wconf 90' lang='lat' dir='ltr'><strong><em>mihi</em></strong></span> <span class='ocrx_word' id='word_1_125' title='bbox 1606 1670 1755 1722; x_wconf 88' lang='lat' dir='ltr'><strong><em>talem</em></strong></span> <span class='ocrx_word' id='word_1_126' title='bbox 1784 1668 1860 1722; x_wconf 87' lang='lat' dir='ltr'><strong><em>vel</em></strong></span> 
     </span>
    </p>
   </div>
   <div class='ocr_carea' id='block_1_16' title="bbox 285 1757 1860 1843">
    <p class='ocr_par' dir='ltr' id='par_1_16' title="bbox 285 1757 1860 1843">
     <span class='ocr_line' id='line_1_16' title="bbox 285 1757 1860 1843; baseline -0.01 -17"><span class='ocrx_word' id='word_1_127' title='bbox 285 1771 586 1843; x_wconf 83' lang='lat' dir='ltr'><strong><em>quandoque</em></strong></span> <span class='ocrx_word' id='word_1_128' title='bbox 627 1769 900 1839; x_wconf 83' lang='lat' dir='ltr'><strong><em>proveniat.</em></strong></span> <span class='ocrx_word' id='word_1_129' title='bbox 937 1765 1059 1819; x_wconf 85' lang='lat' dir='ltr'><strong><em>Jam</em></strong></span> <span class='ocrx_word' id='word_1_130' title='bbox 1101 1765 1191 1818; x_wconf 91' lang='lat' dir='ltr'><strong><em>illa</em></strong></span> <span class='ocrx_word' id='word_1_131' title='bbox 1225 1777 1400 1816; x_wconf 71' lang='lat' dir='ltr'><strong><em>nonne&#39;</em></strong></span> <span class='ocrx_word' id='word_1_132' title='bbox 1420 1760 1588 1814; x_wconf 89' lang='lat' dir='ltr'><strong><em>omnia</em></strong></span> <span class='ocrx_word' id='word_1_133' title='bbox 1624 1757 1860 1811; x_wconf 70' lang='lat' dir='ltr'><strong><em>absentia&#39;</em></strong></span> 
     </span>
    </p>
   </div>
   <div class='ocr_carea' id='block_1_17' title="bbox 285 1847 1859 1925">
    <p class='ocr_par' dir='ltr' id='par_1_17' title="bbox 285 1847 1859 1925">
     <span class='ocr_line' id='line_1_17' title="bbox 285 1847 1859 1925; baseline -0.008 -10"><span class='ocrx_word' id='word_1_134' title='bbox 285 1877 411 1915; x_wconf 67' lang='lat' dir='ltr'><strong><em>mea!</em></strong></span> <span class='ocrx_word' id='word_1_135' title='bbox 439 1861 734 1913; x_wconf 86' lang='lat' dir='ltr'><strong><em>detrimenta</em></strong></span> <span class='ocrx_word' id='word_1_136' title='bbox 770 1859 1009 1922; x_wconf 82' lang='lat' dir='ltr'><strong><em>vicerunt,</em></strong></span> <span class='ocrx_word' id='word_1_137' title='bbox 1054 1854 1188 1925; x_wconf 90' lang='lat' dir='ltr'><strong><em>quod</em></strong></span> <span class='ocrx_word' id='word_1_138' title='bbox 1212 1854 1318 1924; x_wconf 88' lang='lat' dir='ltr'><strong><em>ipse</em></strong></span> <span class='ocrx_word' id='word_1_139' title='bbox 1353 1868 1442 1905; x_wconf 89' lang='lat' dir='ltr'><strong><em>nos</em></strong></span> <span class='ocrx_word' id='word_1_140' title='bbox 1471 1848 1679 1914; x_wconf 87' lang='lat' dir='ltr'><strong><em>alloqui,</em></strong></span> <span class='ocrx_word' id='word_1_141' title='bbox 1725 1847 1859 1916; x_wconf 87' lang='lat' dir='ltr'><strong><em>quod</em></strong></span> 
     </span>
    </p>
   </div>
   <div class='ocr_carea' id='block_1_18' title="bbox 286 1941 1857 2021">
    <p class='ocr_par' dir='ltr' id='par_1_18' title="bbox 286 1941 1857 2021">
     <span class='ocr_line' id='line_1_18' title="bbox 286 1941 1857 2021; baseline -0.01 -13"><span class='ocrx_word' id='word_1_142' title='bbox 286 1952 516 2017; x_wconf 88' lang='lat' dir='ltr'><strong><em>scribere,</em></strong></span> <span class='ocrx_word' id='word_1_143' title='bbox 532 1951 665 2021; x_wconf 80' lang='lat' dir='ltr'><strong><em>quod</em></strong></span> <span class='ocrx_word' id='word_1_144' title='bbox 689 1951 910 2004; x_wconf 89' lang='lat' dir='ltr'><strong><em>salutare</em></strong></span> <span class='ocrx_word' id='word_1_145' title='bbox 935 1948 1177 2018; x_wconf 83' lang='lat' dir='ltr'><strong><em>dignaris,</em></strong></span> <span class='ocrx_word' id='word_1_146' title='bbox 1203 1954 1247 1999; x_wconf 92' lang='lat' dir='ltr'><strong><em>et</em></strong></span> <span class='ocrx_word' id='word_1_147' title='bbox 1272 1943 1471 1998; x_wconf 89' lang='lat' dir='ltr'><strong><em>absente</em></strong></span> <span class='ocrx_word' id='word_1_148' title='bbox 1492 1959 1590 2009; x_wconf 91' lang='lat' dir='ltr'><strong><em>me,</em></strong></span> <span class='ocrx_word' id='word_1_149' title='bbox 1609 1941 1857 1994; x_wconf 89' lang='lat' dir='ltr'><strong><em>absentem</em></strong></span> 
     </span>
    </p>
   </div>
   <div class='ocr_carea' id='block_1_19' title="bbox 285 2034 1857 2113">
    <p class='ocr_par' dir='ltr' id='par_1_19' title="bbox 285 2034 1857 2113">
     <span class='ocr_line' id='line_1_19' title="bbox 285 2034 1857 2113; baseline -0.008 -15"><span class='ocrx_word' id='word_1_150' title='bbox 285 2061 392 2098; x_wconf 89' lang='lat' dir='ltr'><strong><em>esse</em></strong></span> <span class='ocrx_word' id='word_1_151' title='bbox 409 2059 510 2097; x_wconf 89' lang='lat' dir='ltr'><strong><em>non</em></strong></span> <span class='ocrx_word' id='word_1_152' title='bbox 537 2042 741 2113; x_wconf 90' lang='lat' dir='ltr'><strong><em>pateris.</em></strong></span> <span class='ocrx_word' id='word_1_153' title='bbox 769 2039 1006 2095; x_wconf 86' lang='lat' dir='ltr'><strong><em>Dolebam</em></strong></span> <span class='ocrx_word' id='word_1_154' title='bbox 1037 2055 1113 2092; x_wconf 89' lang='lat' dir='ltr'><strong><em>me</em></strong></span> <span class='ocrx_word' id='word_1_155' title='bbox 1138 2037 1285 2090; x_wconf 90' lang='lat' dir='ltr'><strong><em>modo</em></strong></span> <span class='ocrx_word' id='word_1_156' title='bbox 1311 2044 1420 2106; x_wconf 89' lang='lat' dir='ltr'><strong><em>post</em></strong></span> <span class='ocrx_word' id='word_1_157' title='bbox 1457 2034 1724 2088; x_wconf 89' lang='lat' dir='ltr'><strong><em>Deum.....</em></strong></span> <span class='ocrx_word' id='word_1_158' title='bbox 1757 2049 1857 2087; x_wconf 83' lang='lat' dir='ltr'><strong><em>non</em></strong></span> 
     </span>
    </p>
   </div>
   <div class='ocr_carea' id='block_1_20' title="bbox 283 2122 1858 2195">
    <p class='ocr_par' dir='ltr' id='par_1_20' title="bbox 283 2122 1858 2195">
     <span class='ocr_line' id='line_1_20' title="bbox 283 2122 1858 2195; baseline -0.008 -8"><span class='ocrx_word' id='word_1_159' title='bbox 283 2133 444 2187; x_wconf 76' lang='lat' dir='ltr'><strong><em>visum</em></strong></span> <span class='ocrx_word' id='word_1_160' title='bbox 474 2147 493 2186; x_wconf 90' lang='lat'><strong><em>:</em></strong></span> <span class='ocrx_word' id='word_1_161' title='bbox 519 2139 738 2184; x_wconf 85' lang='lat' dir='ltr'><strong><em>attamen</em></strong></span> <span class='ocrx_word' id='word_1_162' title='bbox 769 2146 870 2183; x_wconf 91' lang='lat' dir='ltr'><strong><em>non</em></strong></span> <span class='ocrx_word' id='word_1_163' title='bbox 901 2127 1068 2182; x_wconf 88' lang='lat' dir='ltr'><strong><em>carnis</em></strong></span> <span class='ocrx_word' id='word_1_164' title='bbox 1111 2127 1313 2195; x_wconf 79' lang='lat' dir='ltr'><strong><em>facient,</em></strong></span> <span class='ocrx_word' id='word_1_165' title='bbox 1354 2125 1426 2178; x_wconf 88' lang='lat' dir='ltr'><strong><em>sic</em></strong></span> <span class='ocrx_word' id='word_1_166' title='bbox 1456 2124 1589 2178; x_wconf 90' lang='lat' dir='ltr'><strong><em>enim</em></strong></span> <span class='ocrx_word' id='word_1_167' title='bbox 1629 2123 1727 2188; x_wconf 85' lang='lat' dir='ltr'><strong><em>ais,</em></strong></span> <span class='ocrx_word' id='word_1_168' title='bbox 1770 2122 1858 2176; x_wconf 87' lang='lat' dir='ltr'><strong><em>sed</em></strong></span> 
     </span>
    </p>
   </div>
   <div class='ocr_carea' id='block_1_21' title="bbox 285 2212 1860 2292">
    <p class='ocr_par' dir='ltr' id='par_1_21' title="bbox 285 2212 1860 2292">
     <span class='ocr_line' id='line_1_21' title="bbox 285 2212 1860 2292; baseline -0.007 -17"><span class='ocrx_word' id='word_1_169' title='bbox 285 2221 420 2290; x_wconf 82' lang='lat' dir='ltr'><strong><em>quod</em></strong></span> <span class='ocrx_word' id='word_1_170' title='bbox 445 2221 556 2292; x_wconf 84' lang='lat' dir='ltr'><strong><em>plus</em></strong></span> <span class='ocrx_word' id='word_1_171' title='bbox 576 2229 666 2284; x_wconf 83' lang='lat' dir='ltr'><strong><em>est,</em></strong></span> <span class='ocrx_word' id='word_1_172' title='bbox 699 2219 864 2273; x_wconf 89' lang='lat' dir='ltr'><strong><em>cordis</em></strong></span> <span class='ocrx_word' id='word_1_173' title='bbox 890 2217 1141 2279; x_wconf 87' lang='lat' dir='ltr'><strong><em>attendis;</em></strong></span> <span class='ocrx_word' id='word_1_174' title='bbox 1176 2232 1329 2285; x_wconf 88' lang='lat' dir='ltr'><strong><em>eoque</em></strong></span> <span class='ocrx_word' id='word_1_175' title='bbox 1356 2217 1486 2269; x_wconf 84' lang='lat' dir='ltr'><strong><em>visus</em></strong></span> <span class='ocrx_word' id='word_1_176' title='bbox 1512 2230 1625 2268; x_wconf 86' lang='lat' dir='ltr'><strong><em>sum</em></strong></span> <span class='ocrx_word' id='word_1_177' title='bbox 1650 2212 1735 2266; x_wconf 84' lang='lat' dir='ltr'><strong><em>tibi</em></strong></span> <span class='ocrx_word' id='word_1_178' title='bbox 1755 2229 1860 2265; x_wconf 89' lang='lat' dir='ltr'><strong><em>esse</em></strong></span> 
     </span>
    </p>
   </div>
   <div class='ocr_carea' id='block_1_22' title="bbox 281 2305 1856 2383">
    <p class='ocr_par' dir='ltr' id='par_1_22' title="bbox 281 2305 1856 2383">
     <span class='ocr_line' id='line_1_22' title="bbox 281 2305 1856 2383; baseline -0.006 -17"><span class='ocrx_word' id='word_1_179' title='bbox 281 2313 584 2383; x_wconf 78' lang='lat' dir='ltr'><strong><em>jucundior,</em></strong></span> <span class='ocrx_word' id='word_1_180' title='bbox 613 2328 710 2382; x_wconf 90' lang='lat' dir='ltr'><strong><em>quo</em></strong></span> <span class='ocrx_word' id='word_1_181' title='bbox 746 2310 960 2382; x_wconf 79' lang='lat' dir='ltr'><strong><em>penitius</em></strong></span> <span class='ocrx_word' id='word_1_182' title='bbox 999 2309 1281 2377; x_wconf 76' lang='lat' dir='ltr'><strong><em>inspexisti.</em></strong></span> <span class='ocrx_word' id='word_1_183' title='bbox 1320 2306 1470 2360; x_wconf 76' lang='lat' dir='ltr'><strong><em>Faxit</em></strong></span> <span class='ocrx_word' id='word_1_184' title='bbox 1498 2306 1655 2369; x_wconf 89' lang='lat' dir='ltr'><strong><em>Deus,</em></strong></span> <span class='ocrx_word' id='word_1_185' title='bbox 1687 2315 1743 2358; x_wconf 89' lang='lat' dir='ltr'><strong><em>ut</em></strong></span> <span class='ocrx_word' id='word_1_186' title='bbox 1760 2305 1856 2376; x_wconf 88' lang='lat' dir='ltr'><strong><em>ju-</em></strong></span> 
     </span>
    </p>
   </div>
   <div class='ocr_carea' id='block_1_23' title="bbox 285 2395 1859 2472">
    <p class='ocr_par' dir='ltr' id='par_1_23' title="bbox 285 2395 1859 2472">
     <span class='ocr_line' id='line_1_23' title="bbox 285 2395 1859 2472; baseline -0.005 -16"><span class='ocrx_word' id='word_1_187' title='bbox 285 2403 437 2470; x_wconf 86' lang='lat' dir='ltr'><strong><em>dicio,</em></strong></span> <span class='ocrx_word' id='word_1_188' title='bbox 461 2404 530 2456; x_wconf 88' lang='lat' dir='ltr'><strong><em>mi</em></strong></span> <span class='ocrx_word' id='word_1_189' title='bbox 557 2413 716 2472; x_wconf 88' lang='lat' dir='ltr'><strong><em>pater,</em></strong></span> <span class='ocrx_word' id='word_1_190' title='bbox 761 2411 846 2454; x_wconf 92' lang='lat' dir='ltr'><strong><em>tuo</em></strong></span> <span class='ocrx_word' id='word_1_191' title='bbox 874 2399 1206 2470; x_wconf 89' lang='lat' dir='ltr'><strong><em>respondeam</em></strong></span> <span class='ocrx_word' id='word_1_192' title='bbox 1227 2439 1242 2466; x_wconf 91' lang='lat'><strong><em>,</em></strong></span> <span class='ocrx_word' id='word_1_193' title='bbox 1275 2414 1364 2451; x_wconf 92' lang='lat' dir='ltr'><strong><em>nec</em></strong></span> <span class='ocrx_word' id='word_1_194' title='bbox 1400 2398 1496 2452; x_wconf 90' lang='lat' dir='ltr'><strong><em>sim</em></strong></span> <span class='ocrx_word' id='word_1_195' title='bbox 1524 2395 1663 2464; x_wconf 84' lang='lat' dir='ltr'><strong><em>apud</em></strong></span> <span class='ocrx_word' id='word_1_196' title='bbox 1698 2410 1859 2448; x_wconf 91' lang='lat' dir='ltr'><strong><em>meam</em></strong></span> 
     </span>
    </p>
   </div>
   <div class='ocr_carea' id='block_1_24' title="bbox 285 2485 1857 2558">
    <p class='ocr_par' dir='ltr' id='par_1_24' title="bbox 285 2485 1857 2558">
     <span class='ocr_line' id='line_1_24' title="bbox 285 2485 1857 2558; baseline -0.006 -13"><span class='ocrx_word' id='word_1_197' title='bbox 285 2492 636 2545; x_wconf 87' lang='lat' dir='ltr'><strong><em>conscientiam</em></strong></span> <span class='ocrx_word' id='word_1_198' title='bbox 659 2507 794 2556; x_wconf 88' lang='lat' dir='ltr'><strong><em>reus,</em></strong></span> <span class='ocrx_word' id='word_1_199' title='bbox 818 2507 931 2544; x_wconf 89' lang='lat' dir='ltr'><strong><em>cum</em></strong></span> <span class='ocrx_word' id='word_1_200' title='bbox 960 2489 1110 2543; x_wconf 89' lang='lat' dir='ltr'><strong><em>talem</em></strong></span> <span class='ocrx_word' id='word_1_201' title='bbox 1138 2504 1237 2555; x_wconf 89' lang='lat' dir='ltr'><strong><em>me,</em></strong></span> <span class='ocrx_word' id='word_1_202' title='bbox 1277 2487 1476 2557; x_wconf 89' lang='lat' dir='ltr'><strong><em>qualem</em></strong></span> <span class='ocrx_word' id='word_1_203' title='bbox 1501 2485 1585 2539; x_wconf 88' lang='lat' dir='ltr'><strong><em>tibi</em></strong></span> <span class='ocrx_word' id='word_1_204' title='bbox 1613 2486 1718 2556; x_wconf 88' lang='lat' dir='ltr'><strong><em>ipse</em></strong></span> <span class='ocrx_word' id='word_1_205' title='bbox 1745 2488 1857 2558; x_wconf 84' lang='lat' dir='ltr'><strong><em>for-</em></strong></span> 
     </span>
    </p>
   </div>
   <div class='ocr_carea' id='block_1_25' title="bbox 285 2579 1186 2652">
    <p class='ocr_par' dir='ltr' id='par_1_25' title="bbox 285 2579 1186 2652">
     <span class='ocr_line' id='line_1_25' title="bbox 285 2579 1186 2652; baseline -0.002 -17"><span class='ocrx_word' id='word_1_206' title='bbox 285 2583 456 2648; x_wconf 79' lang='lat' dir='ltr'><strong><em>masti,</em></strong></span> <span class='ocrx_word' id='word_1_207' title='bbox 488 2583 692 2636; x_wconf 90' lang='lat' dir='ltr'><strong><em>interius</em></strong></span> <span class='ocrx_word' id='word_1_208' title='bbox 719 2598 808 2652; x_wconf 85' lang='lat' dir='ltr'><strong><em>ego</em></strong></span> <span class='ocrx_word' id='word_1_209' title='bbox 834 2597 934 2634; x_wconf 90' lang='lat' dir='ltr'><strong><em>non</em></strong></span> <span class='ocrx_word' id='word_1_210' title='bbox 962 2579 1186 2634; x_wconf 87' lang='lat' dir='ltr'><strong><em>videam.</em></strong></span> 
     </span>
    </p>
   </div>
   <div class='ocr_carea' id='block_1_26' title="bbox 357 2669 1856 2741">
    <p class='ocr_par' dir='ltr' id='par_1_26' title="bbox 357 2669 1856 2741">
     <span class='ocr_line' id='line_1_26' title="bbox 357 2669 1856 2741; baseline -0.005 -11"><span class='ocrx_word' id='word_1_211' title='bbox 357 2676 414 2731; x_wconf 83' lang='grc'><strong><em>5.</em></strong></span> <span class='ocrx_word' id='word_1_212' title='bbox 449 2673 594 2729; x_wconf 80' lang='lat' dir='ltr'><strong><em>Bella</em></strong></span> <span class='ocrx_word' id='word_1_213' title='bbox 622 2691 700 2728; x_wconf 90' lang='lat' dir='ltr'><strong><em>me</em></strong></span> <span class='ocrx_word' id='word_1_214' title='bbox 731 2675 784 2728; x_wconf 91' lang='lat' dir='ltr'><strong><em>in</em></strong></span> <span class='ocrx_word' id='word_1_215' title='bbox 820 2673 992 2727; x_wconf 81' lang='lat' dir='ltr'><strong><em>eadem</em></strong></span> <span class='ocrx_word' id='word_1_216' title='bbox 1027 2672 1195 2725; x_wconf 88' lang='lat' dir='ltr'><strong><em>divina</em></strong></span> <span class='ocrx_word' id='word_1_217' title='bbox 1218 2687 1280 2725; x_wconf 86' lang='lat' dir='ltr'><strong><em>ac</em></strong></span> <span class='ocrx_word' id='word_1_218' title='bbox 1304 2671 1489 2725; x_wconf 79' lang='lat' dir='ltr'><strong><em>ctelesti</em></strong></span> <span class='ocrx_word' id='word_1_219' title='bbox 1513 2669 1724 2741; x_wconf 90' lang='lat' dir='ltr'><strong><em>epistola</em></strong></span> <span class='ocrx_word' id='word_1_220' title='bbox 1751 2677 1856 2738; x_wconf 83' lang='lat' dir='ltr'><strong><em>tua,</em></strong></span> 
     </span>
    </p>
   </div>
   <div class='ocr_carea' id='block_1_27' title="bbox 286 2761 1855 2832">
    <p class='ocr_par' dir='ltr' id='par_1_27' title="bbox 286 2761 1855 2832">
     <span class='ocr_line' id='line_1_27' title="bbox 286 2761 1855 2832; baseline -0.004 -13"><span class='ocrx_word' id='word_1_221' title='bbox 286 2781 349 2819; x_wconf 70' lang='lat' dir='ltr'><strong><em>ex</em></strong></span> <span class='ocrx_word' id='word_1_222' title='bbox 373 2781 507 2819; x_wconf 87' lang='lat' dir='ltr'><strong><em>more</em></strong></span> <span class='ocrx_word' id='word_1_223' title='bbox 533 2765 640 2829; x_wconf 88' lang='lat' dir='ltr'><strong><em>tibi,</em></strong></span> <span class='ocrx_word' id='word_1_224' title='bbox 659 2764 790 2832; x_wconf 89' lang='lat' dir='ltr'><strong><em>quod</em></strong></span> <span class='ocrx_word' id='word_1_225' title='bbox 806 2764 1013 2818; x_wconf 91' lang='lat' dir='ltr'><strong><em>laudare</em></strong></span> <span class='ocrx_word' id='word_1_226' title='bbox 1032 2761 1199 2825; x_wconf 87' lang='lat' dir='ltr'><strong><em>velles,</em></strong></span> <span class='ocrx_word' id='word_1_227' title='bbox 1222 2762 1500 2828; x_wconf 78' lang='lat' dir='ltr'><strong><em>eloquentia</em></strong></span> <span class='ocrx_word' id='word_1_228' title='bbox 1523 2761 1855 2828; x_wconf 84' lang='lat' dir='ltr'><strong><em>ministrante,</em></strong></span> 
     </span>
    </p>
   </div>
   <div class='ocr_carea' id='block_1_28' title="bbox 288 2850 1863 2924">
    <p class='ocr_par' dir='ltr' id='par_1_28' title="bbox 288 2850 1863 2924">
     <span class='ocr_line' id='line_1_28' title="bbox 288 2850 1863 2924; baseline -0.003 -16"><span class='ocrx_word' id='word_1_229' title='bbox 288 2854 419 2908; x_wconf 90' lang='lat' dir='ltr'><strong><em>bella</em></strong></span> <span class='ocrx_word' id='word_1_230' title='bbox 448 2870 548 2919; x_wconf 92' lang='lat' dir='ltr'><strong><em>me,</em></strong></span> <span class='ocrx_word' id='word_1_231' title='bbox 572 2855 775 2924; x_wconf 86' lang='lat' dir='ltr'><strong><em>inquam</em></strong></span> <span class='ocrx_word' id='word_1_232' title='bbox 795 2893 810 2919; x_wconf 87' lang='lat'><strong><em>,</em></strong></span> <span class='ocrx_word' id='word_1_233' title='bbox 831 2853 977 2906; x_wconf 90' lang='lat' dir='ltr'><strong><em>verbo</em></strong></span> <span class='ocrx_word' id='word_1_234' title='bbox 1005 2852 1079 2905; x_wconf 90' lang='lat' dir='ltr'><strong><em>ais</em></strong></span> <span class='ocrx_word' id='word_1_235' title='bbox 1107 2851 1344 2906; x_wconf 87' lang='lat' dir='ltr'><strong><em>occidere.</em></strong></span> <span class='ocrx_word' id='word_1_236' title='bbox 1383 2850 1480 2904; x_wconf 82' lang='lat' dir='ltr'><strong><em>Hic</em></strong></span> <span class='ocrx_word' id='word_1_237' title='bbox 1497 2867 1630 2916; x_wconf 88' lang='lat' dir='ltr'><strong><em>vero,</em></strong></span> <span class='ocrx_word' id='word_1_238' title='bbox 1659 2851 1725 2903; x_wconf 90' lang='lat' dir='ltr'><strong><em>mi</em></strong></span> <span class='ocrx_word' id='word_1_239' title='bbox 1745 2867 1863 2903; x_wconf 85' lang='lat' dir='ltr'><strong><em>san-</em></strong></span> 
     </span>
    </p>
   </div>
   <div class='ocr_carea' id='block_1_29' title="bbox 287 2933 1862 3014">
    <p class='ocr_par' dir='ltr' id='par_1_29' title="bbox 287 2933 1862 3014">
     <span class='ocr_line' id='line_1_29' title="bbox 287 2933 1862 3014; baseline -0.004 -14"><span class='ocrx_word' id='word_1_240' title='bbox 287 2954 364 3000; x_wconf 83' lang='lat' dir='ltr'><strong><em>cte</em></strong></span> <span class='ocrx_word' id='word_1_241' title='bbox 389 2955 549 3014; x_wconf 89' lang='lat' dir='ltr'><strong><em>pater,</em></strong></span> <span class='ocrx_word' id='word_1_242' title='bbox 578 2946 770 2998; x_wconf 89' lang='lat' dir='ltr'><strong><em>animus</em></strong></span> <span class='ocrx_word' id='word_1_243' title='bbox 797 2944 918 2996; x_wconf 86' lang='lat' dir='ltr'><strong><em>mihi</em></strong></span> <span class='ocrx_word' id='word_1_244' title='bbox 944 2953 1178 3013; x_wconf 88' lang='lat' dir='ltr'><strong><em>tanquam</em></strong></span> <span class='ocrx_word' id='word_1_245' title='bbox 1210 2959 1237 2996; x_wconf 90' lang='lat' dir='ltr'><strong><em>e</em></strong></span> <span class='ocrx_word' id='word_1_246' title='bbox 1268 2933 1563 3014; x_wconf 85' lang='lat' dir='ltr'><strong><em>quibusdam</em></strong></span> <span class='ocrx_word' id='word_1_247' title='bbox 1601 2941 1862 3012; x_wconf 85' lang='lat' dir='ltr'><strong><em>cogitatio-</em></strong></span> 
     </span>
    </p>
   </div>
   <div class='ocr_carea' id='block_1_30' title="bbox 287 3031 1864 3104">
    <p class='ocr_par' dir='ltr' id='par_1_30' title="bbox 287 3031 1864 3104">
     <span class='ocr_line' id='line_1_30' title="bbox 287 3031 1864 3104; baseline -0.004 -14"><span class='ocrx_word' id='word_1_248' title='bbox 287 3052 407 3090; x_wconf 77' lang='lat' dir='ltr'><strong><em>num</em></strong></span> <span class='ocrx_word' id='word_1_249' title='bbox 430 3034 663 3098; x_wconf 88' lang='lat' dir='ltr'><strong><em>tenebris,</em></strong></span> <span class='ocrx_word' id='word_1_250' title='bbox 689 3035 831 3104; x_wconf 88' lang='lat' dir='ltr'><strong><em>quasi</em></strong></span> <span class='ocrx_word' id='word_1_251' title='bbox 853 3050 993 3086; x_wconf 83' lang='lat' dir='ltr'><strong><em>veras</em></strong></span> <span class='ocrx_word' id='word_1_252' title='bbox 1011 3033 1087 3085; x_wconf 90' lang='lat' dir='ltr'><strong><em>sui</em></strong></span> <span class='ocrx_word' id='word_1_253' title='bbox 1110 3031 1282 3086; x_wconf 88' lang='lat' dir='ltr'><strong><em>laudes</em></strong></span> <span class='ocrx_word' id='word_1_254' title='bbox 1306 3031 1686 3102; x_wconf 86' lang='lat' dir='ltr'><strong><em>recognovisset,</em></strong></span> <span class='ocrx_word' id='word_1_255' title='bbox 1709 3047 1864 3084; x_wconf 82' lang='lat' dir='ltr'><strong><em>emer-</em></strong></span> 
     </span>
    </p>
   </div>
   <div class='ocr_carea' id='block_1_31' title="bbox 287 3122 1865 3194">
    <p class='ocr_par' dir='ltr' id='par_1_31' title="bbox 287 3122 1865 3194">
     <span class='ocr_line' id='line_1_31' title="bbox 287 3122 1865 3194; baseline -0.002 -14"><span class='ocrx_word' id='word_1_256' title='bbox 287 3126 371 3180; x_wconf 89' lang='lat' dir='ltr'><strong><em>sit.</em></strong></span> <span class='ocrx_word' id='word_1_257' title='bbox 404 3123 470 3180; x_wconf 91' lang='lat' dir='ltr'><strong><em>Ut</em></strong></span> <span class='ocrx_word' id='word_1_258' title='bbox 497 3126 629 3178; x_wconf 91' lang='lat' dir='ltr'><strong><em>euim</em></strong></span> <span class='ocrx_word' id='word_1_259' title='bbox 656 3135 810 3177; x_wconf 90' lang='lat' dir='ltr'><strong><em>totum</em></strong></span> <span class='ocrx_word' id='word_1_260' title='bbox 833 3123 1037 3177; x_wconf 85' lang='lat' dir='ltr'><strong><em>breviter</em></strong></span> <span class='ocrx_word' id='word_1_261' title='bbox 1056 3141 1116 3176; x_wconf 87' lang='lat' dir='ltr'><strong><em>ac</em></strong></span> <span class='ocrx_word' id='word_1_262' title='bbox 1135 3122 1426 3194; x_wconf 86' lang='lat' dir='ltr'><strong><em>simpliciter</em></strong></span> <span class='ocrx_word' id='word_1_263' title='bbox 1449 3122 1750 3176; x_wconf 83' lang='lat' dir='ltr'><strong><em>Beatitudini</em></strong></span> <span class='ocrx_word' id='word_1_264' title='bbox 1766 3131 1865 3177; x_wconf 75' lang='lat' dir='ltr'><strong><em>tutu</em></strong></span> 
     </span>
    </p>
   </div>
   <div class='ocr_carea' id='block_1_32' title="bbox 289 3212 1865 3284">
    <p class='ocr_par' dir='ltr' id='par_1_32' title="bbox 289 3212 1865 3284">
     <span class='ocr_line' id='line_1_32' title="bbox 289 3212 1865 3284; baseline -0.001 -17"><span class='ocrx_word' id='word_1_265' title='bbox 289 3215 549 3284; x_wconf 83' lang='lat' dir='ltr'><strong><em>conﬁtear,</em></strong></span> <span class='ocrx_word' id='word_1_266' title='bbox 581 3214 625 3267; x_wconf 89' lang='lat' dir='ltr'><strong><em>si</em></strong></span> <span class='ocrx_word' id='word_1_267' title='bbox 649 3230 747 3266; x_wconf 90' lang='lat' dir='ltr'><strong><em>non</em></strong></span> <span class='ocrx_word' id='word_1_268' title='bbox 772 3213 1099 3267; x_wconf 70' lang='lat' dir='ltr'><strong><em>exstinximus</em></strong></span> <span class='ocrx_word' id='word_1_269' title='bbox 1132 3212 1280 3276; x_wconf 88' lang='lat' dir='ltr'><strong><em>bella,</em></strong></span> <span class='ocrx_word' id='word_1_270' title='bbox 1310 3223 1440 3268; x_wconf 87' lang='lat' dir='ltr'><strong><em>certe</em></strong></span> <span class='ocrx_word' id='word_1_271' title='bbox 1476 3213 1791 3276; x_wconf 84' lang='lat' dir='ltr'><strong><em>distulimus;</em></strong></span> <span class='ocrx_word' id='word_1_272' title='bbox 1817 3223 1865 3267; x_wconf 90' lang='lat' dir='ltr'><strong><em>et</em></strong></span> 
     </span>
    </p>
   </div>
   <div class='ocr_carea' id='block_1_33' title="bbox 289 3303 1866 3374">
    <p class='ocr_par' dir='ltr' id='par_1_33' title="bbox 289 3303 1866 3374">
     <span class='ocr_line' id='line_1_33' title="bbox 289 3303 1866 3374; baseline -0.001 -17"><span class='ocrx_word' id='word_1_273' title='bbox 289 3303 398 3358; x_wconf 84' lang='lat' dir='ltr'><strong><em>Deo</em></strong></span> <span class='ocrx_word' id='word_1_274' title='bbox 421 3303 696 3374; x_wconf 88' lang='lat' dir='ltr'><strong><em>apitulante</em></strong></span> <span class='ocrx_word' id='word_1_275' title='bbox 711 3305 926 3356; x_wconf 87' lang='lat' dir='ltr'><strong><em>onmium</em></strong></span> <span class='ocrx_word' id='word_1_276' title='bbox 946 3303 1189 3373; x_wconf 87' lang='lat' dir='ltr'><strong><em>principe,</em></strong></span> <span class='ocrx_word' id='word_1_277' title='bbox 1207 3320 1317 3372; x_wconf 80' lang='lat' dir='ltr'><strong><em>qua:</em></strong></span> <span class='ocrx_word' id='word_1_278' title='bbox 1321 3305 1433 3374; x_wconf 91' lang='lat' dir='ltr'><strong><em>jam</em></strong></span> <span class='ocrx_word' id='word_1_279' title='bbox 1450 3320 1604 3374; x_wconf 90' lang='lat' dir='ltr'><strong><em>usque</em></strong></span> <span class='ocrx_word' id='word_1_280' title='bbox 1623 3305 1688 3356; x_wconf 90' lang='lat' dir='ltr'><strong><em>ad</em></strong></span> <span class='ocrx_word' id='word_1_281' title='bbox 1702 3321 1866 3374; x_wconf 86' lang='lat' dir='ltr'><strong><em>quent-</em></strong></span> 
     </span>
    </p>
   </div>
   <div class='ocr_carea' id='block_1_34' title="bbox 291 3393 1862 3463">
    <p class='ocr_par' dir='ltr' id='par_1_34' title="bbox 291 3393 1862 3463">
     <span class='ocr_line' id='line_1_34' title="bbox 291 3393 1862 3463; baseline 0 -17"><span class='ocrx_word' id='word_1_282' title='bbox 291 3394 410 3446; x_wconf 89' lang='lat' dir='ltr'><strong><em>dam</em></strong></span> <span class='ocrx_word' id='word_1_283' title='bbox 437 3393 774 3447; x_wconf 88' lang='lat' dir='ltr'><strong><em>calamitatum</em></strong></span> <span class='ocrx_word' id='word_1_284' title='bbox 801 3394 993 3463; x_wconf 88' lang='lat' dir='ltr'><strong><em>apicem</em></strong></span> <span class='ocrx_word' id='word_1_285' title='bbox 1017 3393 1322 3446; x_wconf 89' lang='lat' dir='ltr'><strong><em>increverant</em></strong></span> <span class='ocrx_word' id='word_1_286' title='bbox 1358 3394 1514 3460; x_wconf 88' lang='lat' dir='ltr'><strong><em>mala,</em></strong></span> <span class='ocrx_word' id='word_1_287' title='bbox 1537 3396 1700 3463; x_wconf 90' lang='lat' dir='ltr'><strong><em>sopita</em></strong></span> <span class='ocrx_word' id='word_1_288' title='bbox 1727 3403 1862 3448; x_wconf 90' lang='lat' dir='ltr'><strong><em>sunt.</em></strong></span> 
     </span>
    </p>
   </div>
   <div class='ocr_carea' id='block_1_35' title="bbox 293 3483 1869 3557">
    <p class='ocr_par' dir='ltr' id='par_1_35' title="bbox 293 3483 1869 3557">
     <span class='ocr_line' id='line_1_35' title="bbox 293 3483 1869 3557; baseline 0 -17"><span class='ocrx_word' id='word_1_289' title='bbox 293 3483 456 3555; x_wconf 88' lang='lat' dir='ltr'><strong><em>Spero</em></strong></span> <span class='ocrx_word' id='word_1_290' title='bbox 478 3493 640 3538; x_wconf 88' lang='lat' dir='ltr'><strong><em>tamen</em></strong></span> <span class='ocrx_word' id='word_1_291' title='bbox 660 3485 721 3538; x_wconf 91' lang='lat' dir='ltr'><strong><em>ab</em></strong></span> <span class='ocrx_word' id='word_1_292' title='bbox 747 3502 825 3550; x_wconf 91' lang='lat' dir='ltr'><strong><em>eo,</em></strong></span> <span class='ocrx_word' id='word_1_293' title='bbox 857 3503 887 3537; x_wconf 91' lang='lat' dir='ltr'><strong><em>a</em></strong></span> <span class='ocrx_word' id='word_1_294' title='bbox 913 3502 1010 3556; x_wconf 89' lang='lat' dir='ltr'><strong><em>quo</em></strong></span> <span class='ocrx_word' id='word_1_295' title='bbox 1037 3486 1276 3556; x_wconf 79' lang='lat' dir='ltr'><strong><em>quidquid</em></strong></span> <span class='ocrx_word' id='word_1_296' title='bbox 1295 3487 1473 3540; x_wconf 89' lang='lat' dir='ltr'><strong><em>bonum</em></strong></span> <span class='ocrx_word' id='word_1_297' title='bbox 1489 3497 1558 3540; x_wconf 89' lang='lat' dir='ltr'><strong><em>est</em></strong></span> <span class='ocrx_word' id='word_1_298' title='bbox 1580 3494 1732 3540; x_wconf 90' lang='lat' dir='ltr'><strong><em>totum</em></strong></span> <span class='ocrx_word' id='word_1_299' title='bbox 1753 3503 1869 3557; x_wconf 89' lang='lat' dir='ltr'><strong><em>spe-</em></strong></span> 
     </span>
    </p>
   </div>
   <div class='ocr_carea' id='block_1_36' title="bbox 292 3575 1867 3648">
    <p class='ocr_par' dir='ltr' id='par_1_36' title="bbox 292 3575 1867 3648">
     <span class='ocr_line' id='line_1_36' title="bbox 292 3575 1867 3648; baseline 0.002 -19"><span class='ocrx_word' id='word_1_300' title='bbox 292 3591 406 3629; x_wconf 85' lang='lat' dir='ltr'><strong><em>rare</em></strong></span> <span class='ocrx_word' id='word_1_301' title='bbox 433 3575 682 3640; x_wconf 86' lang='lat' dir='ltr'><strong><em>debemus,</em></strong></span> <span class='ocrx_word' id='word_1_302' title='bbox 713 3576 833 3646; x_wconf 89' lang='lat' dir='ltr'><strong><em>quin</em></strong></span> <span class='ocrx_word' id='word_1_303' title='bbox 859 3578 1006 3629; x_wconf 86' lang='lat' dir='ltr'><strong><em>etiam</em></strong></span> <span class='ocrx_word' id='word_1_304' title='bbox 1031 3578 1253 3647; x_wconf 74' lang='lat' dir='ltr'><strong><em>epistola:</em></strong></span> <span class='ocrx_word' id='word_1_305' title='bbox 1286 3586 1384 3632; x_wconf 73' lang='lat' dir='ltr'><strong><em>tua:</em></strong></span> <span class='ocrx_word' id='word_1_306' title='bbox 1413 3595 1633 3648; x_wconf 88' lang='lat' dir='ltr'><strong><em>auguror</em></strong></span> <span class='ocrx_word' id='word_1_307' title='bbox 1668 3579 1867 3632; x_wconf 88' lang='lat' dir='ltr'><strong><em>benedi-</em></strong></span> 
     </span>
    </p>
   </div>
   <div class='ocr_carea' id='block_1_37' title="bbox 293 3667 1862 3738">
    <p class='ocr_par' dir='ltr' id='par_1_37' title="bbox 293 3667 1862 3738">
     <span class='ocr_line' id='line_1_37' title="bbox 293 3667 1862 3738; baseline 0.003 -20"><span class='ocrx_word' id='word_1_308' title='bbox 293 3667 503 3720; x_wconf 85' lang='lat' dir='ltr'><strong><em>ctionem</em></strong></span> <span class='ocrx_word' id='word_1_309' title='bbox 533 3677 632 3719; x_wconf 88' lang='lat' dir='ltr'><strong><em>tam</em></strong></span> <span class='ocrx_word' id='word_1_310' title='bbox 663 3667 876 3738; x_wconf 86' lang='lat' dir='ltr'><strong><em>largam,</em></strong></span> <span class='ocrx_word' id='word_1_311' title='bbox 909 3677 1010 3720; x_wconf 89' lang='lat' dir='ltr'><strong><em>tam</em></strong></span> <span class='ocrx_word' id='word_1_312' title='bbox 1037 3677 1244 3735; x_wconf 89' lang='lat' dir='ltr'><strong><em>certam,</em></strong></span> <span class='ocrx_word' id='word_1_313' title='bbox 1270 3677 1326 3721; x_wconf 88' lang='lat' dir='ltr'><strong><em>ut</em></strong></span> <span class='ocrx_word' id='word_1_314' title='bbox 1345 3669 1451 3722; x_wconf 80' lang='lat' dir='ltr'><strong><em>hwc</em></strong></span> <span class='ocrx_word' id='word_1_315' title='bbox 1469 3670 1578 3738; x_wconf 89' lang='lat' dir='ltr'><strong><em>ipsa</em></strong></span> <span class='ocrx_word' id='word_1_316' title='bbox 1598 3668 1862 3736; x_wconf 91' lang='lat' dir='ltr'><strong><em>bellorum,</em></strong></span> 
     </span>
    </p>
   </div>
   <div class='ocr_carea' id='block_1_38' title="bbox 292 3757 1866 3830">
    <p class='ocr_par' dir='ltr' id='par_1_38' title="bbox 292 3757 1866 3830">
     <span class='ocr_line' id='line_1_38' title="bbox 292 3757 1866 3830; baseline 0.004 -22"><span class='ocrx_word' id='word_1_317' title='bbox 292 3773 444 3826; x_wconf 91' lang='lat' dir='ltr'><strong><em>quam</em></strong></span> <span class='ocrx_word' id='word_1_318' title='bbox 473 3758 598 3824; x_wconf 73' lang='lat' dir='ltr'><strong><em>dixi,</em></strong></span> <span class='ocrx_word' id='word_1_319' title='bbox 631 3757 828 3821; x_wconf 89' lang='lat' dir='ltr'><strong><em>dilatio,</em></strong></span> <span class='ocrx_word' id='word_1_320' title='bbox 856 3759 997 3827; x_wconf 87' lang='lat' dir='ltr'><strong><em>pacis</em></strong></span> <span class='ocrx_word' id='word_1_321' title='bbox 1033 3759 1210 3812; x_wconf 85' lang='lat' dir='ltr'><strong><em>habeat</em></strong></span> <span class='ocrx_word' id='word_1_322' title='bbox 1238 3769 1494 3830; x_wconf 88' lang='lat' dir='ltr'><strong><em>teneatque</em></strong></span> <span class='ocrx_word' id='word_1_323' title='bbox 1517 3777 1781 3829; x_wconf 88' lang='lat' dir='ltr'><strong><em>perennem</em></strong></span> <span class='ocrx_word' id='word_1_324' title='bbox 1806 3779 1866 3815; x_wconf 90' lang='lat' dir='ltr'><strong><em>ac</em></strong></span> 
     </span>
    </p>
   </div>
   <div class='ocr_carea' id='block_1_39' title="bbox 295 3847 1867 3922">
    <p class='ocr_par' dir='ltr' id='par_1_39' title="bbox 295 3847 1867 3922">
     <span class='ocr_line' id='line_1_39' title="bbox 295 3847 1867 3922; baseline 0.004 -23"><span class='ocrx_word' id='word_1_325' title='bbox 295 3857 580 3916; x_wconf 87' lang='lat' dir='ltr'><strong><em>perpetuam</em></strong></span> <span class='ocrx_word' id='word_1_326' title='bbox 608 3848 910 3915; x_wconf 83' lang='lat' dir='ltr'><strong><em>firmitatem.</em></strong></span> <span class='ocrx_word' id='word_1_327' title='bbox 935 3847 1120 3902; x_wconf 75' lang='lat' dir='ltr'><strong><em>Dixisti</em></strong></span> <span class='ocrx_word' id='word_1_328' title='bbox 1143 3850 1293 3915; x_wconf 88' lang='lat' dir='ltr'><strong><em>enim,</em></strong></span> <span class='ocrx_word' id='word_1_329' title='bbox 1317 3858 1363 3903; x_wconf 91' lang='lat' dir='ltr'><strong><em>et</em></strong></span> <span class='ocrx_word' id='word_1_330' title='bbox 1385 3861 1622 3920; x_wconf 88' lang='lat' dir='ltr'><strong><em>perpetua</em></strong></span> <span class='ocrx_word' id='word_1_331' title='bbox 1645 3849 1737 3904; x_wconf 86' lang='lat' dir='ltr'><strong><em>Dei</em></strong></span> <span class='ocrx_word' id='word_1_332' title='bbox 1762 3853 1867 3922; x_wconf 88' lang='lat' dir='ltr'><strong><em>lege</em></strong></span> 
     </span>
    </p>
   </div>
   <div class='ocr_carea' id='block_1_40' title="bbox 294 3939 1868 4021">
    <p class='ocr_par' dir='ltr' id='par_1_40' title="bbox 294 3939 1868 4021">
     <span class='ocr_line' id='line_1_40' title="bbox 294 3939 1868 4021; baseline 0.005 -31"><span class='ocrx_word' id='word_1_333' title='bbox 294 3939 470 4007; x_wconf 69' lang='lat' dir='ltr'><strong><em>fixisti,</em></strong></span> <span class='ocrx_word' id='word_1_334' title='bbox 503 3949 556 3992; x_wconf 90' lang='lat' dir='ltr'><strong><em>ut</em></strong></span> <span class='ocrx_word' id='word_1_335' title='bbox 584 3939 831 4010; x_wconf 88' lang='lat' dir='ltr'><strong><em>gaudeam</em></strong></span> <span class='ocrx_word' id='word_1_336' title='bbox 870 3941 984 4006; x_wconf 91' lang='lat' dir='ltr'><strong><em>isto,</em></strong></span> <span class='ocrx_word' id='word_1_337' title='bbox 1017 3949 1070 3995; x_wconf 92' lang='lat' dir='ltr'><strong><em>ut</em></strong></span> <span class='ocrx_word' id='word_1_338' title='bbox 1099 3951 1151 3994; x_wconf 90' lang='lat' dir='ltr'><strong><em>tu</em></strong></span> <span class='ocrx_word' id='word_1_339' title='bbox 1178 3943 1276 4008; x_wconf 89' lang='lat' dir='ltr'><strong><em>ais,</em></strong></span> <span class='ocrx_word' id='word_1_340' title='bbox 1311 3959 1418 3996; x_wconf 92' lang='lat' dir='ltr'><strong><em>meo</em></strong></span> <span class='ocrx_word' id='word_1_341' title='bbox 1457 3952 1559 4021; x_wconf 57' lang='lat' dir='ltr'><strong><em>tam</em></strong></span> <span class='ocrx_word' id='word_1_342' title='bbox 1601 3961 1780 4013; x_wconf 86' lang='lat' dir='ltr'><strong><em>magno</em></strong></span> <span class='ocrx_word' id='word_1_343' title='bbox 1807 3961 1868 3998; x_wconf 93' lang='lat' dir='ltr'><strong><em>ac</em></strong></span> 
     </span>
    </p>
   </div>
   <div class='ocr_carea' id='block_1_41' title="bbox 294 4027 1867 4102">
    <p class='ocr_par' dir='ltr' id='par_1_41' title="bbox 294 4027 1867 4102">
     <span class='ocr_line' id='line_1_41' title="bbox 294 4027 1867 4102; baseline 0.004 -21"><span class='ocrx_word' id='word_1_344' title='bbox 294 4043 404 4081; x_wconf 78' lang='lat' dir='ltr'><strong><em>vere</em></strong></span> <span class='ocrx_word' id='word_1_345' title='bbox 427 4029 570 4093; x_wconf 88' lang='lat' dir='ltr'><strong><em>bono,</em></strong></span> <span class='ocrx_word' id='word_1_346' title='bbox 605 4038 649 4081; x_wconf 91' lang='lat' dir='ltr'><strong><em>et</em></strong></span> <span class='ocrx_word' id='word_1_347' title='bbox 673 4032 816 4100; x_wconf 84' lang='lat' dir='ltr'><strong><em>fruar</em></strong></span> <span class='ocrx_word' id='word_1_348' title='bbox 840 4030 893 4082; x_wconf 88' lang='lat' dir='ltr'><strong><em>in</em></strong></span> <span class='ocrx_word' id='word_1_349' title='bbox 934 4027 1066 4097; x_wconf 83' lang='lat' dir='ltr'><strong><em>Deo,</em></strong></span> <span class='ocrx_word' id='word_1_350' title='bbox 1098 4031 1231 4084; x_wconf 88' lang='lat' dir='ltr'><strong><em>unde</em></strong></span> <span class='ocrx_word' id='word_1_351' title='bbox 1256 4034 1522 4102; x_wconf 83' lang='lat' dir='ltr'><strong><em>sumpsisse</em></strong></span> <span class='ocrx_word' id='word_1_352' title='bbox 1542 4050 1620 4086; x_wconf 87' lang='lat' dir='ltr'><strong><em>me</em></strong></span> <span class='ocrx_word' id='word_1_353' title='bbox 1641 4034 1784 4099; x_wconf 86' lang='lat' dir='ltr'><strong><em>dicis,</em></strong></span> <span class='ocrx_word' id='word_1_354' title='bbox 1814 4045 1867 4088; x_wconf 89' lang='lat' dir='ltr'><strong><em>ut</em></strong></span> 
     </span>
    </p>
   </div>
   <div class='ocr_carea' id='block_1_42' title="bbox 295 4121 1872 4193">
    <p class='ocr_par' dir='ltr' id='par_1_42' title="bbox 295 4121 1872 4193">
     <span class='ocr_line' id='line_1_42' title="bbox 295 4121 1872 4193; baseline 0.004 -20"><span class='ocrx_word' id='word_1_355' title='bbox 295 4132 342 4174; x_wconf 85' lang='lat' dir='ltr'><strong><em>et</em></strong></span> <span class='ocrx_word' id='word_1_356' title='bbox 379 4121 494 4174; x_wconf 88' lang='lat' dir='ltr'><strong><em>talis</em></strong></span> <span class='ocrx_word' id='word_1_357' title='bbox 531 4139 705 4188; x_wconf 80' lang='lat' dir='ltr'><strong><em>essem,</em></strong></span> <span class='ocrx_word' id='word_1_358' title='bbox 750 4131 796 4175; x_wconf 89' lang='lat' dir='ltr'><strong><em>et</em></strong></span> <span class='ocrx_word' id='word_1_359' title='bbox 837 4122 958 4175; x_wconf 88' lang='lat' dir='ltr'><strong><em>talia</em></strong></span> <span class='ocrx_word' id='word_1_360' title='bbox 992 4123 1207 4192; x_wconf 89' lang='lat' dir='ltr'><strong><em>gerenda</em></strong></span> <span class='ocrx_word' id='word_1_361' title='bbox 1247 4124 1568 4193; x_wconf 87' lang='lat' dir='ltr'><strong><em>susciperem.</em></strong></span> <span class='ocrx_word' id='word_1_362' title='bbox 1609 4124 1872 4180; x_wconf 87' lang='lat' dir='ltr'><strong><em>Connectis</em></strong></span> 
     </span>
    </p>
   </div>
   <div class='ocr_carea' id='block_1_43' title="bbox 299 4213 1868 4286">
    <p class='ocr_par' dir='ltr' id='par_1_43' title="bbox 299 4213 1868 4286">
     <span class='ocr_line' id='line_1_43' title="bbox 299 4213 1868 4286; baseline 0.003 -19"><span class='ocrx_word' id='word_1_363' title='bbox 299 4214 516 4267; x_wconf 86' lang='lat' dir='ltr'><strong><em>deinde:</em></strong></span> <span class='ocrx_word' id='word_1_364' title='bbox 548 4233 565 4264; x_wconf 86' lang='grc'>‹</span> <span class='ocrx_word' id='word_1_365' title='bbox 601 4214 890 4282; x_wconf 88' lang='lat' dir='ltr'><strong><em>Conﬁrmet,</em></strong></span> <span class='ocrx_word' id='word_1_366' title='bbox 911 4214 1098 4286; x_wconf 86' lang='lat' dir='ltr'><strong><em>inquis,</em></strong></span> <span class='ocrx_word' id='word_1_367' title='bbox 1131 4213 1264 4269; x_wconf 82' lang='lat' dir='ltr'><strong><em>Deus</em></strong></span> <span class='ocrx_word' id='word_1_368' title='bbox 1287 4216 1420 4285; x_wconf 90' lang='lat' dir='ltr'><strong><em>quod</em></strong></span> <span class='ocrx_word' id='word_1_369' title='bbox 1447 4231 1536 4286; x_wconf 88' lang='lat' dir='ltr'><strong><em>per</em></strong></span> <span class='ocrx_word' id='word_1_370' title='bbox 1563 4227 1608 4270; x_wconf 93' lang='lat' dir='ltr'><strong><em>te</em></strong></span> <span class='ocrx_word' id='word_1_371' title='bbox 1635 4226 1868 4286; x_wconf 86' lang='lat' dir='ltr'><strong><em>aperatus</em></strong></span> 
     </span>
    </p>
   </div>
   <div class='ocr_carea' id='block_1_44' title="bbox 297 4308 1871 4380">
    <p class='ocr_par' dir='ltr' id='par_1_44' title="bbox 297 4308 1871 4380">
     <span class='ocr_line' id='line_1_44' title="bbox 297 4308 1871 4380; baseline 0.002 -17"><span class='ocrx_word' id='word_1_372' title='bbox 297 4321 368 4364; x_wconf 86' lang='lat' dir='ltr'><strong><em>est</em></strong></span> <span class='ocrx_word' id='word_1_373' title='bbox 412 4308 570 4362; x_wconf 89' lang='lat' dir='ltr'><strong><em>nobis.</em></strong></span> <span class='ocrx_word' id='word_1_374' title='bbox 598 4329 616 4360; x_wconf 86' lang='grc'><strong>›</strong></span> <span class='ocrx_word' id='word_1_375' title='bbox 653 4309 695 4362; x_wconf 85' lang='lat'><em>0</em></span> <span class='ocrx_word' id='word_1_376' title='bbox 725 4318 836 4362; x_wconf 74' lang='lat' dir='ltr'><strong><em>vota</em></strong></span> <span class='ocrx_word' id='word_1_377' title='bbox 878 4325 976 4362; x_wconf 89' lang='lat' dir='ltr'><strong><em>non</em></strong></span> <span class='ocrx_word' id='word_1_378' title='bbox 1013 4311 1160 4363; x_wconf 90' lang='lat' dir='ltr'><strong><em>modo</em></strong></span> <span class='ocrx_word' id='word_1_379' title='bbox 1197 4326 1288 4379; x_wconf 92' lang='lat' dir='ltr'><strong><em>pro</em></strong></span> <span class='ocrx_word' id='word_1_380' title='bbox 1329 4327 1427 4376; x_wconf 90' lang='lat' dir='ltr'><strong><em>me,</em></strong></span> <span class='ocrx_word' id='word_1_381' title='bbox 1456 4311 1544 4363; x_wconf 88' lang='lat' dir='ltr'><strong><em>sed</em></strong></span> <span class='ocrx_word' id='word_1_382' title='bbox 1583 4328 1675 4380; x_wconf 91' lang='lat' dir='ltr'><strong><em>pro.</em></strong></span> <span class='ocrx_word' id='word_1_383' title='bbox 1709 4310 1871 4366; x_wconf 86' lang='lat' dir='ltr'><strong><em>salute</em></strong></span> 
     </span>
    </p>
   </div>
   <div class='ocr_carea' id='block_1_45' title="bbox 298 4397 1870 4471">
    <p class='ocr_par' dir='ltr' id='par_1_45' title="bbox 298 4397 1870 4471">
     <span class='ocr_line' id='line_1_45' title="bbox 298 4397 1870 4471; baseline 0.001 -19"><span class='ocrx_word' id='word_1_384' title='bbox 298 4397 521 4452; x_wconf 78' lang='lat' dir='ltr'><strong><em>omnium</em></strong></span> <span class='ocrx_word' id='word_1_385' title='bbox 541 4399 860 4469; x_wconf 81' lang='lat' dir='ltr'><strong><em>nuncupata!</em></strong></span> <span class='ocrx_word' id='word_1_386' title='bbox 882 4397 990 4452; x_wconf 87' lang='lat' dir='ltr'><strong><em>Nec</em></strong></span> <span class='ocrx_word' id='word_1_387' title='bbox 1011 4399 1141 4452; x_wconf 90' lang='lat' dir='ltr'><strong><em>enim</em></strong></span> <span class='ocrx_word' id='word_1_388' title='bbox 1167 4415 1276 4452; x_wconf 90' lang='lat' dir='ltr'><strong><em>mea</em></strong></span> <span class='ocrx_word' id='word_1_389' title='bbox 1304 4400 1400 4452; x_wconf 89' lang='lat' dir='ltr'><strong><em>ista</em></strong></span> <span class='ocrx_word' id='word_1_390' title='bbox 1422 4400 1582 4471; x_wconf 83' lang='lat' dir='ltr'><strong><em>gloria</em></strong></span> <span class='ocrx_word' id='word_1_391' title='bbox 1600 4401 1824 4470; x_wconf 87' lang='lat' dir='ltr'><strong><em>separari</em></strong></span> <span class='ocrx_word' id='word_1_392' title='bbox 1838 4418 1870 4454; x_wconf 90' lang='lat' dir='ltr'><strong><em>a</em></strong></span> 
     </span>
    </p>
   </div>
   <div class='ocr_carea' id='block_1_46' title="bbox 299 4491 1872 4564">
    <p class='ocr_par' dir='ltr' id='par_1_46' title="bbox 299 4491 1872 4564">
     <span class='ocr_line' id='line_1_46' title="bbox 299 4491 1872 4564; baseline 0.001 -19"><span class='ocrx_word' id='word_1_393' title='bbox 299 4491 458 4545; x_wconf 83' lang='lat' dir='ltr'><strong><em>salute</em></strong></span> <span class='ocrx_word' id='word_1_394' title='bbox 477 4491 696 4544; x_wconf 87' lang='lat' dir='ltr'><strong><em>omnium</em></strong></span> <span class='ocrx_word' id='word_1_395' title='bbox 717 4499 893 4561; x_wconf 86' lang='lat' dir='ltr'><strong><em>potest,</em></strong></span> <span class='ocrx_word' id='word_1_396' title='bbox 917 4500 962 4544; x_wconf 88' lang='lat' dir='ltr'><strong><em>et</em></strong></span> <span class='ocrx_word' id='word_1_397' title='bbox 983 4501 1036 4545; x_wconf 90' lang='lat' dir='ltr'><strong><em>ut</em></strong></span> <span class='ocrx_word' id='word_1_398' title='bbox 1056 4507 1145 4561; x_wconf 89' lang='lat' dir='ltr'><strong><em>ego</em></strong></span> <span class='ocrx_word' id='word_1_399' title='bbox 1171 4491 1477 4545; x_wconf 82' lang='lat' dir='ltr'><strong><em>orationibus</em></strong></span> <span class='ocrx_word' id='word_1_400' title='bbox 1501 4493 1596 4546; x_wconf 92' lang='lat' dir='ltr'><strong><em>tuis</em></strong></span> <span class='ocrx_word' id='word_1_401' title='bbox 1621 4495 1745 4564; x_wconf 71' lang='lat' dir='ltr'><strong><em>felix</em></strong></span> <span class='ocrx_word' id='word_1_402' title='bbox 1767 4509 1872 4547; x_wconf 81' lang='lat' dir='ltr'><strong><em>esse</em></strong></span> 
     </span>
    </p>
   </div>
   <div class='ocr_carea' id='block_1_47' title="bbox 299 4582 1866 4652">
    <p class='ocr_par' dir='ltr' id='par_1_47' title="bbox 299 4582 1866 4652">
     <span class='ocr_line' id='line_1_47' title="bbox 299 4582 1866 4652; baseline 0.002 -19"><span class='ocrx_word' id='word_1_403' title='bbox 299 4583 504 4652; x_wconf 82' lang='lat' dir='ltr'><strong><em>possint,</em></strong></span> <span class='ocrx_word' id='word_1_404' title='bbox 535 4599 637 4634; x_wconf 89' lang='lat' dir='ltr'><strong><em>una</em></strong></span> <span class='ocrx_word' id='word_1_405' title='bbox 663 4599 854 4636; x_wconf 90' lang='lat' dir='ltr'><strong><em>mecum</em></strong></span> <span class='ocrx_word' id='word_1_406' title='bbox 878 4599 1046 4635; x_wconf 84' lang='lat' dir='ltr'><strong><em>omnes</em></strong></span> <span class='ocrx_word' id='word_1_407' title='bbox 1075 4583 1243 4652; x_wconf 85' lang='lat' dir='ltr'><strong><em>felices</em></strong></span> <span class='ocrx_word' id='word_1_408' title='bbox 1269 4599 1374 4636; x_wconf 85' lang='lat' dir='ltr'><strong><em>esse</em></strong></span> <span class='ocrx_word' id='word_1_409' title='bbox 1402 4599 1596 4637; x_wconf 86' lang='lat' dir='ltr'><strong><em>necesse</em></strong></span> <span class='ocrx_word' id='word_1_410' title='bbox 1621 4592 1708 4637; x_wconf 89' lang='lat' dir='ltr'><strong><em>est.</em></strong></span> <span class='ocrx_word' id='word_1_411' title='bbox 1741 4582 1866 4652; x_wconf 90' lang='lat' dir='ltr'><strong><em>Diu,</em></strong></span> 
     </span>
    </p>
   </div>
   <div class='ocr_carea' id='block_1_48' title="bbox 298 4671 1867 4745">
    <p class='ocr_par' dir='ltr' id='par_1_48' title="bbox 298 4671 1867 4745">
     <span class='ocr_line' id='line_1_48' title="bbox 298 4671 1867 4745; baseline 0.003 -21"><span class='ocrx_word' id='word_1_412' title='bbox 298 4683 460 4743; x_wconf 86' lang='lat' dir='ltr'><strong><em>pater,</em></strong></span> <span class='ocrx_word' id='word_1_413' title='bbox 488 4689 578 4742; x_wconf 91' lang='lat' dir='ltr'><strong><em>pro</em></strong></span> <span class='ocrx_word' id='word_1_414' title='bbox 605 4671 832 4726; x_wconf 81' lang='lat' dir='ltr'><strong><em>Romano</em></strong></span> <span class='ocrx_word' id='word_1_415' title='bbox 854 4673 1084 4742; x_wconf 88' lang='lat' dir='ltr'><strong><em>imperio,</em></strong></span> <span class='ocrx_word' id='word_1_416' title='bbox 1114 4689 1204 4742; x_wconf 92' lang='lat' dir='ltr'><strong><em>pro</em></strong></span> <span class='ocrx_word' id='word_1_417' title='bbox 1229 4672 1458 4727; x_wconf 80' lang='lat' dir='ltr'><strong><em>Romana</em></strong></span> <span class='ocrx_word' id='word_1_418' title='bbox 1485 4674 1757 4744; x_wconf 82' lang='lat' dir='ltr'><strong><em>republica,</em></strong></span> <span class='ocrx_word' id='word_1_419' title='bbox 1776 4691 1867 4745; x_wconf 87' lang='lat' dir='ltr'><strong><em>pro</em></strong></span> 
     </span>
    </p>
   </div>
   <div class='ocr_carea' id='block_1_49' title="bbox 298 4763 1871 4836">
    <p class='ocr_par' dir='ltr' id='par_1_49' title="bbox 298 4763 1871 4836">
     <span class='ocr_line' id='line_1_49' title="bbox 298 4763 1871 4836; baseline 0.002 -21"><span class='ocrx_word' id='word_1_420' title='bbox 298 4763 376 4816; x_wconf 78' lang='lat' dir='ltr'><strong><em>his</em></strong></span> <span class='ocrx_word' id='word_1_421' title='bbox 405 4765 569 4827; x_wconf 91' lang='lat' dir='ltr'><strong><em>etiam,</em></strong></span> <span class='ocrx_word' id='word_1_422' title='bbox 598 4781 719 4835; x_wconf 84' lang='lat' dir='ltr'><strong><em>quos</em></strong></span> <span class='ocrx_word' id='word_1_423' title='bbox 738 4765 914 4836; x_wconf 83' lang='lat' dir='ltr'><strong><em>dignos</em></strong></span> <span class='ocrx_word' id='word_1_424' title='bbox 937 4781 1043 4818; x_wconf 89' lang='lat' dir='ltr'><strong><em>esse</em></strong></span> <span class='ocrx_word' id='word_1_425' title='bbox 1072 4765 1157 4818; x_wconf 86' lang='lat' dir='ltr'><strong><em>tibi</em></strong></span> <span class='ocrx_word' id='word_1_426' title='bbox 1181 4767 1472 4832; x_wconf 83' lang='lat' dir='ltr'><strong><em>occurrerit,</em></strong></span> <span class='ocrx_word' id='word_1_427' title='bbox 1507 4767 1627 4818; x_wconf 90' lang='lat' dir='ltr'><strong><em>talia</em></strong></span> <span class='ocrx_word' id='word_1_428' title='bbox 1647 4775 1756 4820; x_wconf 84' lang='lat' dir='ltr'><strong><em>vota</em></strong></span> <span class='ocrx_word' id='word_1_429' title='bbox 1783 4781 1871 4819; x_wconf 88' lang='lat' dir='ltr'><strong><em>su-</em></strong></span> 
     </span>
    </p>
   </div>
   <div class='ocr_carea' id='block_1_50' title="bbox 296 4854 1863 4924">
    <p class='ocr_par' dir='ltr' id='par_1_50' title="bbox 296 4854 1863 4924">
     <span class='ocr_line' id='line_1_50' title="bbox 296 4854 1863 4924; baseline 0.003 -19"><span class='ocrx_word' id='word_1_430' title='bbox 296 4869 407 4906; x_wconf 80' lang='lat' dir='ltr'><strong><em>mas</em></strong></span> <span class='ocrx_word' id='word_1_431' title='bbox 439 4870 498 4905; x_wconf 91' lang='lat' dir='ltr'><strong><em>ac</em></strong></span> <span class='ocrx_word' id='word_1_432' title='bbox 527 4870 810 4922; x_wconf 89' lang='lat' dir='ltr'><strong><em>nuncupes;</em></strong></span> <span class='ocrx_word' id='word_1_433' title='bbox 837 4854 1133 4920; x_wconf 86' lang='lat' dir='ltr'><strong><em>quandoque</em></strong></span> <span class='ocrx_word' id='word_1_434' title='bbox 1170 4863 1217 4908; x_wconf 90' lang='lat' dir='ltr'><strong><em>te</em></strong></span> <span class='ocrx_word' id='word_1_435' title='bbox 1243 4871 1395 4924; x_wconf 87' lang='lat' dir='ltr'><strong><em>usque</em></strong></span> <span class='ocrx_word' id='word_1_436' title='bbox 1415 4857 1468 4909; x_wconf 87' lang='lat' dir='ltr'><strong><em>in</em></strong></span> <span class='ocrx_word' id='word_1_437' title='bbox 1495 4856 1672 4908; x_wconf 71' lang='lat' dir='ltr'><strong><em>cretum</em></strong></span> <span class='ocrx_word' id='word_1_438' title='bbox 1711 4856 1863 4921; x_wconf 89' lang='lat' dir='ltr'><strong><em>tollis,</em></strong></span> 
     </span>
    </p>
   </div>
   <div class='ocr_carea' id='block_1_51' title="bbox 296 4944 1408 5016">
    <p class='ocr_par' dir='ltr' id='par_1_51' title="bbox 296 4944 1408 5016">
     <span class='ocr_line' id='line_1_51' title="bbox 296 4944 1408 5016; baseline 0.005 -22"><span class='ocrx_word' id='word_1_439' title='bbox 296 4944 472 4997; x_wconf 82' lang='lat' dir='ltr'><strong><em>tradas</em></strong></span> <span class='ocrx_word' id='word_1_440' title='bbox 493 4946 724 5012; x_wconf 88' lang='lat' dir='ltr'><strong><em>posteris,</em></strong></span> <span class='ocrx_word' id='word_1_441' title='bbox 751 4944 1052 5011; x_wconf 90' lang='lat' dir='ltr'><strong><em>mandesque</em></strong></span> <span class='ocrx_word' id='word_1_442' title='bbox 1075 4947 1408 5016; x_wconf 87' lang='lat' dir='ltr'><strong><em>sequentibus.</em></strong></span> 
     </span>
    </p>
   </div>
   <div class='ocr_carea' id='block_1_52' title="bbox 369 5033 1870 5109">
    <p class='ocr_par' dir='ltr' id='par_1_52' title="bbox 369 5033 1870 5109">
     <span class='ocr_line' id='line_1_52' title="bbox 369 5033 1870 5109; baseline 0.004 -23"><span class='ocrx_word' id='word_1_443' title='bbox 369 5033 424 5086; x_wconf 71' lang='grc'><strong>4.</strong></span> <span class='ocrx_word' id='word_1_444' title='bbox 466 5033 605 5087; x_wconf 90' lang='lat' dir='ltr'><strong><em>Satis</em></strong></span> <span class='ocrx_word' id='word_1_445' title='bbox 633 5051 922 5105; x_wconf 84' lang='lat' dir='ltr'><strong><em>progressus</em></strong></span> <span class='ocrx_word' id='word_1_446' title='bbox 948 5051 1058 5088; x_wconf 89' lang='lat' dir='ltr'><strong><em>sum</em></strong></span> <span class='ocrx_word' id='word_1_447' title='bbox 1081 5039 1293 5104; x_wconf 88' lang='lat' dir='ltr'><strong><em>fortasse</em></strong></span> <span class='ocrx_word' id='word_1_448' title='bbox 1320 5053 1468 5105; x_wconf 91' lang='lat' dir='ltr'><strong><em>quam</em></strong></span> <span class='ocrx_word' id='word_1_449' title='bbox 1487 5036 1656 5104; x_wconf 86' lang='lat' dir='ltr'><strong><em>debui,</em></strong></span> <span class='ocrx_word' id='word_1_450' title='bbox 1676 5037 1763 5092; x_wconf 90' lang='lat' dir='ltr'><strong><em>sed</em></strong></span> <span class='ocrx_word' id='word_1_451' title='bbox 1785 5055 1870 5109; x_wconf 85' lang='lat' dir='ltr'><strong><em>pa-</em></strong></span> 
     </span>
    </p>
   </div>
   <div class='ocr_carea' id='block_1_53' title="bbox 297 5124 1868 5196">
    <p class='ocr_par' dir='ltr' id='par_1_53' title="bbox 297 5124 1868 5196">
     <span class='ocr_line' id='line_1_53' title="bbox 297 5124 1868 5196; baseline 0.007 -20"><span class='ocrx_word' id='word_1_452' title='bbox 297 5139 412 5176; x_wconf 85' lang='lat' dir='ltr'><strong><em>rum</em></strong></span> <span class='ocrx_word' id='word_1_453' title='bbox 439 5124 634 5178; x_wconf 90' lang='lat' dir='ltr'><strong><em>locutus</em></strong></span> <span class='ocrx_word' id='word_1_454' title='bbox 656 5135 788 5178; x_wconf 89' lang='lat' dir='ltr'><strong><em>certe</em></strong></span> <span class='ocrx_word' id='word_1_455' title='bbox 812 5142 961 5194; x_wconf 89' lang='lat' dir='ltr'><strong><em>quam</em></strong></span> <span class='ocrx_word' id='word_1_456' title='bbox 988 5126 1140 5179; x_wconf 89' lang='lat' dir='ltr'><strong><em>volui.</em></strong></span> <span class='ocrx_word' id='word_1_457' title='bbox 1169 5124 1420 5195; x_wconf 83' lang='lat' dir='ltr'><strong><em>Conﬁteor</em></strong></span> <span class='ocrx_word' id='word_1_458' title='bbox 1459 5130 1614 5196; x_wconf 88' lang='lat' dir='ltr'><strong><em>enim,</em></strong></span> <span class='ocrx_word' id='word_1_459' title='bbox 1649 5131 1868 5187; x_wconf 88' lang='lat' dir='ltr'><strong><em>scribens</em></strong></span> 
     </span>
    </p>
   </div>
   <div class='ocr_carea' id='block_1_54' title="bbox 296 5215 1869 5290">
    <p class='ocr_par' dir='ltr' id='par_1_54' title="bbox 296 5215 1869 5290">
     <span class='ocr_line' id='line_1_54' title="bbox 296 5215 1869 5290; baseline 0.006 -23"><span class='ocrx_word' id='word_1_460' title='bbox 296 5215 366 5267; x_wconf 84' lang='lat' dir='ltr'><strong><em>ad</em></strong></span> <span class='ocrx_word' id='word_1_461' title='bbox 383 5226 427 5269; x_wconf 93' lang='lat' dir='ltr'><strong><em>te</em></strong></span> <span class='ocrx_word' id='word_1_462' title='bbox 441 5217 601 5274; x_wconf 75' lang='lat' dir='ltr'><strong><em>uultus</em></strong></span> <span class='ocrx_word' id='word_1_463' title='bbox 617 5217 739 5270; x_wconf 91' lang='lat' dir='ltr'><strong><em>mihi</em></strong></span> <span class='ocrx_word' id='word_1_464' title='bbox 753 5226 863 5272; x_wconf 88' lang='lat' dir='ltr'><strong><em>tuos</em></strong></span> <span class='ocrx_word' id='word_1_465' title='bbox 881 5231 1115 5288; x_wconf 88' lang='lat' dir='ltr'><strong><em>tanquam</em></strong></span> <span class='ocrx_word' id='word_1_466' title='bbox 1133 5219 1390 5288; x_wconf 66' lang='lat' dir='ltr'><strong><em>praesentis</em></strong></span> <span class='ocrx_word' id='word_1_467' title='bbox 1404 5221 1682 5290; x_wconf 87' lang='lat' dir='ltr'><strong><em>imaginor;</em></strong></span> <span class='ocrx_word' id='word_1_468' title='bbox 1696 5231 1742 5276; x_wconf 94' lang='lat' dir='ltr'><strong><em>et</em></strong></span> <span class='ocrx_word' id='word_1_469' title='bbox 1756 5239 1869 5277; x_wconf 90' lang='lat' dir='ltr'><strong><em>cum</em></strong></span> 
     </span>
    </p>
   </div>
   <div class='ocr_carea' id='block_1_55' title="bbox 297 5307 1869 5381">
    <p class='ocr_par' dir='ltr' id='par_1_55' title="bbox 297 5307 1869 5381">
     <span class='ocr_line' id='line_1_55' title="bbox 297 5307 1869 5381; baseline 0.004 -21"><span class='ocrx_word' id='word_1_470' title='bbox 297 5307 421 5360; x_wconf 89' lang='lat' dir='ltr'><strong><em>olim</em></strong></span> <span class='ocrx_word' id='word_1_471' title='bbox 446 5325 524 5364; x_wconf 89' lang='lat' dir='ltr'><strong><em>me</em></strong></span> <span class='ocrx_word' id='word_1_472' title='bbox 542 5325 702 5363; x_wconf 89' lang='lat' dir='ltr'><strong><em>sermo</em></strong></span> <span class='ocrx_word' id='word_1_473' title='bbox 723 5309 862 5363; x_wconf 89' lang='lat' dir='ltr'><strong><em>rudis</em></strong></span> <span class='ocrx_word' id='word_1_474' title='bbox 882 5319 928 5362; x_wconf 90' lang='lat' dir='ltr'><strong><em>et</em></strong></span> <span class='ocrx_word' id='word_1_475' title='bbox 947 5310 1091 5380; x_wconf 90' lang='lat' dir='ltr'><strong><em>inops</em></strong></span> <span class='ocrx_word' id='word_1_476' title='bbox 1111 5310 1284 5380; x_wconf 89' lang='lat' dir='ltr'><strong><em>lingua</em></strong></span> <span class='ocrx_word' id='word_1_477' title='bbox 1301 5311 1518 5380; x_wconf 88' lang='lat' dir='ltr'><strong><em>deﬁciat,</em></strong></span> <span class='ocrx_word' id='word_1_478' title='bbox 1549 5320 1712 5365; x_wconf 88' lang='lat' dir='ltr'><strong><em>tamen</em></strong></span> <span class='ocrx_word' id='word_1_479' title='bbox 1727 5313 1869 5381; x_wconf 89' lang='lat' dir='ltr'><strong><em>quasi</em></strong></span> 
     </span>
    </p>
   </div>
   <div class='ocr_carea' id='block_1_56' title="bbox 295 5400 1870 5471">
    <p class='ocr_par' dir='ltr' id='par_1_56' title="bbox 295 5400 1870 5471">
     <span class='ocr_line' id='line_1_56' title="bbox 295 5400 1870 5471; baseline 0.002 -19"><span class='ocrx_word' id='word_1_480' title='bbox 295 5415 466 5452; x_wconf 89' lang='lat' dir='ltr'><strong><em>coram</em></strong></span> <span class='ocrx_word' id='word_1_481' title='bbox 493 5410 651 5455; x_wconf 87' lang='lat' dir='ltr'><strong><em>tecum</em></strong></span> <span class='ocrx_word' id='word_1_482' title='bbox 683 5400 942 5471; x_wconf 82' lang='lat' dir='ltr'><strong><em>colloquar</em></strong></span> <span class='ocrx_word' id='word_1_483' title='bbox 976 5401 1281 5471; x_wconf 76' lang='lat' dir='ltr'><strong><em>fabuler-que,</em></strong></span> <span class='ocrx_word' id='word_1_484' title='bbox 1321 5417 1420 5455; x_wconf 89' lang='lat' dir='ltr'><strong><em>non</em></strong></span> <span class='ocrx_word' id='word_1_485' title='bbox 1447 5403 1621 5456; x_wconf 90' lang='lat' dir='ltr'><strong><em>satior.</em></strong></span> <span class='ocrx_word' id='word_1_486' title='bbox 1647 5401 1870 5456; x_wconf 89' lang='lat' dir='ltr'><strong><em>Proinde</em></strong></span> 
     </span>
    </p>
   </div>
   <div class='ocr_carea' id='block_1_57' title="bbox 299 5490 1868 5562">
    <p class='ocr_par' dir='ltr' id='par_1_57' title="bbox 299 5490 1868 5562">
     <span class='ocr_line' id='line_1_57' title="bbox 299 5490 1868 5562; baseline -0.001 -18"><span class='ocrx_word' id='word_1_487' title='bbox 299 5491 416 5544; x_wconf 89' lang='lat' dir='ltr'><strong><em>hinc</em></strong></span> <span class='ocrx_word' id='word_1_488' title='bbox 443 5492 590 5546; x_wconf 91' lang='lat' dir='ltr'><strong><em>etiam</em></strong></span> <span class='ocrx_word' id='word_1_489' title='bbox 622 5502 791 5547; x_wconf 90' lang='lat' dir='ltr'><strong><em>nostra</em></strong></span> <span class='ocrx_word' id='word_1_490' title='bbox 812 5493 864 5546; x_wconf 91' lang='lat' dir='ltr'><strong><em>in</em></strong></span> <span class='ocrx_word' id='word_1_491' title='bbox 883 5502 931 5547; x_wconf 89' lang='lat' dir='ltr'><strong><em>te</em></strong></span> <span class='ocrx_word' id='word_1_492' title='bbox 950 5491 1194 5546; x_wconf 87' lang='lat' dir='ltr'><strong><em>desideria</em></strong></span> <span class='ocrx_word' id='word_1_493' title='bbox 1218 5492 1406 5546; x_wconf 89' lang='lat' dir='ltr'><strong><em>metire.</em></strong></span> <span class='ocrx_word' id='word_1_494' title='bbox 1433 5490 1557 5548; x_wconf 90' lang='lat' dir='ltr'><strong><em>Cum</em></strong></span> <span class='ocrx_word' id='word_1_495' title='bbox 1574 5492 1776 5562; x_wconf 84' lang='lat' dir='ltr'><strong><em>jamdiu</em></strong></span> <span class='ocrx_word' id='word_1_496' title='bbox 1801 5494 1868 5562; x_wconf 82' lang='lat' dir='ltr'><strong><em>ﬁ-</em></strong></span> 
     </span>
    </p>
   </div>
   <div class='ocr_carea' id='block_1_58' title="bbox 296 5581 1869 5653">
    <p class='ocr_par' dir='ltr' id='par_1_58' title="bbox 296 5581 1869 5653">
     <span class='ocr_line' id='line_1_58' title="bbox 296 5581 1869 5653; baseline 0.001 -20"><span class='ocrx_word' id='word_1_497' title='bbox 296 5596 410 5634; x_wconf 89' lang='lat' dir='ltr'><strong><em>nem</em></strong></span> <span class='ocrx_word' id='word_1_498' title='bbox 440 5591 704 5635; x_wconf 82' lang='lat' dir='ltr'><strong><em>mereretur</em></strong></span> <span class='ocrx_word' id='word_1_499' title='bbox 733 5581 1010 5651; x_wconf 87' lang='lat' dir='ltr'><strong><em>epistolaris</em></strong></span> <span class='ocrx_word' id='word_1_500' title='bbox 1034 5582 1230 5651; x_wconf 70' lang='lat' dir='ltr'><strong><em>paginaa</em></strong></span> <span class='ocrx_word' id='word_1_501' title='bbox 1253 5582 1462 5651; x_wconf 85' lang='lat' dir='ltr'><strong><em>forsitan</em></strong></span> <span class='ocrx_word' id='word_1_502' title='bbox 1485 5583 1679 5653; x_wconf 89' lang='lat' dir='ltr'><strong><em>ingrata</em></strong></span> <span class='ocrx_word' id='word_1_503' title='bbox 1701 5583 1869 5635; x_wconf 87' lang='lat' dir='ltr'><strong><em>verbo-</em></strong></span> 
     </span>
    </p>
   </div>
   <div class='ocr_carea' id='block_1_59' title="bbox 295 5670 1864 5743">
    <p class='ocr_par' dir='ltr' id='par_1_59' title="bbox 295 5670 1864 5743">
     <span class='ocr_line' id='line_1_59' title="bbox 295 5670 1864 5743; baseline 0 -16"><span class='ocrx_word' id='word_1_504' title='bbox 295 5672 437 5740; x_wconf 85' lang='lat' dir='ltr'><strong><em>sitas,</em></strong></span> <span class='ocrx_word' id='word_1_505' title='bbox 463 5673 801 5729; x_wconf 86' lang='lat' dir='ltr'><strong><em>subtrahimus</em></strong></span> <span class='ocrx_word' id='word_1_506' title='bbox 815 5670 1159 5728; x_wconf 81' lang='lat' dir='ltr'><strong><em>verecundiam</em></strong></span> <span class='ocrx_word' id='word_1_507' title='bbox 1173 5690 1192 5738; x_wconf 87' lang='lat'><strong><em>;</em></strong></span> <span class='ocrx_word' id='word_1_508' title='bbox 1221 5672 1340 5726; x_wconf 86' lang='lat' dir='ltr'><strong><em>dum</em></strong></span> <span class='ocrx_word' id='word_1_509' title='bbox 1365 5673 1626 5743; x_wconf 85' lang='lat' dir='ltr'><strong><em>cupiditati</em></strong></span> <span class='ocrx_word' id='word_1_510' title='bbox 1645 5675 1864 5729; x_wconf 89' lang='lat' dir='ltr'><strong><em>consuli-</em></strong></span> 
     </span>
    </p>
   </div>
   <div class='ocr_carea' id='block_1_60' title="bbox 1444 277 2348 340">
    <p class='ocr_par' dir='ltr' id='par_1_60' title="bbox 1444 277 2348 340">
     <span class='ocr_line' id='line_1_60' title="bbox 1444 277 2348 340; baseline -0.002 -2"><span class='ocrx_word' id='word_1_511' title='bbox 1444 277 1916 340; x_wconf 75' lang='lat' dir='ltr'><strong><em>EPISTOLARUM</em></strong></span> <span class='ocrx_word' id='word_1_512' title='bbox 1954 277 2225 336; x_wconf 71' lang='lat' dir='ltr'><strong><em>CLASSIS</em></strong></span> <span class='ocrx_word' id='word_1_513' title='bbox 2261 279 2348 337; x_wconf 80' lang='grc'><strong>111.</strong></span> 
     </span>
    </p>
   </div>
   <div class='ocr_carea' id='block_1_61' title="bbox 3398 286 3538 346">
    <p class='ocr_par' dir='ltr' id='par_1_61' title="bbox 3398 286 3538 346">
     <span class='ocr_line' id='line_1_61' title="bbox 3398 286 3538 346; baseline 0 0"><span class='ocrx_word' id='word_1_514' title='bbox 3398 286 3538 346; x_wconf 65' lang='grc'><strong><em>1022</em></strong></span> 
     </span>
    </p>
   </div>
   <div class='ocr_carea' id='block_1_62' title="bbox 1968 394 3534 474">
    <p class='ocr_par' dir='ltr' id='par_1_62' title="bbox 1968 394 3534 474">
     <span class='ocr_line' id='line_1_62' title="bbox 1968 394 3534 474; baseline 0.008 -29"><span class='ocrx_word' id='word_1_515' title='bbox 1968 406 2098 458; x_wconf 89' lang='lat' dir='ltr'><strong><em>mus,</em></strong></span> <span class='ocrx_word' id='word_1_516' title='bbox 2120 401 2167 446; x_wconf 93' lang='lat' dir='ltr'><strong><em>et</em></strong></span> <span class='ocrx_word' id='word_1_517' title='bbox 2185 409 2458 448; x_wconf 85' lang='lat' dir='ltr'><strong><em>sermonem</em></strong></span> <span class='ocrx_word' id='word_1_518' title='bbox 2482 394 2774 467; x_wconf 86' lang='lat' dir='ltr'><strong><em>relinquere,</em></strong></span> <span class='ocrx_word' id='word_1_519' title='bbox 2801 413 2906 453; x_wconf 85' lang='lat' dir='ltr'><strong><em>esse</em></strong></span> <span class='ocrx_word' id='word_1_520' title='bbox 2927 414 2958 452; x_wconf 91' lang='lat' dir='ltr'><strong><em>a</em></strong></span> <span class='ocrx_word' id='word_1_521' title='bbox 2981 406 3029 454; x_wconf 91' lang='lat' dir='ltr'><strong><em>te</em></strong></span> <span class='ocrx_word' id='word_1_522' title='bbox 3051 399 3276 456; x_wconf 82' lang='lat' dir='ltr'><strong><em>recedere</em></strong></span> <span class='ocrx_word' id='word_1_523' title='bbox 3299 403 3534 474; x_wconf 84' lang='lat' dir='ltr'><strong><em>suspica-</em></strong></span> 
     </span>
    </p>
   </div>
   <div class='ocr_carea' id='block_1_63' title="bbox 1964 481 3529 560">
    <p class='ocr_par' dir='ltr' id='par_1_63' title="bbox 1964 481 3529 560">
     <span class='ocr_line' id='line_1_63' title="bbox 1964 481 3529 560; baseline 0.008 -26"><span class='ocrx_word' id='word_1_524' title='bbox 1964 497 2094 534; x_wconf 90' lang='lat' dir='ltr'><strong><em>mur.</em></strong></span> <span class='ocrx_word' id='word_1_525' title='bbox 2127 481 2264 537; x_wconf 89' lang='lat' dir='ltr'><strong><em>Nolo</em></strong></span> <span class='ocrx_word' id='word_1_526' title='bbox 2288 500 2405 556; x_wconf 89' lang='lat' dir='ltr'><strong><em>ergo</em></strong></span> <span class='ocrx_word' id='word_1_527' title='bbox 2433 501 2532 539; x_wconf 91' lang='lat' dir='ltr'><strong><em>non</em></strong></span> <span class='ocrx_word' id='word_1_528' title='bbox 2552 485 2793 553; x_wconf 85' lang='lat' dir='ltr'><strong><em>desinere,</em></strong></span> <span class='ocrx_word' id='word_1_529' title='bbox 2821 487 2909 542; x_wconf 88' lang='lat' dir='ltr'><strong><em>sed</em></strong></span> <span class='ocrx_word' id='word_1_530' title='bbox 2933 505 3033 543; x_wconf 89' lang='lat' dir='ltr'><strong><em>non</em></strong></span> <span class='ocrx_word' id='word_1_531' title='bbox 3061 505 3262 560; x_wconf 88' lang='lat' dir='ltr'><strong><em>possum</em></strong></span> <span class='ocrx_word' id='word_1_532' title='bbox 3279 505 3299 545; x_wconf 91' lang='lat'><strong><em>:</em></strong></span> <span class='ocrx_word' id='word_1_533' title='bbox 3320 491 3366 545; x_wconf 92' lang='lat' dir='ltr'><strong><em>si</em></strong></span> <span class='ocrx_word' id='word_1_534' title='bbox 3395 492 3529 546; x_wconf 86' lang='lat' dir='ltr'><strong><em>enim</em></strong></span> 
     </span>
    </p>
   </div>
   <div class='ocr_carea' id='block_1_64' title="bbox 1964 559 3534 649">
    <p class='ocr_par' dir='ltr' id='par_1_64' title="bbox 1964 559 3534 649">
     <span class='ocr_line' id='line_1_64' title="bbox 1964 559 3534 649; baseline 0.006 -24"><span class='ocrx_word' id='word_1_535' title='bbox 1964 559 2156 638; x_wconf 83' lang='lat' dir='ltr'><strong><em>credis,’</em></strong></span> <span class='ocrx_word' id='word_1_536' title='bbox 2187 573 2257 626; x_wconf 90' lang='lat' dir='ltr'><strong><em>mi</em></strong></span> <span class='ocrx_word' id='word_1_537' title='bbox 2299 583 2458 643; x_wconf 89' lang='lat' dir='ltr'><strong><em>pater,</em></strong></span> <span class='ocrx_word' id='word_1_538' title='bbox 2503 574 2628 630; x_wconf 89' lang='lat' dir='ltr'><strong><em>adeo</em></strong></span> <span class='ocrx_word' id='word_1_539' title='bbox 2673 576 2853 631; x_wconf 89' lang='lat' dir='ltr'><strong><em>nostris</em></strong></span> <span class='ocrx_word' id='word_1_540' title='bbox 2896 559 3118 633; x_wconf 87' lang='lat' dir='ltr'><strong><em>sensibus</em></strong></span> <span class='ocrx_word' id='word_1_541' title='bbox 3154 595 3216 632; x_wconf 90' lang='lat' dir='ltr'><strong><em>ac</em></strong></span> <span class='ocrx_word' id='word_1_542' title='bbox 3243 580 3534 649; x_wconf 62' lang='lat' dir='ltr'><strong><em>praecordiis</em></strong></span> 
     </span>
    </p>
   </div>
   <div class='ocr_carea' id='block_1_65' title="bbox 1964 653 3532 740">
    <p class='ocr_par' dir='ltr' id='par_1_65' title="bbox 1964 653 3532 740">
     <span class='ocr_line' id='line_1_65' title="bbox 1964 653 3532 740; baseline 0.006 -27"><span class='ocrx_word' id='word_1_543' title='bbox 1964 653 2224 727; x_wconf 77' lang='lat' dir='ltr'><strong><em>inhwsisti,</em></strong></span> <span class='ocrx_word' id='word_1_544' title='bbox 2262 679 2324 718; x_wconf 74' lang='lat' dir='ltr'><strong><em>es:</em></strong></span> <span class='ocrx_word' id='word_1_545' title='bbox 2357 681 2455 734; x_wconf 88' lang='lat' dir='ltr'><strong><em>quo</em></strong></span> <span class='ocrx_word' id='word_1_546' title='bbox 2496 683 2596 720; x_wconf 89' lang='lat' dir='ltr'><strong><em>non</em></strong></span> <span class='ocrx_word' id='word_1_547' title='bbox 2629 669 2848 721; x_wconf 87' lang='lat' dir='ltr'><strong><em>contenti</em></strong></span> <span class='ocrx_word' id='word_1_548' title='bbox 2875 678 2961 721; x_wconf 89' lang='lat' dir='ltr'><strong><em>tua</em></strong></span> <span class='ocrx_word' id='word_1_549' title='bbox 2987 667 3127 737; x_wconf 90' lang='lat' dir='ltr'><strong><em>fama</em></strong></span> <span class='ocrx_word' id='word_1_550' title='bbox 3163 677 3265 722; x_wconf 84' lang='lat' dir='ltr'><strong><em>tam</em></strong></span> <span class='ocrx_word' id='word_1_551' title='bbox 3291 669 3532 740; x_wconf 85' lang='lat' dir='ltr'><strong><em>gloriosa,</em></strong></span> 
     </span>
    </p>
   </div>
   <div class='ocr_carea' id='block_1_66' title="bbox 1963 752 3530 826">
    <p class='ocr_par' dir='ltr' id='par_1_66' title="bbox 1963 752 3530 826">
     <span class='ocr_line' id='line_1_66' title="bbox 1963 752 3530 826; baseline 0.007 -24"><span class='ocrx_word' id='word_1_552' title='bbox 1963 757 2066 804; x_wconf 90' lang='lat' dir='ltr'><strong><em>tam</em></strong></span> <span class='ocrx_word' id='word_1_553' title='bbox 2093 752 2332 816; x_wconf 77' lang='lat' dir='ltr'><strong><em>maxima,</em></strong></span> <span class='ocrx_word' id='word_1_554' title='bbox 2355 755 2552 824; x_wconf 88' lang='lat' dir='ltr'><strong><em>scriptis</em></strong></span> <span class='ocrx_word' id='word_1_555' title='bbox 2581 765 2627 809; x_wconf 93' lang='lat' dir='ltr'><strong><em>te</em></strong></span> <span class='ocrx_word' id='word_1_556' title='bbox 2652 758 2749 810; x_wconf 90' lang='lat' dir='ltr'><strong><em>tuis</em></strong></span> <span class='ocrx_word' id='word_1_557' title='bbox 2769 757 2950 811; x_wconf 90' lang='lat' dir='ltr'><strong><em>intueri</em></strong></span> <span class='ocrx_word' id='word_1_558' title='bbox 2973 757 3262 826; x_wconf 82' lang='lat' dir='ltr'><strong><em>maluimus,</em></strong></span> <span class='ocrx_word' id='word_1_559' title='bbox 3288 777 3404 813; x_wconf 89' lang='lat' dir='ltr'><strong><em>cum</em></strong></span> <span class='ocrx_word' id='word_1_560' title='bbox 3429 776 3530 813; x_wconf 82' lang='lat' dir='ltr'><strong><em>una</em></strong></span> 
     </span>
    </p>
   </div>
   <div class='ocr_carea' id='block_1_67' title="bbox 1964 841 3534 919">
    <p class='ocr_par' dir='ltr' id='par_1_67' title="bbox 1964 841 3534 919">
     <span class='ocr_line' id='line_1_67' title="bbox 1964 841 3534 919; baseline 0.009 -28"><span class='ocrx_word' id='word_1_561' title='bbox 1964 841 2104 905; x_wconf 89' lang='lat' dir='ltr'><strong><em>mihi,</em></strong></span> <span class='ocrx_word' id='word_1_562' title='bbox 2128 852 2274 912; x_wconf 90' lang='lat' dir='ltr'><strong><em>atque</em></strong></span> <span class='ocrx_word' id='word_1_563' title='bbox 2297 844 2404 898; x_wconf 60' lang='lat' dir='ltr'><strong><em>haec</em></strong></span> <span class='ocrx_word' id='word_1_564' title='bbox 2428 844 2586 900; x_wconf 86' lang='lat' dir='ltr'><strong><em>brevis</em></strong></span> <span class='ocrx_word' id='word_1_565' title='bbox 2612 847 2824 915; x_wconf 86' lang='lat' dir='ltr'><strong><em>epistola</em></strong></span> <span class='ocrx_word' id='word_1_566' title='bbox 2851 856 2958 909; x_wconf 85' lang='lat' dir='ltr'><strong><em>tua,</em></strong></span> <span class='ocrx_word' id='word_1_567' title='bbox 2982 847 3177 902; x_wconf 89' lang='lat' dir='ltr'><strong><em>ardoris</em></strong></span> <span class='ocrx_word' id='word_1_568' title='bbox 3198 859 3363 904; x_wconf 88' lang='lat' dir='ltr'><strong><em>tantas</em></strong></span> <span class='ocrx_word' id='word_1_569' title='bbox 3382 852 3534 919; x_wconf 85' lang='lat' dir='ltr'><strong><em>fiam-</em></strong></span> 
     </span>
    </p>
   </div>
   <div class='ocr_carea' id='block_1_68' title="bbox 1963 933 3533 1010">
    <p class='ocr_par' dir='ltr' id='par_1_68' title="bbox 1963 933 3533 1010">
     <span class='ocr_line' id='line_1_68' title="bbox 1963 933 3533 1010; baseline 0.007 -27"><span class='ocrx_word' id='word_1_570' title='bbox 1963 947 2091 999; x_wconf 89' lang='lat' dir='ltr'><strong><em>mas,</em></strong></span> <span class='ocrx_word' id='word_1_571' title='bbox 2132 933 2456 1005; x_wconf 89' lang='lat' dir='ltr'><strong><em>incendiaque</em></strong></span> <span class='ocrx_word' id='word_1_572' title='bbox 2488 939 2821 992; x_wconf 88' lang='lat' dir='ltr'><strong><em>commoverit.</em></strong></span> <span class='ocrx_word' id='word_1_573' title='bbox 2855 936 3000 993; x_wconf 88' lang='lat' dir='ltr'><strong><em>Unde</em></strong></span> <span class='ocrx_word' id='word_1_574' title='bbox 3023 939 3350 1010; x_wconf 80' lang='lat' dir='ltr'><strong><em>deprecamur</em></strong></span> <span class='ocrx_word' id='word_1_575' title='bbox 3376 951 3444 1007; x_wconf 86' lang='lat' dir='ltr'><strong><em>te,</em></strong></span> <span class='ocrx_word' id='word_1_576' title='bbox 3472 958 3533 994; x_wconf 88' lang='lat' dir='ltr'><strong><em>ac</em></strong></span> 
     </span>
    </p>
   </div>
   <div class='ocr_carea' id='block_1_69' title="bbox 1963 1026 3529 1101">
    <p class='ocr_par' dir='ltr' id='par_1_69' title="bbox 1963 1026 3529 1101">
     <span class='ocr_line' id='line_1_69' title="bbox 1963 1026 3529 1101; baseline 0.008 -28"><span class='ocrx_word' id='word_1_577' title='bbox 1963 1029 2065 1074; x_wconf 92' lang='lat' dir='ltr'><strong><em>tota</em></strong></span> <span class='ocrx_word' id='word_1_578' title='bbox 2080 1034 2239 1078; x_wconf 91' lang='lat' dir='ltr'><strong><em>mente</em></strong></span> <span class='ocrx_word' id='word_1_579' title='bbox 2253 1026 2585 1095; x_wconf 89' lang='lat' dir='ltr'><strong><em>deposcimus,</em></strong></span> <span class='ocrx_word' id='word_1_580' title='bbox 2616 1041 2670 1082; x_wconf 88' lang='lat' dir='ltr'><strong><em>ut</em></strong></span> <span class='ocrx_word' id='word_1_581' title='bbox 2694 1030 2928 1098; x_wconf 80' lang='lat' dir='ltr'><strong><em>quoniam</em></strong></span> <span class='ocrx_word' id='word_1_582' title='bbox 2947 1032 3151 1101; x_wconf 86' lang='lat' dir='ltr'><strong><em>gentiles</em></strong></span> <span class='ocrx_word' id='word_1_583' title='bbox 3175 1032 3299 1086; x_wconf 88' lang='lat' dir='ltr'><strong><em>ritus</em></strong></span> <span class='ocrx_word' id='word_1_584' title='bbox 3315 1043 3362 1088; x_wconf 92' lang='lat' dir='ltr'><strong><em>te</em></strong></span> <span class='ocrx_word' id='word_1_585' title='bbox 3379 1035 3529 1089; x_wconf 90' lang='lat' dir='ltr'><strong><em>etiam</em></strong></span> 
     </span>
    </p>
   </div>
   <div class='ocr_carea' id='block_1_70' title="bbox 1963 1115 3528 1195">
    <p class='ocr_par' dir='ltr' id='par_1_70' title="bbox 1963 1115 3528 1195">
     <span class='ocr_line' id='line_1_70' title="bbox 1963 1115 3528 1195; baseline 0.006 -26"><span class='ocrx_word' id='word_1_586' title='bbox 1963 1115 2190 1186; x_wconf 86' lang='lat' dir='ltr'><strong><em>legendo,</em></strong></span> <span class='ocrx_word' id='word_1_587' title='bbox 2217 1127 2269 1172; x_wconf 89' lang='lat' dir='ltr'><strong><em>ut</em></strong></span> <span class='ocrx_word' id='word_1_588' title='bbox 2304 1136 2555 1188; x_wconf 90' lang='lat' dir='ltr'><strong><em>nunquam</em></strong></span> <span class='ocrx_word' id='word_1_589' title='bbox 2583 1122 2730 1189; x_wconf 87' lang='lat' dir='ltr'><strong><em>alias,</em></strong></span> <span class='ocrx_word' id='word_1_590' title='bbox 2761 1122 2958 1177; x_wconf 86' lang='lat' dir='ltr'><strong><em>abunde</em></strong></span> <span class='ocrx_word' id='word_1_591' title='bbox 2985 1123 3276 1195; x_wconf 73' lang='lat' dir='ltr'><strong><em>affatimque</em></strong></span> <span class='ocrx_word' id='word_1_592' title='bbox 3309 1136 3528 1180; x_wconf 87' lang='lat' dir='ltr'><strong><em>contem-</em></strong></span> 
     </span>
    </p>
   </div>
   <div class='ocr_carea' id='block_1_71' title="bbox 1963 1198 3533 1281">
    <p class='ocr_par' dir='ltr' id='par_1_71' title="bbox 1963 1198 3533 1281">
     <span class='ocr_line' id='line_1_71' title="bbox 1963 1198 3533 1281; baseline 0.008 -24"><span class='ocrx_word' id='word_1_593' title='bbox 1963 1206 2153 1274; x_wconf 87' lang='lat' dir='ltr'><strong><em>psimus</em></strong></span> <span class='ocrx_word' id='word_1_594' title='bbox 2186 1208 2489 1278; x_wconf 89' lang='lat' dir='ltr'><strong><em>(quanquam</em></strong></span> <span class='ocrx_word' id='word_1_595' title='bbox 2530 1210 2662 1263; x_wconf 88' lang='lat' dir='ltr'><strong><em>enim</em></strong></span> <span class='ocrx_word' id='word_1_596' title='bbox 2693 1227 2724 1263; x_wconf 91' lang='lat' dir='ltr'><strong><em>a</em></strong></span> <span class='ocrx_word' id='word_1_597' title='bbox 2753 1211 3061 1280; x_wconf 87' lang='lat' dir='ltr'><strong><em>parentibus,</em></strong></span> <span class='ocrx_word' id='word_1_598' title='bbox 3104 1212 3168 1267; x_wconf 89' lang='lat' dir='ltr'><strong><em>ab</em></strong></span> <span class='ocrx_word' id='word_1_599' title='bbox 3206 1215 3333 1281; x_wconf 82' lang='lat' dir='ltr'><strong><em>avis,</em></strong></span> <span class='ocrx_word' id='word_1_600' title='bbox 3361 1225 3406 1269; x_wconf 92' lang='lat' dir='ltr'><strong><em>et</em></strong></span> <span class='ocrx_word' id='word_1_601' title='bbox 3437 1198 3533 1280; x_wconf 11' lang='lat' dir='ltr'><strong><em>pov-</em></strong></span> 
     </span>
    </p>
   </div>
   <div class='ocr_carea' id='block_1_72' title="bbox 1960 1299 3528 1375">
    <p class='ocr_par' dir='ltr' id='par_1_72' title="bbox 1960 1299 3528 1375">
     <span class='ocr_line' id='line_1_72' title="bbox 1960 1299 3528 1375; baseline 0.008 -28"><span class='ocrx_word' id='word_1_602' title='bbox 1960 1304 2143 1349; x_wconf 90' lang='lat' dir='ltr'><strong><em>strema</em></strong></span> <span class='ocrx_word' id='word_1_603' title='bbox 2167 1313 2320 1366; x_wconf 91' lang='lat' dir='ltr'><strong><em>usque</em></strong></span> <span class='ocrx_word' id='word_1_604' title='bbox 2339 1299 2497 1367; x_wconf 90' lang='lat' dir='ltr'><strong><em>gentis</em></strong></span> <span class='ocrx_word' id='word_1_605' title='bbox 2514 1300 2653 1366; x_wconf 88' lang='lat' dir='ltr'><strong><em>prole</em></strong></span> <span class='ocrx_word' id='word_1_606' title='bbox 2673 1299 2856 1355; x_wconf 83' lang='lat' dir='ltr'><strong><em>Christi</em></strong></span> <span class='ocrx_word' id='word_1_607' title='bbox 2873 1303 2994 1373; x_wconf 86' lang='lat' dir='ltr'><strong><em>jura</em></strong></span> <span class='ocrx_word' id='word_1_608' title='bbox 3013 1305 3343 1375; x_wconf 88' lang='lat' dir='ltr'><strong><em>percepimus,</em></strong></span> <span class='ocrx_word' id='word_1_609' title='bbox 3365 1317 3528 1360; x_wconf 91' lang='lat' dir='ltr'><strong><em>tamen</em></strong></span> 
     </span>
    </p>
   </div>
   <div class='ocr_carea' id='block_1_73' title="bbox 1961 1385 3530 1465">
    <p class='ocr_par' dir='ltr' id='par_1_73' title="bbox 1961 1385 3530 1465">
     <span class='ocr_line' id='line_1_73' title="bbox 1961 1385 3530 1465; baseline 0.011 -29"><span class='ocrx_word' id='word_1_610' title='bbox 1961 1385 2220 1455; x_wconf 89' lang='lat' dir='ltr'><strong><em>aliquoties</em></strong></span> <span class='ocrx_word' id='word_1_611' title='bbox 2245 1389 2468 1443; x_wconf 89' lang='lat' dir='ltr'><strong><em>sensibus</em></strong></span> <span class='ocrx_word' id='word_1_612' title='bbox 2497 1392 2677 1446; x_wconf 88' lang='lat' dir='ltr'><strong><em>nostris</em></strong></span> <span class='ocrx_word' id='word_1_613' title='bbox 2715 1395 2989 1463; x_wconf 73' lang='lat' dir='ltr'><strong><em>superﬂua:</em></strong></span> <span class='ocrx_word' id='word_1_614' title='bbox 3029 1399 3394 1465; x_wconf 85' lang='lat' dir='ltr'><strong><em>superstitionis</em></strong></span> <span class='ocrx_word' id='word_1_615' title='bbox 3435 1415 3530 1452; x_wconf 82' lang='lat' dir='ltr'><strong><em>su-</em></strong></span> 
     </span>
    </p>
   </div>
   <div class='ocr_carea' id='block_1_74' title="bbox 1961 1477 3531 1555">
    <p class='ocr_par' dir='ltr' id='par_1_74' title="bbox 1961 1477 3531 1555">
     <span class='ocr_line' id='line_1_74' title="bbox 1961 1477 3531 1555; baseline 0.01 -27"><span class='ocrx_word' id='word_1_616' title='bbox 1961 1477 2111 1546; x_wconf 87' lang='lat' dir='ltr'><strong><em>perba</em></strong></span> <span class='ocrx_word' id='word_1_617' title='bbox 2137 1477 2328 1532; x_wconf 87' lang='lat' dir='ltr'><strong><em>vanitas</em></strong></span> <span class='ocrx_word' id='word_1_618' title='bbox 2352 1479 2654 1552; x_wconf 83' lang='lat' dir='ltr'><strong><em>inerrabat);</em></strong></span> <span class='ocrx_word' id='word_1_619' title='bbox 2687 1492 2799 1551; x_wconf 88' lang='lat' dir='ltr'><strong><em>peto</em></strong></span> <span class='ocrx_word' id='word_1_620' title='bbox 2818 1493 2871 1536; x_wconf 91' lang='lat' dir='ltr'><strong><em>ut</em></strong></span> <span class='ocrx_word' id='word_1_621' title='bbox 2895 1485 3042 1537; x_wconf 90' lang='lat' dir='ltr'><strong><em>etiam</em></strong></span> <span class='ocrx_word' id='word_1_622' title='bbox 3068 1484 3444 1555; x_wconf 87' lang='lat' dir='ltr'><strong><em>Confessionum</em></strong></span> <span class='ocrx_word' id='word_1_623' title='bbox 3466 1489 3531 1542; x_wconf 91' lang='lat' dir='ltr'><strong><em>li-</em></strong></span> 
     </span>
    </p>
   </div>
   <div class='ocr_carea' id='block_1_75' title="bbox 1961 1569 3528 1648">
    <p class='ocr_par' dir='ltr' id='par_1_75' title="bbox 1961 1569 3528 1648">
     <span class='ocr_line' id='line_1_75' title="bbox 1961 1569 3528 1648; baseline 0.006 -26"><span class='ocrx_word' id='word_1_624' title='bbox 1961 1569 2075 1622; x_wconf 87' lang='lat' dir='ltr'><strong><em>bros</em></strong></span> <span class='ocrx_word' id='word_1_625' title='bbox 2095 1585 2125 1622; x_wconf 93' lang='lat' dir='ltr'><strong><em>a</em></strong></span> <span class='ocrx_word' id='word_1_626' title='bbox 2146 1580 2191 1622; x_wconf 89' lang='lat' dir='ltr'><strong><em>te</em></strong></span> <span class='ocrx_word' id='word_1_627' title='bbox 2215 1572 2532 1640; x_wconf 86' lang='lat' dir='ltr'><strong><em>perscriptas,</em></strong></span> <span class='ocrx_word' id='word_1_628' title='bbox 2555 1573 2694 1626; x_wconf 88' lang='lat' dir='ltr'><strong><em>nobis</em></strong></span> <span class='ocrx_word' id='word_1_629' title='bbox 2713 1574 2902 1628; x_wconf 88' lang='lat' dir='ltr'><strong><em>mittere</em></strong></span> <span class='ocrx_word' id='word_1_630' title='bbox 2921 1591 2980 1628; x_wconf 93' lang='lat' dir='ltr'><strong><em>ac</em></strong></span> <span class='ocrx_word' id='word_1_631' title='bbox 3001 1576 3187 1630; x_wconf 89' lang='lat' dir='ltr'><strong><em>donare</em></strong></span> <span class='ocrx_word' id='word_1_632' title='bbox 3209 1577 3446 1648; x_wconf 88' lang='lat' dir='ltr'><strong><em>digneris.</em></strong></span> <span class='ocrx_word' id='word_1_633' title='bbox 3467 1579 3528 1634; x_wconf 90' lang='lat' dir='ltr'><strong><em>Si</em></strong></span> 
     </span>
    </p>
   </div>
   <div class='ocr_carea' id='block_1_76' title="bbox 1960 1661 3534 1737">
    <p class='ocr_par' dir='ltr' id='par_1_76' title="bbox 1960 1661 3534 1737">
     <span class='ocr_line' id='line_1_76' title="bbox 1960 1661 3534 1737; baseline 0.005 -21"><span class='ocrx_word' id='word_1_634' title='bbox 1960 1662 2094 1716; x_wconf 87' lang='lat' dir='ltr'><strong><em>enim</em></strong></span> <span class='ocrx_word' id='word_1_635' title='bbox 2117 1661 2208 1715; x_wconf 83' lang='lat' dir='ltr'><strong><em>alii</em></strong></span> <span class='ocrx_word' id='word_1_636' title='bbox 2225 1679 2434 1732; x_wconf 86' lang='lat' dir='ltr'><strong><em>quoque,</em></strong></span> <span class='ocrx_word' id='word_1_637' title='bbox 2458 1681 2616 1732; x_wconf 88' lang='lat' dir='ltr'><strong><em>prono</em></strong></span> <span class='ocrx_word' id='word_1_638' title='bbox 2634 1666 2803 1719; x_wconf 90' lang='lat' dir='ltr'><strong><em>animo</em></strong></span> <span class='ocrx_word' id='word_1_639' title='bbox 2822 1683 2882 1720; x_wconf 90' lang='lat' dir='ltr'><strong><em>ac</em></strong></span> <span class='ocrx_word' id='word_1_640' title='bbox 2901 1665 3109 1737; x_wconf 87' lang='lat' dir='ltr'><strong><em>benigna</em></strong></span> <span class='ocrx_word' id='word_1_641' title='bbox 3131 1679 3308 1734; x_wconf 81' lang='lat' dir='ltr'><strong><em>ruente,</em></strong></span> <span class='ocrx_word' id='word_1_642' title='bbox 3336 1679 3422 1722; x_wconf 88' lang='lat' dir='ltr'><strong><em>tua</em></strong></span> <span class='ocrx_word' id='word_1_643' title='bbox 3441 1687 3534 1724; x_wconf 83' lang='lat' dir='ltr'><strong><em>no.-</em></strong></span> 
     </span>
    </p>
   </div>
   <div class='ocr_carea' id='block_1_77' title="bbox 1963 1750 3530 1829">
    <p class='ocr_par' dir='ltr' id='par_1_77' title="bbox 1963 1750 3530 1829">
     <span class='ocr_line' id='line_1_77' title="bbox 1963 1750 3530 1829; baseline 0.006 -26"><span class='ocrx_word' id='word_1_644' title='bbox 1963 1750 2035 1803; x_wconf 89' lang='lat' dir='ltr'><strong><em>bis</em></strong></span> <span class='ocrx_word' id='word_1_645' title='bbox 2061 1752 2244 1819; x_wconf 80' lang='lat' dir='ltr'><strong><em>scripta</em></strong></span> <span class='ocrx_word' id='word_1_646' title='bbox 2269 1751 2437 1822; x_wconf 90' lang='lat' dir='ltr'><strong><em>largiti</em></strong></span> <span class='ocrx_word' id='word_1_647' title='bbox 2465 1762 2600 1820; x_wconf 88' lang='lat' dir='ltr'><strong><em>sunt,</em></strong></span> <span class='ocrx_word' id='word_1_648' title='bbox 2627 1765 2813 1826; x_wconf 89' lang='lat' dir='ltr'><strong><em>quanto</em></strong></span> <span class='ocrx_word' id='word_1_649' title='bbox 2837 1757 2994 1825; x_wconf 87' lang='lat' dir='ltr'><strong><em>magis</em></strong></span> <span class='ocrx_word' id='word_1_650' title='bbox 3023 1757 3085 1810; x_wconf 90' lang='lat' dir='ltr'><strong><em>de</em></strong></span> <span class='ocrx_word' id='word_1_651' title='bbox 3113 1756 3212 1811; x_wconf 86' lang='lat' dir='ltr'><strong><em>tuis</em></strong></span> <span class='ocrx_word' id='word_1_652' title='bbox 3244 1759 3352 1829; x_wconf 89' lang='lat' dir='ltr'><strong><em>ipse</em></strong></span> <span class='ocrx_word' id='word_1_653' title='bbox 3376 1774 3530 1812; x_wconf 69' lang='lat' dir='ltr'><strong><em>excu-</em></strong></span> 
     </span>
    </p>
   </div>
   <div class='ocr_carea' id='block_1_78' title="bbox 1961 1843 2404 1898">
    <p class='ocr_par' dir='ltr' id='par_1_78' title="bbox 1961 1843 2404 1898">
     <span class='ocr_line' id='line_1_78' title="bbox 1961 1843 2404 1898; baseline 0.007 -3"><span class='ocrx_word' id='word_1_654' title='bbox 1961 1858 2074 1895; x_wconf 87' lang='lat' dir='ltr'><strong><em>sare</em></strong></span> <span class='ocrx_word' id='word_1_655' title='bbox 2100 1859 2198 1895; x_wconf 88' lang='lat' dir='ltr'><strong><em>non</em></strong></span> <span class='ocrx_word' id='word_1_656' title='bbox 2226 1843 2404 1898; x_wconf 85' lang='lat' dir='ltr'><strong><em>debes?</em></strong></span> 
     </span>
    </p>
   </div>
   <div class='ocr_carea' id='block_1_79' title="bbox 2031 1932 3530 2008">
    <p class='ocr_par' dir='ltr' id='par_1_79' title="bbox 2031 1932 3530 2008">
     <span class='ocr_line' id='line_1_79' title="bbox 2031 1932 3530 2008; baseline 0.003 -20"><span class='ocrx_word' id='word_1_657' title='bbox 2031 1934 2085 1988; x_wconf 86' lang='lat'><strong><em>5.</em></strong></span> <span class='ocrx_word' id='word_1_658' title='bbox 2127 1932 2310 1988; x_wconf 86' lang='lat' dir='ltr'><strong><em>Fertur</em></strong></span> <span class='ocrx_word' id='word_1_659' title='bbox 2336 1945 2570 2004; x_wconf 65' lang='lat' dir='ltr'><strong><em>satrapae,</em></strong></span> <span class='ocrx_word' id='word_1_660' title='bbox 2615 1953 2702 1990; x_wconf 89' lang='lat' dir='ltr'><strong><em>seu</em></strong></span> <span class='ocrx_word' id='word_1_661' title='bbox 2743 1938 2872 2008; x_wconf 89' lang='lat' dir='ltr'><strong><em>regis</em></strong></span> <span class='ocrx_word' id='word_1_662' title='bbox 2912 1937 3078 2008; x_wconf 89' lang='lat' dir='ltr'><strong><em>potius</em></strong></span> <span class='ocrx_word' id='word_1_663' title='bbox 3119 1938 3380 2007; x_wconf 86' lang='lat' dir='ltr'><strong><em>cujusdam</em></strong></span> <span class='ocrx_word' id='word_1_664' title='bbox 3417 1939 3530 2008; x_wconf 89' lang='lat' dir='ltr'><strong><em>epi-</em></strong></span> 
     </span>
    </p>
   </div>
   <div class='ocr_carea' id='block_1_80' title="bbox 1961 2024 3527 2098">
    <p class='ocr_par' dir='ltr' id='par_1_80' title="bbox 1961 2024 3527 2098">
     <span class='ocr_line' id='line_1_80' title="bbox 1961 2024 3527 2098; baseline 0.003 -20"><span class='ocrx_word' id='word_1_665' title='bbox 1961 2026 2089 2078; x_wconf 86' lang='lat' dir='ltr'><strong><em>stola</em></strong></span> <span class='ocrx_word' id='word_1_666' title='bbox 2119 2024 2218 2094; x_wconf 90' lang='lat' dir='ltr'><strong><em>(a),</em></strong></span> <span class='ocrx_word' id='word_1_667' title='bbox 2257 2026 2418 2079; x_wconf 83' lang='lat' dir='ltr'><strong><em>Deum</em></strong></span> <span class='ocrx_word' id='word_1_668' title='bbox 2457 2027 2726 2081; x_wconf 89' lang='lat' dir='ltr'><strong><em>Dominum</em></strong></span> <span class='ocrx_word' id='word_1_669' title='bbox 2751 2026 3004 2082; x_wconf 81' lang='lat' dir='ltr'><strong><em>Christum</em></strong></span> <span class='ocrx_word' id='word_1_670' title='bbox 3041 2028 3373 2098; x_wconf 88' lang='lat' dir='ltr'><strong><em>deprecantis,</em></strong></span> <span class='ocrx_word' id='word_1_671' title='bbox 3413 2045 3527 2083; x_wconf 86' lang='lat' dir='ltr'><strong><em>cum</em></strong></span> 
     </span>
    </p>
   </div>
   <div class='ocr_carea' id='block_1_81' title="bbox 1961 2117 3528 2189">
    <p class='ocr_par' dir='ltr' id='par_1_81' title="bbox 1961 2117 3528 2189">
     <span class='ocr_line' id='line_1_81' title="bbox 1961 2117 3528 2189; baseline 0.002 -19"><span class='ocrx_word' id='word_1_672' title='bbox 1961 2118 2092 2170; x_wconf 89' lang='lat' dir='ltr'><strong><em>intra</em></strong></span> <span class='ocrx_word' id='word_1_673' title='bbox 2107 2117 2304 2173; x_wconf 70' lang='lat' dir='ltr'><strong><em>Judaza:</em></strong></span> <span class='ocrx_word' id='word_1_674' title='bbox 2326 2120 2548 2189; x_wconf 88' lang='lat' dir='ltr'><strong><em>regiones</em></strong></span> <span class='ocrx_word' id='word_1_675' title='bbox 2567 2119 2731 2172; x_wconf 87' lang='lat' dir='ltr'><strong><em>adhuc</em></strong></span> <span class='ocrx_word' id='word_1_676' title='bbox 2751 2129 3045 2180; x_wconf 82' lang='lat' dir='ltr'><strong><em>versaretur,</em></strong></span> <span class='ocrx_word' id='word_1_677' title='bbox 3066 2128 3110 2173; x_wconf 90' lang='lat' dir='ltr'><strong><em>et</em></strong></span> <span class='ocrx_word' id='word_1_678' title='bbox 3134 2121 3344 2172; x_wconf 89' lang='lat' dir='ltr'><strong><em>necdum</em></strong></span> <span class='ocrx_word' id='word_1_679' title='bbox 3366 2121 3416 2173; x_wconf 90' lang='lat' dir='ltr'><strong><em>in</em></strong></span> <span class='ocrx_word' id='word_1_680' title='bbox 3433 2136 3528 2174; x_wconf 57' lang='lat' dir='ltr'><strong><em>cm.</em></strong></span> 
     </span>
    </p>
   </div>
   <div class='ocr_carea' id='block_1_82' title="bbox 1963 2209 3532 2284">
    <p class='ocr_par' dir='ltr' id='par_1_82' title="bbox 1963 2209 3532 2284">
     <span class='ocr_line' id='line_1_82' title="bbox 1963 2209 3532 2284; baseline 0.003 -22"><span class='ocrx_word' id='word_1_681' title='bbox 1963 2209 2065 2263; x_wconf 87' lang='lat' dir='ltr'><strong><em>lum</em></strong></span> <span class='ocrx_word' id='word_1_682' title='bbox 2090 2227 2237 2264; x_wconf 89' lang='lat' dir='ltr'><strong><em>suum</em></strong></span> <span class='ocrx_word' id='word_1_683' title='bbox 2257 2221 2574 2277; x_wconf 76' lang='lat' dir='ltr'><strong><em>remeaverat,</em></strong></span> <span class='ocrx_word' id='word_1_684' title='bbox 2606 2213 2841 2282; x_wconf 90' lang='lat' dir='ltr'><strong><em>quoniam</em></strong></span> <span class='ocrx_word' id='word_1_685' title='bbox 2868 2214 2910 2266; x_wconf 91' lang='lat' dir='ltr'><strong><em>is</em></strong></span> <span class='ocrx_word' id='word_1_686' title='bbox 2929 2213 2996 2266; x_wconf 91' lang='lat' dir='ltr'><strong><em>ad</em></strong></span> <span class='ocrx_word' id='word_1_687' title='bbox 3021 2229 3132 2266; x_wconf 91' lang='lat' dir='ltr'><strong><em>eum</em></strong></span> <span class='ocrx_word' id='word_1_688' title='bbox 3153 2213 3225 2266; x_wconf 89' lang='lat' dir='ltr'><strong><em>ire</em></strong></span> <span class='ocrx_word' id='word_1_689' title='bbox 3250 2230 3308 2267; x_wconf 88' lang='lat' dir='ltr'><strong><em>ac</em></strong></span> <span class='ocrx_word' id='word_1_690' title='bbox 3328 2229 3532 2284; x_wconf 87' lang='lat' dir='ltr'><strong><em>pergere</em></strong></span> 
     </span>
    </p>
   </div>
   <div class='ocr_carea' id='block_1_83' title="bbox 1959 2302 3531 2374">
    <p class='ocr_par' dir='ltr' id='par_1_83' title="bbox 1959 2302 3531 2374">
     <span class='ocr_line' id='line_1_83' title="bbox 1959 2302 3531 2374; baseline 0.002 -20"><span class='ocrx_word' id='word_1_691' title='bbox 1959 2317 2050 2373; x_wconf 87' lang='lat' dir='ltr'><strong><em>per</em></strong></span> <span class='ocrx_word' id='word_1_692' title='bbox 2076 2302 2420 2372; x_wconf 66' lang='lat' dir='ltr'><strong><em>aegritudinem</em></strong></span> <span class='ocrx_word' id='word_1_693' title='bbox 2455 2303 2832 2374; x_wconf 79' lang='lat' dir='ltr'><strong><em>prtepediretur,</em></strong></span> <span class='ocrx_word' id='word_1_694' title='bbox 2858 2313 2903 2356; x_wconf 88' lang='lat' dir='ltr'><strong><em>et</em></strong></span> <span class='ocrx_word' id='word_1_695' title='bbox 2940 2304 3111 2356; x_wconf 89' lang='lat' dir='ltr'><strong><em>sanari</em></strong></span> <span class='ocrx_word' id='word_1_696' title='bbox 3138 2304 3282 2356; x_wconf 91' lang='lat' dir='ltr'><strong><em>aliter</em></strong></span> <span class='ocrx_word' id='word_1_697' title='bbox 3305 2320 3359 2357; x_wconf 90' lang='lat' dir='ltr'><strong><em>se</em></strong></span> <span class='ocrx_word' id='word_1_698' title='bbox 3389 2321 3531 2371; x_wconf 87' lang='lat' dir='ltr'><strong><em>posse</em></strong></span> 
     </span>
    </p>
   </div>
   <div class='ocr_carea' id='block_1_84' title="bbox 1961 2380 3529 2463">
    <p class='ocr_par' dir='ltr' id='par_1_84' title="bbox 1961 2380 3529 2463">
     <span class='ocr_line' id='line_1_84' title="bbox 1961 2380 3529 2463; baseline 0.001 -19"><span class='ocrx_word' id='word_1_699' title='bbox 1961 2408 2062 2446; x_wconf 86' lang='lat' dir='ltr'><strong><em>non</em></strong></span> <span class='ocrx_word' id='word_1_700' title='bbox 2091 2392 2327 2459; x_wconf 89' lang='lat' dir='ltr'><strong><em>crederet,</em></strong></span> <span class='ocrx_word' id='word_1_701' title='bbox 2354 2393 2422 2445; x_wconf 91' lang='lat' dir='ltr'><strong><em>ad</em></strong></span> <span class='ocrx_word' id='word_1_702' title='bbox 2460 2409 2532 2458; x_wconf 89' lang='lat' dir='ltr'><strong><em>se,</em></strong></span> <span class='ocrx_word' id='word_1_703' title='bbox 2561 2393 2604 2447; x_wconf 88' lang='lat' dir='ltr'><strong><em>si</em></strong></span> <span class='ocrx_word' id='word_1_704' title='bbox 2622 2380 2940 2463; x_wconf 85' lang='lat' dir='ltr'><strong><em>dignaretur,</em></strong></span> <span class='ocrx_word' id='word_1_705' title='bbox 2970 2393 3143 2445; x_wconf 90' lang='lat' dir='ltr'><strong><em>mundi</em></strong></span> <span class='ocrx_word' id='word_1_706' title='bbox 3170 2393 3306 2447; x_wconf 90' lang='lat' dir='ltr'><strong><em>salus</em></strong></span> <span class='ocrx_word' id='word_1_707' title='bbox 3333 2408 3392 2445; x_wconf 87' lang='lat' dir='ltr'><strong><em>ac</em></strong></span> <span class='ocrx_word' id='word_1_708' title='bbox 3423 2409 3529 2446; x_wconf 88' lang='lat' dir='ltr'><strong><em>me-</em></strong></span> 
     </span>
    </p>
   </div>
   <div class='ocr_carea' id='block_1_85' title="bbox 1961 2482 3527 2554">
    <p class='ocr_par' dir='ltr' id='par_1_85' title="bbox 1961 2482 3527 2554">
     <span class='ocr_line' id='line_1_85' title="bbox 1961 2482 3527 2554; baseline 0.001 -18"><span class='ocrx_word' id='word_1_709' title='bbox 1961 2482 2129 2538; x_wconf 81' lang='lat' dir='ltr'><strong><em>dicina</em></strong></span> <span class='ocrx_word' id='word_1_710' title='bbox 2154 2483 2464 2547; x_wconf 88' lang='lat' dir='ltr'><strong><em>decurreret;</em></strong></span> <span class='ocrx_word' id='word_1_711' title='bbox 2487 2493 2615 2537; x_wconf 90' lang='lat' dir='ltr'><strong><em>etne</em></strong></span> <span class='ocrx_word' id='word_1_712' title='bbox 2645 2492 2798 2538; x_wconf 77' lang='lat' dir='ltr'><strong><em>tanta:</em></strong></span> <span class='ocrx_word' id='word_1_713' title='bbox 2836 2484 3103 2553; x_wconf 87' lang='lat' dir='ltr'><strong><em>majestati,</em></strong></span> <span class='ocrx_word' id='word_1_714' title='bbox 3144 2499 3292 2552; x_wconf 89' lang='lat' dir='ltr'><strong><em>quam</em></strong></span> <span class='ocrx_word' id='word_1_715' title='bbox 3321 2484 3527 2554; x_wconf 88' lang='lat' dir='ltr'><strong><em>ignarus</em></strong></span> 
     </span>
    </p>
   </div>
   <div class='ocr_carea' id='block_1_86' title="bbox 1961 2575 3531 2646">
    <p class='ocr_par' dir='ltr' id='par_1_86' title="bbox 1961 2575 3531 2646">
     <span class='ocr_line' id='line_1_86' title="bbox 1961 2575 3531 2646; baseline 0 -18"><span class='ocrx_word' id='word_1_716' title='bbox 1961 2591 2052 2629; x_wconf 70' lang='lat' dir='ltr'><strong><em>res;</em></strong></span> <span class='ocrx_word' id='word_1_717' title='bbox 2075 2575 2300 2644; x_wconf 87' lang='lat' dir='ltr'><strong><em>provida,</em></strong></span> <span class='ocrx_word' id='word_1_718' title='bbox 2329 2575 2415 2628; x_wconf 88' lang='lat' dir='ltr'><strong><em>sed</em></strong></span> <span class='ocrx_word' id='word_1_719' title='bbox 2439 2592 2536 2628; x_wconf 88' lang='lat' dir='ltr'><strong><em>non</em></strong></span> <span class='ocrx_word' id='word_1_720' title='bbox 2558 2579 2775 2646; x_wconf 85' lang='lat' dir='ltr'><strong><em>perfecta</em></strong></span> <span class='ocrx_word' id='word_1_721' title='bbox 2799 2583 2976 2638; x_wconf 88' lang='lat' dir='ltr'><strong><em>mente,</em></strong></span> <span class='ocrx_word' id='word_1_722' title='bbox 3007 2586 3315 2644; x_wconf 89' lang='lat' dir='ltr'><strong><em>conceperat,</em></strong></span> <span class='ocrx_word' id='word_1_723' title='bbox 3341 2575 3531 2644; x_wconf 86' lang='lat' dir='ltr'><strong><em>injuria</em></strong></span> 
     </span>
    </p>
   </div>
   <div class='ocr_carea' id='block_1_87' title="bbox 1961 2665 3524 2735">
    <p class='ocr_par' dir='ltr' id='par_1_87' title="bbox 1961 2665 3524 2735">
     <span class='ocr_line' id='line_1_87' title="bbox 1961 2665 3524 2735; baseline 0.001 -18"><span class='ocrx_word' id='word_1_724' title='bbox 1961 2666 2072 2735; x_wconf 86' lang='lat' dir='ltr'><strong><em>ﬁeri</em></strong></span> <span class='ocrx_word' id='word_1_725' title='bbox 2095 2666 2358 2730; x_wconf 86' lang='lat' dir='ltr'><strong><em>videretur,</em></strong></span> <span class='ocrx_word' id='word_1_726' title='bbox 2388 2667 2621 2720; x_wconf 87' lang='lat' dir='ltr'><strong><em>laudasse</em></strong></span> <span class='ocrx_word' id='word_1_727' title='bbox 2650 2666 2853 2734; x_wconf 87' lang='lat' dir='ltr'><strong><em>insuper</em></strong></span> <span class='ocrx_word' id='word_1_728' title='bbox 2876 2682 3019 2718; x_wconf 91' lang='lat' dir='ltr'><strong><em>suam</em></strong></span> <span class='ocrx_word' id='word_1_729' title='bbox 3053 2665 3235 2718; x_wconf 88' lang='lat' dir='ltr'><strong><em>dicitur</em></strong></span> <span class='ocrx_word' id='word_1_730' title='bbox 3259 2665 3524 2730; x_wconf 87' lang='lat' dir='ltr'><strong><em>civitatem,</em></strong></span> 
     </span>
    </p>
   </div>
   <div class='ocr_carea' id='block_1_88' title="bbox 1962 2743 3532 2825">
    <p class='ocr_par' dir='ltr' id='par_1_88' title="bbox 1962 2743 3532 2825">
     <span class='ocr_line' id='line_1_88' title="bbox 1962 2743 3532 2825; baseline -0.001 -17"><span class='ocrx_word' id='word_1_731' title='bbox 1962 2763 2016 2808; x_wconf 89' lang='lat' dir='ltr'><strong><em>ut</em></strong></span> <span class='ocrx_word' id='word_1_732' title='bbox 2037 2743 2410 2824; x_wconf 80' lang='lat' dir='ltr'><strong><em>pulchritudine</em></strong></span> <span class='ocrx_word' id='word_1_733' title='bbox 2430 2755 2564 2808; x_wconf 86' lang='lat' dir='ltr'><strong><em>urbis</em></strong></span> <span class='ocrx_word' id='word_1_734' title='bbox 2585 2764 2630 2808; x_wconf 91' lang='lat' dir='ltr'><strong><em>et</em></strong></span> <span class='ocrx_word' id='word_1_735' title='bbox 2647 2755 2775 2825; x_wconf 87' lang='lat' dir='ltr'><strong><em>regis</em></strong></span> <span class='ocrx_word' id='word_1_736' title='bbox 2793 2755 3007 2824; x_wconf 86' lang='lat' dir='ltr'><strong><em>hospitio</em></strong></span> <span class='ocrx_word' id='word_1_737' title='bbox 3028 2754 3160 2808; x_wconf 91' lang='lat' dir='ltr'><strong><em>Deus</em></strong></span> <span class='ocrx_word' id='word_1_738' title='bbox 3178 2755 3393 2818; x_wconf 90' lang='lat' dir='ltr'><strong><em>illectus,</em></strong></span> <span class='ocrx_word' id='word_1_739' title='bbox 3414 2771 3532 2822; x_wconf 46' lang='lat' dir='ltr'><strong><em>preo,</em></strong></span> 
     </span>
    </p>
   </div>
   <div class='ocr_carea' id='block_1_89' title="bbox 1963 2845 3528 2918">
    <p class='ocr_par' dir='ltr' id='par_1_89' title="bbox 1963 2845 3528 2918">
     <span class='ocr_line' id='line_1_89' title="bbox 1963 2845 3528 2918; baseline -0.002 -17"><span class='ocrx_word' id='word_1_740' title='bbox 1963 2863 2042 2902; x_wconf 85' lang='lat' dir='ltr'><strong><em>ces</em></strong></span> <span class='ocrx_word' id='word_1_741' title='bbox 2065 2845 2306 2918; x_wconf 86' lang='lat' dir='ltr'><strong><em>supplicis</em></strong></span> <span class='ocrx_word' id='word_1_742' title='bbox 2332 2863 2431 2900; x_wconf 86' lang='lat' dir='ltr'><strong><em>non</em></strong></span> <span class='ocrx_word' id='word_1_743' title='bbox 2457 2846 2827 2918; x_wconf 89' lang='lat' dir='ltr'><strong><em>dedignaretur.</em></strong></span> <span class='ocrx_word' id='word_1_744' title='bbox 2857 2846 3037 2918; x_wconf 88' lang='lat' dir='ltr'><strong><em>Adfuit</em></strong></span> <span class='ocrx_word' id='word_1_745' title='bbox 3065 2846 3194 2900; x_wconf 87' lang='lat' dir='ltr'><strong><em>Deus</em></strong></span> <span class='ocrx_word' id='word_1_746' title='bbox 3214 2847 3353 2916; x_wconf 90' lang='lat' dir='ltr'><strong><em>regi;</em></strong></span> <span class='ocrx_word' id='word_1_747' title='bbox 3373 2862 3528 2899; x_wconf 89' lang='lat' dir='ltr'><strong><em>sana-</em></strong></span> 
     </span>
    </p>
   </div>
   <div class='ocr_carea' id='block_1_90' title="bbox 1965 2937 3530 3008">
    <p class='ocr_par' dir='ltr' id='par_1_90' title="bbox 1965 2937 3530 3008">
     <span class='ocr_line' id='line_1_90' title="bbox 1965 2937 3530 3008; baseline -0.001 -16"><span class='ocrx_word' id='word_1_748' title='bbox 1965 2949 2043 2993; x_wconf 88' lang='lat' dir='ltr'><strong><em>tus</em></strong></span> <span class='ocrx_word' id='word_1_749' title='bbox 2070 2948 2176 2992; x_wconf 91' lang='lat' dir='ltr'><strong><em>est:</em></strong></span> <span class='ocrx_word' id='word_1_750' title='bbox 2204 2948 2249 2992; x_wconf 90' lang='lat' dir='ltr'><strong><em>et</em></strong></span> <span class='ocrx_word' id='word_1_751' title='bbox 2271 2938 2582 3008; x_wconf 87' lang='lat' dir='ltr'><strong><em>ampliﬁcata</em></strong></span> <span class='ocrx_word' id='word_1_752' title='bbox 2619 2938 2868 3008; x_wconf 89' lang='lat' dir='ltr'><strong><em>petitionis</em></strong></span> <span class='ocrx_word' id='word_1_753' title='bbox 2891 2954 3110 3002; x_wconf 87' lang='lat' dir='ltr'><strong><em>munere,</em></strong></span> <span class='ocrx_word' id='word_1_754' title='bbox 3143 2954 3231 3007; x_wconf 89' lang='lat' dir='ltr'><strong><em>per</em></strong></span> <span class='ocrx_word' id='word_1_755' title='bbox 3269 2937 3530 3007; x_wconf 88' lang='lat' dir='ltr'><strong><em>epistolam</em></strong></span> 
     </span>
    </p>
   </div>
   <div class='ocr_carea' id='block_1_91' title="bbox 1965 3029 3531 3104">
    <p class='ocr_par' dir='ltr' id='par_1_91' title="bbox 1965 3029 3531 3104">
     <span class='ocr_line' id='line_1_91' title="bbox 1965 3029 3531 3104; baseline -0.001 -21"><span class='ocrx_word' id='word_1_756' title='bbox 1965 3047 2065 3083; x_wconf 88' lang='lat' dir='ltr'><strong><em>non</em></strong></span> <span class='ocrx_word' id='word_1_757' title='bbox 2095 3029 2242 3083; x_wconf 92' lang='lat' dir='ltr'><strong><em>modo</em></strong></span> <span class='ocrx_word' id='word_1_758' title='bbox 2269 3030 2479 3083; x_wconf 89' lang='lat' dir='ltr'><strong><em>salutem</em></strong></span> <span class='ocrx_word' id='word_1_759' title='bbox 2508 3038 2559 3082; x_wconf 91' lang='lat' dir='ltr'><strong><em>ut</em></strong></span> <span class='ocrx_word' id='word_1_760' title='bbox 2581 3029 2814 3099; x_wconf 85' lang='lat' dir='ltr'><strong><em>supplici,</em></strong></span> <span class='ocrx_word' id='word_1_761' title='bbox 2853 3029 3118 3104; x_wconf 11' lang='lat' dir='ltr'><strong><em>sedvetiam</em></strong></span> <span class='ocrx_word' id='word_1_762' title='bbox 3139 3030 3452 3083; x_wconf 87' lang='lat' dir='ltr'><strong><em>securitatem</em></strong></span> <span class='ocrx_word' id='word_1_763' title='bbox 3475 3037 3531 3080; x_wconf 80' lang='lat' dir='ltr'><strong><em>ut</em></strong></span> 
     </span>
    </p>
   </div>
   <div class='ocr_carea' id='block_1_92' title="bbox 1965 3119 3532 3200">
    <p class='ocr_par' dir='ltr' id='par_1_92' title="bbox 1965 3119 3532 3200">
     <span class='ocr_line' id='line_1_92' title="bbox 1965 3119 3532 3200; baseline 0.001 -26"><span class='ocrx_word' id='word_1_764' title='bbox 1965 3121 2070 3192; x_wconf 88' lang='lat' dir='ltr'><strong><em>regi</em></strong></span> <span class='ocrx_word' id='word_1_765' title='bbox 2097 3122 2399 3187; x_wconf 86' lang='lat' dir='ltr'><strong><em>transmisit;</em></strong></span> <span class='ocrx_word' id='word_1_766' title='bbox 2409 3121 2564 3191; x_wconf 88' lang='lat' dir='ltr'><strong><em>jussit</em></strong></span> <span class='ocrx_word' id='word_1_767' title='bbox 2595 3122 2799 3190; x_wconf 88' lang='lat' dir='ltr'><strong><em>insuper</em></strong></span> <span class='ocrx_word' id='word_1_768' title='bbox 2819 3123 2926 3200; x_wconf 78' lang='lat' dir='ltr'><strong><em>ejus</em></strong></span> <span class='ocrx_word' id='word_1_769' title='bbox 2951 3123 3126 3176; x_wconf 86' lang='lat' dir='ltr'><strong><em>urbem.</em></strong></span> <span class='ocrx_word' id='word_1_770' title='bbox 3144 3119 3204 3174; x_wconf 91' lang='lat' dir='ltr'><strong><em>ab</em></strong></span> <span class='ocrx_word' id='word_1_771' title='bbox 3234 3121 3452 3176; x_wconf 84' lang='lat' dir='ltr'><strong><em>hostibus</em></strong></span> <span class='ocrx_word' id='word_1_772' title='bbox 3480 3121 3532 3176; x_wconf 88' lang='lat' dir='ltr'><strong><em>in</em></strong></span> 
     </span>
    </p>
   </div>
   <div class='ocr_carea' id='block_1_93' title="bbox 1969 3212 3536 3283">
    <p class='ocr_par' dir='ltr' id='par_1_93' title="bbox 1969 3212 3536 3283">
     <span class='ocr_line' id='line_1_93' title="bbox 1969 3212 3536 3283; baseline 0.001 -19"><span class='ocrx_word' id='word_1_773' title='bbox 1969 3223 2261 3283; x_wconf 86' lang='lat' dir='ltr'><strong><em>perpetuum</em></strong></span> <span class='ocrx_word' id='word_1_774' title='bbox 2282 3229 2386 3266; x_wconf 87' lang='lat' dir='ltr'><strong><em>esse</em></strong></span> <span class='ocrx_word' id='word_1_775' title='bbox 2403 3229 2461 3266; x_wconf 89' lang='lat' dir='ltr'><strong><em>ac</em></strong></span> <span class='ocrx_word' id='word_1_776' title='bbox 2478 3229 2670 3282; x_wconf 91' lang='lat' dir='ltr'><strong><em>semper</em></strong></span> <span class='ocrx_word' id='word_1_777' title='bbox 2691 3213 2980 3266; x_wconf 90' lang='lat' dir='ltr'><strong><em>immunem.</em></strong></span> <span class='ocrx_word' id='word_1_778' title='bbox 3007 3212 3139 3279; x_wconf 84' lang='lat' dir='ltr'><strong><em>Quid</em></strong></span> <span class='ocrx_word' id='word_1_779' title='bbox 3160 3213 3238 3266; x_wconf 91' lang='lat' dir='ltr'><strong><em>his</em></strong></span> <span class='ocrx_word' id='word_1_780' title='bbox 3257 3213 3376 3265; x_wconf 88' lang='lat' dir='ltr'><strong><em>addi</em></strong></span> <span class='ocrx_word' id='word_1_781' title='bbox 3397 3213 3536 3266; x_wconf 55' lang='lat' dir='ltr'><strong><em>bene.</em></strong></span> 
     </span>
    </p>
   </div>
   <div class='ocr_carea' id='block_1_94' title="bbox 1968 3302 3536 3374">
    <p class='ocr_par' dir='ltr' id='par_1_94' title="bbox 1968 3302 3536 3374">
     <span class='ocr_line' id='line_1_94' title="bbox 1968 3302 3536 3374; baseline 0.001 -18"><span class='ocrx_word' id='word_1_782' title='bbox 1968 3304 2096 3374; x_wconf 88' lang='lat' dir='ltr'><strong><em>ﬁciis</em></strong></span> <span class='ocrx_word' id='word_1_783' title='bbox 2123 3305 2314 3372; x_wconf 82' lang='lat' dir='ltr'><strong><em>potest?</em></strong></span> <span class='ocrx_word' id='word_1_784' title='bbox 2341 3302 2452 3374; x_wconf 88' lang='lat' dir='ltr'><strong><em>Ego</em></strong></span> <span class='ocrx_word' id='word_1_785' title='bbox 2473 3304 2694 3368; x_wconf 86' lang='lat' dir='ltr'><strong><em>humilis,</em></strong></span> <span class='ocrx_word' id='word_1_786' title='bbox 2722 3313 2767 3357; x_wconf 87' lang='lat' dir='ltr'><strong><em>et</em></strong></span> <span class='ocrx_word' id='word_1_787' title='bbox 2793 3322 2964 3374; x_wconf 85' lang='lat' dir='ltr'><strong><em>regum</em></strong></span> <span class='ocrx_word' id='word_1_788' title='bbox 2985 3322 3174 3371; x_wconf 88' lang='lat' dir='ltr'><strong><em>servus,</em></strong></span> <span class='ocrx_word' id='word_1_789' title='bbox 3200 3322 3230 3357; x_wconf 92' lang='lat' dir='ltr'><strong><em>a</em></strong></span> <span class='ocrx_word' id='word_1_790' title='bbox 3252 3314 3299 3358; x_wconf 91' lang='lat' dir='ltr'><strong><em>te</em></strong></span> <span class='ocrx_word' id='word_1_791' title='bbox 3320 3321 3425 3358; x_wconf 91' lang='lat' dir='ltr'><strong><em>meo</em></strong></span> <span class='ocrx_word' id='word_1_792' title='bbox 3442 3304 3536 3358; x_wconf 87' lang='lat' dir='ltr'><strong><em>do-</em></strong></span> 
     </span>
    </p>
   </div>
   <div class='ocr_carea' id='block_1_95' title="bbox 1969 3394 3534 3465">
    <p class='ocr_par' dir='ltr' id='par_1_95' title="bbox 1969 3394 3534 3465">
     <span class='ocr_line' id='line_1_95' title="bbox 1969 3394 3534 3465; baseline -0.001 -17"><span class='ocrx_word' id='word_1_793' title='bbox 1969 3396 2103 3449; x_wconf 86' lang='lat' dir='ltr'><strong><em>mino</em></strong></span> <span class='ocrx_word' id='word_1_794' title='bbox 2130 3405 2245 3464; x_wconf 91' lang='lat' dir='ltr'><strong><em>peto</em></strong></span> <span class='ocrx_word' id='word_1_795' title='bbox 2271 3403 2324 3447; x_wconf 88' lang='lat' dir='ltr'><strong><em>ut</em></strong></span> <span class='ocrx_word' id='word_1_796' title='bbox 2353 3395 2489 3464; x_wconf 88' lang='lat' dir='ltr'><strong><em>apud</em></strong></span> <span class='ocrx_word' id='word_1_797' title='bbox 2515 3395 2662 3448; x_wconf 89' lang='lat' dir='ltr'><strong><em>istum</em></strong></span> <span class='ocrx_word' id='word_1_798' title='bbox 2694 3395 2946 3448; x_wconf 81' lang='lat' dir='ltr'><strong><em>Christum</em></strong></span> <span class='ocrx_word' id='word_1_799' title='bbox 2972 3413 3032 3448; x_wconf 92' lang='lat' dir='ltr'><strong><em>ac</em></strong></span> <span class='ocrx_word' id='word_1_800' title='bbox 3069 3396 3343 3465; x_wconf 87' lang='lat' dir='ltr'><strong><em>principem</em></strong></span> <span class='ocrx_word' id='word_1_801' title='bbox 3371 3394 3534 3448; x_wconf 89' lang='lat' dir='ltr'><strong><em>Deum</em></strong></span> 
     </span>
    </p>
   </div>
   <div class='ocr_carea' id='block_1_96' title="bbox 1967 3484 3537 3555">
    <p class='ocr_par' dir='ltr' id='par_1_96' title="bbox 1967 3484 3537 3555">
     <span class='ocr_line' id='line_1_96' title="bbox 1967 3484 3537 3555; baseline 0.001 -18"><span class='ocrx_word' id='word_1_802' title='bbox 1967 3485 2189 3555; x_wconf 89' lang='lat' dir='ltr'><strong><em>quotidie</em></strong></span> <span class='ocrx_word' id='word_1_803' title='bbox 2206 3501 2296 3553; x_wconf 91' lang='lat' dir='ltr'><strong><em>pro</em></strong></span> <span class='ocrx_word' id='word_1_804' title='bbox 2318 3484 2438 3538; x_wconf 88' lang='lat' dir='ltr'><strong><em>meis</em></strong></span> <span class='ocrx_word' id='word_1_805' title='bbox 2454 3485 2664 3554; x_wconf 84' lang='lat' dir='ltr'><strong><em>peccatis</em></strong></span> <span class='ocrx_word' id='word_1_806' title='bbox 2685 3485 2982 3539; x_wconf 89' lang='lat' dir='ltr'><strong><em>intercedere</em></strong></span> <span class='ocrx_word' id='word_1_807' title='bbox 3005 3501 3066 3538; x_wconf 89' lang='lat' dir='ltr'><strong><em>ne</em></strong></span> <span class='ocrx_word' id='word_1_808' title='bbox 3085 3487 3348 3550; x_wconf 82' lang='lat' dir='ltr'><strong><em>cuncteris,</em></strong></span> <span class='ocrx_word' id='word_1_809' title='bbox 3373 3501 3430 3536; x_wconf 93' lang='lat' dir='ltr'><strong><em>ac</em></strong></span> <span class='ocrx_word' id='word_1_810' title='bbox 3445 3501 3537 3555; x_wconf 89' lang='lat' dir='ltr'><strong><em>pro</em></strong></span> 
     </span>
    </p>
   </div>
   <div class='ocr_carea' id='block_1_97' title="bbox 1969 3580 3395 3650">
    <p class='ocr_par' dir='ltr' id='par_1_97' title="bbox 1969 3580 3395 3650">
     <span class='ocr_line' id='line_1_97' title="bbox 1969 3580 3395 3650; baseline 0.001 -18"><span class='ocrx_word' id='word_1_811' title='bbox 1969 3596 2046 3633; x_wconf 92' lang='lat' dir='ltr'><strong><em>me</em></strong></span> <span class='ocrx_word' id='word_1_812' title='bbox 2067 3581 2343 3649; x_wconf 89' lang='lat' dir='ltr'><strong><em>indefessus</em></strong></span> <span class='ocrx_word' id='word_1_813' title='bbox 2368 3597 2498 3646; x_wconf 89' lang='lat' dir='ltr'><strong><em>ores,</em></strong></span> <span class='ocrx_word' id='word_1_814' title='bbox 2520 3597 2579 3634; x_wconf 89' lang='lat' dir='ltr'><strong><em>ac</em></strong></span> <span class='ocrx_word' id='word_1_815' title='bbox 2604 3590 2744 3650; x_wconf 89' lang='lat' dir='ltr'><strong><em>petas</em></strong></span> <span class='ocrx_word' id='word_1_816' title='bbox 2768 3580 3009 3650; x_wconf 84' lang='lat' dir='ltr'><strong><em>quidquid</em></strong></span> <span class='ocrx_word' id='word_1_817' title='bbox 3029 3581 3136 3650; x_wconf 90' lang='lat' dir='ltr'><strong><em>ipse</em></strong></span> <span class='ocrx_word' id='word_1_818' title='bbox 3161 3580 3395 3634; x_wconf 87' lang='lat' dir='ltr'><strong><em>volueris.</em></strong></span> 
     </span>
    </p>
   </div>
   <div class='ocr_carea' id='block_1_98' title="bbox 2039 3671 3542 3741">
    <p class='ocr_par' dir='ltr' id='par_1_98' title="bbox 2039 3671 3542 3741">
     <span class='ocr_line' id='line_1_98' title="bbox 2039 3671 3542 3741; baseline -0.002 -15"><span class='ocrx_word' id='word_1_819' title='bbox 2039 3672 2092 3727; x_wconf 84' lang='lat'><strong><em>6.</em></strong></span> <span class='ocrx_word' id='word_1_820' title='bbox 2133 3671 2194 3726; x_wconf 92' lang='lat' dir='ltr'><strong><em>Si</em></strong></span> <span class='ocrx_word' id='word_1_821' title='bbox 2219 3671 2306 3724; x_wconf 91' lang='lat' dir='ltr'><strong><em>tibi</em></strong></span> <span class='ocrx_word' id='word_1_822' title='bbox 2332 3671 2534 3725; x_wconf 69' lang='lat' dir='ltr'><strong><em>taedium</em></strong></span> <span class='ocrx_word' id='word_1_823' title='bbox 2571 3671 2717 3739; x_wconf 79' lang='lat' dir='ltr'><strong><em>affert</em></strong></span> <span class='ocrx_word' id='word_1_824' title='bbox 2747 3672 2899 3741; x_wconf 88' lang='lat' dir='ltr'><strong><em>longa</em></strong></span> <span class='ocrx_word' id='word_1_825' title='bbox 2935 3671 3148 3741; x_wconf 87' lang='lat' dir='ltr'><strong><em>epistola</em></strong></span> <span class='ocrx_word' id='word_1_826' title='bbox 3173 3687 3298 3735; x_wconf 90' lang='lat' dir='ltr'><strong><em>mea,</em></strong></span> <span class='ocrx_word' id='word_1_827' title='bbox 3325 3671 3418 3722; x_wconf 89' lang='lat' dir='ltr'><strong><em>hoc</em></strong></span> <span class='ocrx_word' id='word_1_828' title='bbox 3441 3679 3542 3723; x_wconf 70' lang='lat' dir='ltr'><strong><em>tua:</em></strong></span> 
     </span>
    </p>
   </div>
   <div class='ocr_carea' id='block_1_99' title="bbox 1968 3760 3543 3832">
    <p class='ocr_par' dir='ltr' id='par_1_99' title="bbox 1968 3760 3543 3832">
     <span class='ocr_line' id='line_1_99' title="bbox 1968 3760 3543 3832; baseline -0.001 -16"><span class='ocrx_word' id='word_1_829' title='bbox 1968 3762 2394 3832; x_wconf 78' lang='lat' dir='ltr'><strong><em>magnanimitatis</em></strong></span> <span class='ocrx_word' id='word_1_830' title='bbox 2414 3763 2653 3830; x_wconf 89' lang='lat' dir='ltr'><strong><em>patientia</em></strong></span> <span class='ocrx_word' id='word_1_831' title='bbox 2680 3760 2955 3828; x_wconf 87' lang='lat' dir='ltr'><strong><em>moderare,</em></strong></span> <span class='ocrx_word' id='word_1_832' title='bbox 2977 3769 3023 3814; x_wconf 90' lang='lat' dir='ltr'><strong><em>et</em></strong></span> <span class='ocrx_word' id='word_1_833' title='bbox 3055 3761 3142 3814; x_wconf 90' lang='lat' dir='ltr'><strong><em>tibi</em></strong></span> <span class='ocrx_word' id='word_1_834' title='bbox 3165 3763 3380 3830; x_wconf 89' lang='lat' dir='ltr'><strong><em>imputa,</em></strong></span> <span class='ocrx_word' id='word_1_835' title='bbox 3415 3776 3543 3831; x_wconf 89' lang='lat' dir='ltr'><strong><em>quo-</em></strong></span> 
     </span>
    </p>
   </div>
   <div class='ocr_carea' id='block_1_100' title="bbox 1969 3851 3541 3924">
    <p class='ocr_par' dir='ltr' id='par_1_100' title="bbox 1969 3851 3541 3924">
     <span class='ocr_line' id='line_1_100' title="bbox 1969 3851 3541 3924; baseline -0.002 -17"><span class='ocrx_word' id='word_1_836' title='bbox 1969 3857 2104 3907; x_wconf 88' lang='lat' dir='ltr'><strong><em>niam</em></strong></span> <span class='ocrx_word' id='word_1_837' title='bbox 2131 3855 2239 3923; x_wconf 88' lang='lat' dir='ltr'><strong><em>ipse</em></strong></span> <span class='ocrx_word' id='word_1_838' title='bbox 2251 3854 2471 3924; x_wconf 86' lang='lat' dir='ltr'><strong><em>jussisti.</em></strong></span> <span class='ocrx_word' id='word_1_839' title='bbox 2504 3851 2720 3907; x_wconf 80' lang='lat' dir='ltr'><strong><em>Oramus</em></strong></span> <span class='ocrx_word' id='word_1_840' title='bbox 2749 3862 2936 3916; x_wconf 83' lang='lat' dir='ltr'><strong><em>tamen,</em></strong></span> <span class='ocrx_word' id='word_1_841' title='bbox 2974 3860 3120 3921; x_wconf 87' lang='lat' dir='ltr'><strong><em>atque</em></strong></span> <span class='ocrx_word' id='word_1_842' title='bbox 3143 3851 3411 3904; x_wconf 86' lang='lat' dir='ltr'><strong><em>identidem</em></strong></span> <span class='ocrx_word' id='word_1_843' title='bbox 3448 3851 3541 3904; x_wconf 81' lang='lat' dir='ltr'><strong><em>de-</em></strong></span> 
     </span>
    </p>
   </div>
   <div class='ocr_carea' id='block_1_101' title="bbox 1974 3944 3540 4018">
    <p class='ocr_par' dir='ltr' id='par_1_101' title="bbox 1974 3944 3540 4018">
     <span class='ocr_line' id='line_1_101' title="bbox 1974 3944 3540 4018; baseline -0.003 -18"><span class='ocrx_word' id='word_1_844' title='bbox 1974 3955 2326 4018; x_wconf 88' lang='lat' dir='ltr'><strong><em>precamur,ut</em></strong></span> <span class='ocrx_word' id='word_1_845' title='bbox 2345 3947 2525 3998; x_wconf 88' lang='lat' dir='ltr'><strong><em>iterum</em></strong></span> <span class='ocrx_word' id='word_1_846' title='bbox 2545 3945 2764 4006; x_wconf 90' lang='lat' dir='ltr'><strong><em>scribas;</em></strong></span> <span class='ocrx_word' id='word_1_847' title='bbox 2784 3945 2857 3997; x_wconf 88' lang='lat' dir='ltr'><strong><em>sic</em></strong></span> <span class='ocrx_word' id='word_1_848' title='bbox 2881 3944 3012 3996; x_wconf 90' lang='lat' dir='ltr'><strong><em>enim</em></strong></span> <span class='ocrx_word' id='word_1_849' title='bbox 3026 3945 3111 4012; x_wconf 84' lang='lat' dir='ltr'><strong><em>fiet</em></strong></span> <span class='ocrx_word' id='word_1_850' title='bbox 3135 3952 3185 3996; x_wconf 91' lang='lat' dir='ltr'><strong><em>ut</em></strong></span> <span class='ocrx_word' id='word_1_851' title='bbox 3206 3944 3411 3996; x_wconf 91' lang='lat' dir='ltr'><strong><em>libenter</em></strong></span> <span class='ocrx_word' id='word_1_852' title='bbox 3425 3960 3540 3996; x_wconf 91' lang='lat' dir='ltr'><strong><em>sus-</em></strong></span> 
     </span>
    </p>
   </div>
   <div class='ocr_carea' id='block_1_102' title="bbox 1971 4032 3540 4106">
    <p class='ocr_par' dir='ltr' id='par_1_102' title="bbox 1971 4032 3540 4106">
     <span class='ocr_line' id='line_1_102' title="bbox 1971 4032 3540 4106; baseline -0.002 -17"><span class='ocrx_word' id='word_1_853' title='bbox 1971 4037 2161 4106; x_wconf 84' lang='lat' dir='ltr'><strong><em>cepisse</em></strong></span> <span class='ocrx_word' id='word_1_854' title='bbox 2199 4045 2244 4088; x_wconf 90' lang='lat' dir='ltr'><strong><em>te</em></strong></span> <span class='ocrx_word' id='word_1_855' title='bbox 2280 4036 2465 4100; x_wconf 86' lang='lat' dir='ltr'><strong><em>scripta</em></strong></span> <span class='ocrx_word' id='word_1_856' title='bbox 2521 4051 2632 4087; x_wconf 87' lang='lat' dir='ltr'><strong><em>mea</em></strong></span> <span class='ocrx_word' id='word_1_857' title='bbox 2660 4033 2905 4103; x_wconf 83' lang='lat' dir='ltr'><strong><em>suspicari</em></strong></span> <span class='ocrx_word' id='word_1_858' title='bbox 2930 4034 3194 4102; x_wconf 87' lang='lat' dir='ltr'><strong><em>possimus.</em></strong></span> <span class='ocrx_word' id='word_1_859' title='bbox 3221 4032 3359 4086; x_wconf 90' lang='lat' dir='ltr'><strong><em>Deus</em></strong></span> <span class='ocrx_word' id='word_1_860' title='bbox 3390 4035 3540 4086; x_wconf 88' lang='lat' dir='ltr'><strong><em>donet</em></strong></span> 
     </span>
    </p>
   </div>
   <div class='ocr_carea' id='block_1_103' title="bbox 1973 4124 3540 4193">
    <p class='ocr_par' dir='ltr' id='par_1_103' title="bbox 1973 4124 3540 4193">
     <span class='ocr_line' id='line_1_103' title="bbox 1973 4124 3540 4193; baseline -0.002 -14"><span class='ocrx_word' id='word_1_861' title='bbox 1973 4127 2112 4180; x_wconf 86' lang='lat' dir='ltr'><strong><em>nobis</em></strong></span> <span class='ocrx_word' id='word_1_862' title='bbox 2140 4125 2507 4179; x_wconf 86' lang='lat' dir='ltr'><strong><em>Beatitudinem</em></strong></span> <span class='ocrx_word' id='word_1_863' title='bbox 2548 4134 2684 4177; x_wconf 88' lang='lat' dir='ltr'><strong><em>tuam</em></strong></span> <span class='ocrx_word' id='word_1_864' title='bbox 2723 4140 2810 4193; x_wconf 90' lang='lat' dir='ltr'><strong><em>per</em></strong></span> <span class='ocrx_word' id='word_1_865' title='bbox 2847 4124 3028 4178; x_wconf 86' lang='lat' dir='ltr'><strong><em>multos</em></strong></span> <span class='ocrx_word' id='word_1_866' title='bbox 3069 4140 3226 4177; x_wconf 86' lang='lat' dir='ltr'><strong><em>annos</em></strong></span> <span class='ocrx_word' id='word_1_867' title='bbox 3269 4140 3359 4193; x_wconf 89' lang='lat' dir='ltr'><strong><em>pro</em></strong></span> <span class='ocrx_word' id='word_1_868' title='bbox 3401 4125 3540 4176; x_wconf 89' lang='lat' dir='ltr'><strong><em>nobis</em></strong></span> 
     </span>
    </p>
   </div>
   <div class='ocr_carea' id='block_1_104' title="bbox 1973 4214 3541 4285">
    <p class='ocr_par' dir='ltr' id='par_1_104' title="bbox 1973 4214 3541 4285">
     <span class='ocr_line' id='line_1_104' title="bbox 1973 4214 3541 4285; baseline -0.002 -13"><span class='ocrx_word' id='word_1_869' title='bbox 1973 4227 2216 4285; x_wconf 89' lang='lat' dir='ltr'><strong><em>orantem,</em></strong></span> <span class='ocrx_word' id='word_1_870' title='bbox 2244 4217 2442 4270; x_wconf 89' lang='lat' dir='ltr'><strong><em>domine</em></strong></span> <span class='ocrx_word' id='word_1_871' title='bbox 2473 4232 2583 4270; x_wconf 91' lang='lat' dir='ltr'><strong><em>vere</em></strong></span> <span class='ocrx_word' id='word_1_872' title='bbox 2609 4225 2778 4270; x_wconf 91' lang='lat' dir='ltr'><strong><em>sancte</em></strong></span> <span class='ocrx_word' id='word_1_873' title='bbox 2817 4225 2976 4284; x_wconf 91' lang='lat' dir='ltr'><strong><em>pater.</em></strong></span> <span class='ocrx_word' id='word_1_874' title='bbox 3009 4215 3056 4268; x_wconf 84' lang='lat' dir='ltr'><em>F</em></span> <span class='ocrx_word' id='word_1_875' title='bbox 3058 4215 3171 4270; x_wconf 88' lang='lat' dir='ltr'><strong><em>ilius</em></strong></span> <span class='ocrx_word' id='word_1_876' title='bbox 3197 4226 3362 4270; x_wconf 91' lang='lat' dir='ltr'><strong><em>noster</em></strong></span> <span class='ocrx_word' id='word_1_877' title='bbox 3396 4214 3541 4269; x_wconf 86' lang='lat' dir='ltr'><strong><em>Veri-</em></strong></span> 
     </span>
    </p>
   </div>
   <div class='ocr_carea' id='block_1_105' title="bbox 1974 4307 3538 4379">
    <p class='ocr_par' dir='ltr' id='par_1_105' title="bbox 1974 4307 3538 4379">
     <span class='ocr_line' id='line_1_105' title="bbox 1974 4307 3538 4379; baseline -0.001 -15"><span class='ocrx_word' id='word_1_878' title='bbox 1974 4310 2152 4364; x_wconf 90' lang='lat' dir='ltr'><strong><em>modus</em></strong></span> <span class='ocrx_word' id='word_1_879' title='bbox 2180 4308 2362 4363; x_wconf 87' lang='lat' dir='ltr'><strong><em>salutat</em></strong></span> <span class='ocrx_word' id='word_1_880' title='bbox 2382 4307 2745 4362; x_wconf 86' lang='lat' dir='ltr'><strong><em>Beatitudinem</em></strong></span> <span class='ocrx_word' id='word_1_881' title='bbox 2770 4316 2925 4372; x_wconf 91' lang='lat' dir='ltr'><strong><em>tuam,</em></strong></span> <span class='ocrx_word' id='word_1_882' title='bbox 2951 4307 3038 4378; x_wconf 87' lang='lat' dir='ltr'><strong><em>qui</em></strong></span> <span class='ocrx_word' id='word_1_883' title='bbox 3065 4307 3338 4362; x_wconf 89' lang='lat' dir='ltr'><strong><em>admodum</em></strong></span> <span class='ocrx_word' id='word_1_884' title='bbox 3361 4319 3538 4379; x_wconf 90' lang='lat' dir='ltr'><strong><em>gratu-</em></strong></span> 
     </span>
    </p>
   </div>
   <div class='ocr_carea' id='block_1_106' title="bbox 1973 4399 3538 4473">
    <p class='ocr_par' dir='ltr' id='par_1_106' title="bbox 1973 4399 3538 4473">
     <span class='ocr_line' id='line_1_106' title="bbox 1973 4399 3538 4473; baseline -0.003 -16"><span class='ocrx_word' id='word_1_885' title='bbox 1973 4403 2106 4457; x_wconf 91' lang='lat' dir='ltr'><strong><em>latus</em></strong></span> <span class='ocrx_word' id='word_1_886' title='bbox 2133 4409 2201 4455; x_wconf 92' lang='lat' dir='ltr'><strong><em>est</em></strong></span> <span class='ocrx_word' id='word_1_887' title='bbox 2225 4401 2358 4464; x_wconf 87' lang='lat' dir='ltr'><strong><em>quod</em></strong></span> <span class='ocrx_word' id='word_1_888' title='bbox 2386 4402 2438 4453; x_wconf 89' lang='lat' dir='ltr'><strong><em>in</em></strong></span> <span class='ocrx_word' id='word_1_889' title='bbox 2463 4399 2670 4470; x_wconf 90' lang='lat' dir='ltr'><strong><em>epistola</em></strong></span> <span class='ocrx_word' id='word_1_890' title='bbox 2694 4399 2762 4452; x_wconf 88' lang='lat' dir='ltr'><strong><em>ad</em></strong></span> <span class='ocrx_word' id='word_1_891' title='bbox 2789 4415 2878 4453; x_wconf 91' lang='lat' dir='ltr'><strong><em>nos</em></strong></span> <span class='ocrx_word' id='word_1_892' title='bbox 2903 4409 2989 4452; x_wconf 90' lang='lat' dir='ltr'><strong><em>tua</em></strong></span> <span class='ocrx_word' id='word_1_893' title='bbox 3005 4400 3114 4468; x_wconf 86' lang='lat' dir='ltr'><strong><em>ejus</em></strong></span> <span class='ocrx_word' id='word_1_894' title='bbox 3143 4400 3438 4453; x_wconf 89' lang='lat' dir='ltr'><strong><em>mentionem</em></strong></span> <span class='ocrx_word' id='word_1_895' title='bbox 3459 4401 3538 4473; x_wconf 85' lang='lat' dir='ltr'><strong><em>{e-</em></strong></span> 
     </span>
    </p>
   </div>
   <div class='ocr_carea' id='block_1_107' title="bbox 1973 4490 3542 4564">
    <p class='ocr_par' dir='ltr' id='par_1_107' title="bbox 1973 4490 3542 4564">
     <span class='ocr_line' id='line_1_107' title="bbox 1973 4490 3542 4564; baseline 0.001 -18"><span class='ocrx_word' id='word_1_896' title='bbox 1973 4494 2098 4546; x_wconf 89' lang='lat' dir='ltr'><strong><em>cisse</em></strong></span> <span class='ocrx_word' id='word_1_897' title='bbox 2122 4493 2355 4564; x_wconf 89' lang='lat' dir='ltr'><strong><em>dignatus</em></strong></span> <span class='ocrx_word' id='word_1_898' title='bbox 2384 4509 2453 4546; x_wconf 87' lang='lat' dir='ltr'><strong><em>es.</em></strong></span> <span class='ocrx_word' id='word_1_899' title='bbox 2473 4490 2658 4545; x_wconf 89' lang='lat' dir='ltr'><strong><em>Nescio</em></strong></span> <span class='ocrx_word' id='word_1_900' title='bbox 2679 4509 2790 4560; x_wconf 57' lang='lat' dir='ltr'><strong><em>qua”.</em></strong></span> <span class='ocrx_word' id='word_1_901' title='bbox 2812 4491 3171 4546; x_wconf 90' lang='lat' dir='ltr'><strong><em>medicamenta</em></strong></span> <span class='ocrx_word' id='word_1_902' title='bbox 3185 4493 3247 4548; x_wconf 92' lang='lat' dir='ltr'><strong><em>ab</em></strong></span> <span class='ocrx_word' id='word_1_903' title='bbox 3265 4493 3542 4559; x_wconf 65' lang='lat' dir='ltr'><strong><em>archiatro,</em></strong></span> 
     </span>
    </p>
   </div>
   <div class='ocr_carea' id='block_1_108' title="bbox 1973 4583 3542 4654">
    <p class='ocr_par' dir='ltr' id='par_1_108' title="bbox 1973 4583 3542 4654">
     <span class='ocr_line' id='line_1_108' title="bbox 1973 4583 3542 4654; baseline 0.001 -17"><span class='ocrx_word' id='word_1_904' title='bbox 1973 4585 2058 4652; x_wconf 87' lang='lat' dir='ltr'><strong><em>qui</em></strong></span> <span class='ocrx_word' id='word_1_905' title='bbox 2083 4585 2338 4638; x_wconf 90' lang='lat' dir='ltr'><strong><em>nobiscum</em></strong></span> <span class='ocrx_word' id='word_1_906' title='bbox 2360 4594 2452 4651; x_wconf 89' lang='lat' dir='ltr'><strong><em>est,</em></strong></span> <span class='ocrx_word' id='word_1_907' title='bbox 2475 4593 2675 4654; x_wconf 91' lang='lat' dir='ltr'><strong><em>accepta</em></strong></span> <span class='ocrx_word' id='word_1_908' title='bbox 2697 4584 2925 4638; x_wconf 89' lang='lat' dir='ltr'><strong><em>dedimus</em></strong></span> <span class='ocrx_word' id='word_1_909' title='bbox 2943 4583 3146 4654; x_wconf 62' lang='grc' dir='ltr'><strong><em>[λιπαρο</em></strong></span> <span class='ocrx_word' id='word_1_910' title='bbox 3166 4602 3314 4639; x_wconf 84' lang='lat' dir='ltr'><strong><em>sacro</em></strong></span> <span class='ocrx_word' id='word_1_911' title='bbox 3331 4586 3542 4654; x_wconf 77' lang='lat' dir='ltr'><strong><em>presby-</em></strong></span> 
     </span>
    </p>
   </div>
   <div class='ocr_carea' id='block_1_109' title="bbox 1975 4675 3538 4746">
    <p class='ocr_par' dir='ltr' id='par_1_109' title="bbox 1975 4675 3538 4746">
     <span class='ocr_line' id='line_1_109' title="bbox 1975 4675 3538 4746; baseline 0 -17"><span class='ocrx_word' id='word_1_912' title='bbox 1975 4685 2100 4743; x_wconf 90' lang='lat' dir='ltr'><strong><em>tero,</em></strong></span> <span class='ocrx_word' id='word_1_913' title='bbox 2121 4675 2189 4728; x_wconf 92' lang='lat' dir='ltr'><strong><em>ad</em></strong></span> <span class='ocrx_word' id='word_1_914' title='bbox 2218 4685 2356 4729; x_wconf 91' lang='lat' dir='ltr'><strong><em>tuam</em></strong></span> <span class='ocrx_word' id='word_1_915' title='bbox 2384 4675 2752 4729; x_wconf 86' lang='lat' dir='ltr'><strong><em>Beatitudinem</em></strong></span> <span class='ocrx_word' id='word_1_916' title='bbox 2779 4675 3079 4744; x_wconf 83' lang='lat' dir='ltr'><strong><em>deferenda;</em></strong></span> <span class='ocrx_word' id='word_1_917' title='bbox 3107 4691 3237 4746; x_wconf 70' lang='lat' dir='ltr'><strong><em>quit,</em></strong></span> <span class='ocrx_word' id='word_1_918' title='bbox 3264 4685 3318 4730; x_wconf 90' lang='lat' dir='ltr'><strong><em>ut</em></strong></span> <span class='ocrx_word' id='word_1_919' title='bbox 3344 4678 3417 4728; x_wconf 87' lang='lat' dir='ltr'><strong><em>vir</em></strong></span> <span class='ocrx_word' id='word_1_920' title='bbox 3433 4693 3538 4729; x_wconf 82' lang='lat' dir='ltr'><strong><em>me-</em></strong></span> 
     </span>
    </p>
   </div>
   <div class='ocr_carea' id='block_1_110' title="bbox 1972 4765 3539 4836">
    <p class='ocr_par' dir='ltr' id='par_1_110' title="bbox 1972 4765 3539 4836">
     <span class='ocr_line' id='line_1_110' title="bbox 1972 4765 3539 4836; baseline 0.001 -17"><span class='ocrx_word' id='word_1_921' title='bbox 1972 4775 2196 4820; x_wconf 89' lang='lat' dir='ltr'><strong><em>moratus</em></strong></span> <span class='ocrx_word' id='word_1_922' title='bbox 2223 4767 2456 4836; x_wconf 66' lang='lat' dir='ltr'><strong><em>affirmat,</em></strong></span> <span class='ocrx_word' id='word_1_923' title='bbox 2499 4766 2566 4818; x_wconf 90' lang='lat' dir='ltr'><strong><em>ad</em></strong></span> <span class='ocrx_word' id='word_1_924' title='bbox 2601 4765 2966 4820; x_wconf 86' lang='lat' dir='ltr'><strong><em>alleviatiouem</em></strong></span> <span class='ocrx_word' id='word_1_925' title='bbox 2991 4767 3178 4821; x_wconf 89' lang='lat' dir='ltr'><strong><em>doloris</em></strong></span> <span class='ocrx_word' id='word_1_926' title='bbox 3200 4777 3244 4820; x_wconf 88' lang='lat' dir='ltr'><strong><em>et</em></strong></span> <span class='ocrx_word' id='word_1_927' title='bbox 3270 4767 3428 4822; x_wconf 85' lang='lat' dir='ltr'><strong><em>morbi</em></strong></span> <span class='ocrx_word' id='word_1_928' title='bbox 3447 4784 3539 4821; x_wconf 78' lang='lat' dir='ltr'><strong><em>cu-</em></strong></span> 
     </span>
    </p>
   </div>
   <div class='ocr_carea' id='block_1_111' title="bbox 1971 4859 2836 4929">
    <p class='ocr_par' dir='ltr' id='par_1_111' title="bbox 1971 4859 2836 4929">
     <span class='ocr_line' id='line_1_111' title="bbox 1971 4859 2836 4929; baseline -0.001 -17"><span class='ocrx_word' id='word_1_929' title='bbox 1971 4860 2212 4914; x_wconf 89' lang='lat' dir='ltr'><strong><em>rationem</em></strong></span> <span class='ocrx_word' id='word_1_930' title='bbox 2235 4875 2336 4914; x_wconf 85' lang='lat' dir='ltr'><strong><em>non</em></strong></span> <span class='ocrx_word' id='word_1_931' title='bbox 2356 4875 2535 4929; x_wconf 90' lang='lat' dir='ltr'><strong><em>parum</em></strong></span> <span class='ocrx_word' id='word_1_932' title='bbox 2555 4859 2836 4928; x_wconf 84' lang='lat' dir='ltr'><strong><em>proﬁcient.</em></strong></span> 
     </span>
    </p>
   </div>
   <div class='ocr_carea' id='block_1_112' title="bbox 2383 4969 3133 5044">
    <p class='ocr_par' dir='ltr' id='par_1_112' title="bbox 2383 4969 3133 5044">
     <span class='ocr_line' id='line_1_112' title="bbox 2383 4969 3133 5044; baseline -0.001 -18"><span class='ocrx_word' id='word_1_933' title='bbox 2383 4970 2708 5028; x_wconf 83' lang='lat' dir='ltr'><strong><em>EPISTOLA</em></strong></span> <span class='ocrx_word' id='word_1_934' title='bbox 2744 4969 2998 5027; x_wconf 70' lang='lat' dir='ltr'><strong><em>ccxxx:</em></strong></span> <span class='ocrx_word' id='word_1_935' title='bbox 3041 4972 3133 5044; x_wconf 69' lang='grc' dir='ltr'><strong><em>(ι).</em></strong></span> 
     </span>
    </p>
   </div>
   <div class='ocr_carea' id='block_1_113' title="bbox 1972 5084 3536 5158">
    <p class='ocr_par' dir='ltr' id='par_1_113' title="bbox 1972 5084 3536 5158">
     <span class='ocr_line' id='line_1_113' title="bbox 1972 5084 3536 5158; baseline -0.001 -17"><span class='ocrx_word' id='word_1_936' title='bbox 1972 5086 2278 5158; x_wconf 84' lang='lat' dir='ltr'><strong><em>Augustinus</em></strong></span> <span class='ocrx_word' id='word_1_937' title='bbox 2304 5085 2480 5152; x_wconf 90' lang='lat' dir='ltr'><strong><em>Dario,</em></strong></span> <span class='ocrx_word' id='word_1_938' title='bbox 2509 5085 2768 5139; x_wconf 90' lang='lat' dir='ltr'><strong><em>declarans</em></strong></span> <span class='ocrx_word' id='word_1_939' title='bbox 2792 5102 2844 5139; x_wconf 91' lang='lat' dir='ltr'><strong><em>se</em></strong></span> <span class='ocrx_word' id='word_1_940' title='bbox 2862 5086 3020 5155; x_wconf 88' lang='lat' dir='ltr'><strong><em>ipsius</em></strong></span> <span class='ocrx_word' id='word_1_941' title='bbox 3035 5084 3209 5138; x_wconf 90' lang='lat' dir='ltr'><strong><em>litteris</em></strong></span> <span class='ocrx_word' id='word_1_942' title='bbox 3225 5101 3536 5156; x_wconf 79' lang='lat' dir='ltr'><strong><em>summepere</em></strong></span> 
     </span>
    </p>
   </div>
   <div class='ocr_carea' id='block_1_114' title="bbox 2042 5175 3574 5243">
    <p class='ocr_par' dir='ltr' id='par_1_114' title="bbox 2042 5175 3574 5243">
     <span class='ocr_line' id='line_1_114' title="bbox 2042 5175 3574 5243; baseline 0 -13"><span class='ocrx_word' id='word_1_943' title='bbox 2042 5177 2357 5240; x_wconf 89' lang='lat' dir='ltr'><strong><em>delectatum,</em></strong></span> <span class='ocrx_word' id='word_1_944' title='bbox 2386 5184 2431 5228; x_wconf 89' lang='lat' dir='ltr'><strong><em>et</em></strong></span> <span class='ocrx_word' id='word_1_945' title='bbox 2457 5189 2640 5243; x_wconf 87' lang='lat' dir='ltr'><strong><em>quare;</em></strong></span> <span class='ocrx_word' id='word_1_946' title='bbox 2655 5175 2740 5229; x_wconf 88' lang='lat' dir='ltr'><strong><em>ubi</em></strong></span> <span class='ocrx_word' id='word_1_947' title='bbox 2755 5175 2913 5228; x_wconf 90' lang='lat' dir='ltr'><strong><em>multa</em></strong></span> <span class='ocrx_word' id='word_1_948' title='bbox 2928 5175 3082 5228; x_wconf 92' lang='lat' dir='ltr'><strong><em>obiter</em></strong></span> <span class='ocrx_word' id='word_1_949' title='bbox 3097 5175 3160 5228; x_wconf 86' lang='lat' dir='ltr'><strong><em>de</em></strong></span> <span class='ocrx_word' id='word_1_950' title='bbox 3177 5177 3408 5230; x_wconf 63' lang='lat' dir='ltr'><strong><em>humana;</em></strong></span> <span class='ocrx_word' id='word_1_951' title='bbox 3423 5177 3539 5230; x_wconf 70' lang='lat' dir='ltr'><strong><em>lauo</em></strong></span> <span class='ocrx_word' id='word_1_952' title='bbox 3572 5239 3574 5242; x_wconf 18' lang='grc' dir='ltr'>ν</span> 
     </span>
    </p>
   </div>
   <div class='ocr_carea' id='block_1_115' title="bbox 2043 5265 3588 5340">
    <p class='ocr_par' dir='ltr' id='par_1_115' title="bbox 2043 5265 3588 5340">
     <span class='ocr_line' id='line_1_115' title="bbox 2043 5265 3588 5340; baseline -0.001 -17"><span class='ocrx_word' id='word_1_953' title='bbox 2043 5271 2120 5324; x_wconf 85' lang='lat' dir='ltr'><strong><em>dis</em></strong></span> <span class='ocrx_word' id='word_1_954' title='bbox 2141 5285 2310 5323; x_wconf 91' lang='lat' dir='ltr'><strong><em>amore</em></strong></span> <span class='ocrx_word' id='word_1_955' title='bbox 2341 5269 2458 5322; x_wconf 90' lang='lat' dir='ltr'><strong><em>dicit</em></strong></span> <span class='ocrx_word' id='word_1_956' title='bbox 2481 5284 2499 5322; x_wconf 94' lang='lat'><strong><em>:</em></strong></span> <span class='ocrx_word' id='word_1_957' title='bbox 2519 5269 2762 5340; x_wconf 88' lang='lat' dir='ltr'><strong><em>mittitque</em></strong></span> <span class='ocrx_word' id='word_1_958' title='bbox 2785 5268 2883 5340; x_wconf 88' lang='lat' dir='ltr'><strong><em>ipsi</em></strong></span> <span class='ocrx_word' id='word_1_959' title='bbox 2907 5265 3285 5338; x_wconf 88' lang='lat' dir='ltr'><strong><em>Confessionum</em></strong></span> <span class='ocrx_word' id='word_1_960' title='bbox 3309 5270 3458 5323; x_wconf 88' lang='lat' dir='ltr'><strong><em>libros</em></strong></span> <span class='ocrx_word' id='word_1_961' title='bbox 3489 5280 3536 5324; x_wconf 87' lang='lat' dir='ltr'><strong><em>et</em></strong></span> <span class='ocrx_word' id='word_1_962' title='bbox 3581 5294 3588 5298; x_wconf 86' lang='lat'><strong>-</strong></span> 
     </span>
    </p>
   </div>
   <div class='ocr_carea' id='block_1_116' title="bbox 2041 5361 2788 5432">
    <p class='ocr_par' dir='ltr' id='par_1_116' title="bbox 2041 5361 2788 5432">
     <span class='ocr_line' id='line_1_116' title="bbox 2041 5361 2788 5432; baseline -0.003 -18"><span class='ocrx_word' id='word_1_963' title='bbox 2041 5362 2143 5415; x_wconf 85' lang='lat' dir='ltr'><strong><em>alia</em></strong></span> <span class='ocrx_word' id='word_1_964' title='bbox 2171 5361 2398 5431; x_wconf 66' lang='lat' dir='ltr'><strong><em>quedam</em></strong></span> <span class='ocrx_word' id='word_1_965' title='bbox 2418 5377 2509 5414; x_wconf 90' lang='lat' dir='ltr'><strong><em>sua</em></strong></span> <span class='ocrx_word' id='word_1_966' title='bbox 2529 5361 2788 5432; x_wconf 86' lang='lat' dir='ltr'><strong><em>apuscula.</em></strong></span> 
     </span>
    </p>
   </div>
   <div class='ocr_carea' id='block_1_117' title="bbox 2033 5493 3542 5572">
    <p class='ocr_par' dir='ltr' id='par_1_117' title="bbox 2033 5493 3542 5572">
     <span class='ocr_line' id='line_1_117' title="bbox 2033 5493 3542 5572; baseline -0.002 -27"><span class='ocrx_word' id='word_1_967' title='bbox 2033 5495 2106 5572; x_wconf 73' lang='grc' dir='ltr'><strong><em>(α)</em></strong></span> <span class='ocrx_word' id='word_1_968' title='bbox 2133 5495 2358 5572; x_wconf 44' lang='lat' dir='ltr'><strong><em>Abigam-is</em></strong></span> <span class='ocrx_word' id='word_1_969' title='bbox 2386 5496 2522 5559; x_wconf 81' lang='lat' dir='ltr'><strong><em>regis</em></strong></span> <span class='ocrx_word' id='word_1_970' title='bbox 2557 5494 2760 5559; x_wconf 66' lang='lat' dir='ltr'><strong><em>Epistola</em></strong></span> <span class='ocrx_word' id='word_1_971' title='bbox 2797 5494 2856 5548; x_wconf 89' lang='lat' dir='ltr'><strong><em>ad</em></strong></span> <span class='ocrx_word' id='word_1_972' title='bbox 2884 5493 3146 5572; x_wconf 77' lang='lat' dir='ltr'><strong><em>chrismm,</em></strong></span> <span class='ocrx_word' id='word_1_973' title='bbox 3168 5493 3232 5545; x_wconf 87' lang='lat' dir='ltr'><strong><em>de</em></strong></span> <span class='ocrx_word' id='word_1_974' title='bbox 3253 5506 3348 5558; x_wconf 79' lang='lat' dir='ltr'><strong><em>qua</em></strong></span> <span class='ocrx_word' id='word_1_975' title='bbox 3368 5493 3542 5554; x_wconf 80' lang='lat' dir='ltr'><strong><em>Euseb.</em></strong></span> 
     </span>
    </p>
   </div>
   <div class='ocr_carea' id='block_1_118' title="bbox 1973 5497 3546 5682">
    <p class='ocr_par' dir='ltr' id='par_1_118' title="bbox 1973 5497 3546 5682">
     <span class='ocr_line' id='line_1_118' title="bbox 1993 5497 3542 5605; baseline -0.002 -60"><span class='ocrx_word' id='word_1_976' title='bbox 1993 5559 2003 5570; x_wconf 27' lang='grc' dir='ltr'><strong><em>ι</em></strong></span> <span class='ocrx_word' id='word_1_977' title='bbox 2033 5497 2106 5605; x_wconf 52' lang='lat' dir='ltr'><strong><em>(a2</em></strong></span> <span class='ocrx_word' id='word_1_978' title='bbox 2133 5497 2358 5585; x_wconf 57' lang='lat' dir='ltr'><strong><em>Apagaris</em></strong></span> <span class='ocrx_word' id='word_1_979' title='bbox 2386 5497 2522 5559; x_wconf 81' lang='lat' dir='ltr'><strong><em>regis</em></strong></span> <span class='ocrx_word' id='word_1_980' title='bbox 2557 5497 2760 5559; x_wconf 66' lang='lat' dir='ltr'><strong><em>Epistola</em></strong></span> <span class='ocrx_word' id='word_1_981' title='bbox 2797 5497 2856 5548; x_wconf 89' lang='lat' dir='ltr'><strong><em>ad</em></strong></span> <span class='ocrx_word' id='word_1_982' title='bbox 2884 5497 3146 5572; x_wconf 77' lang='lat' dir='ltr'><strong><em>Chrismm,</em></strong></span> <span class='ocrx_word' id='word_1_983' title='bbox 3168 5497 3232 5545; x_wconf 88' lang='lat' dir='ltr'><strong><em>de</em></strong></span> <span class='ocrx_word' id='word_1_984' title='bbox 3253 5506 3348 5558; x_wconf 79' lang='lat' dir='ltr'><strong><em>qua</em></strong></span> <span class='ocrx_word' id='word_1_985' title='bbox 3368 5497 3542 5554; x_wconf 80' lang='lat' dir='ltr'><strong><em>Euseb.</em></strong></span> 
     </span>
     <span class='ocr_line' id='line_1_119' title="bbox 1973 5557 3546 5682; baseline -0.002 -13"><span class='ocrx_word' id='word_1_986' title='bbox 1973 5557 2366 5682; x_wconf 57' lang='grc' dir='ltr'><strong><em>Ιὼξὺίέιῖέξξθι</em></strong></span> <span class='ocrx_word' id='word_1_987' title='bbox 2383 5631 2395 5666; x_wconf 93' lang='lat'>:</span> <span class='ocrx_word' id='word_1_988' title='bbox 2413 5631 2522 5682; x_wconf 70' lang='lat' dir='ltr'><strong><em>mue</em></strong></span> <span class='ocrx_word' id='word_1_989' title='bbox 2546 5626 2708 5669; x_wconf 72' lang='lat' dir='ltr'><strong><em>autem</em></strong></span> <span class='ocrx_word' id='word_1_990' title='bbox 2729 5617 2813 5668; x_wconf 69' lang='lat'><strong><em>231</em></strong></span> <span class='ocrx_word' id='word_1_991' title='bbox 2837 5625 2961 5679; x_wconf 79' lang='lat' dir='ltr'><strong><em>erat,</em></strong></span> <span class='ocrx_word' id='word_1_992' title='bbox 2977 5631 3107 5668; x_wconf 72' lang='lat' dir='ltr'><strong><em>nunc</em></strong></span> <span class='ocrx_word' id='word_1_993' title='bbox 3127 5615 3230 5667; x_wconf 79' lang='grc'><strong>116.</strong></span> <span class='ocrx_word' id='word_1_994' title='bbox 3245 5615 3423 5680; x_wconf 66' lang='lat' dir='ltr'><strong><em>Scripta</em></strong></span> <span class='ocrx_word' id='word_1_995' title='bbox 3438 5622 3546 5679; x_wconf 74' lang='lat' dir='ltr'><strong><em>post</em></strong></span> 
     </span>
    </p>
   </div>
   <div class='ocr_carea' id='block_1_119' title="bbox 1975 5682 2405 5745">
    <p class='ocr_par' dir='ltr' id='par_1_119' title="bbox 1975 5682 2405 5745">
     <span class='ocr_line' id='line_1_120' title="bbox 1975 5682 2405 5745; baseline -0.002 -14"><span class='ocrx_word' id='word_1_996' title='bbox 1975 5682 2093 5731; x_wconf 71' lang='lat' dir='ltr'><strong><em>duas</em></strong></span> <span class='ocrx_word' id='word_1_997' title='bbox 2113 5694 2186 5745; x_wconf 70' lang='lat' dir='ltr'><strong><em>su,</em></strong></span> <span class='ocrx_word' id='word_1_998' title='bbox 2204 5682 2405 5730; x_wconf 58' lang='grc' dir='ltr'><strong><em>«πίονας.</em></strong></span> 
     </span>
    </p>
   </div>
  </div>
