4070 6332
551 325 695 384 M95

551 445 884 497 Aucusnuus
925 449 1112 492 servus
1157 432 1349 490 Christi
1397 429 1862 497 membrorumque
1907 423 2128 490 Christi,

701 533 869 586 DARIO
893 529 1000 583 lilio
1026 526 1266 582 membro
1284 521 1500 586 Christi,
1531 521 1582 574 in
1606 511 1722 590 ipso
1741 517 1988 572 salutem.

627 623 679 678 l.
721 620 874 690 Quod
911 616 1204 687 acceperim
1233 614 1460 669 libenter
1485 612 1688 668 litteras
1717 617 1856 672 tuas,
1896 619 2015 661 mea
2043 619 2133 659 re-

552 715 748 784 scripta
781 711 974 767 iudicio
1007 723 1126 764 esse
1153 704 1386 762 voluisti.
1418 704 1557 759 Ecce
1593 700 1860 778 rescribo,
1877 706 1932 754 et
1955 705 2135 752 tamen

555 805 826 875 rescriptis
848 804 948 858 hoc
969 801 1204 856 indicare
1232 813 1340 853 non
1369 810 1606 867 possum,
1631 793 1717 849 vel
1743 792 1878 858 istis,
1910 789 1993 844 vel
2013 786 2131 858 qui-

554 899 781 952 buslibet
805 895 942 958 aliis,
975 894 1088 948 sive
1106 891 1356 956 breviter,
1375 889 1486 944 sive
1503 884 1856 956 prolixissime
1879 881 2130 936 scribam:

554 1004 727 1059 neque
753 987 893 1043 enim
925 994 1015 1039 aut
1043 983 1225 1054 paucis
1257 989 1350 1035 aut
1381 979 1561 1034 multis
1588 974 1764 1031 verbis
1793 969 2010 1028 indicari
2037 983 2133 1039 po-

553 1058 659 1134 test
684 1076 823 1148 quod
853 1075 1071 1130 indicari
1111 1072 1286 1129 verbis
1323 1085 1428 1125 nou
1456 1074 1650 1139 potest.
1696 1063 1766 1119 Et
1791 1076 1889 1133 ego
1918 1058 2134 1148 quidem

552 1146 738 1240 parum
781 1167 1021 1235 eloquor,
1050 1163 1151 1219 etsi
1195 1161 1420 1215 multum
1464 1156 1650 1226 loquar
1679 1169 1694 1206 :
1724 1150 1820 1208 sed
1857 1148 1987 1204 nulli
2023 1146 2137 1202 elo-

555 1259 741 1330 quenti
765 1257 984 1312 omnino
1007 1251 1385 1314 concesserim,
1411 1259 1470 1302 ut
1495 1245 1864 1317 qualicumque
1891 1247 1946 1295 et
1963 1251 2134 1308 quan-

554 1328 835 1420 tacumque
871 1346 1096 1417 cpistola
1125 1358 1218 1399 sua
1246 1342 1490 1396 allectum
1523 1336 1778 1407 explicet,
1816 1346 1974 1404 quem
2012 1328 2138 1385 fecit

555 1443 609 1498 in
648 1449 826 1496 mente
851 1449 959 1506 tua,
987 1436 1128 1508 quod
1156 1451 1260 1490 non
1291 1446 1504 1504 possum
1528 1443 1649 1500 ego,
1690 1425 1790 1483 etsi
1820 1439 1942 1480 eum
1971 1421 2136 1492 possit

557 1534 630 1588 ita
652 1533 706 1586 in
726 1531 904 1586 animo
925 1543 1045 1584 meo
1073 1526 1253 1582 videre
1286 1524 1421 1579 sicut
1440 1535 1559 1592 ego.
1582 1519 1769 1574 Restat
1796 1528 1922 1585 ergo
1946 1513 2022 1567 sic
2043 1510 2136 1566 tibi

555 1623 792 1677 indicare
816 1620 957 1691 quod
981 1618 1120 1673 scire
1144 1614 1374 1679 voluisti,
1399 1613 1521 1667 utin
1539 1609 1716 1665 verbis
1741 1607 1890 1671 meis,
1919 1612 1973 1659 et
1996 1602 2138 1673 quod

556 1732 664 1771 non
693 1714 947 1777 indicant,
969 1710 1189 1766 sentias.
1221 1706 1358 1774 Quid
1386 1706 1542 1776 igitur
1561 1703 1755 1766 dicam,
1783 1698 1884 1753 nisi
1915 1695 2141 1751 delecta.

555 1816 670 1861 tum
697 1821 780 1859 me
806 1818 924 1859 esse
950 1801 1139 1857 litteris
1164 1799 1286 1864 tuis,
1318 1794 1636 1852 delectatum
1659 1789 1849 1846 valde?
1871 1785 2138 1856 Repetitio

556 1896 706 1952 verbi
736 1895 914 1965 hujus,
946 1908 1051 1948 non
1082 1899 1165 1947 est
1189 1888 1451 1959 repetitio,
1478 1884 1572 1940 sed
1602 1881 1752 1954 quasi
1775 1886 2026 1950 perpetua
2050 1875 2138 1931 di-

555 1989 694 2043 ctio:
724 1987 844 2057 quia
873 1985 990 2040 fieri
1013 1999 1118 2038 non
1146 1989 1346 2052 posset,
1375 1986 1434 2034 ut
1454 1991 1665 2047 semper
1698 1974 1986 2037 diceretur,
2018 1968 2140 2024 ideo

557 2077 754 2133 factum
785 2084 954 2132 estut
981 2074 1171 2130 saltem
1216 2075 1578 2142 repeteretur;
1610 2065 1690 2122 sic
1724 2063 1868 2120 enim
1915 2060 2141 2116 fortasse

557 2170 661 2223 dici
693 2175 886 2238 potest.

631 2259 686 2311 2.
730 2259 824 2313 llic
859 2258 902 2312 si
949 2263 1150 2328 qumrat
1190 2253 1400 2324 aliquis,
1445 2248 1572 2322 quid
1599 2263 1686 2304 me
1712 2243 1925 2303 tandem
1953 2242 2009 2298 in
2033 2242 2142 2297 tuis

563 2359 671 2403 tam
703 2349 854 2403 valde
878 2347 1067 2402 litteris
1107 2343 1478 2408 delectaverit;
1519 2349 1695 2396 utrum
1723 2334 2026 2408 eloquium?
2050 2349 2141 2388 re-

562 2438 861 2508 spondebo,
895 2435 1040 2494 Non:
1063 2445 1116 2490 et
1137 2435 1224 2489 ille
1253 2432 1470 2488 forsitan
1497 2427 1861 2500 respondebit,
1882 2425 2023 2494 Ergo
2035 2423 2145 2477 lau-

564 2529 663 2583 des
695 2539 825 2591 tua';
873 2527 969 2582 sed
1006 2525 1073 2581 de
1103 2525 1186 2579 his
1214 2536 1422 2594 quoque
1465 2517 1823 2590 respondebo,
1869 2513 1985 2570 Non
2007 2531 2020 2568 :
2043 2527 2144 2568 nec

565 2619 708 2683 ideo,
738 2618 859 2687 quia
887 2632 990 2670 non
1022 2615 1129 2669 sint
1158 2615 1254 2669 ista
1285 2614 1337 2667 in
1380 2611 1466 2666 illa
1503 2607 1754 2680 epistola;
1785 2621 1910 2660 nam
1938 2613 1993 2660 et
2035 2604 2147 2659 elo-

566 2712 747 2779 quium
773 2710 840 2763 ibi
869 2716 1069 2762 tantum
1103 2715 1203 2773 est,
1233 2713 1291 2760 ut
1315 2711 1372 2760 et
1395 2703 1596 2773 optimo
1621 2709 1674 2756 te
1702 2708 1884 2754 natum
1910 2697 2139 2768 ingenio,

566 2811 622 2856 et
642 2801 834 2855 talibus
860 2799 1152 2869 disciplinis
1178 2798 1307 2852 satis
1333 2796 1595 2851 eruditum
1625 2791 2031 2864 praeclarissime
2058 2789 2144 2844 lu-

568 2902 705 2959 ceat,
736 2902 790 2947 et
819 2907 1037 2962 prorsus
1064 2891 1212 2961 plena
1250 2897 1330 2944 est
1357 2888 1489 2942 meis
1522 2885 1782 2940 laudibus.
1811 2883 2042 2953 Ergone,
2073 2880 2148 2935 ait

569 2983 853 3054 quispiam,
881 2997 989 3037 non
1011 2991 1060 3036 te
1085 2981 1184 3036 ista
1199 2978 1497 3035 delectant?
1516 2975 1627 3031 imo
1649 2990 1794 3031 vero.
1825 2972 2002 3045 Neque
2015 2973 2149 3027 enim

571 3076 716 3139 mihi,
755 3085 810 3129 ut
833 3074 906 3128 ait
930 3072 1163 3144 quidam,
1191 3088 1372 3125 cornea
1399 3069 1526 3140 ﬁbra
1553 3076 1626 3123 est
1653 3065 1823 3140 (Pers.
1852 3065 2042 3136 Satyra
2067 3063 2143 3133 l),

573 3174 632 3221 ut
654 3167 769 3221 haec
790 3181 894 3221 non
910 3165 1156 3230 sentiam,
1176 3163 1258 3217 vel
1283 3162 1397 3216 sine
1414 3159 1761 3215 delectatione
1784 3157 2029 3212 sentiam.
2049 3155 2152 3208 De-

575 3261 770 3316 lectant
798 3268 851 3314 et
871 3260 997 3324 ista;
1028 3257 1121 3313 sed
1148 3256 1212 3310 ad
1242 3254 1368 3310 illud
1400 3267 1503 3323 quo
1528 3266 1614 3306 me
1633 3249 1781 3304 valde
1803 3247 1910 3302 dixi
1925 3262 2043 3303 esse
2059 3245 2153 3301 de-

575 3353 848 3416 lectatum,
878 3350 1004 3421 quid
1031 3357 1155 3404 sunt
1173 3348 1308 3402 ista?
1333 3345 1463 3400 Nam
1487 3342 1753 3412 eloquium
1777 3349 1920 3393 tuum
1953 3353 2038 3392 me
2053 3336 2151 3391 de-

577 3445 757 3506 lectat,
785 3444 1031 3514 quoniam
1053 3441 1282 3513 graviter
1309 3453 1469 3492 suave
1489 3446 1588 3501 est,
1613 3434 1696 3489 vel
1713 3432 1945 3487 suaviter
1961 3443 2151 3499 grave:

579 3539 713 3593 meis
737 3543 913 3591 autem
941 3535 1202 3599 laudibus,
1239 3547 1357 3587 cum
1391 3529 1625 3599 profecto
1649 3540 1746 3580 nec
1778 3523 2023 3579 omnibus
2056 3519 2154 3575 de-

579 3630 766 3695 lecter,
801 3645 901 3683 nec
934 3628 1018 3705 ab.
1037 3625 1300 3689 omnibus,
1330 3623 1421 3679 sed
1450 3623 1527 3677 eis
1554 3620 1793 3691 qualibus
1828 3633 1913 3672 me
1940 3615 2155 3685 dignum

583 3735 703 3775 esse
727 3719 1010 3774 arbitratus
1037 3732 1116 3782 es,
1141 3726 1193 3770 et
1211 3715 1280 3769 ab
1299 3713 1376 3768 eis
1405 3713 1575 3782 qualis
1601 3727 1678 3775 es,
1707 3709 1759 3763 id
1797 3717 1879 3763 est
1910 3707 2000 3777 qui
2031 3721 2155 3776 pro-

583 3819 703 3880 pter
726 3809 994 3864 Christum
1037 3807 1262 3876 diligunt
1307 3817 1490 3858 servos
1531 3801 1673 3870 ejus;
1715 3800 1872 3853 etiam
1919 3796 2158 3850 laudibus

585 3902 720 3956 meis
738 3915 822 3955 me
841 3899 1158 3954 delectatum
1180 3897 1232 3949 in
1259 3893 1447 3949 litteris
1468 3892 1570 3945 tuis
1595 3904 1786 3960 negare
1803 3903 1905 3942 non
1924 3902 2157 3956 possum.

659 3994 712 4047 5.
755 3990 994 4047 Viderint
1021 4002 1207 4060 graves
1243 3994 1298 4040 et
1334 3983 1484 4054 periti
1520 3981 1616 4037 viri
1656 3977 1777 4050 quid
1806 3978 1872 4033 de
1897 3977 1991 4032 illo
2014 3975 2160 4031 The-

588 4083 831 4140 mistoele
858 4082 1106 4144 sentiant,
1133 4078 1177 4133 si
1204 4087 1380 4131 tamen
1401 4073 1629 4129 hominis
1651 4084 1846 4126 nomen
1871 4083 2054 4123 verum
2077 4082 2163 4122 re-

588 4177 726 4243 enlo,
755 4175 844 4246 qui
878 4189 999 4229 cum
1028 4173 1084 4226 in
1111 4169 1301 4242 epulis,
1332 4165 1474 4238 quod
1501 4163 1627 4220 clari
1655 4171 1709 4218 et
1731 4159 1919 4216 eruditi
1947 4159 2164 4215 Graecia:

590 4268 765 4324 facere
786 4265 1045 4331 solebant,
1083 4276 1276 4318 canere
1311 4259 1499 4314 fidibus
1525 4263 1846 4317 recusasset,
1877 4260 1932 4307 et
1966 4251 2036 4306 ob
2063 4250 2167 4305 hoc

591 4357 854 4412 indoctior
872 4354 1176 4418 haberetur,
1199 4359 1470 4416 totumque
1491 4344 1618 4401 illud
1635 4341 1977 4414 jucunditatis
1999 4350 2167 4410 genus

593 4455 904 4516 aspernatus
923 4452 1093 4510 esset;
1139 4442 1338 4497 dictum
1368 4439 1442 4494 illi
1470 4446 1583 4493 est:
1614 4435 1748 4500 Quid
1772 4449 1890 4504 ergo
1919 4433 2096 4485 audire
2123 4439 2170 4484 te

596 4537 844 4592 delectat?
861 4536 939 4590 Ad
961 4533 1100 4605 quod
1118 4533 1204 4588 ille
1218 4528 1557 4600 reSpondisse
1573 4526 1739 4581 fertur
1758 4543 1772 4578 :
1797 4523 1995 4578 Laudes
2011 4538 2166 4575 meas.

601 4627 842 4682 Viderint
867 4640 994 4696 ergo
1021 4638 1126 4694 quo
1152 4621 1256 4676 fine
1283 4629 1338 4675 et
1364 4633 1464 4689 qua
1502 4617 1792 4671 intentione
1818 4613 1946 4669 illud
1975 4612 2172 4667 dixisse

599 4718 941 4785 crediderint,
958 4717 1042 4772 vel
1071 4715 1184 4785 ipse
1211 4727 1312 4783 qua
1331 4709 1540 4766 dixerit.
1564 4709 1691 4764 Erat
1714 4705 1854 4762 enim
1881 4703 2170 4759 secundum

601 4812 702 4866 hoc
736 4809 987 4865 srcculum
1018 4807 1098 4862 vir
1137 4803 1463 4875 magniﬁcus.
1507 4800 1639 4856 Nam
1682 4798 1838 4854 etiam
1867 4811 1985 4851 cum
2013 4795 2060 4850 ei
2089 4794 2174 4849 di-

601 4913 742 4959 ctum
771 4901 976 4968 fuisset,
1019 4900 1155 4966 Quid
1191 4898 1346 4969 igitur
1369 4895 1534 4950 nosti?
1562 4891 1953 4964 Remmtblicam,
1984 4888 2172 4958 inquit,

603 5011 666 5048 ea:
694 5009 847 5064 parva
877 5006 1110 5062 magnam
1134 4991 1316 5061 facere.
1340 4987 1449 5055 Ego
1473 4993 1650 5039 autem
1683 4981 1822 5052 quod
1851 4981 1928 5034 ait
1949 4979 2173 5046 Ennius,

609 5083 796 5140 Omnes
819 5081 1050 5135 mortales
1072 5095 1178 5134 sese
1203 5075 1404 5132 laudari
1430 5080 1686 5144 exoptant,
1714 5069 1905 5141 partim
1931 5077 2058 5138 puto
2077 5082 2172 5136 ap-

607 5175 958 5249 probandum,
989 5174 1178 5244 partim
1199 5169 1507 5227 cavendum.
1537 5166 1610 5224 Ut
1631 5165 1772 5222 enim
1789 5160 2082 5233 appetenda
2097 5166 2181 5214 est

609 5270 824 5334 veritas,
850 5282 970 5339 quae
1002 5264 1190 5338 procul
1217 5262 1378 5318 dubio
1404 5269 1507 5327 est,
1553 5257 1757 5314 etiamsi
1786 5269 1890 5310 non
1914 5251 2175 5316 laudetur,

609 5363 722 5418 sola
750 5359 1054 5424 laudabilis;
1082 5358 1160 5413 sic
1182 5356 1342 5412 etiam
1360 5369 1444 5419 ea,
1467 5367 1585 5422 quae
1619 5349 1771 5404 facile
1796 5344 2054 5416 subrepit,
2083 5358 2180 5398 va-

611 5455 752 5519 nitas
779 5454 835 5509 in
864 5452 1134 5507 hominum
1155 5447 1310 5503 laude
1336 5442 1581 5516 fugienda
1609 5429 1856 5496 estihaec
1878 5446 1961 5493 est
1985 5441 2181 5499 autem,
2215 5495 2220 5497 _

614 5547 700 5602 vel
726 5559 848 5601 cum
878 5543 990 5614 ipsa
1014 5541 1173 5608 bona,
1214 5551 1334 5609 quae
1374 5532 1678 5590 laudatione
1715 5529 1870 5599 digna
1905 5533 2047 5590 sunt,
2079 5539 2185 5579 non

615 5645 866 5708 putantur
887 5630 1147 5694 habenda,
1173 5628 1273 5686 nisi
1297 5625 1543 5681 laudetur
1567 5621 1635 5677 ab
1663 5617 1967 5674 hominibus
1991 5616 2184 5679 homo;

1783 313 1843 372 S.
1883 304 2249 370 AUGUSTINI
2288 300 2591 362 EPISCOPI

2984 225 3038 250 κ

3695 297 3830 356 ιοῖι

2241 425 2332 472 aut
2353 417 2539 486 exigua
2556 414 2729 480 laude,
2746 413 3005 469 autetiam
3022 411 3405 481 vituperatione
3423 411 3668 484 digniora
3686 422 3828 479 sunt.

2237 507 2392 564 Unde
2412 507 2656 562 Horatius
2681 505 2852 560 Ennio
2877 505 3172 577 vigilantior
3196 506 3302 560 ait:

2358 619 2528 670 laudis
2546 631 2710 670 amore
2733 621 2924 670 tumes?
2943 626 3060 670 Sunt
3079 625 3212 669 certa
3234 618 3437 682 piacula,
3461 632 3576 683 qua
3599 627 3656 672 te

2356 710 2451 754 Ter
2472 715 2596 766 pure
2616 701 2745 754 lecto
2767 710 2994 766 poterunt
3013 715 3242 752 recreare
3266 701 3450 753 libello.

3042 782 3230 847 (Horat.
3265 781 3347 834 lib.
3375 785 3421 845 l,
3445 782 3597 849 Epist.
3627 785 3702 848 1.)

2305 889 2361 944 ι.
2399 885 2475 942 Ita
2501 896 2760 942 tumorem
2786 887 2854 942 de
2881 902 3064 942 amore
3101 887 3270 942 laudis
3297 887 3564 954 humanae,
3596 889 3683 945 vcl
3709 905 3738 943 a
3761 905 3822 947 se

2237 981 2448 1052 penitus
2472 995 2706 1034 morsum
2737 979 3136 1034 medicinalibus
3161 980 3336 1033 verbis
3364 981 3512 1048 quasi
3535 991 3825 1034 excantan-

2236 1070 2360 1125 dum
2386 1070 2608 1140 putavit.
2649 1070 2837 1124 Docuit
2864 1069 3040 1139 itaque
3068 1084 3164 1123 nos
3194 1084 3289 1138 per
3317 1070 3634 1137 Apostolum
3667 1085 3825 1124 suum

2236 1159 2484 1230 Magister
2515 1159 2705 1221 bonus,
2741 1174 2910 1228 neque
2935 1167 3213 1229 pr0pterea
3245 1174 3342 1212 nos
3370 1169 3512 1214 recte
3540 1159 3740 1223 facere,
3768 1169 3825 1213 ut

2235 1249 2514 1306 laudemur
2535 1250 2602 1304 ab
2625 1249 2947 1315 hominibus,
2977 1249 3028 1304 id
3056 1257 3159 1316 est,
3186 1249 3342 1304 tinem
3367 1252 3495 1304 recti
3519 1251 3689 1304 nostri
3716 1266 3824 1304 non

2237 1339 2290 1394 in
2316 1338 2589 1394 hominum
2620 1339 2862 1394 laudibus
2890 1354 3115 1410 ponere;
3145 1347 3200 1395 et
3229 1347 3403 1394 tamen
3431 1352 3649 1410 propter
3678 1343 3826 1412 ipsos

2237 1429 2481 1486 homines
2504 1445 2744 1501 quaerere
2770 1430 2954 1484 laudes
2982 1429 3275 1484 hominum.
3307 1431 3512 1485 Etenim
3549 1446 3672 1485 cum
3705 1433 3828 1488 lau-

2237 1520 2429 1576 dantur
2452 1521 2597 1585 boni,
2626 1536 2732 1576 non
2763 1519 3009 1588 laudatis,
3055 1520 3149 1575 sed
3195 1520 3527 1592 laudantibus
3575 1523 3821 1592 prodest.

2237 1611 2371 1667 Nam
2400 1613 2524 1680 illis,
2555 1622 2809 1683 quantum
2845 1613 2910 1666 ad
2941 1613 3084 1682 ipsos
3111 1614 3317 1680 attinet,
3357 1613 3496 1683 quod
3528 1614 3656 1668 boni
3698 1623 3829 1670 sunt

2239 1703 2465 1760 sufficit:
2495 1705 2586 1760 sed
2613 1706 2712 1772 eis,
2741 1705 2934 1776 quibus
2953 1705 3163 1774 expedit
3192 1705 3383 1760 imitari
3412 1707 3601 1771 bonos,
3630 1716 3823 1777 gratu-
3858 1711 3864 1717 “

2239 1796 2457 1851 landum
2489 1805 2590 1863 est,
2617 1811 2737 1851 cum
2762 1797 2830 1851 ab
2869 1797 2946 1851 eis
2972 1795 3248 1850 laudantur
3273 1795 3429 1862 boni;
3461 1796 3713 1867 quoniam
3741 1798 3825 1853 sic

2241 1887 2477 1944 indicant
2501 1903 2594 1944 eos
2617 1888 2716 1944 sibi
2747 1888 2974 1959 placere,
2998 1903 3130 1959 quos
3152 1888 3410 1943 veraciter
3429 1888 3666 1943 laudant.
3687 1889 3829 1946 Dicit

2239 1995 2366 2051 ergo
2397 1980 2682 2050 Apostolus
2717 1978 2945 2052 quodam
2976 1980 3114 2044 loco,
3156 1979 3218 2036 Si
3242 1979 3525 2034 honiinibus
3552 1978 3823 2049 placerem,

2241 2071 2428 2127 Christi
2449 2088 2621 2128 servus
2644 2089 2746 2127 non
2773 2089 2930 2127 essem
2975 2071 3171 2142 (Colat.
3194 2088 3234 2138 ι,
3264 2071 3388 2143 l0):
3418 2080 3472 2127 et
3512 2071 3653 2126 idem
3696 2071 3828 2127 dicit

2239 2162 2346 2219 alio
2366 2163 2506 2231 loco,
2531 2160 2738 2218 Placete
2765 2162 2994 2218 omnibus
3015 2177 3103 2232 per
3121 2161 3308 2226 omnia,
3325 2161 3453 2216 sicut
3472 2170 3519 2215 et
3542 2177 3634 2232 ego
3654 2161 3823 2215 omni-

2241 2253 2332 2310 bus
2349 2270 2441 2325 per
2467 2255 2637 2308 omnia
2663 2253 2866 2323 placeo;
2891 2252 2983 2306 sed
3001 2251 3291 2322 adjungens
3315 2265 3552 2316 causam,
3572 2268 3675 2304 non
3689 2266 3828 2321 qure-

2241 2361 2356 2400 rens
2378 2344 2515 2416 quod
2539 2345 2660 2398 mihi
2684 2344 2805 2398 utile
2829 2351 2921 2410 est,
2951 2342 3040 2398 sed
3067 2342 3203 2412 quod
3239 2342 3428 2407 multis,
3459 2351 3512 2394 ut
3543 2342 3672 2396 saivi
3699 2344 3827 2411 ﬁant

2243 2432 2291 2507 (l
2316 2431 2434 2490 Cor.
2461 2450 2522 2497 ι,
2543 2434 2633 2500 52,
2657 2431 2768 2506 53).
2801 2433 2936 2488 Ecce
2962 2430 3085 2502 quid
3113 2431 3384 2501 quzercbat
3409 2431 3458 2483 in
3477 2430 3631 2484 laude
3651 2430 3830 2484 homi-

2244 2540 2394 2592 num,
2426 2525 2516 2580 ubi
2543 2525 2704 2579 etiam
2734 2523 2961 2587 dicebat,
2995 2521 3070 2575 De
3097 2531 3296 2586 cratera,
3326 2523 3527 2590 fratres,
3565 2535 3828 2590 quacum-

2244 2633 2340 2687 que
2383 2625 2500 2671 sunt
2541 2631 2673 2680 vera,
2710 2630 3033 2686 quacumque
3064 2613 3269 2685 pudica,
3302 2627 3627 2682 quaecumque
3663 2617 3823 2687 casta,

2245 2723 2568 2780 quacumque
2591 2715 2781 2770 sancta,
2813 2720 3134 2774 quiscumque
3157 2702 3471 2766 charissima,
3499 2683 3830 2771 quiscumque

2248 2798 2391 2852 bona:
2413 2798 2584 2869 fama,
2604 2795 2647 2849 si
2665 2812 2764 2867 qua
2783 2795 2959 2858 virtus,
2988 2795 3031 2847 si
3057 2809 3156 2863 qua
3179 2793 3311 2856 laus,
3331 2792 3435 2844 hac
3451 2792 3668 2860 cogitate
3685 2803 3834 2859 :quc

2248 2887 2514 2952 didicistis,
2545 2894 2591 2940 et
2611 2885 2890 2956 accepistis,
2918 2893 2964 2936 et
2989 2883 3200 2936 audistis
3222 2891 3268 2936 et
3299 2881 3566 2956 vidistisin
3592 2896 3690 2942 me,
3724 2880 3833 2932 hac

2249 2979 2414 3050 agite;
2442 2985 2486 3031 et
2514 2976 2650 3030 Deus
2691 2952 2828 3046 pacis
2864 2974 2956 3028 erit
2991 2973 3240 3026 uobiscum
3284 2952 3536 3042 (Philipp.
3574 2985 3650 3034 tv,
3672 2967 3830 3036 8,9).

2250 3071 2451 3126 Caetera
2481 3067 2657 3138 igitur,
2686 3081 2803 3137 quae
2833 3080 2990 3134 supra
3017 3061 3452 3126 commemoravi,
3487 3059 3707 3113 virtutis
3735 3073 3832 3113 no-

2251 3161 2394 3216 mine
2424 3159 2699 3230 amplexus
2728 3166 2829 3222 est,
2859 3156 3062 3219 dicens,
3093 3154 3138 3209 si
3155 3171 3253 3223 qua
3279 3153 3469 3206 uirtus:
3500 3150 3627 3205 illud
3653 3160 3834 3204 autem

2251 3249 2394 3320 quod
2423 3248 2665 3318 subjecit,
2693 3261 3017 3318 quacumque
3035 3244 3178 3298 bona:
3202 3246 3373 3314 fama,
3400 3241 3505 3294 alio
3532 3254 3638 3293 uno
3666 3239 3835 3292 verbo

2253 3355 2487 3412 congruo
2513 3346 2822 3408 prosccutus
2844 3345 2924 3390 est
2951 3333 3194 3397 dicendo,
3218 3333 3262 3386 si
3284 3348 3382 3402 qua
3407 3331 3538 3384 laus.
3556 3327 3710 3395 Quod
3733 3328 3838 3381 ita.

2254 3447 2358 3502 que
2383 3430 2475 3495 ait,
2507 3429 2566 3483 Si
2587 3427 2868 3480 hominibus
2890 3425 3157 3495 placerem,
3187 3419 3375 3476 Christi
3413 3435 3582 3474 seruus
3616 3434 3722 3470 non
3755 3433 3837 3469 cs-

2255 3538 2378 3585 sem,
2404 3521 2480 3574 sic
2508 3519 2684 3588 utique
2709 3513 3068 3584 accipiendum
3098 3521 3344 3581 tanquam
3372 3509 3562 3563 dixerit
3583 3526 3598 3563 :
3621 3507 3678 3562 Si
3697 3506 3837 3560 bona.

2256 3627 2375 3685 quze
2404 3611 2558 3678 facio,
2589 3610 2691 3663 line
2715 3609 2797 3662 lau
2823 3608 2882 3660 :is
2913 3606 3156 3659 humana:
3181 3603 3429 3666 facerem,
3459 3597 3630 3652 laudis
3654 3611 3842 3651 amore

2259 3713 2628 3760 tumescerem.
2660 3699 2881 3754 Volebat
2921 3711 3047 3766 ergo
3078 3693 3363 3764 Apostolus
3400 3691 3610 3761 placere
3660 3688 3840 3742 omni-

2259 3797 2377 3860 bus,
2421 3802 2477 3849 et
2517 3793 2594 3847 eis
2637 3791 2843 3860 placere
2872 3786 3151 3858 gaudebat,
3187 3799 3288 3838 non
3333 3794 3558 3852 quorum
3591 3777 3841 3832 laudibus

2261 3883 2588 3939 tumescebat
2618 3881 2671 3934 in
2700 3880 2894 3948 seipso,
2924 3876 3016 3931 sed
3044 3889 3175 3944 quos
3201 3871 3442 3927 laudatus
3467 3867 3769 3922 mdilicabat
3791 3867 3840 3919 in

2263 3977 2491 4033 Christo.
2515 3973 2621 4028 Cur
2645 3987 2772 4041 ergo
2801 3985 2884 4024 me
2910 3983 3014 4022 nou
3044 3966 3263 4021 delectet
3289 3962 3487 4017 laudari
3507 3961 3604 4014 abs
3626 3969 3701 4024 te,
3720 3974 3842 4012 cum

2264 4077 2315 4122 et
2345 4067 2425 4120 vir
2451 4065 2620 4120 bonus
2649 4064 2720 4115 sis
2747 4077 2812 4116 ne
2839 4075 2922 4114 me
2951 4059 3122 4123 fallas,
3147 4065 3202 4111 et
3231 4071 3290 4110 ea
3317 4053 3496 4107 laudes
3525 4067 3644 4120 qua:
3668 4065 3842 4114 ames,

2265 4167 2320 4213 et
2346 4171 2462 4225 quae
2481 4168 2659 4208 amare
2687 4152 2814 4205 utile
2837 4165 2898 4204 ac
2918 4148 3128 4203 salubre
3149 4153 3248 4210 est,
3289 4142 3492 4198 etiamsi
3521 4155 3629 4193 non
3655 4139 3766 4192 sint
3795 4139 3844 4190 in

2267 4246 2386 4302 me?
2415 4258 2586 4315 neque
2613 4241 2714 4296 hoc
2741 4241 2832 4295 tibi
2862 4248 3084 4303 tantum,
3115 4235 3206 4291 sed
3245 4235 3402 4289 etiam
3443 4231 3572 4285 milii
3604 4229 3843 4300 prodest.

2269 4337 2326 4393 Si
2351 4336 2492 4392 enim
2514 4350 2617 4388 non
2644 4341 2766 4386 sunt
2789 4330 2840 4384 in
2867 4345 2970 4392 me,
3000 4326 3282 4382 salubriter
3307 4323 3582 4386 erubesco,
3606 4329 3770 4388 atque
3793 4328 3849 4371 ut

2270 4429 2376 4483 sint
2395 4425 2690 4480 inardesco.
2719 4423 2796 4476 Ac
2816 4436 2911 4491 per
2931 4417 3069 4490 quod
3090 4430 3317 4490 agnosco
3334 4429 3449 4468 mea
3478 4412 3530 4464 iu
3558 4410 3716 4465 laude
3739 4420 3846 4470 tua,

2270 4518 2475 4590 gaudeo
2512 4531 2598 4570 me
2637 4514 2854 4578 habere,
2896 4520 2952 4566 et
2992 4511 3087 4565 abs
3124 4518 3177 4563 te
3205 4508 3294 4561 illa
3321 4521 3383 4560 ac
3409 4503 3672 4573 meipsum
3700 4501 3850 4571 diligi

2273 4617 2491 4680 propter
2514 4606 2636 4660 illa:
2665 4619 2783 4675 qua:
2811 4611 2987 4657 autem
3017 4615 3121 4654 non
3151 4611 3400 4669 agnosco,
3432 4609 3539 4649 non
3585 4594 3760 4647 solum
3795 4602 3851 4646 ut

2275 4700 2388 4770 ipse
2431 4697 2688 4760 habeam,
2732 4691 2976 4748 desidero
3018 4687 3290 4758 consequi,
3341 4699 3521 4739 verum
3577 4684 3743 4738 etiam
3786 4696 3853 4736 ne

2274 4802 2487 4858 semper
2513 4787 2566 4841 in
2594 4799 2710 4840 mea
2739 4782 2895 4838 laude
2923 4781 3187 4846 fallantur,
3219 4777 3306 4849 qui
3336 4791 3422 4831 me
3450 4775 3734 4829 sinceriter
3770 4773 3852 4828 di-

2276 4880 2465 4950 ligunt.

2350 4971 2404 5025 5.
2445 4968 2584 5023 Ecce
2607 4979 2763 5038 quam
2790 4963 2952 5018 multa
2978 4961 3107 5026 dixi,
3139 4968 3192 5016 et
3213 4957 3340 5030 quid
3361 4958 3428 5012 sit
3449 4955 3576 5010 illud
3598 4955 3745 5025 quod
3772 4969 3853 5008 me

2279 5061 2438 5131 longe
2479 5057 2703 5128 amplius
2746 5053 2956 5124 eloquio
2995 5061 3105 5116 tuo,
3151 5051 3306 5120 longe
3347 5047 3574 5116 amplius
3612 5045 3858 5099 laudibus

2282 5150 2415 5206 meis
2440 5148 2493 5203 in
2522 5148 2623 5202 tuis
2662 5145 2854 5200 litteris
2893 5141 3192 5203 delectavit,
3232 5154 3338 5192 non
3365 5137 3536 5191 adhuc
3561 5135 3692 5198 dixi.
3721 5133 3858 5200 Quid

2285 5248 2460 5294 autem
2490 5245 2642 5307 putas
2669 5249 2806 5300 esse,
2834 5248 2867 5286 ο
2900 5232 3038 5287 bone
3074 5229 3255 5294 homo,
3302 5226 3402 5281 nisi
3449 5223 3589 5295 quod
3623 5232 3675 5277 te
3699 5222 3861 5275 talem

2289 5333 2486 5396 virum,
2513 5338 2568 5384 et
2609 5341 2716 5382 non
2761 5325 2930 5380 visum
2958 5321 3057 5377 feci
3085 5321 3342 5383 amicum;
3371 5317 3416 5373 si
3447 5326 3624 5370 tamen
3651 5329 3758 5368 non
3788 5311 3865 5364 vi-

2289 5439 2406 5480 sum
2435 5421 2613 5476 dicere
2635 5417 2826 5482 debeo,
2867 5415 3014 5485 cujus
3040 5428 3143 5468 non
3171 5425 3382 5481 corpus,
3413 5407 3508 5463 sed
3537 5407 3772 5461 animam
3813 5406 3868 5457 in

2292 5517 2421 5588 ipsis
2444 5514 2548 5569 tuis
2577 5511 2768 5566 litteris
2793 5509 2922 5574 vidi,
2952 5507 3042 5562 ubi
3068 5506 3135 5561 de
3163 5514 3238 5572 te,
3280 5517 3383 5558 non
3413 5502 3551 5556 sicut
3572 5508 3728 5554 antea
3756 5495 3870 5550 fra-

2293 5587 2464 5664 tribus
2496 5604 2649 5669 meis,
2686 5600 2780 5656 scd
2825 5597 2955 5655 mihi
2983 5595 3215 5652 credidi?
3243 5594 3372 5662 Quis
3411 5591 3552 5647 enim
3583 5603 3736 5646 esses
3760 5587 3870 5656 jam

620 5678 704 5784 Ivel
725 5741 786 5784 ea
806 5738 1020 5797 quoque
1043 5721 1156 5778 vult
1173 5720 1226 5774 in
1252 5732 1310 5773 se
1335 5715 1556 5774 multum
1584 5711 1806 5784 quisque
1829 5705 2051 5774 laudari,
2070 5719 2189 5776 qua:
2296 5698 2510 5772 quidem
2539 5707 2870 5764 acceperam,
2893 5689 2986 5747 sed
3002 5687 3179 5760 qualis
3194 5701 3316 5757 erga
3335 5699 3419 5741 me
3439 5695 3610 5747 esses,
3633 5678 3873 5735 nondum
