4084 6332
258 314 409 387 ita“;

260 434 523 493 tenebam.
553 432 631 487 Ex
650 430 752 486 hac
771 429 998 485 amicitia
1026 437 1114 483 tua
1136 426 1295 482 etiam
1322 424 1506 480 laudes
1531 437 1699 491 meas,
1718 436 1837 491 quae

259 542 347 585 me
366 540 470 596 quo
500 525 602 578 line
627 522 893 576 delectent
910 520 1038 574 satis
1059 517 1187 583 dixi,
1217 517 1385 571 multo
1411 515 1625 570 uberius
1655 511 1841 567 Eccle-

259 619 353 672 siae
402 614 595 671 Christi
648 627 754 667 non
800 611 985 665 dubito
1034 607 1365 679 profuturas;
1414 603 1841 677 quandoquidem

259 708 419 762 etiam
446 706 653 759 labores
691 716 838 756 meos
868 702 918 755 in
945 698 1251 754 defensione
1286 695 1555 767 Evangelii
1590 694 1845 748 adversus

259 798 511 867 reliquias
538 795 816 864 impiorum
851 792 1318 848 daemonicolarum
1346 789 1423 844 sic
1453 788 1635 852 habes,
1664 786 1740 839 sic
1768 785 1845 839 le-

260 889 360 959 gis,
386 887 464 942 sic
481 901 648 947 amas,
681 885 757 939 sic
784 882 1055 953 przcdicas,
1085 892 1141 936 ut
1164 882 1215 935 in
1232 881 1309 935 eis
1333 888 1478 934 tanto
1502 877 1624 931 fiam
1646 874 1838 940 notior,

263 985 464 1048 quanto
493 992 551 1030 es
578 975 693 1044 ipse
720 973 982 1028 nobilior:
1003 987 1093 1027 eos
1115 972 1259 1027 enim
1290 970 1515 1024 latenter
1539 966 1756 1021 illustris
1782 965 1848 1019 il-

260 1068 475 1131 lustras,
507 1066 785 1134 clarusque
812 1062 1070 1126 declaras,
1093 1069 1148 1116 et
1173 1061 1257 1115 ubi
1275 1059 1525 1130 prodesse
1540 1070 1697 1128 posse
1721 1069 1843 1124 per-

260 1157 474 1228 spicies,
512 1154 739 1224 ignorari
780 1153 997 1206 omnino
1023 1167 1126 1205 non
1158 1151 1319 1205 sines.
1354 1148 1407 1205 Si
1436 1147 1575 1203 unde
1601 1145 1650 1200 id
1679 1146 1843 1199 sciam

261 1251 454 1321 quzeris
476 1268 489 1302 :
514 1248 634 1302 talis
659 1246 788 1301 mihi
818 1245 1105 1317 apparuisti
1133 1244 1185 1298 in
1207 1235 1399 1298 litteris
1428 1242 1550 1295 tuis.
1585 1237 1841 1307 Hincjam

259 1341 383 1396 vide
407 1350 661 1411 quantum
697 1346 782 1394 m‘e
822 1338 923 1392 illa:
961 1338 1148 1391 littera:
1173 1335 1440 1390 deleCtare
1476 1329 1843 1404 potuerintzsi

261 1432 398 1486 bene
427 1430 496 1484 de
516 1444 601 1484 me
632 1429 922 1494 existimas,
950 1429 1149 1497 cogitas
1174 1435 1426 1495 quantum
1446 1439 1531 1477 me
1549 1416 1746 1477 Christi
1765 1422 1843 1474 lu-

262 1535 354 1576 cra
384 1520 669 1574 delectent.
696 1517 943 1573 Jamvero
967 1517 1106 1588 quod
1129 1526 1180 1571 te
1205 1516 1398 1586 ipsum,
1425 1514 1533 1585 qui,
1558 1522 1614 1567 ut
1634 1512 1842 1577 scribis,

263 1624 296 1663 ‘a
325 1609 632 1679 parentibus,
661 1610 723 1663 ab
762 1608 888 1673 avis,
929 1617 976 1661 et
1019 1618 1268 1676 postrema
1312 1621 1468 1675 usque
1508 1600 1668 1675 gentis
1706 1601 1847 1673 prole

261 1697 447 1754 Christi
459 1700 583 1768 jura
614 1700 865 1768 percipere
886 1698 1106 1769 potuisti,
1136 1707 1307 1751 tamen
1339 1696 1592 1750 adversus
1620 1693 1845 1763 gentiles

262 1790 415 1854 ritus,
443 1799 501 1843 ut
530 1804 795 1859 nunquam
826 1788 975 1853 alias,
1008 1787 1209 1842 eisdem
1241 1784 1511 1841 laboribus
1542 1785 1673 1839 meis
1698 1784 1848 1853 adju-

262 1890 373 1933 tum
422 1895 541 1935 esse
581 1881 877 1950 significas;
929 1895 1185 1950 parumne
1228 1880 1404 1949 cogito
1441 1885 1694 1948 quantum
1723 1876 1844 1930 boni

262 1970 400 2033 aliis,
452 1979 506 2023 et
545 1985 701 2038 quam
748 1970 961 2034 multis,
991 1985 1147 2039 quam
1192 1969 1368 2034 claris,
1403 1977 1455 2021 et
1482 1983 1637 2038 quam
1672 1966 1843 2034 facile,

264 2076 530 2131 quamque
558 2060 839 2114 salubriter
868 2076 959 2129 per
984 2061 1100 2114 illos
1123 2059 1329 2113 e:cteris
1350 2059 1539 2128 quibus
1568 2057 1687 2111 talia
1714 2072 1849 2111 cun-

266 2153 504 2217 veniunt,
535 2153 736 2221 possint
767 2152 962 2222 scripta
986 2161 1164 2206 nostra
1190 2162 1240 2207 te
1264 2150 1668 2206 commendante
1690 2160 1847 2221 atque

266 2247 647 2301 disseminante
686 2247 962 2301 conferre?
1008 2255 1099 2300 aut
1145 2246 1244 2300 hoc
1282 2246 1519 2315 cogitans
1559 2259 1847 2314 possumne

266 2352 547 2405 parvorum
577 2338 656 2391 vel
687 2336 1033 2391 mediocrium
1054 2336 1363 2407 gaudiorum
1379 2336 1708 2406 jucunditate
1731 2349 1848 2405 per-

265 2426 447 2480 fundi?

336 2520 389 2572 6.
429 2519 561 2586 Quia
593 2519 750 2588 igitur
786 2535 890 2573 non
933 2519 1072 2587 potui
1101 2517 1276 2571 verbis
1302 2516 1565 2585 explicare
1593 2522 1844 2585 quantam

264 2608 668 2662 delectationem
693 2608 759 2663 de
788 2609 888 2662 tuis
917 2608 1106 2661 litteris
1134 2606 1390 2675 ceperim,
1420 2604 1559 2659 unde
1582 2619 1666 2659 me
1695 2603 1845 2659 dele-

265 2698 547 2764 ctaverint,
580 2699 719 2751 dixi:
744 2699 851 2766 jam
880 2697 1019 2767 quod
1049 2696 1257 2766 nequivi
1283 2695 1412 2748 satis
1436 2694 1635 2759 dicere,
1659 2694 1709 2748 id
1740 2703 1842 2759 est,

266 2798 519 2856 quantum
567 2787 965 2853 delectaverint,
1017 2787 1107 2841 tibi
1155 2785 1544 2855 conjiciendum
1584 2785 1845 2854 relinquo.

265 2876 425 2933 Sume
447 2879 643 2946 itaque,
673 2878 741 2930 mi
770 2877 864 2944 fili,
896 2892 1065 2939 sume,
1096 2877 1177 2929 vir
1198 2876 1335 2931 bene
1354 2884 1409 2929 et
1438 2889 1543 2929 non
1575 2890 1625 2928 tn
1656 2889 1848 2946 super-

265 2971 402 3033 ﬁcie,
428 2969 522 3023 sed
545 2970 594 3023 in
625 2968 911 3023 christiana
941 2968 1197 3023 charitate
1223 2967 1543 3032 Christiane;
1573 2981 1743 3033 sume,
1766 2967 1849 3020 in-

265 3077 446 3132 quam,
466 3062 647 3123 libros,
669 3076 801 3131 quos
819 3059 1148 3123 desiderasti,
1166 3058 1569 3114 Confessionum
1587 3073 1848 3113 mearum:

266 3152 336 3205 ibi
361 3166 447 3205 me
473 3151 696 3219 inspice,
727 3166 793 3205 ne
820 3166 904 3204 me
928 3149 1109 3204 laudes
1135 3150 1272 3203 ultra
1299 3164 1455 3219 quam
1477 3164 1627 3215 sum;
1648 3149 1717 3203 ibi
1742 3163 1851 3203 non

264 3243 382 3296 aliis
410 3241 477 3295 de
505 3256 589 3296 me
616 3240 795 3307 crede,
837 3240 930 3295 sed
976 3240 1138 3305 mihi;
1172 3238 1241 3293 ibi
1272 3253 1357 3293 me
1383 3237 1617 3304 attende,
1649 3246 1703 3292 et
1732 3236 1851 3293 vide

266 3334 392 3403 quid
421 3333 607 3387 fuerim
641 3333 691 3385 in
723 3333 944 3401 meipso,
973 3347 1066 3401 per
1086 3332 1373 3401 meipsum;
1397 3340 1449 3385 et
1474 3332 1517 3385 si
1538 3330 1663 3399 quid
1691 3331 1741 3383 in
1764 3345 1851 3385 me

265 3427 361 3481 tibi
396 3426 667 3495 placuerit,
703 3425 851 3479 lauda
893 3423 966 3478 ibi
1016 3439 1245 3491 mecum,
1276 3438 1432 3493 quem
1473 3421 1675 3476 laudari
1710 3422 1849 3476 volui

266 3518 333 3569 de
348 3530 461 3580 me;
495 3530 664 3584 neque
686 3515 827 3569 enim
851 3529 955 3568 me.
987 3513 1244 3580 Quoniam
1263 3513 1375 3583 ipse
1397 3512 1521 3567 fecit
1537 3526 1652 3578 nos,
1675 3521 1729 3566 et
1744 3527 1851 3567 non

267 3607 370 3675 ipsi
391 3620 489 3660 nos
514 3603 683 3675 (Psal.
707 3620 851 3668 xcrx,
872 3604 957 3676 3);
989 3619 1085 3659 nos
1104 3613 1278 3659 autem
1307 3603 1704 3673 perdideramus
1728 3618 1849 3669 nos,

266 3698 361 3751 sed
376 3698 466 3767 qui
492 3697 634 3763 fecit,
664 3696 865 3750 refecit.
894 3695 1026 3749 Cum
1047 3705 1224 3749 autem
1249 3694 1317 3748 ibi
1345 3709 1431 3748 me
1453 3693 1737 3757 inveneris,
1757 3708 1852 3748 ora

267 3804 365 3858 pro
390 3804 475 3843 me
504 3804 569 3842 ne
594 3788 859 3853 deliciam,
892 3787 986 3842 sed
1017 3786 1297 3856 perﬁciar;
1327 3800 1419 3841 ora
1451 3786 1543 3851 fili,
1574 3802 1688 3841 ora.
1717 3786 1849 3842 Sen-

266 3879 341 3933 tio
365 3879 489 3948 quid
517 3879 710 3945 dicam,
737 3880 848 3933 seio
874 3878 999 3947 quid
1029 3889 1234 3946 petam;
1263 3892 1366 3931 non
1397 3877 1487 3933 tibi
1514 3877 1758 3933 videatur
1773 3878 1853 3932 in-

266 3968 504 4038 dignum,
532 3977 585 4022 et
623 3967 773 4037 quasi
809 3967 944 4021 ultra
973 3967 1159 4021 merita
1191 3975 1307 4020 tua:
1334 3965 1602 4021 fraudabis
1628 3982 1714 4022 me
1735 3983 1849 4021 ma-

266 4074 371 4130 gno
394 4058 676 4129 adjutorio,
701 4058 745 4112 si
766 4073 871 4112 non
899 4057 1109 4111 feceris.
1128 4056 1243 4112 Non
1269 4057 1440 4111 solum
1466 4066 1541 4123 tu,
1569 4056 1662 4111 sed
1689 4058 1849 4111 etiam

263 4163 458 4205 omnes
483 4149 571 4218 qui
599 4163 665 4202 ex
691 4162 786 4202 ore
822 4155 913 4201 tuo
939 4146 1241 4211 dilexerint,
1272 4154 1421 4200 orate
1462 4160 1559 4216 pro
1597 4162 1717 4201 me:
1750 4145 1852 4201 hoe

264 4241 350 4297 eis
371 4256 460 4296 me
482 4240 731 4310 petivisse
768 4239 961 4305 indica,
990 4248 1044 4293 et
1070 4239 1115 4293 si
1141 4239 1367 4293 multum
1396 4238 1550 4295 nobis
1594 4238 1845 4306 tribuitis,

1357 306 1844 369 EPISTOLARUM
1881 306 2154 365 CLASSIS
2191 310 2268 364 i‘t.

3386 313 3530 379 {026

1942 421 2161 491 jussisse
2189 437 2288 477 nos
2314 423 2609 478 existimate
2638 421 2776 493 quod
2820 423 3068 493 petimus,
3108 435 3164 482 et
3190 434 3367 485 tamen
3395 433 3525 487 date

1945 512 2261 579 petentibus,
2292 514 2372 567 vel
2403 514 3098 584 obtemperatcjubentibus.
3121 516 3280 573 Orate
3306 536 3402 589 pro
3423 538 3521 576 no-

1946 598 2045 653 bis.
2088 599 2227 671 Lege
2267 602 2494 656 Litteras
2520 603 2744 667 divinas,
2791 614 2843 659 et
2889 606 3125 662 invenies
3154 608 3298 678 ipsos
3326 612 3523 668 arietes

1946 702 2157 745 nostros
2185 693 2466 762 Apostolos
2492 695 2704 763 petiisse
2736 695 2837 751 hoc
2865 711 2894 750 a
2926 696 3044 751 filiis
3073 700 3203 765 suis,
3232 701 3344 756 sive
3380 718 3529 772 prae-

1946 783 2147 851 cepisse
2178 783 2502 838 auditoribus
2522 787 2649 839 suis.
2678 786 2790 856 Ego
2810 794 2953 841 certe
2980 790 3226 858 quoniam
3256 789 3359 846 hoc
3382 807 3410 846 a
3439 808 3526 848 me

1946 872 2140 942 petiisti
2165 889 2259 943 pro
2277 882 2346 941 te,
2372 884 2623 944 quantum
2644 876 2850 944 faciam,
2879 877 3018 932 videt
3038 880 3125 949 qui
3148 882 3413 947 exaudiat,
3435 885 3525 953 qui

1945 963 2156 1017 videbat
2180 964 2300 1033 quia
2323 975 2373 1019 et
2399 975 2521 1019 ante
2546 965 2801 1021 faciebam
2824 987 2836 1022 :
2861 968 2953 1023 sed
2978 969 3139 1025 redde
3167 971 3329 1026 etiam
3352 974 3402 1027 in
3428 974 3526 1030 hac

1947 1067 2007 1105 re
2045 1052 2343 1109 dilectionis
2384 1055 2572 1109 vicem.
2612 1056 2885 1126 Prmpositi
2933 1059 3095 1113 vestri
3141 1076 3350 1127 sumus;
3397 1078 3525 1133 grex

1950 1140 2042 1195 Dei
2070 1143 2198 1197 estis
2232 1161 2244 1197 :
2288 1144 2618 1200 considerate
2647 1155 2700 1201 et
2730 1146 2902 1202 videte
2931 1149 3159 1217 pericula
3200 1160 3379 1205 nostra
3410 1169 3527 1206 tnu-

1944 1230 2061 1301 jora
2089 1248 2211 1287 esse
2237 1249 2395 1303 quam
2420 1246 2617 1303 vestra,
2648 1245 2701 1290 et
2727 1247 2874 1291 orate
2904 1255 2998 1309 pro
3026 1241 3198 1295 nobis.
3244 1241 3355 1297 Hoc
3382 1244 3526 1299 enim

1949 1333 2000 1376 et
2025 1323 2173 1377 nobis
2204 1324 2459 1379 condecet
2483 1335 2537 1379 et
2558 1326 2730 1392 vobis,
2756 1336 2811 1380 ut
2838 1328 3031 1382 bonam
3059 1331 3315 1385 rationem
3344 1332 3410 1387 de
3430 1349 3525 1387 vo-

1949 1411 2031 1467 bis
2075 1412 2359 1468 reddamus
2389 1424 2658 1483 pastorum
2686 1402 2913 1487 principi
2940 1427 2991 1473 et
3020 1420 3256 1474 omnium
3287 1431 3528 1478 nostrum

1948 1504 2126 1573 capiti,
2151 1502 2453 1576 pariterque
2474 1507 2759 1562 evadamus
2782 1509 2937 1579 hujus
2967 1512 3146 1566 mundi
3179 1514 3526 1582 periculosio-

1948 1612 2035 1650 res
2071 1593 2352 1651 blanditias
2381 1614 2536 1667 quam
2566 1598 2855 1667 molestias,
2893 1601 2995 1654 nisi
3034 1616 3154 1656 cum
3183 1618 3280 1671 pax
3311 1604 3425 1674 ejus
3462 1607 3530 1661 ad

1950 1690 2051 1745 hoc
2081 1690 2307 1758 proficit,
2354 1692 2493 1762 quod
2536 1691 2820 1761 Apostolus
2862 1709 3016 1748 orare
3060 1709 3157 1748 nos
3199 1698 3425 1763 monuit,
3475 1708 3529 1752 ut

1948 1781 2167 1852 quierant
2194 1785 2344 1836 vitam
2381 1795 2428 1839 et
2467 1783 2790 1855 tranquillam
2815 1802 3022 1856 agamus
3047 1787 3099 1839 in
3123 1789 3258 1841 omni
3284 1789 3463 1846 pietate
3483 1801 3531 1843 et

1949 1873 2191 1926 cltaritate
2222 1867 2262 1944 (1
2292 1868 2423 1927 Tim.
2458 1891 2511 1937 ιι,
2540 1873 2618 1945 2).
2650 1874 2702 1930 Si
2731 1873 2871 1929 enim
2908 1875 3045 1930 desit
3080 1877 3250 1946 pietas
3278 1888 3332 1933 et
3358 1879 3533 1934 chari-

1951 1970 2051 2027 tas,
2083 1963 2207 2033 quid
2228 1973 2309 2018 est
2332 1964 2398 2018 ab
2421 1964 2525 2018 illis
2546 1974 2599 2019 et
2617 1980 2647 2018 a
2676 1966 2882 2020 caeteris
2901 1964 3080 2020 mundi
3107 1968 3260 2022 malis
3278 1967 3533 2040 tranquil-

1950 2046 2068 2104 litas
2102 2061 2155 2105 et
2196 2052 2367 2122 quies,
2414 2054 2513 2108 nisi
2544 2053 2766 2107 luxuria:
2805 2053 3218 2125 perditionisque
3254 2061 3529 2128 materies,

1949 2143 2059 2196 sive
2086 2143 2505 2210 invitamentum,
2530 2144 2641 2197 sive
2660 2143 3068 2213 adjumentum?
3100 2144 3168 2199 Ut
3190 2161 3317 2217 ergo
3344 2147 3533 2202 habea-

1950 2252 2067 2291 mus
2096 2238 2327 2307 quietam
2356 2248 2411 2292 et
2435 2239 2773 2308 tranquillam
2802 2241 2962 2294 vitam
2994 2240 3045 2295 in
3077 2241 3223 2295 omni
3259 2242 3453 2311 pietate
3480 2248 3535 2296 ct

1948 2329 2225 2398 charitate,
2256 2332 2393 2401 quod
2420 2348 2516 2387 nos
2547 2347 2643 2403 pro
2682 2333 2849 2397 vobis,
2893 2342 3043 2388 orate
3080 2349 3177 2402 pro
3205 2335 3379 2401 nobis,
3410 2335 3529 2389 ubi-

1948 2438 2176 2493 cumque
2201 2424 2352 2488 estis,
2396 2423 2715 2494 ubicumque
2754 2438 2936 2478 sumus
2967 2437 3230 2494 nusquam
3257 2425 3397 2479 enim
3427 2442 3531 2480 non

1948 2525 2049 2579 est,
2082 2514 2233 2581 cujus
2254 2528 2457 2568 sumus.

2020 2606 2073 2659 7.
2113 2604 2226 2659 Misi
2257 2614 2309 2659 et
2339 2605 2469 2659 alios
2492 2605 2656 2659 libros
2675 2621 2807 2676 quos
2833 2620 2938 2659 non
2967 2605 3165 2676 petisti,
3195 2622 3262 2662 ne
3287 2607 3388 2663 hoc
3411 2616 3530 2662 tan-

1951 2695 2222 2749 tummodo
2260 2694 2488 2750 facerem
2530 2695 2667 2765 quod
2716 2696 2921 2765 petisti;
2960 2695 3028 2751 de
3058 2694 3185 2751 Fide
3212 2713 3388 2752 rerum
3417 2711 3535 2769 quze

1953 2803 2055 2840 non
2086 2787 2354 2853 videntur,
2382 2786 2448 2841 de
2473 2786 2757 2849 Patientia,
2790 2786 2857 2841 de
2885 2786 3241 2853 Continentia,
3263 2787 3330 2842 de
3358 2788 3539 2843 Provi-

1951 2876 2148 2941 dentia,
2177 2886 2230 2930 et
2258 2891 2421 2931 unum
2450 2876 2700 2946 grandem
2726 2876 2792 2930 de
2824 2876 2953 2930 Fide
2978 2886 3030 2930 et
3046 2876 3151 2946 Spe
3167 2887 3219 2931 et
3245 2870 3533 2934 Charitatc.

1952 2968 2059 3023 Hos
2085 2984 2271 3022 omnes
2292 2970 2334 3022 si
2358 2968 2482 3022 dum
2522 2984 2580 3023 es
2614 2968 2749 3023 intra
2779 2968 3010 3023 Africam
3034 2970 3242 3039 legeris,
3269 2972 3527 3041 judicium

1954 3073 2098 3117 tuum
2131 3063 2280 3117 mitte
2303 3062 2369 3117 de
2400 3061 2532 3128 illis;
2557 3071 2646 3115 aut
2670 3063 2819 3116 mitte
2855 3062 3026 3125 nobis,
3067 3070 3159 3116 aut
3186 3079 3290 3133 quo
3327 3065 3477 3118 nobis
3503 3081 3535 3119 a

1952 3154 2168 3209 domino
2210 3153 2373 3208 fratre
2420 3152 2637 3208 Aurelio
2684 3154 2941 3218 mittatur,
2993 3153 3064 3207 ibi
3103 3153 3536 3225 dimittezquan-

1953 3262 2108 3317 quam
2132 3257 2183 3300 ct
2201 3246 2516 3315 ubicumque
2543 3244 2703 3299 fueris
2725 3258 3005 3313 speramus
3027 3243 3147 3298 inde
3167 3244 3369 3300 litteras
3393 3256 3531 3312 tuas,

1954 3348 2007 3393 et
2033 3337 2155 3391 hine
2178 3347 2253 3403 tu,
2281 3336 2405 3390 dum
2431 3344 2976 3405 possumusmostras.
2998 3334 3215 3405 Suscepi
3237 3338 3538 3406 gratissime

1954 3445 2070 3497 qua:
2099 3426 2321 3491 misisti;
2352 3427 2435 3480 ubi
2467 3438 2521 3481 et
2559 3425 2780 3481 salutem
2822 3440 2992 3479 meam
3021 3426 3259 3495 quamvis
3286 3442 3537 3497 corpora-

1955 3518 2081 3583 lem,
2107 3519 2354 3588 quoniam
2383 3518 2463 3570 vis
2501 3532 2585 3569 me
2626 3516 2804 3586 utique
2834 3517 2949 3569 sine
2976 3515 3355 3584 impedimento
3383 3519 3538 3571 mala:

1954 3609 2267 3664 valetudinis
2308 3609 2417 3663 Deo
2460 3623 2667 3673 vacare,
2707 3619 2759 3662 et
2785 3607 3158 3661 bibliothecam
3188 3617 3445 3671 nostram,
3481 3620 3536 3663 ut

1954 3703 2062 3757 sint
2089 3701 2228 3757 unde
2254 3701 2369 3755 libri
2396 3701 2477 3755 vel
2518 3709 2774 3769 parentur
2798 3700 2880 3753 vel
2920 3709 3251 3767 reparentur,
3281 3700 3534 3769 adjuvare

1954 3792 2195 3863 dignatus
2214 3806 2293 3846 es.
2330 3791 2603 3859 Rependat
2627 3789 2718 3843 tibi
2748 3788 2999 3843 Dominus
3020 3798 3073 3842 et
3095 3789 3179 3844 hic
3204 3798 3257 3844 et
3283 3791 3333 3845 in
3362 3792 3539 3847 futuro

1954 3882 2149 3937 szcculo
2176 3882 2335 3949 bona,
2363 3895 2482 3951 qua:
2509 3881 2695 3934 talibus
2726 3880 2935 3949 qualem
2963 3887 3016 3933 te
3044 3895 3162 3934 esse
3184 3882 3368 3952 voluit,
3401 3900 3539 3953 pra:-

1956 3974 2179 4043 paravit.
2212 3972 2407 4042 Pignus
2436 3971 2580 4041 pacis
2602 3969 2740 4039 apud
2768 3977 2819 4023 te
2843 3968 3161 4038 depositum,
3188 3980 3535 4044 nostrumque

1954 4065 2166 4134 utrique
2180 4063 2566 4130 dulcissimum,
2589 4062 2725 4116 sicut
2740 4070 2863 4116 ante
2882 4076 2913 4117 a
2935 4075 3020 4115 me
3035 4062 3271 4128 salutari,
3298 4064 3367 4118 ita
3389 4080 3532 4122 nunc

1953 4154 2230 4211 resalutari
2257 4160 2400 4225 peto.

317 4432 1991 4446 m——_————-—-—
2016 4434 2311 4443 .————-—-—-

1206 4509 1305 4636 ρ
1329 4507 1635 4617 ΗΑΒ
1654 4507 1872 4616 ΤΑ
1943 4507 2581 4617 CLASSIS.

804 4709 1029 4774 Epistolas
1050 4723 1079 4761 a
1107 4717 1151 4759 s.
1174 4710 1438 4775 Augustino
1462 4711 1687 4773 episcopo
1708 4710 1917 4772 scriptae,
1939 4723 2143 4774 quarum
2166 4718 2356 4775 tempus
2377 4715 2534 4763 minus
2555 4720 2854 4775 compertum
2887 4720 2980 4764 est.

1610 4843 2190 4906 «me

640 4962 967 5021 EPISTOLA
1004 4963 1285 5019 ccxxxn
1307 4967 1324 4986 ο
1356 4963 1455 5034 (a).

251 5057 628 5116 Madaurenses
660 5056 958 5111 idololatras
987 5056 1054 5107 ad
1074 5070 1241 5107 veram
1274 5055 1566 5124 religionem
1590 5055 1841 5120 hortatur,

334 5161 572 5205 terrorem
592 5149 838 5202 incutiens
857 5146 1231 5201 denuntiatione
1246 5144 1432 5215 judieii
1453 5145 1679 5211 extremi,
1708 5145 1845 5215 quod

332 5250 595 5296 venturum
620 5256 729 5296 esse
757 5239 1060 5309 persuadet;
1083 5238 1268 5308 quippe
1291 5253 1405 5289 cum
1430 5246 1609 5290 ewtera
1631 5237 1693 5290 de
1712 5237 1849 5291 chri-

332 5333 499 5386 stiana
523 5332 762 5400 religione
790 5331 843 5384 in
870 5328 1150 5399 Scripturis
1173 5328 1413 5398 prtedicta
1425 5330 1537 5400 jam
1558 5330 1848 5383 evenerint:

331 5432 378 5477 et
418 5423 618 5475 demum
648 5420 936 5491 perstringit
976 5420 1270 5489 mysterium
1300 5417 1564 5472 Trinitatis
1592 5428 1637 5472 et
1666 5417 1850 5472 Incar-

332 5511 573 5568 nationis.

324 5624 343 5643 ‘
380 5623 446 5672 Ad
466 5635 513 5672 a.
533 5622 617 5685 bg.
642 5621 710 5685 bl.
734 5622 816 5671 bn.
838 5634 882 5672 e.
913 5633 982 5671 ec.
1010 5619 1060 5669 θ’.
1083 5633 1132 5682 g.
1149 5633 1232 5681 gv.
1256 5633 1307 5669 n.
1331 5632 1374 5669 r.
1398 5631 1439 5669 s.
1464 5620 1539 5670 sb.
1575 5626 1611 5671 t.
1637 5632 1709 5670 ve.
1731 5631 1850 5683 qua-

258 5690 372 5737 tuor
388 5698 437 5733 τ.
459 5697 560 5733 am.
575 5683 688 5733 'Bad.
718 5691 789 5732 Er.
815 5692 925 5733 hev.
941 5691 1174 5734 correcta.

322 5746 400 5809 (a)
425 5745 551 5796 Alias
572 5744 661 5796 42:
683 5758 793 5810 qua:
815 5754 979 5798 autem
1001 5744 1093 5795 252
1113 5750 1235 5807 erat,
1262 5755 1390 5795 nunc
1411 5742 1519 5795 235.

1952 4970 2192 5029 Dominis
2213 4972 2658 5044 praedicabilibus,
2689 4979 2744 5027 et
2768 4970 3126 5025 dilectissimis
3154 4970 3404 5027 fratribus
3428 4970 3541 5026 Ma-

2025 5080 2397 5132 DAURENSIBUS,
2424 5079 2648 5135 quorum
2670 5079 2765 5133 per
2784 5060 3003 5117 fratrem
3032 5062 3397 5116 Florentinum
3428 5063 3543 5131 cpi-

2028 5158 2218 5213 stolam
2249 5156 2451 5226 accepi,
2475 5157 2825 5211 Aucus'rtaus.

2026 5270 2079 5324 l.
2118 5269 2173 5324 Si
2215 5269 2353 5323 forte
2401 5267 2477 5321 illi
2516 5268 2605 5337 qui
2650 5266 2790 5321 inter
2831 5280 2925 5320 vos
2971 5265 3215 5320 catholici
3262 5265 3536 5321 christiani

1955 5370 2097 5429 sunt,
2138 5361 2259 5414 talia
2285 5359 2413 5413 mihi
2444 5360 2640 5429 scripta
2676 5359 2952 5421 miserunt,
2985 5357 3086 5411 hoc
3117 5367 3317 5412 tantum
3350 5358 3537 5425 miror,

1957 5451 2097 5522 quod
2128 5465 2234 5505 non
2269 5465 2366 5504 suo
2394 5450 2571 5521 potius
2595 5464 2753 5519 quam
2792 5446 2992 5504 ordinis
3023 5446 3257 5502 nomine.
3286 5445 3339 5502 Si
3364 5458 3542 5501 autem

1958 5560 2142 5599 revera
2172 5558 2359 5598 omnes
2384 5551 2475 5597 aut
2503 5558 2670 5613 prope
2694 5555 2879 5596 omnes
2899 5540 3100 5596 ordinis
3127 5540 3223 5593 viri
3254 5540 3316 5594 ad
3348 5555 3431 5593 me
3463 5539 3544 5593 tlt-

1955 5636 2101 5706 gnati
2130 5635 2259 5689 estis
2284 5634 2488 5689 litteras
2514 5635 2661 5698 dare,
2704 5633 2869 5687 miror
2897 5630 3037 5702 quod
3067 5631 3216 5701 patri.
3257 5642 3310 5685 et
3349 5632 3399 5683 in
3442 5630 3547 5681 Uo-

1956 5726 2093 5782 mino
2126 5724 2339 5782 salutem
2369 5724 2688 5797 scripsistis;
2719 5738 2940 5795 quorum
2988 5723 3112 5777 mihi
3146 5717 3544 5792 superstitiosus
