4070 6332
549 355 690 414 10⁸27

551 476 724 534 cultus
748 470 1028 533 idolorum,
1059 474 1240 523 contra
1265 475 1383 535 qua:
1413 457 1550 515 idola
1579 453 1783 511 facilius
1811 451 2004 522 templa
2035 465 2130 506 ve-

554 582 666 627 stra
712 581 871 636 quam
912 561 1072 619 corda
1117 556 1465 620 clauduntur,
1503 552 1586 607 vel
1625 550 1797 619 potius
1832 544 2133 636 quaeidola

555 675 664 716 non
690 635 860 728 magis
885 655 940 710 in
968 651 1175 721 templis
1203 663 1360 719 quam
1390 646 1443 700 in
1472 643 1663 697 vestris
1689 637 1939 695 cordibus
1968 635 2136 690 inclu-

558 726 922 816 duntur,_cum
953 756 1143 812 magno
1179 746 1261 794 est
1285 737 1467 792 dolore
1494 731 1842 790 notissimus:
1876 728 1975 784 nisi
1997 726 2137 782 forte

550 843 662 915 jam
687 841 755 896 dc
779 839 948 895 salute
978 836 1111 904 ipsa,
1143 847 1260 902 quae
1281 829 1333 884 in
1362 826 1588 882 Domino
1615 831 1716 890 est,
1747 837 1839 892 per
1863 835 2019 892 quem
2051 833 2138 874 me

558 913 796 992 salutare
847 926 1108 989 voluistis,
1169 921 1382 978 tandem
1426 917 1669 990 prudenti
1712 913 2136 970 consideratione

556 1021 817 1094 cogitatis.
848 1018 979 1074 Nam
1009 1017 1055 1070 si
1095 1029 1202 1069 non
1247 1012 1316 1065 ita
1357 1020 1456 1075 est,
1498 1021 1679 1079 quaeso
1706 1021 1819 1070 vos,
1849 1002 1973 1073 quid
2003 1001 2134 1067 laesi,

556 1115 682 1187 quid
715 1111 908 1169 offendi
931 1105 1350 1166 benevolentiam
1369 1112 1620 1167 vestram,
1648 1111 1705 1156 ut
1732 1114 1818 1154 me
1850 1097 2000 1152 titulo
2022 1098 2137 1167 epi-

558 1206 711 1262 stolae
752 1213 943 1260 vestra:
991 1196 1316 1255 irridendum
1359 1195 1534 1264 potius
1568 1207 1724 1262 quam
1770 1187 2136 1245 honorandum

558 1314 680 1356 esse
719 1294 995 1368 putaretis,
1044 1289 1246 1347 domini
1293 1283 1676 1359 praedicabiles,
1719 1289 1772 1336 et
1809 1275 2138 1335 dilectissimi

557 1389 750 1446 fratres
767 1387 790 1442 ?

627 1482 682 1535 2.
723 1477 874 1547 Quod
903 1475 1044 1531 enim
1080 1470 1385 1543 scripsistis,
1420 1466 1567 1522 Patri
1599 1451 1897 1536 Augustino,
1939 1461 1993 1515 in
2032 1458 2140 1512 Do-

559 1573 695 1626 mino
723 1581 963 1625 wternam
992 1565 1224 1626 salutem,
1251 1576 1369 1616 cum
1392 1558 1642 1628 legerem,
1673 1563 1814 1608 tanta
1845 1565 1938 1621 spe
1965 1549 2140 1604 subito

560 1672 770 1719 erectus
797 1675 935 1718 sum.
959 1666 1018 1712 ut
1042 1654 1316 1711 crederem
1339 1667 1433 1706 vos
1457 1649 1524 1704 ad
1551 1649 1724 1718 ipsutn
1752 1643 2052 1707 Dominum,
2087 1649 2139 1694 et

560 1754 629 1809 ad
655 1755 821 1824 ipsam
849 1759 1101 1804 aeternam
1145 1745 1369 1799 salutem
1395 1749 1487 1796 aut
1521 1740 1629 1810 jam
1671 1751 1792 1793 esse
1827 1747 2134 1799 conversos,

558 1855 650 1900 aut
670 1821 763 1914 per
788 1851 1024 1896 n0strum
1053 1835 1400 1891 ministerium
1422 1829 1726 1887 desiderare
1748 1823 2006 1882 converti.
2033 1821 2138 1878 Sed

560 1937 649 1992 ubi
676 1935 778 2006 legi
818 1944 1032 1996 cetera,
1075 1927 1316 1998 refriguit
1341 1925 1549 1979 animus
1587 1935 1736 1976 meus
1766 1935 1780 1971 :
1811 1914 2031 1987 qumsivi
2059 1925 2138 1966 ta-

560 2043 684 2082 men
731 2025 800 2079 ab
841 2022 1080 2092 epistola:
1127 2020 1392 2090 perlatore
1439 2024 1617 2069 utrum
1656 2011 1766 2082 jam
1817 2008 1902 2064 vel
1951 2006 2140 2062 essetis

557 2116 854 2183 christiani,
885 2113 969 2170 vel
988 2127 1108 2168 esse
1138 2108 1424 2180 cuperetis.
1443 2105 1604 2175 Cujus
1630 2101 1978 2173 responsione
1995 2107 2142 2168 post-

557 2225 779 2280 eaquam
823 2205 1058 2276 comperi
1087 2215 1420 2272 nequaquam
1443 2211 1537 2252 vos
1559 2209 1677 2250 esse
1724 2197 1955 2248 mutatos
1973 2231 1987 2256 ,
2015 2205 2138 2260 gra-

557 2305 676 2357 vius
701 2301 846 2356 dolui
873 2298 1013 2370 quod
1039 2295 1237 2352 Christi
1267 2307 1481 2356 nomen,
1513 2289 1596 2344 cui
1619 2288 1728 2358 jam
1757 2293 1922 2338 totum
1955 2282 2137 2336 orbem

559 2395 852 2466 subjectum
882 2405 1001 2447 esse
1034 2387 1361 2457 conSpicitis,
1393 2399 1498 2438 non
1529 2381 1699 2436 solum
1729 2395 1758 2430 a
1781 2375 1931 2431 vobis
1959 2372 2138 2444 repel-

560 2463 796 2549 lendum,
824 2480 917 2538 sed
947 2481 1104 2535 etiam
1132 2479 1185 2533 in
1216 2475 1366 2529 nobis
1400 2471 1725 2528 irridendum
1758 2483 1878 2522 esse
1906 2463 2138 2521 credidi-

560 2580 677 2635 stis.
729 2577 844 2631 Non
891 2572 1035 2629 enim
1083 2569 1227 2640 potui
1274 2566 1510 2636 cogitare
1561 2563 1788 2616 alterum
1835 2558 2135 2624 Dominum,

557 2668 854 2728 secundum
874 2679 1031 2734 quem
1056 2668 1240 2732 posset
1258 2658 1538 2729 episcopus
1560 2663 1701 2726 pater
1717 2667 1745 2706 a
1769 2650 1917 2705 vobis
1938 2647 2135 2715 vocari,

559 2771 754 2833 prater
775 2757 1055 2813 Dominum
1077 2750 1344 2806 Christum
1371 2764 1386 2800 :
1419 2756 1473 2802 et
1495 2745 1540 2800 si
1563 2753 1708 2800 esset
1735 2741 1858 2795 hinc
1879 2739 2049 2809 aliqua
2071 2737 2140 2794 de

557 2829 996 2920 interpretatione
1034 2852 1226 2897 vestra:
1264 2837 1541 2894 sententize
1590 2833 1870 2900 dubitatio,
1910 2829 2140 2885 subscri-

559 2945 738 3014 ptione
758 2937 997 3010 epistol-.1:
1021 2934 1318 2997 tolleretur,
1351 2930 1438 2984 ubi
1467 2934 1651 2998 aperte
1674 2923 1944 2996 posuistis,
1979 2921 2140 2991 Opta-

558 3051 670 3088 mus
695 3042 760 3096 te,
785 3029 1006 3095 domine,
1033 3028 1084 3079 in
1114 3023 1222 3079 Deo
1247 3033 1292 3077 et
1318 3019 1516 3077 Christo
1555 3019 1684 3089 ejus,
1715 3033 1802 3088 per
1837 3015 2023 3068 multos
2047 3031 2137 3066 an-

559 3141 649 3179 nos
671 3138 864 3192 semper
889 3121 939 3173 in
967 3117 1099 3172 clero
1125 3125 1209 3169 tuo
1235 3112 1474 3186 gaudere.
1512 3109 1715 3176 Quibus
1744 3106 1988 3161 omnibus
2013 3119 2139 3174 per-

561 3216 715 3271 lectis
764 3220 924 3284 atqne
975 3208 1263 3275 discussis,
1317 3205 1441 3277 quid
1486 3202 1615 3258 mihi
1672 3201 1813 3256 aliud
1858 3213 2140 3254 occurrere

559 3307 750 3380 p0tuit,
770 3314 860 3359 aut
878 3303 1093 3358 cuilibet
1112 3298 1314 3354 homini
1341 3304 1532 3368 potest,
1557 3294 1658 3350 nisi
1678 3301 1769 3350 aut
1797 3291 2029 3347 veridico
2050 3297 2141 3343 aut

556 3401 728 3457 fallaci
749 3397 1090 3454 scribentium
1111 3393 1292 3448 animo
1319 3391 1430 3445 haec
1453 3404 1575 3446 esse
1601 3385 1936 3456 conscripta?
1967 3383 2069 3438 Sed
2094 3382 2138 3436 si

556 3492 789 3548 veridico
815 3489 990 3544 animo
1017 3487 1113 3541 ista
1139 3484 1388 3546 scribitis,
1420 3480 1538 3552 quis
1564 3479 1716 3534 vobis
1741 3475 1808 3531 ad
1834 3477 1969 3530 banc
1998 3474 2140 3530 veri-

558 3594 722 3638 tatem
759 3579 1059 3636 interclusit
1084 3575 1257 3630 viam?
1297 3573 1416 3644 quis
1445 3586 1631 3642 aspera
1661 3569 1875 3624 dumeta
1905 3567 2141 3623 substra-

556 3675 669 3728 vit?
713 3673 828 3742 quis
871 3670 1078 3740 rupium
1123 3676 1383 3737 prmrupta
1425 3661 1671 3717 inimicus
1710 3657 1991 3730 opposuit?
2039 3672 2137 3728 po-

558 3774 756 3819 stremo
783 3761 899 3831 quis
925 3759 1154 3814 basilica:
1173 3757 1390 3826 januam
1417 3752 1617 3824 ingredi
1638 3749 1970 3820 cupientibus
1995 3750 2141 3803 clan-

558 3857 646 3921 sit,
690 3863 746 3906 nt
788 3852 840 3906 in
885 3849 1072 3905 eodem
1123 3847 1344 3902 Domino
1395 3861 1489 3916 per
1533 3859 1689 3914 quem
1733 3857 1832 3898 nos
1877 3841 2136 3906 salutatis,

558 3946 801 4002 eamdem
833 3943 1055 3998 salutem
1083 3939 1359 3995 nobiscunt
1393 3936 1589 3992 habere
1626 3933 1844 3990 nolitis?
1874 3932 1928 3987 Si
1959 3941 2136 3986 autem

558 4037 815 4092 fallaciter
838 4044 995 4104 atque
1021 4031 1304 4087 irridentcr
1330 4029 1445 4083 hmc
1469 4025 1720 4094 scribitis,
1753 4025 1894 4080 itane
1923 4023 2134 4078 tandem

559 4127 689 4182 mihi
720 4125 927 4197 negotia
953 4131 1126 4178 vestra
1151 4121 1383 4177 curanda
1404 4118 1695 4189 imponitis,
1722 4128 1781 4173 ut
1805 4131 1998 4172 nomen
2020 4116 2138 4186 ejus

557 4235 654 4291 per
681 4235 838 4290 quem
881 4215 1078 4286 aliquid
1117 4229 1353 4284 possum,
1385 4211 1622 4267 audeatis
1648 4226 1756 4265 non
1797 4208 2138 4264 veneratione

554 4311 733 4367 debita
763 4309 1025 4373 attollere,
1047 4306 1140 4362 sed
1169 4304 1505 4360 insultatione
1531 4301 1822 4355 adulatoria
1845 4298 2138 4353 ventilare?

628 4403 681 4456 15.
720 4399 912 4456 Sciatis
937 4412 1042 4462 me,
1071 4393 1389 4460 charissimi,
1414 4407 1536 4448 cum
1567 4389 1817 4444 ineﬂ'ahili
1859 4404 1954 4459 pro
1983 4388 2138 4442 vobis

559 4502 791 4547 tremore
817 4489 992 4546 cordis
1017 4487 1130 4541 inec
1155 4486 1332 4541 dicere
1356 4503 1368 4536 :
1395 4484 1516 4538 novi
1544 4484 1686 4539 enim
1711 4491 1909 4554 quanto
1930 4481 2140 4552 gravio-

562 4600 676 4639 rem
719 4591 774 4638 et
816 4580 1246 4653 perniciosiorem
1289 4591 1501 4632 causam
1555 4575 1671 4630 sitis
1723 4574 1956 4630 habituri
1998 4575 2137 4644 apud

550 4680 746 4738 Deum,
781 4674 824 4728 si
853 4673 1042 4727 frustra
1077 4671 1224 4725 vobis
1253 4669 1367 4724 haec
1395 4668 1598 4724 dixero.
1631 4667 1817 4724 Omnia
1844 4683 1962 4738 qum
1997 4683 2136 4737 pr.e~

547 4783 627 4823 ter
643 4767 730 4821 itis
749 4762 1072 4833 temporibus
1090 4777 1210 4831 erga
1235 4761 1520 4814 humanum
1540 4775 1708 4830 genus
1725 4757 1951 4829 majores
1971 4759 2134 4812 nostri

545 4870 700 4929 gesta
729 4873 846 4913 esse
875 4856 1247 4919 meminerunt,
1279 4851 1540 4922 nobisque
1571 4851 1930 4917 tradiderunt;
1957 4852 2135 4906 omnia

554 4953 714 5006 etiam
735 4965 852 5022 qua:
882 4963 977 5002 nos
1000 4946 1258 5011 videmus,
1289 4955 1342 4999 et
1373 4944 1595 5014 posteris
1621 4944 1898 5010 tradimus,
1921 4959 2039 5014 qna:
2061 4953 2137 4997 ta-

555 5059 679 5098 men
707 5043 973 5112 pertinent
997 5039 1060 5092 ad
1092 5054 1270 5093 veram
1293 5037 1596 5107 religionem
1617 5035 1958 5108 quaerendam
1979 5045 2032 5090 et
2059 5046 2136 5089 te—

555 5132 807 5199 nendam,
845 5131 1020 5186 divina
1045 5129 1312 5199 Scriptura
1335 5143 1443 5183 non
1473 5128 1665 5193 tacuit;
1694 5127 1788 5183 sed
1818 5128 1888 5182 ita
1918 5128 2137 5184 omnino

556 5235 746 5280 cuncta
791 5232 1081 5285 transeunt,
1115 5234 1174 5276 ut
1212 5220 1496 5276 transitura
1540 5234 1658 5274 esse
1696 5218 1945 5288 praedicta
1988 5229 2132 5273 sunt.

561 5317 760 5371 Videtis
796 5325 940 5371 certe
967 5315 1213 5385 populum
1240 5313 1541 5368 Judmornm
1581 5311 1819 5366 avulsum
1861 5325 1888 5363 a
1920 5311 2136 5365 sedibus

557 5412 688 5476 suis,
715 5425 810 5480 per
833 5425 1018 5464 onmcs
1050 5412 1158 5462 lere
1181 5416 1347 5461 terras
1373 5405 1772 5461 disseminatum
1802 5412 1959 5473 atque
1981 5403 2137 5458 diffu-

555 5515 674 5555 sum
709 5519 721 5556 :
751 5510 804 5555 et
824 5499 973 5570 origo
1000 5499 1236 5569 ejusdem
1264 5498 1461 5569 populi,
1490 5509 1543 5553 et
1571 5499 1917 5566 incrementa,
1957 5509 2008 5554 et
2048 5516 2135 5556 re-

557 5595 644 5664 gni
671 5594 904 5656 amissio,
949 5603 1000 5647 et
1037 5607 1128 5661 per
1153 5602 1341 5646 cuncta
1371 5591 1649 5660 dispersio,
1687 5593 1824 5647 sicut
1864 5595 2133 5664 praedicta,

557 5687 627 5740 ita
658 5685 793 5740 facta
836 5694 980 5739 sunt.
1015 5683 1212 5737 Videtis
1252 5692 1394 5737 certe
1433 5699 1495 5736 ex
1536 5683 1647 5752 ipsi)
1690 5685 1886 5754 populo
1915 5687 2132 5740 verbum

559 5775 653 5831 Dei
677 5777 954 5850 legemque
994 5773 1338 5844 prodeuntem
1370 5789 1465 5844 per
1492 5773 1782 5843 Christum,
1814 5777 1900 5846 qui
1933 5792 1994 5831 ex
2033 5779 2134 5832 illis

1752 340 1810 398 S.’
1851 334 2215 396 AUGUSTINI
2255 336 2554 396 EPISCOPI

2237 450 2549 507 mirabiliter
2565 462 2716 510 natus
2732 465 2834 524 est,
2853 457 3086 512 omnium
3102 458 3336 529 gentium
3355 457 3512 517 iidem
3527 475 3828 536 occupasse

2238 553 2396 616 atque
2424 547 2694 601 tenuisse:
2721 547 2791 602 ita
2832 549 2946 605 hmc
2979 551 3156 606 omnia
3189 553 3542 622 praznuntiata
3571 555 3826 628 legimus,

2240 647 2298 694 ut
2336 638 2592 711 videmus.
2626 640 2825 697 Videtis
2863 653 3007 700 certe
3047 645 3242 702 multos
3284 649 3538 717 prmcisos
3578 666 3610 705 a
3650 653 3832 711 radice

2240 727 2544 785 christiana:
2570 733 2858 801 societatis,
2887 750 3006 805 quae
3045 751 3140 807 per
3173 737 3340 796 Sedes
3365 739 3752 810 Apostolorum
3780 755 3834 801 et

2241 823 2605 880 successiones
2643 827 3012 897 episcoporum
3041 837 3186 885 certa
3215 846 3312 900 per
3338 833 3523 889 orbem
3564 850 3835 908 propaga-

2245 915 2384 971 tione
2404 915 2728 983 dill'unditur,
2752 918 2820 975 de
2839 921 2951 975 sola
2974 921 3140 992 figura
3160 923 3399 994 originis,
3421 927 3520 982 sub
3536 927 3838 986 christiano

2243 1006 2476 1075 nomine,
2509 1008 2658 1079 quasi
2685 1013 2977 1067 arescentia
3002 1023 3268 1068 sarmenta
3292 1016 3538 1084 gloriari,
3571 1034 3710 1088 quas
3735 1021 3837 1077 ba:-

2243 1111 2391 1151 reses
2433 1107 2489 1152 et
2525 1098 2807 1154 schismata
2845 1103 3223 1160 nominamus:
3256 1107 3499 1175 praevisa,
3551 1111 3836 1179 prtedicta,

2244 1188 2439 1258 scripta
2467 1201 2590 1246 sunt
2616 1193 2814 1247 omnia.
2847 1195 3049 1250 Videtis
3073 1207 3219 1253 certe
3255 1199 3665 1258 simulacrorum
3701 1213 3839 1261 tem-

2246 1280 2332 1348 pla
2365 1280 2553 1350 partim
2599 1283 2715 1338 sine
2755 1286 3088 1355 reparatione
3127 1289 3380 1359 collapsa,
3410 1293 3603 1360 partim
3631 1294 3836 1363 diruta,

2244 1373 2434 1441 partim
2466 1375 2666 1442 clausa,
2700 1378 2888 1447 partim
2914 1378 2963 1433 in
2995 1395 3119 1435 usus
3140 1381 3274 1436 alios
3299 1394 3662 1452 commutata;
3693 1389 3840 1458 ipsa-

2244 1480 2349 1534 que
2374 1466 2654 1522 simulacra
2691 1470 2774 1524 vel
2812 1469 3093 1542 confringi,
3121 1473 3204 1526 vel
3235 1473 3468 1543 incendi,
3499 1477 3582 1532 vel
3609 1478 3835 1549 includi,

2243 1557 2326 1611 vel
2347 1557 2546 1613 destrui
2580 1576 2592 1612 :
2625 1569 2783 1632 atque
2811 1561 2952 1632 ipsas
2981 1564 3136 1635 hujus
3161 1566 3338 1621 saeculi
3370 1577 3683 1638 potestates,
3710 1588 3838 1643 qua:

2243 1647 2526 1719 aliquando
2556 1667 2652 1721 pro
2699 1653 2997 1710 simulacris
3029 1657 3280 1727 populum
3319 1660 3669 1717 christianum
3705 1679 3836 1734 per-

2243 1740 2618 1811 sequebantur,
2651 1745 2819 1801 victas
2846 1757 2901 1802 et
2927 1749 3175 1814 domitas,
3201 1765 3304 1806 non
3331 1766 3362 1806 a
3387 1756 3832 1824 repugnantibus,

2243 1831 2337 1885 sed
2367 1847 2396 1884 a
2425 1835 2774 1892 morientibus
2800 1837 3133 1906 Christianis,
3164 1849 3220 1896 et
3239 1850 3421 1897 contra
3448 1846 3634 1902 eadem
3666 1848 3837 1903 simu-

2243 1919 2382 1976 lacra
2407 1939 2501 1993 pro
2527 1925 2718 1995 quibus
2742 1925 3073 1984 Christianos
3092 1931 3424 1998 occidebant,
3449 1935 3680 2004 impetus
3705 1952 3835 1994 suos

2243 2009 2492 2084 legesque
2521 2017 2766 2082 vertisse,
2808 2015 2863 2074 et
2888 2019 3097 2089 imperii
3129 2023 3444 2078 nobilissimi
3473 2026 3838 2084 eminentissi-

2244 2120 2387 2159 mum
2415 2107 2626 2163 culmen
2647 2110 2713 2164 ad
2742 2112 3044 2181 sepulcrum
3071 2114 3350 2184 piscatoris
3371 2116 3536 2184 Petri,
3563 2118 3836 2177 submisso

2243 2193 2559 2264 diademate,
2590 2201 2908 2271 supplicare.

2313 2285 2368 2340 4.
2412 2287 2536 2344 llaec
2577 2291 2753 2344 omnia
2795 2291 3082 2365 Scriptura:
3121 2293 3336 2361 divina},
3377 2313 3496 2367 quae
3539 2298 3594 2354 in
3639 2316 3834 2358 manus

2243 2381 2478 2434 omnium
2506 2381 2615 2450 jam
2649 2396 2928 2450 venerunt,
2969 2396 3094 2442 ante
3134 2387 3440 2459 longissima
3475 2400 3717 2463 tempora
3748 2396 3833 2450 fu-

2245 2477 2362 2522 tura
2400 2484 2520 2526 esse
2555 2481 2757 2528 testatae
2795 2483 2937 2530 sunt.
2971 2476 3096 2532 ilice
3138 2479 3314 2532 omnia
3345 2490 3491 2536 tanto
3529 2483 3834 2541 robustiore

2243 2558 2348 2616 fide
2373 2562 2614 2617 laetamur
2643 2565 2776 2631 fieri,
2820 2577 3015 2635 quanto
3057 2569 3256 2639 majore
3294 2573 3614 2629 auctoritate
3641 2577 3836 2644 praedi-

2240 2662 2361 2708 cata
2387 2669 2507 2710 esse
2529 2656 2579 2709 in
2606 2658 2804 2711 sanctis
2828 2657 3042 2714 Litteris
3065 2661 3382 2718 invenimus.
3411 2663 3831 2735 Numquidnam,

2243 2746 2468 2802 obsecro
2493 2762 2608 2812 vos,
2641 2749 3021 2819 numquidnam
3058 2751 3228 2806 solum
3253 2753 3509 2822 judicium
3539 2756 3655 2821 Dei,
3689 2760 3832 2827 quod

2243 2837 2385 2893 inter
2416 2837 2600 2894 fideles
2637 2847 2796 2909 atque
2836 2840 3076 2896 infideles
3108 2840 3344 2898 futurum
3373 2860 3493 2900 esse
3534 2846 3590 2900 in
3625 2847 3832 2905 eisdem

2243 2927 2459 2983 Litteris
2489 2928 2732 2999 legimus,
2764 2945 2884 2984 cum
2915 2931 3003 2986 illa
3041 2933 3218 2988 omnia
3252 2935 3390 2990 sicut
3414 2936 3666 3005 praedicta
3709 2949 3836 2996 sunt

2242 3021 2519 3086 venerint;
2554 3021 2931 3092 numquidnam
2955 3023 3126 3078 solum
3147 3024 3405 3094 judicium
3430 3027 3522 3084 Dei
3547 3038 3832 3088 venturum

2244 3125 2350 3165 non
2373 3125 2490 3166 esse
2516 3111 2849 3181 putabimus?
2870 3111 2983 3168 luto
3006 3129 3132 3169 vero
3148 3115 3344 3182 veniet,
3376 3117 3511 3172 sicut
3541 3119 3629 3172 illa
3651 3121 3833 3175 omnia

2242 3208 2525 3255 venerunt.
2553 3200 2660 3257 Nec
2687 3202 2961 3272 quisquam
3003 3203 3108 3259 erit
3147 3204 3308 3259 homo
3349 3215 3655 3263 nostrorum
3687 3219 3830 3264 tem-

2244 3308 2454 3363 porum,
2494 3294 2584 3365 qui
2611 3309 2670 3350 se
2700 3294 2752 3348 in
2778 3296 2866 3349 illo
2891 3296 3091 3366 judicio
3111 3297 3178 3351 de
3203 3313 3296 3354 sua
3321 3301 3481 3368 possit
3514 3301 3836 3360 infidelitate

2243 3382 2563 3448 defendere;
2591 3399 2710 3438 eum
2738 3383 3003 3440 Christum
3030 3395 3206 3440 cantet
3233 3397 3288 3442 et
3306 3389 3482 3458 justus
3506 3391 3572 3445 ad
3606 3393 3834 3462 mquita-

2245 3487 2373 3544 tem,
2406 3485 2460 3532 et
2483 3479 2727 3548 perjurus
2762 3478 2828 3534 ad
2856 3478 3114 3543 fraudem,
3147 3490 3200 3536 ct
3223 3497 3316 3536 rex
3341 3483 3407 3538 ad
3442 3485 3747 3554 imperium,
3777 3497 3835 3543 et

2244 3569 2397 3654 miles
2440 3569 2507 3624 ad
2554 3586 2800 3642 pugnant,
2854 3581 2908 3626 et
2957 3573 3176 3627 maritus
3217 3585 3431 3644 propter
3473 3577 3735 3647 regimen.
3776 3591 3832 3635 et

2244 3677 2378 3716 uxor
2399 3670 2614 3732 propter
2633 3662 2968 3733 obsequium,
2999 3673 3050 3718 et
3073 3672 3223 3733 pater
3244 3677 3458 3734 propter
3478 3679 3830 3737 przeceptum,

2237 3762 2296 3807 et
2325 3753 2462 3808 filius
2491 3762 2705 3824 propter
2733 3753 3108 3817 obedientiam,
3139 3765 3190 3810 et
3221 3756 3467 3812 dominus
3489 3770 3709 3828 propter
3733 3761 3835 3815 do-

2242 3844 2609 3910 minationem,
2638 3853 2694 3899 et
2717 3859 2901 3900 servus
2927 3856 3149 3917 prepter
3174 3847 3504 3915 fatnulatum,
3534 3859 3591 3906 et
3615 3853 3832 3908 humilis

2242 3936 2306 3990 ad
2339 3937 2608 4006 pietatem,
2635 3945 2690 3991 et
2713 3938 2970 4007 superbus
2991 3939 3058 3992 ad
3079 3940 3489 4004 aemulationem,
3521 3951 3576 3996 et
3599 3942 3752 3998 dives
3774 3953 3832 3999 ut

2246 4027 2502 4098 porrigat,
2527 4035 2580 4082 et
2607 4042 2806 4098 panper
2831 4039 2889 4082 ut
2910 4039 3103 4095 sumat,
3130 4037 3185 4085 et
3203 4031 3444 4086 ebriosus
3469 4033 3535 4087 ad
3565 4035 3823 4102 phialam,

2241 4131 2297 4177 et
2324 4120 2596 4175 mendicus
2625 4121 2690 4174 ad
2711 4122 2948 4191 januam,
2990 4132 3044 4176 et
3072 4122 3244 4179 bonus
3271 4131 3328 4177 ut
3355 4133 3593 4193 prtestct,
3626 4137 3677 4180 et
3712 4143 3830 4181 ma-

2243 4212 2326 4267 lus
2347 4219 2403 4266 ut
2423 4211 2595 4277 fallat;
2624 4221 2678 4267 et
2696 4211 3016 4268 christianus
3040 4223 3336 4279 venerator,
3360 4222 3415 4270 et
3439 4230 3680 4286 paganus
3697 4219 3831 4274 adn-

2242 4302 2396 4370 lator,
2452 4317 2638 4356 omnes
2679 4302 2945 4375 Christum
2997 4312 3228 4371 cantant,
3289 4316 3343 4359 et
3390 4285 3840 4378 quaivoluntate.

2240 4402 2397 4462 atque
2427 4407 2519 4447 ore
2541 4401 2776 4458 cantent,
2804 4380 2975 4449 eidem
3007 4394 3104 4466 ipsi
3133 4409 3288 4466 quem
3314 4405 3530 4451 cantant
3559 4399 3822 4456 rationem

2240 4485 2358 4541 sine
2383 4485 2543 4540 dubio
2573 4485 2828 4541 reddituri
2857 4495 2998 4542 sunt.

2312 4577 2368 4633 5.
2408 4575 2504 4631 Est
2529 4577 2777 4646 quiddam
2807 4577 3088 4642 invisibile,
3117 4592 3182 4633 ex
3210 4593 3314 4647 quo
3338 4577 3590 4634 Creatore
3621 4581 3822 4650 princi-

2242 4667 2330 4738 pio
2351 4676 2472 4722 sunt
2495 4667 2670 4722 omnia
2693 4683 2814 4738 qute
2836 4667 3094 4731 videmus,
3119 4684 3402 4735 summum,
3435 4679 3718 4734 mternum,
3745 4674 3826 4728 in-

2240 4760 2616 4816 commutabile
2657 4770 2711 4815 et
2755 4760 2881 4813 nulli
2925 4760 3134 4815 effabile
3178 4761 3276 4814 nisi
3323 4769 3524 4816 tantum
3568 4764 3694 4818 sibi.
3732 4765 3826 4820 Est

2240 4853 2510 4925 quiddam,
2539 4868 2643 4922 quo
2672 4868 2731 4908 se
2776 4853 2887 4922 ipsa
2922 4854 3196 4908 summitas
3223 4853 3513 4923 majestatis
3556 4867 3743 4912 narrat
3768 4867 3823 4913 et

2243 4945 2511 5017 prmdicat,
2538 4960 2639 4998 non
2655 4950 2834 5015 impar
2856 4943 3091 5015 gignenti
3113 4956 3276 5015 atque
3299 4947 3539 5000 narranti
3561 4946 3819 5010 Verbum.

2240 5053 2346 5108 quo
2373 5037 2458 5091 ille
2487 5036 2575 5106 qui
2605 5035 2836 5090 Verbum
2863 5036 3049 5105 gignit,
3087 5036 3401 5090 ostenditur.
3442 5035 3540 5091 Est
3576 5041 3824 5108 qtmlam

2240 5129 2513 5196 sanctitas,
2527 5128 2760 5184 omnium
2773 5143 2892 5198 quae
2905 5138 3084 5182 sancta
3097 5127 3230 5182 fiunt
3244 5130 3641 5199 sanctificatrix,
3659 5135 3828 5204 ipsius

2242 5221 2688 5280 incommutabilis
2717 5220 2878 5276 Verbi
2908 5235 3002 5289 per
3029 5219 3170 5291 quod
3192 5233 3435 5278 narratur
3458 5226 3587 5282 illud
3621 5229 3824 5298 princi-

2245 5317 2411 5386 pium,
2440 5323 2490 5370 et
2529 5315 2694 5384 ipsius
2718 5312 2959 5383 principii
2987 5312 3129 5382 quod
3173 5314 3283 5382 pari
3327 5330 3388 5371 se
3413 5316 3589 5374 Verbo
3615 5333 3826 5391 narrat,

2242 5407 2607 5479 inseparabilis
2643 5415 2700 5461 et
2741 5405 2958 5460 indivisa
2990 5406 3311 5461 communio.
3343 5408 3471 5477 Quis
3510 5421 3691 5469 autem
3724 5414 3827 5472 hoc

2244 5507 2432 5564 totum,
2457 5497 2596 5568 quod
2626 5512 2729 5550 non
2759 5493 2983 5550 dicendo
3007 5495 3188 5551 dicere
3229 5509 3449 5555 conatus
3477 5516 3620 5571 sum,
3661 5516 3718 5561 et
3742 5507 3827 5563 di-

2241 5589 2412 5647 cendo
2435 5604 2539 5642 non
2563 5586 2776 5649 dicere;
2807 5587 2926 5656 quis
2953 5585 3052 5640 hoc
3073 5587 3240 5656 possit
3255 5590 3596 5648 serenissima
3625 5606 3682 5651 et
3709 5600 3827 5652 sin-

2241 5682 2510 5739 cerissima
2549 5689 2726 5734 mente
2764 5677 3022 5742 contueri,
3071 5692 3241 5749 eoque
3266 5683 3502 5738 contuitu
3538 5685 3828 5748 beatitudi-

2235 5775 2365 5833 ‘ngtn
2395 5777 2611 5845 ducere,
2644 5780 2797 5845 atque
2823 5772 2876 5826 in
2902 5771 2952 5826 id
2978 5770 3116 5844 quod
3143 5769 3376 5830 intuetur
3400 5775 3656 5838 deficiens
3681 5801 3822 5856 quo-
