4070 6332
334 249 473 308 ίοῖθ

330 362 614 420 dammodo
650 377 709 421 se
741 364 1002 435 oblivisci,
1034 374 1088 423 et
1112 382 1334 441 pergere
1366 368 1421 425 in
1448 370 1574 427 illud
1600 374 1750 443 cujus
1774 374 1910 428 VlSIO

329 454 483 511 nobis
504 456 781 511 invisibilis
800 466 883 512 est
900 459 941 523 ί,
968 458 1109 528 quod
1140 468 1224 515 est
1243 461 1639 518 immortalitate
1666 462 1831 529 indui,
1855 471 1909 519 et

326 546 569 602 obtinere
589 556 844 602 :rternam
870 551 1116 616 salutem,
1146 566 1242 620 per
1277 566 1436 623 quam
1460 567 1546 608 me
1574 554 1804 609 salutare
1827 554 1910 609 di-

325 637 595 708 gmmini?
638 637 767 705 Quis
805 638 907 693 hoc
934 642 1123 711 possit,
1159 642 1258 697 nisi
1299 643 1389 713 qui
1423 658 1609 699 omnes
1641 645 1907 715 superbiat

324 744 436 785 sua:
465 738 610 784 toros
641 730 845 795 inanes,
872 741 1085 801 peccata
1116 748 1208 788 sua
1235 734 1515 829 confitens,
1538 736 1909 805 complanave-

322 822 410 885 rit,
442 837 604 891 seque
626 821 974 878 substraverit
999 825 1177 880 mitem
1206 821 1365 897 atque
1388 826 1642 882 humilem
1667 826 1735 882 ad
1758 826 1907 882 exci-

319 910 571 981 piendum
604 912 769 966 Deum
793 912 1104 969 doctorem?

391 999 444 1055 6.
487 1002 747 1067 Quoniam
775 1018 901 1073 ergo
928 1019 956 1057 a
990 1005 1222 1060 vanitate
1246 1006 1510 1075 superbiae
1541 1007 1685 1077 prius
1706 1008 1774 1062 ad
1807 1007 1907 1063 hu-

319 1092 595 1147 militatem
635 1092 935 1161 deponendi
965 1109 1169 1159 sumus,
1207 1106 1266 1150 ut
1302 1096 1426 1151 inde
1459 1105 1736 1167 surgentes
1776 1098 1904 1153 soli-

316 1181 438 1238 dam
475 1184 842 1240 celsitudinem
888 1194 1190 1253 teneamus;
1245 1204 1351 1243 non
1393 1190 1563 1259 potuit
1604 1190 1705 1245 hoc
1747 1191 1903 1247 nobis

318 1285 463 1332 tanto
512 1278 953 1348 magnificentius,
996 1292 1195 1350 quanto
1242 1281 1486 1338 blandius
1529 1283 1800 1353 inspirari,
1842 1292 1902 1340 ut

316 1375 497 1421 nostra
536 1366 789 1423 ferocitas
827 1384 934 1423 non
975 1373 1049 1437 vi,
1090 1371 1183 1426 sed
1223 1372 1563 1442 persuasione
1601 1373 1896 1441 sedaretur,

294 1458 414 1513 ‘nisi
441 1459 657 1513 verbum
698 1459 846 1527 illud,
873 1475 970 1530 per
993 1462 1134 1532 quod
1177 1477 1236 1517 se
1274 1463 1492 1533 Angelis
1533 1464 1730 1521 indicat
1758 1466 1899 1521 Deus

312 1547 490 1614 Pater,
530 1550 670 1619 quod
700 1550 878 1607 Virtus
914 1562 969 1608 et
996 1554 1262 1623 Sapientia
1293 1555 1410 1624 ejus
1436 1566 1538 1623 est,
1570 1557 1709 1627 quod
1734 1558 1898 1616 corde

311 1639 546 1695 humano
568 1642 853 1697 visibilium
876 1660 1051 1699 rerum
1072 1646 1361 1717 cupiditate
1379 1658 1576 1705 caecato
1600 1649 1764 1706 videri
1786 1667 1895 1707 non

308 1740 539 1802 poterat,
566 1748 843 1802 personam
865 1751 1013 1790 suam
1036 1739 1088 1791 in
1113 1738 1328 1795 homine
1351 1754 1509 1811 agere
1537 1750 1694 1813 atque
1715 1751 1898 1799 osten—

306 1822 437 1879 dere
471 1823 801 1893 dignaretur,
835 1836 893 1880 ut
922 1828 1090 1898 magis
1118 1828 1279 1885 homo
1310 1830 1521 1887 timeret
1548 1834 1729 1889 extolli
1756 1834 1893 1891 fastu

307 1915 557 1981 hominis,
599 1933 757 1987 quam
803 1918 1071 1974 humiliari
1119 1922 1364 1991 exemplo
1408 1922 1524 1978 Dei.
1566 1924 1747 1995 Itaque
1785 1940 1891 1982 non

302 2006 548 2061 Christus
578 2023 742 2078 regno
764 2016 977 2064 terreno
1004 2009 1307 2075 decoratus.
1337 2029 1439 2070 nec
1456 2013 1700 2071 Christus
1724 2024 1893 2073 terre-

305 2098 387 2153 nis
430 2099 621 2167 Opibus
659 2099 828 2166 dives,
868 2116 967 2156 nec
1003 2101 1246 2159 Christus
1282 2106 1370 2160 illa
1401 2116 1608 2163 terrena
1637 2107 1889 2167 felicitate

305 2189 663 2260 prtefulgens;
706 2191 800 2246 sed
828 2192 1075 2248 Christus
1111 2196 1416 2263 crucifixus,
1462 2215 1554 2269 per
1583 2208 1749 2256 totum
1779 2212 1886 2258 lcr-

301 2294 479 2334 rarom
505 2281 689 2336 orbem
720 2282 1056 2352 praedicatur.
1088 2285 1238 2353 Quod
1277 2289 1507 2345 riserunt
1533 2292 1678 2360 prius
1702 2294 1885 2362 populi

300 2371 674 2440 superborum,
714 2382 767 2427 et
803 2374 977 2430 adhuc
1019 2376 1195 2432 rident
1240 2380 1474 2449 reliquiae
1504 2399 1518 2435 :
1545 2383 1885 2441 crediderunt

299 2471 477 2517 autem
506 2464 650 2532 prius
675 2466 846 2534 pauci,
881 2483 1023 2523 nunc
1049 2471 1265 2539 populi;
1295 2472 1415 2542 quia
1453 2482 1577 2530 tunc
1612 2476 1678 2530 ad
1723 2477 1881 2533 fidem

294 2569 609 2625 paucorum,
629 2566 876 2613 eteontra
901 2560 1201 2618 irrisionem
1223 2566 1559 2635 pepulerunt,
1585 2586 1705 2625 eum
1726 2571 1883 2628 Chri-

294 2652 409 2698 stus
439 2645 725 2702 cruciﬁxus
747 2650 1146 2718 prmdicaretur,
1170 2656 1341 2710 claudi
1363 2658 1723 2727 ambulabant,
1748 2665 1879 2719 muti

292 2734 661 2803 loquebantur,
697 2740 843 2794 surdi
881 2743 1188 2812 audiebant,
1225 2748 1349 2801 (εωοὶ
1378 2749 1645 2816 videbant,
1682 2755 1877 2809 mortui

291 2828 661 2896 resurgebant.
689 2829 781 2885 Sic
806 2832 1014 2887 tandem
1045 2836 1414 2892 animadvertit
1448 2847 1656 2897 terrena
1692 2859 1880 2913 super-

292 2918 400 2985 hia,
442 2919 570 2973 nihil
603 2921 658 2975 in
690 2922 818 2992 ipsis
854 2926 1085 2980 terrenis
1120 2941 1239 2981 esse
1273 2931 1541 2997 potentius
1579 2933 1876 2991 humilitate

289 3007 467 3063 divina
492 3011 533 3079 (Ι
556 3012 673 3066 Cor.
706 3028 753 3078 ι,
782 3012 993 3085 25-25),
1018 3025 1075 3070 ιιι
1098 3018 1256 3072 etiam
1284 3021 1634 3080 saluberrima
1662 3025 1874 3081 humili-

290 3107 371 3153 tas
394 3099 641 3166 humana,
665 3111 851 3158 contra
880 3106 1218 3164 insultantem
1259 3111 1359 3165 sibi
1385 3115 1707 3184 superbiam,
1735 3118 1874 3174 divi-

286 3204 370 3242 na:
398 3190 705 3248 imitationis
735 3196 1032 3265 patrocinio
1064 3206 1320 3254 tueretur.

360 3281 411 3334 7.
455 3282 897 3355 Expergiscimini
923 3290 1225 3359 aliquando,
1250 3292 1439 3350 fratres
1460 3299 1586 3362 mei,
1610 3308 1663 3355 et
1686 3317 1871 3370 paren-

282 3376 367 3425 tes
393 3374 496 3426 mei
528 3373 601 3446 (ιι)
630 3376 1032 3447 Madaurenses;
1081 3382 1218 3437 hanc
1245 3387 1578 3443 occasionem
1607 3393 1870 3449 scribendi

278 3462 434 3518 vobis
477 3464 617 3520 Deus
660 3469 790 3522 mihi
825 3471 1035 3525 obtulit.
1070 3473 1334 3539 Quantum
1378 3479 1521 3545 potui
1560 3482 1772 3551 quidem
1817 3488 1870 3541 in

278 3555 498 3625 negotio
527 3556 707 3615 fratris
736 3560 1046 3629 Florentini,
1074 3578 1170 3632 per
1207 3583 1366 3636 quem
1399 3570 1600 3626 litteras
1625 3575 1864 3639 misistis,

278 3644 421 3699 sicut
447 3646 585 3700 Deus
610 3649 797 3716 voluit,
838 3651 979 3707 adfui
1010 3664 1064 3708 et
1088 3655 1297 3725 adjtvi;
1338 3661 1432 3715 sed
1462 3663 1567 3717 tale
1593 3668 1866 3735 negotium

279 3744 416 3803 erat,
445 3740 587 3809 quod
610 3743 769 3796 etiam
800 3745 915 3799 sine
935 3761 1095 3816 opera
1124 3765 1241 3805 mea
1273 3752 1425 3809 facile
1453 3759 1631 3828 peragi
1656 3770 1865 3827 posset:

279 3842 447 3897 prope
490 3845 676 3887 omnes
713 3835 855 3889 enim
882 3836 1072 3895 domus
1106 3841 1272 3910 ipsius
1303 3845 1564 3914 homines,
1599 3851 1687 3920 qui
1728 3852 1866 3921 apud

277 3916 575 3988 Hipponem
616 3932 759 3990 sunt,
816 3940 1074 3985 noverunt
1115 3933 1503 4005 Florentinum,
1546 3916 1864 3999 et'multum

276 4008 393 4075 ejus
414 4011 692 4066 orbitatem
720 4015 921 4072 dolent.
943 4019 1050 4075 Sed
1078 4024 1298 4091 epistola
1322 4027 1448 4081 mihi
1474 4044 1501 4081 a
1528 4031 1678 4086 vobis
1703 4035 1864 4090 missa

277 4109 382 4165 est,
417 4111 473 4155 ut
500 4119 604 4158 non
635 4106 915 4175 impudens
949 4121 1092 4166 esset
1119 4114 1340 4182 epistola
1372 4133 1510 4182 mea,
1539 4135 1683 4189 cum,
1705 4140 1864 4181 occa-

276 4190 427 4247 sione
451 4208 481 4246 a
508 4196 655 4250 vobis
680 4208 918 4268 accepta,
952 4201 1210 4258 idolorum
1241 4207 1534 4266 cultoribus
1559 4212 1627 4269 de
1652 4212 1864 4272 Christo

272 4282 472 4352 aliquid
499 4284 826 4355 loqueretur.
857 4291 963 4345 Sed
984 4292 1212 4350 obsecro
1242 4311 1356 4363 vos,
1389 4300 1433 4354 si
1461 4316 1583 4357 eum
1614 4320 1718 4360 non
1746 4307 1865 4362 ina~

273 4372 414 4428 ltllel‘
435 4375 488 4428 in
531 4392 590 4430 ea
620 4380 845 4447 epistola
876 4384 1206 4452 nominastis,
1244 4397 1301 4443 ut
1324 4406 1428 4445 non
1460 4392 1687 4451 inaniter
1712 4398 1864 4455 vobis

273 4460 373 4515 ista
399 4463 725 4533 scripserim.
755 4470 810 4524 Si
836 4480 1014 4527 autent
1042 4490 1127 4531 me
1152 4476 1375 4537 irridere
1393 4483 1653 4553 voluistis,
1679 4488 1863 4547 timete

273 4552 423 4608 illum
462 4571 621 4623 quem
668 4558 815 4628 prius
856 4563 1149 4632 judicatum
1196 4569 1358 4627 irrisit
1409 4552 1669 4645 superbus
1714 4581 1875 4639 orbis

271 4652 558 4713 terrarum,
601 4658 656 4704 et
682 4667 824 4707 nunc
844 4654 1077 4723 judicem
1112 4661 1385 4730 subjectus
1416 4679 1687 4739 exspectat
1714 4689 1727 4725 :
1758 4676 1861 4731 erit

265 4738 409 4789 enim
464 4739 615 4794 testis
663 4741 884 4800 allectus
926 4748 977 4802 in
1024 4764 1119 4804 vos
1164 4756 1340 4812 cordis
1392 4738 1523 4827 mei,
1564 4778 1658 4832 per
1696 4764 1853 4835 hanc,

264 4839 522 4895 quantum
548 4832 693 4900 potui
722 4838 963 4907 paginam
989 4856 1304 4914 expressus;
1334 4852 1435 4906 erit
1456 4857 1607 4910 testis
1626 4858 1776 4915 vobis
1802 4832 1857 4918 in

261 5106 408 5159 omni
440 5107 598 5180 hujus
623 5114 806 5169 saeculi
836 5120 1066 5193 vanitate
1092 5124 1344 5183 liberatos
1376 5146 1650 5193 convertat
1674 5139 1743 5195 ad
1767 5157 1847 5212 se,

259 5193 465 5254 domini
497 5204 884 5276 praedicabiles,
910 5219 965 5266 et
993 5212 1323 5274 dilectissimi
1353 5221 1562 5283 fratres.

365 5420 476 5493 had.
496 5429 597 5493 am.
626 5431 677 5497 et
694 5430 792 5500 an},
808 5429 946 5493 cujus
961 5431 1138 5487 visione
1409 5453 1495 5498 est.
1512 5455 1618 5503 Mss.
1630 5455 1847 5523 quinque

365 5496 397 5523 Ls
417 5496 594 5523 mamma
615 5487 813 5523 ιηἸκΙη
835 5499 904 5523 ad

254 5480 397 5543 cujus
417 5482 594 5536 nisime
833 5480 919 5544 est.

283 5561 526 5657 #233?
550 5566 1216 5657 ἐἷλε-ΞἯΨΡᾎἯΨΨ
1237 5590 1394 5635 me"!
1414 5590 1540 5652 apud
1572 5594 1702 5657 ipsos
1720 5599 1845 5654 didi-

252 5626 337 5687 cit,
362 5638 427 5676 ex
446 5626 533 5679 lib.
559 5627 590 5678 2
609 5632 844 5699 Confess,
867 5649 912 5689 c.
935 5637 984 5701 3,
1001 5626 1736 5717 ιαὲέὀῶἑὶεῐιὶῗοῶῗὶἷαὶάνῖιῗεῖ

1463 256 1941 318 EPISTULABUM
1977 257 2245 322 σωθεῖς
2280 264 2369 323 ιν.

3465 290 3492 353 1

3465 292 3492 353 ι

2397 379 2727 442 EPISTOLA
2762 384 3100 450 ccxxxnr
3124 396 3223 471 (a).
3499 292 3608 356 mo

2015 488 2323 561 Augustinus
2361 494 2676 568 Langiniano
2723 519 2921 575 pagano
2956 508 3275 583 philosopho,
3318 532 3595 587 provocans

2084 582 2230 637 illum
2255 585 2322 638 ad
2357 589 2672 644 scribendum
2700 609 2919 663 quonam
2944 598 3093 654 modo
3136 601 3301 661 Deum
3318 582 3601 671 colendum

2086 676 2277 746 credat,
2310 682 2488 747 quidve
2516 683 2579 737 de
2604 684 2803 741 Christo
2832 692 3032 745 sentiat.

2430 791 2752 853 Loactxtstvo
2790 799 3147 859 Aocosrmos.

2082 894 2268 953 Solere
2302 897 2452 956 aiunt
2477 905 2760 972 quemdam
2788 917 3025 967 veterum
3050 913 3247 985 dicere,
3277 920 3471 990 quibus
3505 939 3596 981 sa-

2012 984 2079 1039 tis
2108 1001 2418 1055 persuasum
2448 1005 2592 1050 esset
2612 1006 2669 1051 ut
2694 998 2823 1054 nihil
2852 1004 3068 1060 mallent
3094 1021 3154 1062 se
3179 984 3310 1066 esse
3326 1029 3482 1083 quam
3508 1018 3593 1072 vi-

2008 1089 2100 1131 ros
2128 1076 2312 1144 bonos,
2339 1080 2422 1137 his
2441 1084 2694 1155 reliquam
2723 1088 2931 1146 facilem
2954 1108 3072 1150 esse
3098 1076 3413 1159 doctrinam.
3441 1105 3591 1164 Hanc

2008 1172 2331 1226 sententiam
2361 1171 2528 1247 (nam,
2560 1178 2604 1232 si
2635 1180 2735 1235 rite
2771 1184 2971 1251 recolo,
3000 1185 3264 1245 Socratica
3291 1193 3392 1266 est)
3435 1196 3592 1268 longe

2005 1259 2271 1330 antiquior
2294 1265 2599 1334 pr0phetica
2619 1269 2729 1340 jam
2756 1286 3123 1345 praecesserat,
3152 1259 3464 1354 praecipiens
3490 1259 3593 1344 ho-

2005 1350 2136 1404 mini
2171 1353 2402 1409 breviter
2428 1368 2482 1412 et
2514 1359 2693 1429 simul,
2725 1379 2830 1419 non
2870 1374 3074 1423 tantum
3116 1379 3171 1426 ut
3199 1387 3257 1428 se
3285 1350 3414 1431 nihil
3442 1380 3590 1436 malit

2004 1452 2125 1525 esse
2142 1457 2299 1512 quam
2327 1445 2543 1513 bonum,
2570 1465 2752 1507 verum
2778 1456 2939 1511 etiam
2969 1459 3108 1515 unde
3136 1462 3226 1517 ﬁat
3246 1464 3416 1523 bonus
3444 1487 3457 1522 :
3487 1470 3589 1525 Di-

2003 1522 2146 1594 liges,
2180 1527 2369 1598 inquit,
2394 1528 2668 1589 Dominum
2698 1534 2864 1592 Deum
2889 1549 3032 1595 tuum
3065 1559 3129 1598 ea:
3162 1554 3263 1600 toto
3292 1522 3447 1606 cordo
3477 1564 3585 1622 tuo,

2000 1624 2046 1668 et
2074 1632 2137 1670 ea:
2164 1626 2268 1671 tota
2290 1621 2461 1676 anima
2489 1632 2594 1691 tua,
2619 1631 2669 1681 et
2689 1644 2752 1683 ea:
2777 1639 2882 1684 tota
2910 1644 3072 1689 mente
3094 1645 3182 1691 tua
3206 1639 3380 1710 (Deut.
3402 1660 3475 1711 vr,
3496 1648 3583 1720 5);

1999 1715 2071 1774 et,
2102 1706 2296 1781 Diliges
2324 1716 2608 1782 proximum
2632 1728 2777 1777 tuum
2800 1732 3040 1795 tanquam
3060 1706 3274 1800 teipsum
3295 1734 3437 1803 (Leo.

2001 1795 2113 1869 l8).
2143 1798 2255 1855 Hoc
2292 1803 2377 1858 cui
2404 1822 2713 1876 persuasum
2750 1823 2911 1881 esset,
2942 1832 3047 1873 non
3086 1795 3138 1875 ei
3167 1795 3424 1895 reliquam
3452 1795 3586 1885 iaci;

1996 1889 2125 1958 lem,
2166 1895 2260 1950 sed
2288 1912 2405 1952 eam
2443 1908 2605 1956 totam
2641 1918 2761 1961 esse
2792 1906 3088 1967 doctrinam
3113 1889 3368 1974 duntasat
3398 1922 3583 1980 utilem

1995 1996 2058 2037 ac
2081 1984 2365 2043 salubrem.
2388 1989 2568 2047 Multae
2592 1995 2734 2051 enim
2752 1996 3007 2056 doctrinas
3026 2014 3172 2070 sunt,
3197 2008 3243 2062 si
3274 2018 3450 2067 tamen
3479 2013 3583 2069 do-

1993 2077 2178 2133 ctrina:
2200 2078 2439 2138 dicenda:
2459 2094 2604 2155 sunt,
2635 2089 2717 2143 vel
2743 2092 3047 2161 superfluae,
3076 2100 3158 2154 vel
3187 2103 3379 2158 noxiae.
3421 2105 3582 2164 Vele-

1992 2183 2111 2223 rttm
2143 2171 2315 2228 Libris
2343 2172 2584 2234 Christus
2614 2190 2909 2241 atteslans:
2938 2185 3005 2242 In
3032 2190 3130 2255 his,
3164 2192 3352 2264 inquit,
3384 2197 3582 2255 duobus

1993 2267 2256 2335 prwceptis
2275 2276 2377 2320 tota
2404 2270 2486 2324 lea:
2506 2273 2685 2341 pendet
2710 2285 2758 2329 et
2780 2276 3051 2349 Propheta!
3072 2282 3285 2351 (Matth.
3308 2303 3442 2353 xx",
3462 2291 3577 2361 40).

1990 2350 2237 2419 Proinde,
2267 2358 2387 2427 quia
2417 2362 2544 2416 mihi
2573 2363 2754 2419 videor
2777 2350 3350 2444 inSpexissetanquam
3375 2379 3430 2433 in
3458 2396 3581 2451 spe-

1988 2442 2110 2497 culo
2138 2450 2598 2507 scrmocinationis
2624 2470 2828 2511 meeum
2861 2468 2980 2523 tute.
3017 2462 3149 2517 nihil
3188 2442 3240 2520 te
3266 2481 3385 2523 esse
3419 2472 3580 2528 malle

1986 2545 2144 2603 quam
2174 2536 2341 2589 virum
2373 2539 2601 2607 bonum;
2640 2544 2829 2613 Deum,
2855 2563 2961 2618 quo
2989 2552 3119 2606 nihil
3152 2564 3237 2610 est
3264 2558 3476 2627 melius,
3520 2569 3577 2616 et

1987 2621 2124 2676 unde
2155 2623 2417 2683 humanus
2459 2631 2669 2688 animus
2699 2634 2875 2692 haurit
2916 2649 2971 2693 ut
3007 2640 3180 2698 bonus
3218 2647 3307 2711 sit,
3339 2664 3573 2718 quonam

1985 2712 2143 2766 modo
2164 2716 2443 2771 colendum
2470 2723 2679 2791 credas,
2702 2727 2870 2781 audeo
2898 2737 3195 2797 percontari
3225 2754 3239 2789 :
3270 2752 3390 2792 nam
3421 2742 3570 2811 quod
3614 2763 3619 2768 '

1981 2813 2103 2854 eum
2137 2804 2415 2862 colendum
2445 2812 2652 2877 credas,
2680 2815 2787 2883 jam
2816 2826 2990 2874 teneo.
3033 2822 3225 2890 Quatro
3249 2829 3409 2884 etiam
3438 2833 3570 2901 quid

1980 2888 2048 2944 de
2076 2890 2289 2950 Christo
2316 2901 2535 2955 sentias.
2564 2902 2716 2971 Quod
2743 2907 2886 2962 enim
2912 2926 3033 2965 eum
3058 2888 3169 2969 non
3200 2888 3569 2989 parvipendas,

1979 2983 2183 3041 adverti
2215 3006 2229 3042 :
2259 2990 2353 3045 sed
2377 3001 2553 3050 utrum
2579 3011 2641 3051 ea
2670 3008 2723 3052 et
2742 3001 2854 3055 sola
2887 3003 2966 3058 via
2986 3020 3106 3074 quae
3130 2983 3212 3063 ab—
3225 3010 3319 3067 illo
3341 2983 3569 3072 damon;

1980 3087 2145 3136 strata
2171 3092 2273 3151 est,
2299 3084 2366 3140 ad
2391 3087 2552 3142 vitam
2574 3090 2780 3147 beatam
2803 3098 3066 3163 perveniri
3088 3115 3245 3170 posse
3270 3107 3567 3177 existimes,

1978 3172 2231 3244 et'aliqua
2260 3190 2324 3230 es
2351 3192 2510 3233 causa
2532 3195 2639 3236 non
2663 3197 2779 3239 eam
2808 3186 3041 3258 negligas
3069 3189 3165 3257 ire,
3199 3194 3293 3250 sed
3319 3172 3566 3263 ditl‘erasi

1978 3276 2044 3316 an
2075 3273 2129 3318 et
2155 3266 2310 3321 aliam
2342 3269 2427 3325 vel
2455 3270 2588 3326 alias
2612 3273 2682 3328 ad
2712 3285 2817 3331 tam
2848 3279 3080 3348 Opimam
3102 3293 3157 3338 et
3184 3301 3293 3355 prae
3318 3292 3570 3350 omnibus

1976 3357 2326 3425 appetendam
2368 3365 2759 3429 possessionem
2788 3370 2899 3425 vias
2921 3387 3042 3429 esse
3059 3375 3357 3445 arbitreris,
3390 3391 3445 3437 et
3467 3385 3571 3439 alia

1975 3462 2131 3517 quam
2160 3465 2341 3505 earnm
2367 3453 2476 3522 jam
2511 3464 2561 3511 te
2601 3459 2804 3529 ingredi
2847 3464 3055 3527 credas.
3098 3483 3256 3526 nosse
3292 3475 3470 3544 cupio,
3505 3484 3565 3533 ttt

1975 3540 2181 3607 opinor,
2225 3558 2331 3596 non
2372 3546 2724 3615 impudenter.
2768 3552 2937 3624 Diligo
2980 3558 3122 3614 enim
3163 3571 3214 3616 te
3254 3540 3469 3634 propter
3512 3568 3567 3623 id

1975 3631 2113 3698 quod
2142 3647 2300 3702 supra
2331 3635 2460 3704 dixi,
2499 3654 2690 3710 meque
2713 3642 2810 3697 abs
2839 3652 2892 3700 te
2916 3644 3064 3718 diligi
3093 3665 3197 3707 non
3226 3631 3427 3710 temere
3450 3658 3569 3711 cxi-

1974 3723 2161 3789 stimo;
2198 3743 2298 3783 nec
2327 3729 2432 3785 ulla
2459 3731 2525 3786 de
2561 3749 2620 3788 re
2648 3735 2748 3789 alia
2789 3737 2927 3794 inter
2964 3755 3059 3797 eos
3090 3746 3181 3814 qui
3214 3761 3272 3801 se
3308 3747 3564 3806 benevole

1974 3830 2256 3887 noverunt,
2275 3837 2453 3879 sermo
2475 3824 2815 3895 fructuosior,
2839 3833 2920 3887 vel
2943 3833 3287 3906 impenditur,
3306 3842 3385 3896 vel
3406 3858 3564 3912 repo-

1972 3912 2154 3978 scitur,
2190 3916 2269 3971 vel
2312 3918 2590 3989 accipitur,
2636 3922 2716 3978 vel
2748 3924 3020 3995 recipitur,
3065 3945 3222 3999 quam
3267 3933 3407 3989 unde
3435 3933 3563 3992 boni

1970 4001 2219 4074 beatique
2246 4021 2449 4062 sumus.

2352 4117 2679 4175 EPISTOLA
2707 4120 3010 4181 CCXXXIV
3034 4130 3051 4151 ⁶
3080 4126 3177 4201 (b).

1969 4198 2643 4299 Longinianus‘Augustino,
2675 4232 2746 4285 ad
2771 4233 2824 4287 id
2849 4236 3156 4305 respondens
3175 4240 3327 4310 juxta
3355 4241 3553 4300 Trime-

2040 4317 2222 4386 gistum
2260 4327 2305 4371 et
2336 4317 2655 4389 Platonicos,
2689 4340 2780 4393 per
2806 4324 3023 4381 minores
3057 4327 3177 4384 deos
3204 4335 3451 4400 perveniri
3487 4338 3557 4393 ad

2038 4426 2288 4464 summum
2318 4412 2512 4478 Deum,
2540 4415 2628 4469 scd
2648 4434 2748 4472 non
2778 4418 2886 4473 sine
2913 4421 3073 4477 sacris
3104 4424 3482 4494 puriﬁcatoriis.

1968 4520 2193 4578 Domino
2240 4527 2562 4591 venerando,
2605 4537 2660 4583 et
2712 4547 2836 4587 vere
2880 4548 2943 4589 ac
2995 4538 3186 4595 merito
3234 4545 3555 4610 percolendo

2215 4630 2402 4675 sancto
2426 4622 2560 4690 patri
2591 4624 2911 4693 AUGUSTINO,
2935 4625 3305 4690 Loaouvwvus.

2038 4749 2090 4802 l.
2123 4747 2306 4804 Beatus
2326 4768 2458 4816 sum,
2494 4763 2542 4806 et
2571 4755 2835 4813 relucentis
2862 4777 2990 4830 puro
3016 4765 3215 4820 virtutis
3239 4776 3340 4823 ture
3365 4770 3558 4828 lumine

1964 4840 2237 4896 admodum
2261 4845 2565 4908 illustratus,
2587 4849 2673 4917 qui
2693 4850 2901 4921 dignum
2922 4870 3000 4908 me
3024 4857 3182 4912 divini
3201 4860 3276 4913 tui
3293 4861 3553 4928 aluminis

1962 4932 2155 4987 honore
2183 4934 2543 4989 cumulandum
2570 4954 2677 4992 esse
2709 4940 2917 4998 duxisti.
2953 4943 3061 5000 Sed
3086 4965 3237 5018 grave
3264 4953 3390 5006 mihi
3425 4971 3553 5012 onus

1962 5031 2008 5076 et
2032 5023 2377 5093 difﬁcillimam
2404 5029 2741 5096 respondendi
2769 5036 3077 5103 provinciam
3098 5080 3112 5100 ,
3154 5040 3357 5097 domine
3397 5061 3550 5101 uene-

1960 5114 2136 5179 rande,
2166 5116 2289 5170 satis
2312 5117 2544 5188 imponis,
2578 5124 2831 5196 precipuc
2857 5127 2956 5181 tuis
2983 5133 3468 5202 percontationibus,
3502 5155 3552 5196 es

1958 5205 2051 5259 sub
2070 5206 2164 5259 hoc
2188 5214 2410 5279 tempore
2436 5210 2489 5264 in
2515 5212 2700 5268 talibus
2724 5217 3056 5286 explicandis,
3087 5238 3177 5291 per
3201 5241 3327 5280 mete
3348 5229 3548 5299 Opinio-

1959 5296 2039 5353 nis
2062 5298 2380 5368 sententiam,
2411 5300 2465 5355 id
2496 5312 2602 5371 est,
2644 5322 2677 5358 a
2705 5324 2904 5377 pagano
2930 5310 3149 5368 homine.
3177 5296 3548 5382 Quastionibus

2019 5451 2505 5541 ‘EpistLMmzxxut
2529 5465 3116 5541 etootnquttvrecensitaa
3136 5478 3252 5541 sunt
3271 5473 3332 5525 ad
3371 5487 3419 5525 a.
3452 5477 3538 5541 bg.

1952 5511 2129 5625 ἓξὲξ.
2159 5527 2205 5566 e.
2230 5529 2302 5568 oc.
2329 5517 2379 5567 ιι.
2403 5533 2455 5584 g.
2475 5534 2556 5585 gv.
2571 5521 2610 5583 j.
2637 5522 2669 5572 l.
2696 5536 2745 5573 ιι.
2762 5537 2806 5575 r.
2825 5511 2870 5576 si
2891 5511 3541 5593 iiaidéi'itiés?c.'§kﬁl

2015 5655 2091 5779 lii
2112 5657 2239 5774 illi:
2255 5660 2322 5775 ἓῖ
2362 5675 2478 5787 ἓξὲξ
2495 5673 2662 5779 2ῧῖἓὲ
2681 5666 2778 5781 ἓξ
2797 5677 2923 5795 ἓξὲξ
2943 5687 3070 5787 ἓέἰῖἰὲ
3091 5676 3199 5793 ἓξ
