4084 6332
504 308 634 365 ίοῦι

504 402 746 472 siquidem
771 398 986 455 abundet
1010 394 1147 470 quod
1171 410 1234 450 ea:
1261 400 1402 464 parte
1424 391 1500 445 vel
1516 390 1824 462 jamdudum
1848 390 1979 443 inter
1998 405 2089 442 nos

505 494 784 548 convenerit
804 533 821 559 ,
863 492 941 545 uel
969 505 1101 543 nunc
1132 486 1399 541 identidem
1428 483 1604 536 litteris
1634 484 1793 553 magis
1834 481 2090 551 magisque

503 587 766 642 conveniat
792 582 1076 656 praeceptis,
1109 596 1208 633 non
1233 578 1398 631 dicam
1438 586 1630 629 tantum
1658 574 1966 639 Socraticis,
2000 588 2089 625 nec
2120 580 2137 587 ‘

502 681 624 745 tuis,
656 677 1001 732 Romanorum
1026 673 1100 725 vir
1124 685 1235 724 vere
1263 669 1466 737 Optime,
1499 665 1822 737 propheticis,
1849 672 1934 716 aut
1955 679 2085 732 pau-

505 775 576 829 cis
600 770 1051 843 Jerosolymiticis;
1086 767 1174 821 sed
1199 766 1349 820 etiam
1380 764 1642 834 Orpheicis
1669 773 1817 833 atque
1841 762 2084 833 Ageticis,

503 878 550 921 et
582 863 940 935 Trimegisticis
961 902 975 927 ,
1006 861 1152 930 longe
1189 868 1303 913 ante
1336 857 1440 912 illis
1466 856 1858 925 antiquioribus,
1891 864 1938 909 et
1965 870 2090 923 pene

503 958 713 1013 rudibus
740 955 908 1009 adhuc
932 952 1128 1006 swculis
1154 951 1253 1004 diis
1278 948 1564 1003 auctoribus
1588 947 1766 1011 enatis,
1797 955 1843 999 et
1865 946 1957 999 toti
1982 944 2088 997 orbi

504 1060 653 1105 terra?
671 1049 818 1101 certis
842 1045 1083 1100 limitibus
1110 1043 1310 1106 partin
1329 1041 1579 1112 trifariam
1599 1038 1835 1092 divinitus
1860 1036 2085 1099 ostensis,

504 1144 799 1215 priusquam
824 1155 1003 1194 nomen
1025 1146 1113 1190 aut
1151 1134 1361 1204 Europa
1381 1140 1598 1204 caperet,
1625 1141 1712 1184 aut
1744 1131 1864 1183 Asia
1890 1130 2087 1198 accipe-

500 1246 607 1303 ret,
646 1243 730 1289 aut
757 1233 916 1303 Libya
956 1230 1229 1303 possideret
1259 1228 1419 1281 virum
1447 1226 1658 1286 bonum,
1690 1233 1743 1276 ut
1771 1232 1820 1274 tu
1842 1262 1857 1286 ,
1899 1220 2089 1273 medius

504 1328 690 1398 ﬁdius,
720 1336 765 1379 et
797 1325 894 1378 eris
924 1332 969 1377 et
995 1321 1153 1393 fuisti.
1198 1317 1461 1388 Siquidem
1487 1316 1653 1368 adhuc
1683 1322 1792 1385 post
1832 1312 2089 1365 hominum

503 1419 797 1473 memoriam
821 1416 919 1469 nisi
944 1410 1296 1481 Xenophontis
1318 1407 1567 1479 ﬁgmentis
1596 1405 1885 1475 composita:
1907 1400 2091 1472 fabula:

503 1510 705 1564 schema
731 1506 994 1571 concedas,
1022 1504 1189 1556 adhuc
1217 1499 1484 1564 audierim,
1515 1497 1740 1567 legerim,
1772 1493 1980 1548 viderim
2005 1507 2091 1543 ne-

505 1594 712 1663 minem,
738 1607 824 1649 aut
845 1606 975 1649 certe
1000 1602 1110 1664 post
1133 1606 1288 1645 unum
1307 1631 1321 1654 ,
1353 1589 1550 1642 nullum
1569 1627 1583 1651 ,
1618 1583 1782 1655 quod,
1814 1582 1919 1636 Deo
1950 1590 2086 1643 teste,

507 1693 638 1745 bono
666 1688 884 1759 periculo
907 1694 1133 1753 certoque
1158 1682 1390 1747 dixerim,
1421 1679 1521 1733 nisi
1547 1688 1613 1745 te,
1649 1676 1810 1730 Deum
1841 1684 1885 1729 et
1904 1674 2090 1727 conniti

505 1796 703 1851 semper
730 1791 1028 1849 agnoscere,
1056 1782 1102 1827 et
1130 1788 1275 1843 posse
1308 1770 1524 1840 puritate
1551 1767 1728 1833 animi,
1772 1765 2091 1834 corporisque

506 1877 734 1942 profecta
762 1854 1029 1940 gravedine
1046 1864 1226 1919 sectari
1254 1860 1514 1934 facillime,
1541 1869 1586 1913 et
1607 1875 1696 1929 spe
1716 1858 1947 1928 perfecta:
1966 1872 2089 1910 con-

504 1963 746 2026 scientiie,
776 1976 877 2013 non
906 1958 1059 2011 dubia
1085 1955 1381 2010 credulitate
1408 1961 1593 2008 tenere.

574 2054 632 2108 2.
676 2053 854 2105 Verum
882 2066 982 2120 qua
1010 2048 1092 2101 Uia
1126 2046 1250 2119 efﬁci
1278 2045 1433 2116 possit
1463 2085 1477 2111 ,
1518 2043 1678 2113 magis
1714 2049 1785 2095 est
1824 2050 1878 2094 ut
1908 2048 1961 2094 tu
1989 2054 2088 2093 non

510 2148 724 2207 nescias.
754 2155 799 2197 et
824 2144 948 2196 mihi
976 2157 1077 2195 non
1104 2140 1359 2193 insinuato
1387 2136 1694 2191 extrinsecus
1719 2135 1888 2205 aliquo
1914 2133 2091 2188 disser-

507 2250 601 2301 tes,
625 2251 776 2306 quam
797 2243 902 2287 uta
925 2248 1021 2298 me,
1048 2231 1249 2284 domine
1274 2226 1589 2300 percolende,
1612 2226 1761 2280 scias.
1795 2224 1924 2290 Quia
1950 2234 2087 2288 tunc,

507 2330 690 2399 fateor,
728 2325 879 2396 hujus
916 2322 1033 2376 boni
1069 2322 1124 2375 in
1164 2320 1330 2376 sedem
1373 2321 1689 2389 profecturus
1723 2316 2003 2385 sufficiens,
2036 2323 2091 2367 ut

505 2434 618 2471 mea
646 2426 880 2487 expetunt
912 2410 1213 2477 sacerdotia,
1235 2410 1441 2463 minime
1483 2407 1726 2472 necdum,
1762 2417 1807 2459 et
1846 2408 1890 2461 si
1925 2414 2091 2459 tamen

509 2516 737 2577 potuero,
769 2504 1005 2558 uiaticum
1042 2500 1246 2572 colligo.
1282 2498 1470 2554 Verum
1497 2498 1617 2569 quid
1648 2498 1887 2551 traditum
1922 2506 2093 2551 sancte

506 2608 656 2669 atque
696 2596 970 2666 antiquitus
1008 2603 1204 2647 teneam
1248 2600 1398 2662 atque
1433 2590 1746 2657 custodiam,
1785 2598 1841 2643 ut
1885 2598 2091 2661 potuero

506 2690 681 2761 paucis
705 2688 918 2742 edicam.
961 2684 1053 2739 Via
1079 2692 1151 2738 est
1182 2687 1236 2737 in
1256 2681 1425 2736 Deum
1453 2682 1649 2744 melior,
1681 2698 1780 2751 qua
1805 2681 1879 2735 Uir
1905 2682 2088 2747 bonus,

508 2782 626 2854 piis,
657 2780 819 2853 puris,
843 2778 1019 2849 justis,
1048 2776 1218 2841 castis,
1246 2774 1373 2828 ueris
1393 2773 1539 2826 dictis
1559 2773 1821 2844 factisque,
1847 2772 1956 2826 sine
1984 2772 2093 2825 ulla

508 2881 789 2943 temporum
819 2871 836 2901 ί
864 2878 1169 2923 mutatorum
1201 2873 1403 2938 captata
1435 2864 1715 2936 jactatione
1742 2862 1979 2933 probatus
2000 2904 2013 2925 ,
2044 2872 2092 2915 et

509 2965 718 3017 deorum
746 2962 984 3015 comitatu
1003 2959 1241 3024 vallatus,
1266 2956 1359 3009 Dei
1379 2956 1548 3026 utique
1568 2954 1893 3024 potestatibus
1916 2953 2094 3006 emeri-

509 3067 627 3119 tus;
651 3054 705 3108 id
728 3063 823 3119 est,
846 3054 955 3123 ejus
974 3052 1145 3116 unius,
1168 3060 1214 3102 et
1232 3049 1466 3111 universi,
1493 3056 1537 3101 et
1556 3046 2091 3116 incomprehensibilis,

508 3155 557 3199 et
583 3142 882 3211 ineffabilis,
913 3140 1338 3212 infatigabilisque
1364 3136 1615 3193 Creatoris
1638 3137 1869 3206 impletus
1895 3136 2093 3189 virtuti-

510 3238 637 3304 bus,
668 3252 812 3305 quos,
844 3245 897 3287 ut
925 3250 1091 3287 verum
1122 3241 1215 3298 est,
1248 3231 1464 3301 Angelos
1491 3230 1686 3291 dicitis,
1715 3229 1793 3282 vel
1816 3229 1937 3296 quid
1966 3228 2093 3282 alte-

509 3346 625 3384 rum
651 3339 763 3399 post
807 3328 969 3381 Deum
995 3328 1071 3379 rel
1099 3342 1211 3379 cum
1247 3323 1373 3387 Deo,
1406 3333 1491 3376 aut
1518 3341 1548 3375 a
1578 3322 1706 3386 Deo,
1742 3331 1828 3374 aut
1852 3322 1904 3375 in
1932 3320 2095 3374 Deum

510 3422 787 3476 intentione
809 3419 963 3472 animi
986 3418 1260 3487 mentisque
1282 3416 1356 3469 ire
1376 3415 1598 3486 festinat.
1638 3412 1731 3466 Via
1752 3422 1843 3477 est,
1866 3413 2091 3481 inquam,

510 3530 609 3583 qua
638 3512 837 3584 purgati
867 3513 1187 3582 antiquorum
1216 3524 1478 3563 sacrorum
1507 3507 1603 3578 piis
1631 3507 1893 3577 prwceptis
1922 3507 2097 3577 expia-

514 3607 827 3674 tionibusque
852 3604 1130 3675 purissimis
1149 3645 1163 3665 ,
1196 3610 1241 3655 et
1275 3600 1526 3654 abstemiis
1556 3598 1976 3653 observationibus
2003 3598 2095 3651 de-

513 3699 661 3756 cocti.
692 3699 863 3751 anima
892 3706 938 3748 et
963 3710 1172 3763 corpore
1198 3702 1478 3745 constantes
1502 3691 1855 3762 deproperant.

585 3791 638 3845 3.
672 3788 751 3843 De
788 3787 984 3842 Christo
1019 3796 1182 3839 autem
1221 3795 1319 3838 tuae
1349 3786 1462 3854 jam
1487 3783 1797 3837 credulitatis
1831 3782 2025 3836 carnali
2048 3792 2097 3837 et

513 3880 694 3951 spiritu
727 3878 832 3932 Deo
858 3880 900 3942 ³,
932 3893 1019 3948 per
1040 3892 1187 3946 quem
1212 3875 1265 3927 in
1289 3875 1432 3928 illum
1457 3889 1727 3939 summum,
1757 3873 1981 3938 beatum,
2010 3890 2095 3928 ve-

512 3988 647 4033 rum,
673 3978 717 4024 et
739 3980 932 4041 patrem
953 3968 1173 4022 omnium
1191 3968 1264 4021 ire
1284 3981 1488 4021 securus
1504 3982 1577 4033 es,
1601 3966 1802 4020 domine
1820 3975 1964 4036 pater
1984 3982 2098 4036 per-

511 4062 751 4126 colende,
781 4078 880 4113 non
906 4059 1066 4112 audeo
1096 4074 1183 4111 nec
1208 4058 1348 4111 valeo
1385 4056 1507 4127 quid
1535 4057 1745 4111 sentiam
1783 4057 2097 4124 exprimire;

514 4155 632 4223 quia
654 4154 786 4223 quod
815 4152 996 4215 nescio,
1031 4149 1378 4220 diﬁcillimum
1403 4147 1552 4201 credo
1573 4147 1800 4215 deﬁnire.
1837 4146 1903 4202 Ut
1929 4160 2097 4199 autent

514 4262 594 4299 me
607 4245 846 4298 cultorem
862 4252 1059 4296 tuarum
1082 4242 1315 4294 virtutum
1336 4240 1570 4310 dignatus
1590 4255 1640 4293 es
1651 4240 1765 4309 jam
1784 4238 1904 4292 olim
1922 4238 2098 4292 scienti

514 4336 774 4389 insinuare
809 4333 942 4405 quod
972 4332 1182 4401 diligas,
1209 4331 1333 4385 satis
1366 4330 1434 4383 ad
1457 4329 1599 4384 bona:
1626 4330 1739 4382 vitae
1761 4328 2096 4382 testimonium

514 4426 690 4491 habeo,
714 4423 849 4494 quod
868 4439 977 4475 cum
998 4439 1058 4475 ne
1080 4422 1164 4474 tibi
1187 4422 1500 4491 displiceam,
1522 4419 1607 4489 qui
1630 4418 1734 4472 Deo
1784 4427 1830 4473 te
1849 4419 2098 4473 animam-

513 4534 609 4586 que
644 4527 779 4567 tuam
819 4514 1037 4580 quotidie
1063 4514 1318 4577 insinuas,
1350 4511 1575 4565 custodio
1601 4526 1619 4563 :
1646 4510 1883 4581 intelligis
1921 4511 2097 4582 procul

515 4607 667 4660 dubio
694 4604 825 4673 quod
860 4614 903 4657 et
932 4619 1019 4672 ego
1050 4614 1094 4655 te
1121 4599 1478 4655 delectabiliter
1509 4599 1748 4671 diligam,
1781 4616 1893 4654 cum
1919 4600 1993 4653 tui
2007 4599 2099 4672 ju-

513 4698 633 4751 dicii
656 4699 717 4749 de
742 4712 820 4748 me
846 4695 1001 4747 habiti
1026 4710 1253 4747 normam
1295 4692 1573 4759 lineantque
1597 4688 1845 4761 accipiens
1880 4701 2092 4745 teneam.

516 4788 623 4844 Sed
648 4796 761 4839 ante
794 4787 983 4851 omnia,
1012 4801 1183 4853 quteso
1206 4795 1271 4849 te,
1297 4794 1350 4836 ut
1370 4783 1707 4852 exiguissima:
1730 4784 1957 4852 opinioni
1977 4800 2099 4838 mete

512 4879 707 4933 veniam
731 4876 1004 4940 concedas,
1041 4885 1086 4928 et
1122 4874 1339 4928 sermoni
1379 4891 1486 4927 meo
1510 4874 1577 4928 ad
1609 4884 1684 4939 te,
1713 4874 1831 4944 quia
1854 4874 2092 4946 coegisti,

516 4973 727 5027 remisso
748 4973 897 5041 forte,
929 4971 1205 5039 incongruo
1230 4970 1378 5037 facile
1401 4968 1684 5037 indulgeas,
1713 4977 1761 5021 et
1784 4984 1863 5021 me
1892 4968 2014 5036 quid
2037 4971 2101 5023 de

515 5067 593 5121 his
624 5066 897 5130 existimes,
923 5064 998 5116 vel
1025 5074 1076 5115 tu
1097 5062 1219 5132 quid
1241 5062 1446 5127 sentias,
1473 5061 1660 5115 sanctis
1679 5061 1879 5130 scriptis
1898 5061 2016 5124 tuis,
2045 5069 2099 5113 ut

511 5159 599 5214 ille
628 5159 699 5211 ait
719 5199 733 5224 ,
765 5160 878 5228 jam
908 5173 1009 5211 non
1034 5157 1207 5217 melle,
1236 5155 1323 5209 sed
1347 5164 1544 5209 nectare
1567 5155 1877 5208 dulcioribus
1911 5152 2093 5228 (Ouid.

510 5249 670 5304 Trist.
698 5249 751 5309 5.
782 5247 931 5318 Eleg.
967 5248 1055 5318 5),
1090 5248 1135 5300 si
1170 5264 1390 5311 mereor,
1433 5247 1709 5317 informare
1732 5246 1969 5317 digneris.
2002 5244 2099 5300 Dei

512 5343 696 5413 pietate
722 5339 1025 5410 perfruaris,
1056 5338 1259 5391 domine
1288 5352 1449 5408 pater,
1477 5354 1537 5391 ac
1562 5348 1803 5409 perpetua
1838 5338 2101 5391 sanctitate

514 5433 623 5488 Deo
653 5432 873 5502 placeas,
901 5430 1035 5501 quod
1062 5444 1256 5483 necesse
1278 5439 1368 5484 est.

576 5612 593 5681 ξ
619 5616 671 5681 tn
687 5616 794 5681 vse-
813 5608 1013 5681 διίίιυοιν
1036 5614 1301 5681 tempore"
1323 5608 1891 5681 ηοπιέιιαξηρτυιιμοηυην
1910 5618 2005 5664 ets»

511 5672 843 5798 ψέηξῖάὸὲξη
865 5670 910 5723 et
932 5670 1106 5737 spiritu
1116 5670 1222 5725 Dei.
1246 5679 1377 5736 Lov.,
1398 5679 1444 5725 et
1459 5671 1655 5739 spiritus
1676 5673 1817 5728 dono.
1834 5670 2033 5741 Amas,
2054 5680 2104 5729 et

1664 297 1721 355 S.
1762 294 2126 353 AUGUSTINI
2163 292 2468 349 EPISCOPI

2603 381 2930 441 EPISIOLA
2966 384 3253 442 ccxxxv
3279 385 3378 458 (a).
3647 296 3795 357 im

2193 498 2501 569 Augustinus
2530 496 2869 568 Longiniano,
2920 498 3186 567 explanari
3223 514 3454 568 quierens
3490 515 3579 555 cur
3612 506 3786 573 putari

2265 606 2391 660 opus
2419 589 2683 659 sacriﬁciis
2711 591 3072 659 puriﬁcatoriis
3101 590 3146 643 ei
3171 591 3257 661 qui
3271 592 3384 660 jam
3419 591 3601 645 divinis
3622 594 3787 648 uiitti-

2264 680 2395 733 tibus
2422 680 2487 733 sit
2512 680 2942 733 circumvallatus.

2617 772 2939 828 Loncnmuo
2976 773 3333 828 AUGUSTINUS.

2264 866 2318 918 1.
2359 864 2487 933 Ce‘pi
2532 864 2761 919 fructum
2807 864 2988 933 scripti
3034 865 3174 928 mei,
3221 864 3536 934 rescriptum
3581 867 3791 922 scilicet

2193 959 2582 1013 Benevolentia:
2613 968 2732 1011 ture.
2765 956 2915 1012 Unde
2941 958 3051 1025 jam
3084 956 3241 1011 video
3266 967 3511 1010 exortum
3542 967 3596 1012 et
3622 973 3790 1013 exor-

2192 1065 2309 1103 sum
2343 1050 2480 1104 inter
2516 1064 2613 1103 nos
2642 1065 2846 1119 magnae
2882 1048 2979 1103 hac
3009 1048 3077 1103 de
3108 1063 3164 1103 re
3190 1063 3378 1119 magna
3407 1048 3792 1119 disputationis

2193 1135 2340 1212 quasi
2368 1152 2661 1197 sementem
2688 1160 2700 1194 ε
2735 1142 2837 1196 hoc
2863 1141 3106 1210 estquod
3132 1141 3373 1195 volebam
3400 1142 3562 1211 prius,
3593 1141 3792 1196 deinde

2192 1234 2333 1303 quod
2359 1234 2533 1288 adhuc
2555 1234 2697 1300 volo,
2722 1234 2860 1288 Deus
2879 1232 3173 1303 adiuvabit.
3196 1233 3251 1287 ld
3275 1242 3450 1288 autem
3476 1242 3577 1301 est,
3609 1244 3666 1287 ut
3688 1232 3793 1288 hoc

2192 1335 2423 1394 emptum
2457 1325 2637 1380 debito
2679 1341 2743 1380 ac
2790 1326 2992 1380 salubri
3037 1324 3144 1379 ﬁne
3172 1324 3470 1379 claudatur.
3518 1324 3789 1391 Proinde,

2192 1417 2332 1486 quod
2362 1417 2428 1471 de
2454 1416 2668 1471 Christo
2696 1417 2827 1471 nihil
2854 1426 3057 1472 temere
3080 1416 3171 1470 tibi
3202 1416 3501 1486 negandum
3526 1416 3610 1470 vel
3639 1414 3792 1469 afﬁr-

2198 1508 2450 1563 mandum
2479 1510 2703 1578 putasti,
2737 1508 2839 1563 hoc
2868 1509 2919 1562 in
2952 1506 3140 1578 pagani
3171 1508 3350 1562 animo
3390 1516 3791 1577 temperamen-

2194 1608 2305 1655 tum
2333 1615 2439 1655 non
2466 1601 2662 1655 invitus
2686 1601 3004 1671 acceperim.
3034 1600 3185 1668 Quod
3215 1613 3341 1655 vero
3383 1600 3541 1653 etiam
3573 1598 3793 1667 scriptis

2195 1692 2329 1747 meis
2358 1692 2536 1746 doceri
2567 1701 2618 1746 te
2644 1693 2793 1761 cupis
2819 1693 2885 1747 de
2913 1693 3009 1746 hac
3037 1707 3127 1759 re,
3158 1706 3491 1761 nequaquam
3518 1690 3787 1756 abnuam,

2194 1796 2366 1851 neque
2394 1781 2646 1836 desistam
2690 1782 2812 1836 huic
2841 1791 2947 1836 tam
2992 1782 3147 1837 bonae
3179 1782 3417 1851 mihique
3452 1780 3792 1835 charissima:

2193 1872 2394 1926 servire
2422 1872 2678 1925 voluntati
2727 1880 2850 1926 tute.
2896 1872 3001 1927 Sed
3047 1873 3193 1943 prius
3238 1887 3371 1942 opus
3418 1881 3500 1927 est
3544 1871 3793 1941 eliquare

2193 1962 2621 2033 quodammodo,
2694 1965 3132 2035 perspicuamque
3202 1978 3414 2020 sumere
3468 1965 3792 2019 sententiam

2195 2066 2340 2111 lnam
2370 2056 2438 2110 de
2468 2057 2700 2127 antiquis
2725 2057 2909 2112 sacris.
2932 2055 3064 2112 Cum
3091 2057 3231 2111 enim
3254 2055 3481 2111 dixisses
3507 2068 3626 2111 eam
3648 2054 3793 2110 viam

2194 2148 2247 2203 in
2272 2148 2434 2202 Deum
2457 2162 2577 2203 esse
2603 2147 2901 2212 meliorem,
2924 2164 3023 2217 qua
3043 2148 3119 2201 vir
3141 2149 3318 2214 bonus,
3348 2148 3465 2218 piis,
3484 2147 3660 2219 fustis,
3696 2162 3789 2215 pu-

2193 2240 2284 2306 ris,
2311 2241 2483 2307 castis,
2517 2241 2642 2295 reris
2668 2240 2815 2294 dictis
2849 2241 3092 2312 factisque
3117 2241 3225 2295 sine
3249 2241 3357 2294 ulla
3377 2249 3657 2311 temporum
3676 2254 3795 2293 mu-

2195 2343 2410 2387 tatorum
2438 2343 2644 2404 captata
2660 2334 2944 2405 jactatione
2964 2332 3223 2404 probatus,
3247 2341 3294 2386 et
3319 2332 3527 2386 deorum
3552 2331 3793 2384 comitatu

2194 2427 2441 2492 vallatus,
2488 2426 2582 2480 Dei
2608 2427 2779 2495 utique
2815 2424 3139 2497 potestatibus
3179 2425 3440 2489 emeritus;
3468 2423 3523 2476 id
3549 2432 3648 2486 est,
3678 2423 3795 2492 ejus

2194 2518 2365 2584 unius,
2396 2526 2443 2571 et
2464 2518 2699 2582 universi,
2729 2526 2775 2571 et
2795 2516 3337 2586 incomprehensibilis,
3365 2525 3411 2568 et
3435 2513 3791 2585 infatigabilis,

2194 2608 2559 2679 ine/fabilisque
2584 2608 2835 2663 Creatoris
2870 2610 3178 2680 adimpletus
3208 2608 3472 2662 virtutibus
3495 2646 3510 2671 ,
3550 2623 3674 2675 quos
3694 2646 3711 2671 ,
3739 2612 3797 2657 ut

2195 2715 2365 2753 verum
2390 2709 2482 2763 est,
2516 2700 2734 2770 Angelos
2760 2700 2947 2765 dicitis,
2974 2698 3053 2753 vel
3076 2700 3199 2763 quid
3217 2698 3433 2753 alterum
3458 2707 3568 2769 post
3598 2695 3789 2763 Deum,

2194 2790 2272 2843 uel
2299 2806 2330 2843 a
2361 2789 2491 2855 Deo,
2522 2791 2599 2843 vel
2637 2806 2753 2843 cum
2784 2789 2911 2855 Deo,
2939 2800 3028 2843 aut
3054 2790 3108 2843 in
3140 2789 3300 2843 Deum
3338 2789 3611 2842 intentione
3632 2786 3797 2841 animi

2194 2883 2476 2951 mentisque
2496 2882 2570 2935 ire
2598 2882 2803 2953 festinat
2827 2882 2968 2953 (qnte
2993 2880 3155 2937 verba
3184 2896 3250 2935 ex
3271 2880 3491 2950 epistola
3523 2890 3610 2934 tua
3641 2894 3798 2934 recou»

2194 2972 2461 3043 gnoscis);
2497 2987 2618 3027 cum
2668 2971 2952 3037 addidisti,
2993 2980 3049 3026 et
3086 2972 3205 3026 aisti
3237 2989 3249 3025 :
3296 2970 3387 3024 Via
3416 2980 3524 3036 est,
3551 2971 3793 3040 inquam,

2195 3081 2295 3133 qua
2317 3063 2520 3135 purgati
2542 3065 2864 3133 antiquorum
2891 3079 3150 3119 sacrorum
3178 3063 3276 3133 piis
3300 3062 3581 3132 praeceptis,
3610 3061 3794 3130 πρίει-ι

2196 3154 2510 3226 tionibusque
2553 3155 2834 3224 purissimis
2858 3197 2872 3220 ,
2905 3164 2953 3207 et
2978 3153 3230 3207 abstemiis
3256 3153 3677 3207 observationibus
3703 3152 3796 3204 dea

2198 3245 2348 3310 cocti,
2382 3245 2555 3297 anima
2581 3253 2627 3298 et
2649 3260 2858 3312 corpore
2876 3252 3161 3298 constantes
3183 3243 3539 3313 depr0perant.

2267 3336 2324 3392 2.
2358 3335 2412 3389 In
2445 3336 2528 3391 his
2570 3336 2748 3390 verbis
2793 3335 3001 3402 sentio,
3046 3337 3097 3389 ni
3144 3335 3315 3401 fallor,
3357 3334 3523 3388 videri
3560 3334 3650 3387 tibi
3681 3348 3795 3387 non

2198 3428 2447 3484 sufﬁcere
2493 3427 2559 3483 ad
2598 3429 2736 3483 viam
2767 3444 2871 3499 qua
2910 3429 3015 3482 itur
3042 3428 3108 3482 ad
3139 3428 3303 3482 Deum
3327 3465 3341 3493 ,
3376 3428 3449 3481 uti
3479 3427 3559 3480 vir
3584 3425 3792 3492 bonus,

2200 3520 2301 3589 piis
2321 3562 2336 3586 ,
2364 3520 2522 3589 justis
2540 3562 2555 3587 ,
2585 3521 2733 3590 puris
2753 3561 2766 3585 ,
2798 3519 2959 3574 castis
2980 3561 2995 3587 ,
3034 3520 3173 3573 veris
3200 3519 3353 3573 dietis
3381 3518 3634 3586 laetisque
3664 3532 3794 3584 ιιι-οε

2199 3621 2469 3665 mereatur
2513 3610 2678 3676 deos,
2721 3625 2945 3680 quorum
2984 3611 3237 3664 comitatu
3282 3610 3503 3662 vallatus
3544 3608 3594 3660 in
3641 3607 3792 3660 illum

2197 3717 2463 3758 sumntum
2494 3702 2661 3757 Deum
2704 3702 2941 3755 omnium
2980 3712 3275 3756 creatorem
3313 3700 3389 3754 ire
3418 3699 3658 3761 festinet,
3689 3697 3794 3750 nisi

2200 3794 2359 3847 etiam
2386 3778 2659 3847 sacrorum
2700 3793 3041 3862 antiquorum
3074 3792 3172 3862 piis
3214 3791 3493 3862 przreeptis
3528 3789 3793 3857 cupiatio-

2201 3884 2462 3955 nibusque
2502 3894 2778 3955 purgetur.
2806 3884 3161 3951 Quamobrem
3196 3883 3353 3937 velim
3385 3883 3522 3936 scire
3547 3880 3671 3951 quid
3697 3895 3794 3932 ars

2200 3977 2417 4032 bitreris
2437 3993 2555 4033 esse
2580 3993 2674 4048 per
2693 3992 2841 4032 sacra
2870 3976 3201 4047 purgandum
3221 3976 3272 4030 in
3300 3991 3365 4031 eo
3386 3975 3473 4045 qui
3498 3975 3602 4044 pie,
3623 3974 3789 4042 jnste.

2202 4086 2355 4139 pure,
2388 4070 2754 4140 veraciterque
2782 4069 3009 4124 vivendo
3040 4076 3374 4139 promeretur
3399 4066 3561 4132 deos,
3610 4075 3663 4120 et
3696 4076 3795 4133 per

2201 4176 2295 4216 eos
2320 4177 2481 4215 unum
2508 4162 2656 4216 illum
2697 4161 2917 4215 deorum
2947 4161 3131 4214 Deum.
3160 4158 3214 4214 Si
3240 4158 3383 4229 enim
3421 4156 3593 4211 adhuc
3621 4155 3793 4208 sacris

2201 4253 2505 4325 purgandus
2529 4262 2632 4318 est,
2661 4252 2842 4323 utique
2871 4251 3103 4306 mundus
3125 4265 3231 4304 non
3258 4258 3339 4304 est
3366 4262 3380 4301 :
3411 4258 3465 4302 et
3488 4247 3531 4302 si
3561 4245 3794 4301 mundus

2202 4359 2307 4399 non
2334 4354 2437 4411 est,
2467 4344 2582 4414 pie,
2618 4344 2789 4413 jusle,
2820 4355 2951 4413 pure
2980 4351 3227 4412 casteque
3253 4356 3357 4395 non
3387 4339 3532 4393 vivit.
3561 4337 3617 4393 Si
3644 4337 3792 4391 enim

2196 4438 2307 4508 jam
2338 4438 2409 4491 ita
2432 4438 2583 4503 vivit,
2623 4436 2732 4506 jam
2776 4435 3006 4489 mundus
3041 4442 3159 4489 est:
3194 4447 3352 4503 porro
3389 4431 3498 4501 jam
3531 4428 3789 4484 mundum

2203 4538 2365 4599 atque
2396 4543 2606 4598 purum.
2638 4527 2763 4598 quid
2792 4544 2923 4598 opus
2954 4535 3037 4580 est
3064 4526 3229 4580 sacris
3256 4522 3516 4594 expiando
3544 4520 3794 4592 purgari?

2200 4618 2384 4691 Itaque
2406 4620 2493 4674 hic
2517 4619 2686 4674 nodus
2717 4628 2796 4673 est
2824 4617 3198 4687 distiutationis
3223 4626 3450 4680 nostra,
3481 4627 3587 4685 quo
3613 4613 3792 4668 soluto

2201 4712 2584 4782 consequentia
2612 4711 2946 4765 videbimus:
2981 4710 3192 4763 vivatne
3230 4709 3391 4762 homo
3421 4708 3584 4769 bene,
3620 4714 3676 4759 ut
3699 4720 3793 4758 sa-

2201 4804 2310 4859 cris
2338 4812 2615 4874 purgetur;
2647 4817 2713 4854 an
2745 4802 2911 4857 sacris
2944 4810 3214 4871 purgetur,
3254 4810 3309 4853 ut
3345 4799 3480 4855 bene
3505 4798 3689 4850 vivat:
3722 4810 3795 4850 an

2202 4895 2317 4963 ipse
2352 4904 2809 4963 quantuscumque
2852 4892 2988 4946 bene
3025 4891 3233 4945 vivendi
3272 4892 3323 4943 in
3357 4890 3569 4943 homine
3598 4887 3797 4942 modus

2204 4984 2438 5039 nondum
2482 4985 2551 5038 sit
2592 4983 2811 5037 idoneus
2847 4983 2912 5035 ad
2958 4982 3164 5036 beatam
3189 4986 3384 5046 vitam,
3429 4994 3547 5050 quae
3581 4994 3647 5033 ex
3681 4977 3797 5031 Deo

2204 5076 2433 5145 capitur,
2467 5075 2566 5128 nisi
2606 5073 2859 5128 accedant
2889 5073 3193 5143 adjnmenla
3220 5087 3524 5137 sacrorum;
3558 5085 3625 5123 an
3654 5069 3797 5123 bene

2202 5165 2415 5221 vivendi
2442 5165 2685 5236 quaedam
2724 5164 2869 5219 velut
2897 5165 3069 5233 portio
3109 5165 3177 5218 sit
3214 5165 3374 5219 etiam
3421 5176 3573 5217 sacra
3617 5161 3800 5231 periri-

2205 5272 2360 5327 pere,
2405 5256 2610 5313 scilicet
2639 5265 2695 5311 ut
2719 5272 2823 5311 non
2851 5256 2994 5311 aliud
3025 5256 3095 5309 sit
3129 5256 3265 5311 bene
3290 5256 3501 5319 vivere,
3533 5253 3676 5308 aliud
3701 5268 3798 5308 sa-

2204 5356 2351 5401 crate
2381 5347 2581 5413 vivere,
2609 5346 2703 5401 sed
2735 5347 2869 5400 bene
2895 5346 3105 5401 vivendi
3140 5347 3379 5401 terminis
3404 5346 3561 5401 etiam
3584 5353 3797 5399 sacrata

2205 5438 2311 5493 vita
2336 5438 2631 5493 claudatur.
2663 5438 2862 5493 Horum
2907 5450 3136 5509 quatuor
3170 5455 3289 5509 qua:
3335 5438 3621 5509 proposui.
3651 5437 3797 5508 quod

2205 5531 2542 5602 potissimum
2569 5529 2779 5600 probes,
2810 5545 2993 5600 quwso
3020 5539 3073 5585 te
3111 5530 3301 5585 litteris
3328 5531 3537 5600 aperire
3568 5544 3672 5583 non
3717 5529 3796 5598 pi¢

2204 5632 2346 5696 geat.
2378 5623 2666 5679 Plurimum
2693 5625 2888 5694 quippe
2927 5624 3149 5679 interest
3189 5624 3255 5679 ad
3300 5623 3351 5678 id
3390 5623 3531 5694 quod
3556 5620 3800 5694 suscepi-

2268 5736 2345 5803 (a)
2365 5736 2492 5790 Alias
2515 5736 2605 5789 22:
2628 5750 2739 5801 qua:
2764 5745 2929 5789 autem
2950 5736 3042 5791 235
3066 5744 3188 5801 erat,
3211 5750 3339 5789 nunc
3370 5736 3450 5788 64.
