4070 6332
332 296 459 352 {053

328 426 440 467 mus
472 411 608 465 inter
646 425 743 467 nos
780 412 1129 484 colloquendo
1160 428 1444 487 peragere,
1488 434 1555 473 ne
1585 434 1704 473 cum
1737 422 1901 475 multa

325 516 426 556 non
458 502 786 567 necessaria,
834 512 1084 573 tanquam
1123 521 1185 560 ea
1217 511 1414 562 sentias
1458 524 1577 579 qua:
1620 510 1755 566 forte
1796 528 1901 568 non

326 595 520 657 scutis,
556 590 796 647 refellere
825 594 1043 662 molior,
1092 605 1298 666 tempus
1329 600 1684 654 necessarium
1722 601 1773 655 in
1805 618 1899 657 su-

324 682 535 754 perﬂuis
561 684 877 738 insumatur.
906 685 1140 741 Onerare
1179 697 1228 742 te
1258 689 1434 759 itaque
1470 686 1692 761 epistola
1720 693 1897 762 nolui,

325 782 382 828 ut
411 785 459 829 te
487 774 590 829 cito
620 775 948 831 rescribente
972 786 1157 832 caztera
1183 791 1546 836 eontexamus.

685 888 1011 945 EPISTOLA
1051 892 1358 948 CCXXXVI
1389 896 1404 916 ‘
1434 894 1531 965 (a).

322 977 625 1049 Augustinus
649 978 887 1036 Deuterio
914 983 1180 1053 episc0po,
1212 984 1465 1056 signiﬁcat
1500 1002 1553 1040 se
1590 985 1898 1041 Victorinum

388 1072 793 1141 hypodiaconum
815 1074 901 1142 qui
927 1074 1058 1128 clam
1084 1076 1319 1129 docuerat
1334 1077 1564 1131 hazresim
1590 1078 1901 1133 Maniclueo—

389 1177 530 1227 rum,
567 1162 928 1231 deprehensum
955 1181 983 1218 e
1023 1164 1321 1220 clericorum
1350 1168 1524 1222 ordine
1564 1169 1897 1235 submovisse;

388 1252 665 1308 admonens
710 1272 772 1309 ne
813 1256 920 1309 illic
964 1257 1235 1326 recipiatur
1274 1257 1343 1310 ad
1385 1260 1755 1328 pcenitentiam,
1800 1262 1896 1315 nisi

386 1344 569 1414 prodat
604 1355 843 1416 quotquot
877 1347 1009 1400 novit
1042 1348 1215 1401 eodem
1254 1348 1464 1418 infectos
1504 1366 1689 1405 errore.
1736 1350 1895 1405 Docet

383 1446 554 1491 autem
595 1438 681 1507 qui
727 1437 867 1509 apud
911 1437 1221 1494 Hanicltwos
1253 1440 1438 1511 fuerint
1477 1440 1765 1509 auditores,
1809 1442 1896 1512 qui

380 1526 541 1582 electi.

312 1638 540 1695 Domino
565 1639 891 1706 beatissimo,
928 1650 984 1696 et
1012 1641 1384 1698 venerabiliter
1406 1642 1721 1698 charissimo
1745 1642 1891 1699 fratri

376 1739 431 1785 et
470 1731 791 1801 coepiscopo
835 1730 1141 1800 Dsu'rsato,
1173 1733 1545 1800 Auens'rtuus,
1575 1733 1630 1788 in
1666 1734 1889 1790 Domino

377 1823 627 1878 salutem.

373 1937 427 1992 1.
475 1935 620 1991 Nihil
651 1936 840 1992 melius
884 1952 969 1992 me
1008 1937 1184 1994 facere
1213 1952 1370 2009 posse
1406 1940 1691 1997 arbitratus
1731 1957 1884 2010 sum,

302 2040 457 2096 quam
492 2036 551 2081 ut
581 2037 683 2089 tua:
709 2027 983 2082 Sanctitati
1011 2029 1343 2096 potissimum
1368 2030 1678 2098 scriberem,
1704 2047 1772 2089 ne
1794 2050 1888 2102 per

301 2118 678 2187 negligentiam
708 2118 760 2172 in
791 2128 964 2173 vestra
988 2119 1004 2151 ί
1037 2122 1306 2188 provincia
1331 2122 1536 2176 Domini
1569 2125 1735 2179 nostri
1760 2125 1885 2180 Jesu

299 2208 497 2264 Christi
527 2210 664 2264 ovile
684 2220 853 2265 vastet
878 2212 1140 2276 inimicus,
1173 2214 1258 2282 qui
1284 2228 1387 2268 non
1408 2214 1603 2269 desinit
1624 2216 1880 2284 insidiari,

297 2312 353 2353 ut
378 2300 569 2370 perdat
592 2302 793 2355 animas
819 2312 924 2355 tam
956 2318 1147 2372 magno
1176 2305 1345 2373 pretio
1369 2317 1719 2375 comparatas.
1751 2308 1881 2364 Mal-

295 2391 591 2446 lianenscm
620 2392 898 2461 quemdam
920 2393 1302 2450 subdiaconum
1327 2397 1652 2455 Victorinum
1673 2402 1714 2465 ¹,
1741 2402 1879 2470 apud

297 2496 393 2538 nos
431 2486 676 2539 constitit
716 2500 834 2540 esse
862 2485 1241 2554 Manicha-um,
1274 2496 1326 2543 et
1373 2490 1426 2543 in
1470 2499 1574 2544 tam
1624 2494 1880 2563 sacrilego

293 2588 478 2631 errore
520 2577 621 2631 sub
650 2577 865 2631 nomine
906 2578 1086 2633 clerici
1129 2579 1402 2634 latitabat:
1435 2596 1554 2636 nam
1604 2590 1686 2638 est
1719 2585 1876 2639 etiam

292 2675 448 2721 atate
468 2666 580 2737 jam
609 2683 792 2722 senex.
822 2660 897 2723 Ita
923 2679 1003 2723 est
1024 2678 1200 2724 autem
1227 2671 1613 2737 mahifestatds,
1638 2680 1695 2727 ut
1718 2677 1875 2730 etiam

292 2755 407 2830 ipse.
432 2776 462 2815 a
495 2777 582 2816 me
612 2762 984 2832 interrogatus,
1015 2774 1296 2832 antequam
1324 2780 1353 2818 a
1389 2767 1608 2820 testibus
1634 2782 1879 2838 coargue-

291 2860 460 2917 retur,
492 2868 687 2922 negare
718 2868 823 2908 non
854 2862 1051 2923 posset.
1077 2851 1178 2909 Tot
1206 2856 1347 2908 enim
1378 2860 1435 2910 et
1463 2858 1595 2911 tales
1621 2873 1739 2913 esse
1764 2858 1875 2927 jam

290 2941 529 3005 sciebat,
556 2943 751 3012 quibus
778 2958 836 2997 se
863 2942 1104 2998 incautus
1128 2943 1386 2999 eﬂ'uderat
1404 2988 1419 3012 ,
1452 2954 1511 2999 ut
1548 2946 1676 3000 nihil
1707 2944 1871 3015 aliud,

289 3032 333 3086 si
365 3048 560 3102 negare
583 3043 841 3100 tentaret,
868 3049 1048 3103 quam,
1081 3050 1185 3089 non
1212 3035 1330 3089 dico
1360 3036 1870 3105 impudentissimas,

288 3121 382 3176 sed
428 3124 798 3178 insanissimus
843 3134 1139 3193 appareret.
1186 3126 1494 3181 Amlitorem
1538 3136 1666 3183 sane
1709 3126 1876 3183 Mani-

287 3210 584 3278 chaeorum,
616 3224 721 3268 non
748 3216 973 3270 electum
1001 3231 1058 3270 se
1085 3231 1205 3271 esse
1229 3216 1505 3272 confessus
1533 3227 1632 3272 est.

357 3302 414 3357 2.
450 3305 736 3359 Auditores
764 3315 941 3360 autem
970 3307 1059 3376 qui
1103 3304 1433 3376 appellantur
1475 3308 1611 3377 apud
1652 3324 1780 3376 eos,
1819 3320 1873 3367 et

285 3395 538 3449 carnibus
567 3405 870 3460 vescuntur,
902 3406 955 3451 et
978 3413 1132 3467 agros
1162 3397 1371 3465 colunt,
1402 3407 1484 3466 et,
1514 3401 1557 3453 si
1583 3400 1866 3470 voluerint,

282 3500 485 3541 uxores
526 3485 753 3563 habent;
799 3503 1019 3557 quorum
1065 3489 1194 3542 nihil
1240 3489 1439 3545 faciunt
1476 3493 1564 3563 qui
1614 3505 1870 3551 vocantur

282 3576 465 3630 electi.
499 3554 605 3631 Sed
630 3578 726 3646 ipsi
752 3554 1021 3633 auditores
1040 3590 1164 3635 ante
1190 3581 1387 3638 electos
1414 3554 1580 3653 genua
1605 3587 1786 3655 figunt.
1812 3597 1869 3667 ut

283 3666 363 3720 eis
404 3681 593 3721 manus
623 3668 945 3737 supplicibus
974 3669 1313 3740 imponantur
1336 3673 1358 3704 ⁸
1384 3690 1489 3728 non
1519 3691 1548 3728 a
1575 3678 1702 3732 solis
1741 3666 1866 3745 pre-

284 3756 546 3827 sbyteris,
578 3758 658 3811 vel
686 3759 979 3828 episcopis,
1012 3770 1101 3814 aut
1124 3762 1433 3818 diaconibus
1458 3778 1642 3820 eorum
1664 3809 1678 3833 ,
1715 3768 1808 3822 sed
1834 3783 1863 3823 a

280 3845 605 3913 quibuslibet
626 3847 827 3902 electis.
856 3848 1034 3903 Solem
1065 3852 1222 3905 etiam
1246 3861 1298 3905 et
1328 3853 1501 3908 lunam
1533 3870 1653 3909 cum
1675 3857 1753 3912 eis
1773 3858 1865 3912 ad-

280 3947 436 3992 orant
466 3948 522 3993 et
543 3948 698 3993 orant
723 3938 765 3992 ⁸.
795 3939 888 3994 Die
914 3956 1124 4011 quoque
1152 3933 1418 3998 dominico
1447 3961 1565 3999 cum
1594 3946 1698 4002 illis
1722 3947 1862 4018 jeju.

278 4036 427 4091 nant,
454 4035 514 4083 et
537 4043 722 4084 omnes
743 4028 1099 4099 blasphemias
1128 4048 1249 4087 cum
1275 4034 1377 4089 illis
1405 4036 1648 4101 credunt,
1673 4040 1863 4107 quibus

277 4115 692 4173 Manichaeorum
732 4118 953 4174 hmresis
994 4120 1303 4176 detestanda
1329 4133 1442 4190 est;
1476 4137 1727 4196 negantes
1754 4129 1859 4183 sci-

276 4207 397 4264 licet
422 4209 695 4264 Christum
720 4219 900 4265 natum
925 4226 1045 4267 esse
1064 4212 1131 4267 de
1149 4213 1370 4283 virgine,
1397 4231 1494 4270 nec
1513 4217 1626 4285 ejus
1645 4224 1859 4275 carnem

277 4308 462 4357 veram
491 4302 808 4357 conﬁtentes
826 4304 1005 4370 fuisse,
1024 4304 1117 4359 sed
1138 4304 1320 4360 falsam
1345 4325 1358 4361 :
1381 4320 1443 4362 ac
1460 4324 1554 4378 per
1577 4306 1679 4365 hoc
1692 4320 1748 4365 et
1768 4313 1863 4366 ial-

273 4405 386 4446 sam
420 4396 541 4463 ejus
569 4395 890 4461 passionem,
917 4403 971 4450 et
998 4396 1193 4450 nullam
1225 4400 1670 4456 resurrectionem
1697 4402 1859 4460 fuisse

272 4484 630 4541 contendunt.
660 4485 993 4542 Patriarchas‘
1036 4487 1433 4559 Prophetasque
1466 4492 1854 4563 blasphemant.

271 4570 469 4647 Legem
500 4592 599 4646 per
639 4578 889 4633 famulum
922 4580 1014 4635 Dei
1040 4580 1257 4650 Moysen
1296 4581 1472 4637 datam
1496 4624 1510 4649 ,
1542 4600 1644 4640 non
1672 4601 1701 4640 a
1731 4604 1858 4642 vero

267 4664 381 4722 Deo
408 4665 601 4723 dicunt
620 4710 633 4728 ,
662 4668 754 4723 sed
797 4684 826 4722 a
857 4670 1094 4740 principe
1119 4671 1472 4727 tenebrarum.
1506 4674 1722 4732 Animas
1749 4693 1853 4733 non

232 4755 446 4821 fsolum
489 4756 793 4825 hominum,
828 4760 922 4814 sed
960 4761 1120 4815 etiam
1160 4773 1446 4832 pecorum,
1490 4765 1558 4819 de
1604 4765 1696 4820 Dei
1736 4783 1857 4823 esse

238 4833 603 4915 substantia,
651 4860 706 4904 et
745 4852 963 4906 omnino
1003 4862 1180 4921 partes
1219 4855 1308 4909 Dei
1347 4871 1466 4911 esse
1509 4857 1850 4913 arbitrantur.

269 4938 439 4995 Deum
474 4941 703 5011 denique
730 4940 926 4997 bonum
954 4953 1008 4998 et
1028 4960 1209 4999 verum
1250 4946 1431 5001 dicunt
1454 4962 1572 5001 eum
1607 4950 1853 5005 tenebra-

270 5048 387 5087 rum
435 5044 593 5104 gente
635 5050 931 5103 pugnasse,
979 5045 1033 5090 et
1075 5046 1279 5105 partem
1324 5051 1473 5092 suam
1518 5042 1852 5096 tenebrarum

268 5116 600 5193 principibus
641 5125 947 5191 miscuisse,
976 5140 1197 5196 eamque
1227 5136 1337 5182 toto
1369 5130 1568 5184 mundo
1608 5130 1851 5203 inquina-

329 5237 345 5268 ι
374 5236 485 5285 Bad.
508 5242 606 5283 Am.
630 5240 723 5293 En,
746 5240 925 5285 nostra.

327 5298 349 5360 ξ
373 5304 481 5360 Mss.
502 5306 723 5360 quaiuor,
751 5296 1085 5360 Victoriarum.

330 5359 479 5421 _‘Bad.
501 5357 602 5421 tim.
622 5363 719 5417 Er.,
746 5364 799 5406 et
820 5357 1042 5421 plerique
1063 5367 1186 5418 MSS.,
1206 5359 1487 5421 imponatur.

329 5418 353 5485 ξ
378 5420 511 5481 Apud
544 5424 653 5469 tm.
687 5420 939 5485 omittitur,
961 5418 1007 5471 et
1028 5427 1184 5483 orant,
1218 5418 1345 5485 quod
1367 5424 1416 5472 in
1438 5424 1544 5475 aliis
1566 5425 1854 5479 editionibus

269 5486 321 5528 et
338 5480 388 5528 in
405 5480 514 5529 Mss.
540 5482 801 5542 reperitur.

330 5561 347 5579 ⁹
371 5567 503 5671 {1233c
497 5564 823 5672 ΕἙῖἶτάεκίιιιιιε
843 5562 902 5612 ad
918 5560 987 5614 bl.
1006 5563 1083 5614 ob.
1102 5563 1152 5613 1f.
1176 5578 1259 5629 κε.
1276 5578 1317 5615 r.
1334 5566 1407 5616 sb.
1435 5582 1508 5619 vc.
1536 5568 1659 5620 duos
1682 5576 1715 5620 t.
1749 5578 1853 5624 tres

340 5634 371 5672 e
596 5657 612 5671 .

266 5632 311 5669 ν.
340 5632 393 5672 et
412 5632 474 5671 δα
497 5632 612 5672 εσυ.

326 5702 404 5764 (a)
428 5703 555 5753 Alias
574 5703 637 5752 74
656 5718 668 5752 :
689 5718 801 5768 quae
816 5694 981 5757 autem
1001 5706 1096 5758 πθ
1118 5715 1241 5769 erat,
1264 5723 1391 5759 nunc
1413 5711 1490 5760 Gtt.

593 5786 816 5848 Sacr.
848 5788 1123 5852 Aoeosr.
1164 5791 1238 5851 ll.

1489 302 1967 359 EPISTOLARUM
2006 305 2277 371 CLASSIS
2315 317 2399 371 iV.

3451 351 3586 407 103i

2012 428 2120 478 tam
2150 436 2204 480 et
2230 428 2437 499 ligatam
2466 449 2561 503 per
2587 438 2732 495 cibos
2776 441 3063 503 electorum
3104 466 3355 525 suorum,
3387 476 3449 515 ac
3490 481 3583 533 per

2007 516 2174 571 solem
2203 529 2254 575 et
2279 522 2452 579 lunam
2481 533 2692 599 purgari
2732 548 3037 595 asseverant
3066 560 3078 596 :
3110 554 3164 599 et
3189 548 3329 615 quod
3369 516 3581 623 purgrari

2006 607 2074 664 de
2101 612 2209 681 ipsa
2238 626 2384 683 parte
2414 620 2507 675 Dei
2536 638 2637 677 non
2671 629 2925 695 potuerit,
2960 632 3012 686 in
3038 633 3141 691 (ine
3176 607 3582 700 smeulhmtcino

2007 712 2069 753 ac
2098 704 2289 769 pmnali
2319 707 2529 764 vinculo
2565 714 2833 784 colligari;
2885 728 2942 774 ut
2986 738 3088 777 non
3119 728 3288 782 solum
3321 731 3583 803 \iolabilis

2006 800 2057 845 et
2086 798 2439 865 corruptibilis
2460 811 2513 857 et
2532 810 2951 865 contaminabilis
2972 817 3218 871 credatur
3241 821 3396 887 Deus,
3427 827 3581 897 cujus

2005 897 2127 951 pars
2174 890 2341 955 potuit
2387 893 2451 946 ad
2500 897 2636 950 mala
2682 907 2822 954 tanta
2859 904 3112 973 perduci,
3144 909 3234 963 sed
3265 928 3367 967 non
3415 890 3581 984 possit

2004 975 2190 1031 saltem
2220 987 2360 1037 totus
2394 998 2424 1037 a
2452 991 2593 1041 tanta
2618 990 3045 1060 coinquinatione
3074 1006 3125 1051 et
3164 975 3493 1061 immundi-tia
3526 1017 3581 1062 et

2002 1066 2215 1121 miseria
2241 1072 2319 1124 vel
2350 1072 2401 1126 iu
2424 1073 2525 1129 line
2550 1079 2726 1132 saeculi
2755 1084 2989 1153 purgari.

2073 1158 2125 1211 5.
2162 1159 2264 1213 llas
2294 1178 2413 1217 cum
2445 1165 2548 1220 illis
2578 1167 2940 1230 intolerabiles
2963 1176 3335 1249 blasphemias,
3366 1187 3577 1245 subdia-

2001 1261 2167 1302 eonus
2196 1250 2295 1306 iste
2321 1256 2467 1322 quasi
2495 1257 2804 1325 catholicus,
2834 1279 2938 1318 non
2967 1268 3138 1324 solum
3166 1273 3452 1341 credebat,
3483 1270 3587 1335 sed

1999 1338 2188 1406 quibus
2218 1342 2413 1399 viribus
2456 1357 2696 1415 poterat,
2727 1352 2999 1410 edocebat.
3032 1358 3163 1414 Nam
3201 1361 3400 1420 docens
3425 1338 3576 1437 pate-

1998 1428 2167 1485 factus
2190 1440 2291 1497 est,
2323 1450 2444 1491 cum
2473 1453 2529 1493 se
2557 1442 2707 1509 quasi
2738 1444 3062 1504 discentibus
3088 1455 3331 1511 credidit.
3357 1458 3576 1529 Rogavit

1996 1533 2085 1573 me
2108 1522 2343 1592 quidem,
2377 1538 2717 1601 posteaquam
2748 1550 2809 1590 se
2837 1537 3246 1600 Manichaeorum
3278 1549 3574 1606 auditorem

1997 1625 2117 1667 esse
2142 1614 2418 1672 confessus
2457 1630 2555 1687 est,
2588 1631 2643 1677 ut
2666 1640 2785 1680 cum
2814 1627 2866 1681 in
2889 1629 3025 1685 viam
3056 1629 3291 1692 veritatis
3320 1631 3573 1697 doctrinm

1994 1704 2270 1761 catholicae
2291 1724 2634 1767 revocarem:
2668 1717 2783 1785 sed,
2817 1717 3006 1788 fateor,
3032 1726 3148 1795 ejus
3173 1728 3438 1787 fictionem
3473 1738 3571 1791 sub

1993 1794 2170 1851 clerici
2208 1800 2385 1867 specie
2412 1801 2755 1861 vehementer
2779 1810 3058 1881 exhorrui,
3100 1832 3327 1890 eumque
3364 1826 3570 1880 coercié

1994 1894 2104 1939 tum
2129 1882 2426 1955 pellendum
2451 1892 2518 1948 de
2538 1895 2748 1952 civitate
2775 1903 2975 1955 curavi.
3009 1904 3115 1960 Nec
3146 1908 3273 1963 mihi
3306 1910 3405 1967 hoc
3445 1917 3571 1971 satis

1991 1975 2084 2031 fuit
2108 2018 2123 2043 ,
2155 1980 2253 2033 nisi
2283 1989 2338 2035 et
2367 1991 2469 2038 tua:
2495 1984 2765 2043 Sanctitati
2796 2006 2915 2045 cum
2950 1997 3081 2050 meis
3127 1997 3317 2055 litteris
3354 2004 3569 2059 intima-

1990 2084 2123 2134 rcm,
2155 2081 2211 2126 ut
2239 2087 2267 2125 a
2297 2070 2612 2131 clericorum
2647 2081 2810 2148 gradu
2839 2099 3070 2155 congrue
3098 2089 3453 2152 ecclesiastica
3480 2114 3569 2154 se-

1988 2160 2214 2215 veritate
2241 2163 2480 2233 dejcclus
2499 2208 2515 2233 ,
2562 2171 2826 2227 cavendus
2852 2172 3099 2232 omnibus
3127 2181 3441 2240 innotescat.
3471 2188 3571 2241 Pe-

1990 2252 2119 2305 teuti
2147 2263 2323 2309 autem
2355 2258 2677 2324 paenitentiae
2723 2262 2896 2319 locum
2918 2308 2933 2333 ,
2976 2277 3101 2323 tunc
3142 2273 3407 2341 credatur,
3440 2280 3485 2331 si
3516 2290 3571 2333 et

1986 2342 2121 2396 alios
2147 2360 2280 2413 quos
2309 2347 2412 2401 illic
2446 2350 2592 2403 novit
2622 2366 2770 2418 esse,
2809 2356 3224 2415 manifestaverit
3252 2364 3433 2431 vobis,
3462 2383 3567 2422 non

1984 2432 2157 2486 solum
2211 2435 2263 2488 in
2302 2436 2579 2503 Malliana,
2621 2441 2715 2496 sed
2759 2444 2811 2498 in
2861 2445 2973 2515 ipsa
3027 2458 3132 2504 tota
3176 2454 3394 2510 omnino
3443 2471 3569 2527 pro-

1985 2536 2173 2577 vmcm.
2330 2597 2435 2599 *η
2506 2598 2577 2599 νίν
2794 2596 2797 2599 γ

2329 2597 2651 2653 EPISTOLA
2693 2597 3024 2661 CCXXXVII
3050 2612 3068 2632 '
3098 2609 3195 2682 (a).

1983 2677 2291 2754 Augustinus
2339 2688 2563 2757 Ceretio,
2621 2694 2685 2747 de
2733 2677 3236 2755 Priscillianistarum
3283 2708 3462 2777 fraude
3512 2713 3564 2765 in

2054 2772 2335 2844 Scripturis
2354 2820 2367 2844 ,
2400 2798 2512 2835 cum
2537 2777 2696 2839 sacris
2716 2827 2727 2847 ,
2760 2797 2866 2840 tum
2900 2794 3204 2863 apocrypltis
3224 2805 3563 2868 exponendis;

2052 2862 2210 2936 deque
2248 2868 2435 2937 hymno
2476 2890 2619 2943 quem
2655 2892 2687 2928 a
2732 2876 2931 2933 Christo
2960 2862 3148 2938 dictum
3191 2862 3296 2942 esse
3320 2862 3563 2962 ﬁngentes

2052 2959 2383 3027 praeferebant
2408 2966 2665 3020 canonicis
2694 2964 2915 3023 Litteris.

1981 3044 2207 3104 Domino
2256 3052 2601 3125 beatissimo,
2656 3070 2710 3115 et
2754 3063 2946 3118 merito
2983 3072 3271 3127 venerabili
3314 3073 3461 3130 fratri
3506 3089 3562 3134 et

2050 3143 2369 3217 coepiscopo
2410 3149 2681 3218 CERETIO,
2712 3153 3072 3228 Aucusnnes,
3119 3162 3173 3217 in
3219 3164 3441 3224 Domino
3468 3185 3559 3225 sa-

2050 3232 2234 3288 lutem.

2050 3344 2099 3397 1.
2132 3343 2311 3402 Lectis
2341 3347 2422 3403 his
2451 3366 2568 3420 quae
2597 3354 2742 3410 misit
2768 3356 3030 3417 Sanctitas
3059 3372 3165 3432 tua,
3193 3366 3401 3424 videtur
3426 3373 3554 3428 mihi

1975 3434 2217 3504 Argirius
2251 3438 2303 3492 in
2344 3440 2769 3503 Priscilliauistas
2795 3461 2887 3504 aut
2914 3454 3152 3510 nesciens
3190 3458 3442 3528 irruisse,
3484 3464 3554 3517 ita

1976 3534 2031 3578 ut
2056 3529 2274 3583 omnino
2300 3540 2472 3587 utrum
2501 3535 2597 3605 ipsi
2621 3551 2800 3594 essent
2820 3542 3231 3603 Priscillianistae
3263 3551 3549 3621 ignoraret,

1972 3626 2066 3670 aut
2107 3618 2217 3688 jam
2265 3621 2500 3690 ejusdem
2543 3626 2760 3685 hmresis
2804 3633 3005 3688 retibus
3049 3618 3364 3707 implicatus.
3415 3644 3548 3699 Nam

1971 3709 2261 3779 scripturas
2302 3714 2417 3768 illas
2460 3716 2979 3780 Priscillianistarum
3027 3744 3145 3784 esse
3190 3748 3293 3787 non
3346 3735 3550 3793 dubito.

1973 3799 2071 3855 Vix
2101 3812 2276 3859 autem
2308 3807 2433 3860 mihi
2464 3824 2652 3867 vacare
2697 3826 2982 3886 utcumque
3009 3822 3208 3887 potuit,
3239 3825 3358 3878 aliis
3394 3837 3554 3898 atque

1970 3892 2090 3946 aliis
2128 3895 2243 3950 sine
2282 3896 2673 3957 intermissione
2701 3908 3104 3965 necessitatibus
3143 3920 3548 3985 superantibus,

1971 3990 2028 4034 ut
2055 3999 2189 4037 unus
2212 3985 2341 4039 mihi
2376 3988 2564 4044 saltem
2609 4001 2747 4048 totus
2782 4010 2845 4048 ex
2876 3997 3082 4053 duobus
3127 4002 3254 4070 ipsis
3280 4007 3550 4064 codicibus

1970 4070 2254 4141 legeretur.
2294 4075 2485 4132 Nescio
2513 4096 2618 4149 quo
2643 4083 2785 4136 enim
2812 4086 2972 4140 modo
3010 4090 3143 4144 alius
3170 4094 3466 4165 aberravit,
3494 4111 3548 4154 et

1969 4162 2367 4231 diligentissime
2396 4168 2537 4224 inter
2560 4181 2769 4227 nostros
2790 4178 3074 4245 requisilus
3100 4183 3246 4237 nullo
3276 4187 3435 4241 modo
3452 4162 3549 4258 vpo-
3606 4238 3611 4244 .

1970 4254 2069 4306 tuit
2108 4256 2366 4324 inveniri,
2413 4259 2627 4317 domine
2650 4263 2985 4334 beatissime,
3019 4281 3074 4326 et
3102 4275 3293 4331 merito
3320 4294 3545 4336 venerat-

1966 4342 2087 4396 bilis
2112 4354 2280 4413 pater.
2870 4350 2873 4353 ⁷

2034 4435 2091 4490 2.
2137 4437 2375 4508 Hymnus
2415 4457 2543 4496 sane
2572 4459 2727 4512 quem
2766 4446 2948 4505 dicunt
2974 4466 3096 4509 esse
3136 4454 3345 4514 Domini
3375 4464 3543 4518 nostri

1965 4524 2094 4581 Jesu
2137 4527 2366 4599 Christi,
2416 4535 2503 4603 qui
2551 4537 2780 4592 maxime
2830 4546 3089 4609 permovit
3137 4547 3541 4610 Venerationem

1965 4625 2139 4683 tuam,
2190 4620 2243 4674 in
2287 4623 2561 4692 scripturis
2603 4630 2738 4683 solet
2773 4635 3089 4704 apocryphis
3119 4639 3360 4697 inveniri.
3413 4646 3543 4712 Qua:

1964 4725 2069 4765 non
2101 4713 2327 4783 propria:
2365 4715 2881 4776 Priscillianistarum
2908 4737 3064 4793 sunt,
3096 4731 3192 4785 sed
3216 4734 3302 4787 alii
3334 4752 3543 4807 quoque

1963 4799 2195 4856 haeretici
2219 4804 2295 4858 eis
2319 4808 2686 4863 nonnullarum
2714 4823 2976 4871 sectarum
3003 4818 3272 4889 impietate
3298 4829 3543 4883 vanitatis

1964 4902 2209 4959 utuntur;
2254 4895 2391 4950 inter
2418 4911 2478 4951 se
2518 4899 2728 4967 quidem
2772 4903 2979 4962 diversa
3028 4912 3349 4981 sentientes,
3400 4920 3541 4975 unde

1961 5000 2085 5039 suas
2107 4987 2331 5057 quisque
2357 4991 2530 5044 varias
2551 4991 2784 5051 haereses
2810 5009 2934 5054 sunt
2958 5004 3144 5069 seculi,
3184 5007 3277 5060 sed
3306 5010 3537 5076 scriptu-
3576 5022 3587 5076 έ

1961 5092 2049 5131 ras
2077 5079 2204 5133 istas
2235 5079 2427 5135 habent
2449 5083 2499 5136 in
2524 5098 2617 5138 sua
2644 5086 2950 5145 diversitate
2978 5108 3317 5164 communes,
3342 5116 3538 5173 easque

1962 5165 2035 5219 illi
2063 5169 2329 5238 praecipue
2356 5169 2691 5241 frequentare
2726 5179 2988 5243 assolent,
3030 5185 3118 5251 qui
3157 5184 3353 5255 Legem
3393 5165 3537 5247 veie-

1959 5272 2072 5311 rem
2119 5266 2173 5312 et
2226 5258 2515 5331 Prophetas
2543 5268 2827 5323 canonicos
2863 5284 2965 5323 non
3006 5266 3291 5344 accipiunt.
3333 5280 3536 5351 Negant

1959 5346 2100 5401 enim
2144 5348 2256 5403 lucc
2278 5350 2345 5405 ad
2376 5351 2543 5407 Deum
2572 5354 2798 5422 bonum,
2839 5368 2892 5413 et
2918 5359 2984 5414 ad
3010 5362 3277 5421 Christum
3305 5346 3537 5440 ejus‘Fi-

1958 5438 2085 5493 lium
2119 5440 2418 5508 pertinere;
2462 5447 2599 5500 sicut
2625 5446 2925 5516 Manichrei,
2970 5452 3107 5507 sicut
3149 5438 3529 5530 Marcionistzn,

1959 5538 2014 5584 et
2038 5532 2216 5585 caeteri
2242 5532 2433 5603 quibus
2462 5534 2578 5591 brec
2607 5536 2929 5605 blasphemia
2960 5541 3277 5604 damnabilis
3313 5552 3527 5620 placuit.

2022 5640 2041 5661 ‘
2058 5648 2296 5691 Incassum
2312 5647 2512 5707 quaesita
2528 5645 2575 5693 in
2592 5643 2750 5695 Gallic.
2768 5652 2875 5698 Mss.
2893 5650 2957 5700 Ad
2971 5654 3117 5704 Vatic.
3143 5666 3375 5709 correcta.

2023 5723 2097 5785 (a)
2120 5721 2244 5773 Alias
2264 5723 2372 5784 253,
2391 5726 2542 5787 prima
2562 5740 2573 5775 :
2590 5739 2699 5788 quae
2721 5736 2884 5779 autem
2903 5730 2993 5781 237
3014 5742 3138 5796 erat,
3156 5751 3282 5788 nunc
3300 5739 3379 5789 56.

2769 5818 2801 5890 ί
2813 5813 3287 5883 Trente-trois.)
