4070 6332
472 426 622 482 "i035

481 537 584 606 Qui
621 534 780 590 etiam
815 529 869 583 in
903 519 1187 593 Scripturis
1221 511 1488 570 canonicis
1527 505 1863 606 Testamenti.
1891 502 2051 603 Novi,

475 593 588 684 hoc
624 634 705 680 cst
744 623 797 676 in
826 617 965 673 veris
1007 606 1322 680 evangelicis
1363 610 1417 658 et
1462 597 1766 670 apostolicis
1807 593 2054 658 Litteris,

488 735 593 776 non
622 712 888 785 accipiunt
915 703 1111 767 omnia,
1149 697 1241 752 sed
1279 692 1670 786 quod‘volunt1
1700 695 1753 786 et
1776 686 1940 786 libros
1965 684 2060 786 eli~

486 818 619 880 gunt
641 778 773 877 quo-5
797 797 1085 868 accipiant,
1117 790 1234 844 aliis
1260 783 1588 880 improbatis.
1638 778 1744 835 Sed
1779 787 1832 833 et
1870 778 1923 831 in
1947 778 2059 880 sin:

486 873 622 974 {gulis
658 873 954 966 quibusque
988 885 1134 941 libris
1179 882 1294 934 loca
1339 875 1670 974 distinguunt
1716 873 2063 974 quie‘putant

489 957 602 1048 suis
625 957 892 1044 erroribus
915 975 1197 1034 convenire
1222 991 1234 1025 :
1265 978 1455 1025 ctetera
1481 966 1533 1020 in
1561 964 1638 1019 eis
1667 977 1762 1033 pro
1796 960 1938 1014 falsis
1965 957 2061 1011 ha-

473 1083 633 1137 bent.
660 1075 791 1131 Nam
813 1069 1024 1142 quidam
1050 1060 1323 1119 Manichcei
1342 1057 1654 1112 canonicum
1679 1053 1892 1142 librum,
1915 1048 2063 1118 cujus

491 1170 674 1226 titulus
735 1141 1019 1220 estActus
1072 1151 1456 1226 Apostolorum,
1499 1144 1798 1215 repudiarit.
1853 1141 2064 1195 Timent

414 1228 428 1240 ‘
489 1263 631 1316 enim
661 1251 1108 1312 evidentissimam
1148 1230 1457 1304 veritatcm’,
1496 1238 1583 1292 ubi
1613 1241 1830 1305 apparet
1853 1240 2065 1286 sanctus

490 1351 720 1422 Spiritus
761 1346 986 1407 missus,
1029 1337 1118 1408 qui
1159 1344 1240 1390 est
1281 1349 1312 1387 a
1351 1330 1575 1386 Domino
1607 1323 2066 1422 Je-su-Ch-ri-sto-in

490 1413 792 1511 evangelica
821 1433 1044 1489 veritate
1079 1426 1372 1498 promissus
1401 1420 1543 1493 (Act.
1572 1417 1791 1511 11,2:4).
1817 1414 1926 1470 Sub
1954 1413 2068 1511 ejus

491 1504 685 1604 quippe
710 1527 938 1599 Spiritus
964 1519 1198 1583 nomine,
1221 1531 1250 1569 a
1276 1529 1380 1584 quo
1403 1511 1610 1604 penitus
1637 1506 1794 1604 alicui
1819 1512 1960 1564 sunt,
1991 1504 2070 1556 in-

491 1597 648 1680 docta
681 1597 954 1675 hominum
979 1609 1140 1674 corda
1164 1603 1452 1674 decipiunt,
1483 1600 1616 1654 mira
1649 1597 1885 1652 caecitate
1926 1608 2071 1648 asse-

486 1722 673 1770 rentes
698 1706 940 1764 eamdem
977 1699 1184 1758 Domini
1226 1693 1632 1767 promissionem
1675 1689 1728 1742 in
1770 1701 1869 1742 suo
1899 1685 2069 1739 haere-

482 1804 702 1863 siarcha
729 1797 1022 1856 Manichaeo
1047 1806 1164 1848 esse
1185 1787 1523 1858 completam.
1551 1779 1701 1848 Quod
1723 1787 1776 1834 et
1805 1778 1877 1832 illi
1901 1777 2072 1830 hmre—

493 1875 588 1952 tici
608 1894 801 1950 faciunt
821 1931 836 1956 ,
868 1888 956 1958 qui
982 1889 1235 1939 vocantur
1260 1874 1650 1946 (lataphryges,
1675 1871 1946 1958 dicentes,
1975 1880 2074 1936 per

493 1986 679 2043 nescio
707 1996 839 2053 quos
868 1957 1104 2042 insanos,
1126 1971 1430 2026 Montanum
1453 1965 1652 2019 scilicet
1676 1971 1729 2015 et
1756 1957 2070 2022 Priscillam,

496 2076 632 2149 quos
659 2049 980 2143 etvproprios
1000 2079 1125 2120 suos
1155 2059 1441 2132 prophetas
1471 2054 1686 2118 habent,
1713 2050 1922 2106 venisse
1951 2049 2075 2116 Spit

499 2145 660 2224 ritum
702 2171 974 2222 sanctum,
1023 2167 1180 2227 quem
1225 2150 1478 2206 Dominus
1523 2145 1806 2200 missurum
1852 2155 1910 2195 se
1957 2153 2075 2193 esse

489 2257 762 2330 .promisit.
1661 2325 1672 2330 _
1998 2319 2009 2330 ⁸

561 2350 626 2404 ‘5.
658 2341 1072 2402 Priscillianistm
1099 2348 1227 2390 vero
1247 2330 1513 2400 accipiunt
1534 2325 1729 2390 omnia,
1754 2332 1806 2377 et
1825 2325 2075 2376 canonica

501 2450 557 2497 ct
581 2434 884 2511 apocrypha
911 2430 1087 2487 simul.
1116 2426 1225 2490 Sed
1254 2435 1601 2494 quaecumque
1629 2432 1747 2511 quee
1777 2424 1962 2511 contra
1985 2428 2076 2467 eos

504 2505 648 2598 sunt,
675 2528 728 2584 in
752 2505 865 2581 sum
887 2517 1253 2595 perversitatis
1287 2528 1475 2568 sensus
1499 2508 1782 2580 aliquando
1811 2505 1997 2560 callida
2026 2512 2080 2558 et

507 2628 703 2685 astuta,
736 2612 1017 2686 aliquando
1057 2607 1275 2664 ridicula
1300 2612 1354 2660 et
1382 2601 1560 2657 hebeti
1598 2597 1926 2669 expositione
1956 2611 2076 2686 pcr-

505 2684 738 2768 vertunt.
770 2684 878 2761 Nec
901 2701 1089 2758 saltem
1119 2699 1190 2752 ita
1217 2704 1270 2749 ut
1301 2709 1364 2749 ea
1394 2692 1535 2762 ipsa,
1575 2703 1696 2760 qua:
1722 2695 1991 2756 exponunt
2014 2684 2080 2738 ab

504 2818 616 2860 suae
644 2807 806 2856 sectae
825 2791 1127 2850 hominibus
1147 2785 1353 2849 alienis,
1384 2797 1508 2836 vera
1538 2793 1657 2834 esse
1675 2777 1925 2840 credant;
1953 2775 2082 2828 alio-

506 2896 632 2968 quin
657 2900 748 2947 aut
769 2884 1015 2945 catholici
1057 2885 1256 2943 essent,
1283 2885 1382 2968 aut
1402 2888 1510 2928 non
1552 2869 1774 2968 multum
1801 2881 1831 2920 a
1859 2866 2080 2920 veritate

510 2957 691 3048 alieni,
719 2980 810 3051 qui
837 2986 891 3033 et
917 2976 969 3030 in
991 2973 1121 3043 ipsis
1141 2964 1415 3037 scripturis
1446 2957 1764 3051 apocryphis
1791 2970 1978 3011 sensus
1997 2970 2084 3051 ea:

509 3044 1081 3133 tholicos-invcnircnt,
1103 3069 1194 3116 aut
1212 3057 1450 3114 invenire
1468 3053 1603 3108 velle
1623 3049 1928 3104 viderentur
1947 3065 1962 3099 ι
1990 3044 2083 3101 sed

508 3182 632 3222 cum
669 3162 771 3234 ipsi
801 3160 901 3215 alia
931 3171 1053 3212 cum
1077 3153 1187 3207 suis
1212 3148 1460 3211 sentiant,
1493 3152 1653 3212 atque
1678 3141 1815 3234 inter
1843 3152 1967 3193 suos
1992 3137 2086 3192 do-

510 3229 834 3323 ceant,—sivc
874 3249 1081 3304 discant
1099 3285 1114 3310 ,
1143 3255 1263 3312 quae
1292 3252 1399 3292 non
1428 3234 1625 3323 audent
1651 3229 1906 3302 prodere,
1935 3242 2085 3323 quo-

509 3348 652 3403 niam
672 3315 740 3399 're
757 3355 882 3395 vera
901 3335 1101 3392 nefaria
1127 3337 1328 3387 suntet
1353 3320 1697 3385 detestanda;
1730 3327 1905 3372 tamen
1929 3315 2084 3370 fidem

506 3435 822 3494 catholicam
851 3429 928 3485 eis
954 3439 1089 3497 quos
1119 3423 1323 3485 timent,
1351 3413 1658 3486 pradicant,
1687 3425 1793 3464 non
1823 3421 1978 3478 quam
2007 3414 2087 3461 te-

511 3536 694 3595 neant,
726 3522 822 3579 sed
846 3519 945 3576 sub
973 3532 1076 3589 qua
1113 3516 1327 3569 lateant.
1359 3509 1589 3564 Possunt
1613 3504 1755 3595 enim
1785 3499 1947 3595 aliqui
1974 3499 2088 3595 hrc-

511 3619 664 3677 retici
681 3590 913 3686 reperiri
943 3610 1170 3664 fortasse
1199 3599 1610 3662 immundiorcs,
1653 3593 1746 3649 sed
1773 3592 1955 3686 nullus
1975 3590 2088 3644 istis

513 3709 718 3766 fallacia
747 3683 1102 3773 comparatur.
1149 3695 1249 3750 Alii
1289 3692 1517 3763 quippe,
1558 3696 1617 3741 ut
1652 3692 1775 3740 sunt
1815 3683 2088 3738 hominum

512 3800 661 3866 vitia,
686 3796 752 3852 de
774 3794 928 3863 hujus
946 3791 1068 3844 vitae
1096 3780 1477 3840 consuetudine
1501 3777 1584 3831 vel
1609 3773 1912 3866 infirmitate
1938 3787 2088 3866 men-

515 3861 752 3945 tiuntur:
792 3861 880 3939 isti
919 3888 1094 3935 autem
1130 3875 1182 3929 in
1225 3873 1335 3942 ipsa
1368 3867 1565 3923 nefaria
1594 3863 1832 3920 doctrina
1871 3861 2091 3916 haeresis

513 3994 626 4035 sua:
650 3981 975 4050 prmceptum
1022 3966 1218 4022 habere
1257 3961 1619 4033 perhibentur,
1645 3965 1704 4010 ut
1747 3951 2090 4050 occultando»

515 4085 633 4126 rum
653 4043 958 4138 dogmatum
987 4072 1199 4114 suorum
1225 4067 1380 4109 causa
1402 4092 1415 4115 ,
1445 4049 1603 4104 etiam
1633 4061 1752 4101 cum
1783 4044 1911 4099 falsa
1946 4043 2091 4138 jura-

518 4163 661 4216 tione
704 4134 1045 4213 mentiantur.
1099 4147 1162 4202 lli
1207 4145 1295 4216 qui
1335 4158 1427 4197 eos
1469 4139 1672 4210 experti
1716 4144 1871 4203 sunt,
1916 4144 1971 4190 et
2009 4134 2090 4203 ip-

517 4264 699 4310 sorum
726 4247 953 4308 fuerant,
985 4252 1142 4310 atque
1172 4237 1238 4290 ab
1265 4235 1344 4289 eis
1379 4232 1469 4287 Dei
1497 4227 1855 4284 misericordia
1883 4225 2092 4280 liberati

513 4349 664 4408 sunt,
684 4340 844 4394 etiam
876 4332 1036 4388 verba
1077 4331 1188 4398 ipsa
1223 4321 1470 4396 prmccpti
1515 4319 1670 4388 hujus
1708 4317 1808 4372 ista
1855 4328 2090 4370 comme-

610 4439 728 4487 rant
749 4445 763 4482 2

708 4447 728 4484 t
749 4447 763 4482 :

519 4447 703 4488 mora“
762 4524 890 4575 Jura,
912 4512 1124 4575 periura,
1139 4511 1382 4558 secretum
1402 4500 1610 4565 prodere
1626 4497 1743 4548 noli.

590 4626 644 4681 4.
685 4617 915 4678 Proinde
952 4623 1010 4670 ut
1034 4615 1149 4668 sine
1186 4609 1292 4664 ulla
1322 4604 1628 4660 difﬁcultate
1657 4599 1896 4654 videatur
1935 4612 2092 4668 quam

521 4730 627 4772 non
655 4712 759 4766 hoc
786 4705 1019 4762 sentiunt
1061 4701 1129 4756 de
1176 4695 1453 4766 scripturis
1487 4688 1830 4761 apocryphis,
1860 4687 1999 4758 quod
2037 4703 2096 4742 sc

522 4817 791 4877 exponere
813 4793 1084 4861 simulant,
1116 4791 1252 4847 ratio
1278 4783 1659 4844 consideranda
1680 4788 1768 4837 est
1794 4778 2097 4877 quam-red-

515 4870 653 4954 ’ἀεῖ-ο
675 4892 942 4955 videntur,
986 4895 1043 4941 ut
1070 4883 1270 4940 eisdem
1313 4875 1588 4946 scripturis
1633 4881 1878 4942 tanquam
1920 4870 2094 4924 divina

523 4988 786 5045 tribuatur
810 4979 1117 5042 auctoritas,
1149 4983 1207 5028 ut
1229 4969 1369 5041 quod
1399 4965 1674 5023 scelestius
1701 4970 1802 5029 est,
1829 4961 1987 5017 etiam
2010 4978 2098 5017 ca-

426 5065 435 5076 ’
523 5077 731 5135 nonicis
764 5070 1068 5145 praeferant.
1100 5064 1274 5120 Habes
1300 5058 1463 5114 verba
1494 5071 1677 5112 eorum
1706 5054 1760 5107 in
1798 5053 1889 5107 illo
1915 5051 2097 5145 codice

525 5172 596 5225 ita
628 5141 836 5238 posita:
871 5159 1108 5231 Hymnus
1132 5150 1368 5214 Domini,
1400 5163 1544 5216 quem
1564 5145 1689 5199 dixit
1714 5150 1898 5238 secrete
1912 5141 2098 5238 sanctis

525 5231 778 5329 Apostolis
800 5246 1060 5321 discipulis
1085 5244 1209 5308 suis,
1230 5240 1347 5310 quia
1371 5237 1611 5306 scriptum
1635 5233 1777 5329 est
1802 5231 2092 5329 Euangelio,

535 5323 790 5418 «'Hymno
825 5343 992 5408 dicto,
1036 5335 1257 5391 ascendit
1283 5333 1335 5385 in
1377 5338 1595 5383 montem
1618 5346 1636 5380 ι
1675 5323 1904 5398 (Matth.
1928 5339 2096 5391 xxvx,

527 5440 649 5506 30);
692 5444 737 5491 et
778 5432 865 5504 qui
905 5431 961 5485 in
999 5441 1191 5483 canone
1222 5440 1320 5477 non
1371 5428 1440 5475 est
1464 5503 1466 5506 ν
1493 5419 1713 5489 positus,
1769 5426 2100 5506 propterea;

528 5531 613 5601 qui
641 5525 916 5582 secundum
949 5535 1002 5576 se
1041 5516 1289 5580 sentiunt,
1330 5519 1374 5566 et
1412 5525 1513 5564 non
1553 5505 1824 5562 secundum
1868 5505 2101 5575 spiritum

528 5596 576 5674 et
604 5620 856 5673 veritatem
889 5612 1016 5677 Dei,
1042 5625 1098 5664 eo
1121 5605 1254 5680 quod
1276 5602 1515 5673 scriptum
1540 5606 1631 5664 est,
1668 5615 1688 5648 ε
1718 5596 2100 5651 Sacramentum

531 5709 662 5778 regis
695 5708 877 5761 bonum
911 5710 982 5758 est
1006 5697 1342 5758 abscondere;
1371 5706 1524 5763 opera
1561 5697 1728 5742 autem
1759 5685 1852 5740 Dei
1885 5687 2102 5741 reuelare

536 5799 864 5868 honoriﬁcum
897 5805 968 5851 est
998 5789 1147 5862 (Tob.
1175 5804 1269 5856 xn,
1291 5787 1369 5856 7).
1401 5804 1420 5837 ν
1455 5783 1558 5837 Ista
1594 5789 1676 5836 est
1705 5793 1890 5849 magna
1915 5793 2097 5834 eorum

1674 397 1730 450 S.
1771 389 2138 449 'AUGUSTINI
2175 389 2472 446 EPISCOPI

3601 387 3744 444 1036

2167 501 2300 555 ratio
2326 516 2420 556 cur
2450 501 2549 555 istc
2586 501 2812 572 hymnus
2851 483 2956 555 non
2997 499 3065 555 sit
3093 499 3144 554 in
3170 513 3407 565 canone,
3442 498 3567 570 quia
3595 499 3744 554 velut

2165 601 2550 646 sacramentum
2575 592 2712 662 regis
2737 590 3161 647 abscondendum
3189 589 3288 644 fuit
3311 589 3394 644 his
3427 587 3519 659 qui
3548 604 3744 644 secun-

2165 681 2289 734 dum
2316 697 2529 736 carnem
2568 683 2828 746 sentiunt,
2868 691 3053 737 etnon
3083 680 3376 736 secundum
3414 682 3660 751 spiritum
3691 692 3746 734 et

2168 775 2445 830 veritatem
2469 773 2579 827 Dei.
2599 775 2736 844 Ergo
2751 773 3032 844 Scripturas
3057 773 3324 828 canonica:
3346 789 3450 827 non
3475 773 3748 844 pertinent

2166 863 2233 917 ad
2259 871 2645 919 sacramentum
2687 864 2856 934 regis,
2886 862 3026 932 quod
3054 863 3167 918 istis
3203 862 3630 918 abscondendum
3662 863 3746 916 vi-

2168 953 2354 1021 detur;
2383 962 2436 1010 et
2463 955 2540 1009 eis
2567 956 2879 1024 conscriptae
2906 961 3064 1020 sunt,
3095 954 3183 1024 qui
3210 954 3497 1009 secundum
3526 969 3747 1010 carnem

2169 1045 2422 1112 sentiunt,
2445 1055 2498 1100 et
2525 1060 2628 1099 non
2659 1043 2946 1099 secundum
2975 1045 3220 1114 spiritum
3243 1052 3296 1099 et
3320 1045 3596 1099 veritatem
3625 1043 3746 1098 Dei.

2169 1135 2320 1202 Quod
2346 1135 2471 1206 quid
2499 1145 2580 1191 est
2606 1135 2745 1190 aliud
2765 1175 2781 1202 ,
2810 1151 2964 1205 quam
3006 1135 3183 1190 dicere
3209 1134 3510 1204 Scripturas
3532 1142 3748 1188 sanctas

2170 1229 2450 1284 canonicas
2493 1243 2591 1284 nec
2627 1227 2914 1284 secundum
2953 1227 3194 1298 spiritum
3241 1226 3336 1282 Dei
3379 1240 3604 1295 sapere,
3645 1240 3749 1280 nec

2170 1320 2435 1390 pertinere
2473 1319 2539 1375 ad
2583 1321 2855 1375 veritatem
2898 1319 3032 1373 Dei?
3073 1318 3200 1386 Quis
3242 1317 3344 1374 hoc
3383 1317 3597 1372 audiat?
3627 1319 3750 1387 quis

2171 1411 2346 1466 valeat
2384 1411 2644 1466 sustinere
2689 1418 2848 1465 tantae
2889 1410 3172 1480 impietatis
3211 1408 3521 1463 borroreni?
3565 1409 3674 1462 Aut
3703 1409 3750 1462 si

2171 1501 2458 1571 Scriptura:
2482 1502 2749 1557 canonicae
2776 1500 3121 1571 spiritualiter
3146 1514 3177 1554 a
3206 1498 3566 1568 spiritualibus
3583 1538 3598 1564 ,
3629 1512 3752 1552 car-

2175 1594 2364 1648 naliter
2387 1609 2418 1648 a
2458 1594 2758 1648 carnalibus
2800 1593 3130 1657 sentiuntur;
3170 1606 3266 1646 cur
3305 1606 3412 1646 non
3451 1599 3536 1646 est
3563 1599 3616 1645 et
3645 1590 3752 1645 iste

2176 1677 2402 1752 hymnus
2426 1685 2479 1738 in
2504 1698 2709 1738 canone
2728 1724 2744 1749 ,
2775 1681 2820 1736 si
2844 1689 2899 1737 et
2931 1681 3099 1752 ipsum
3133 1679 3432 1751 spirituales
3457 1680 3753 1751 spirituali-

2177 1783 2276 1841 ter,
2304 1773 2548 1828 carnales
2573 1772 2856 1827 carnaliter
2883 1771 3154 1826 sentiunt?

2246 1865 2298 1920 5.
2327 1864 2525 1919 Deinde
2550 1863 2674 1933 quid
2703 1878 2874 1918 causa:
2911 1871 2994 1918 est
3021 1871 3080 1916 ut
3105 1860 3348 1917 eumdem
3375 1860 3634 1933 hymnum
3665 1863 3752 1916 isti

2177 1954 2466 2012 secundum
2501 1954 2802 2025 Scripturas
2837 1953 3119 2013 canonicas
3155 1961 3414 2009 conentur
3446 1954 3756 2022 exponere?

2177 2046 2230 2102 Si
2274 2046 2415 2102 enim
2445 2054 2722 2116 propterea
2761 2059 2867 2098 non
2911 2050 2996 2099 est
3035 2043 3089 2098 in
3119 2041 3405 2114 Scripturis
3442 2043 3755 2107 canonicis,

2177 2136 2299 2206 quia
2324 2136 2426 2190 illm
2461 2134 2749 2204 Scriptura:
2786 2132 3119 2200 carnalibus,
3161 2132 3389 2204 hymnus
3431 2140 3608 2188 autem
3655 2133 3758 2188 istc

2180 2225 2540 2296 spiritualibus
2584 2227 2808 2294 scriptus
2839 2231 2954 2290 est;
2985 2222 3250 2293 quomodo
3285 2221 3353 2277 de
3377 2220 3667 2292 Scripturis
3690 2221 3759 2277 ad

2180 2318 2423 2374 carnales
2462 2317 2704 2372 homines
2745 2315 3126 2385 pertinentibus
3161 2313 3443 2384 exponitur
3491 2313 3757 2384 hymnus,

2181 2409 2268 2479 qui
2299 2425 2402 2463 non
2431 2407 2660 2478 pertinet
2688 2405 2753 2460 ad
2783 2404 3059 2461 carnales?
3086 2403 3143 2460 Si
3179 2405 3320 2460 enim
3339 2444 3354 2470 ,
3381 2403 3525 2459 verbi
3551 2404 3718 2474 gratia
3738 2443 3758 2469 ,

2183 2509 2459 2572 propterea
2489 2501 2504 2531 ί
2528 2499 2578 2552 in
2608 2500 2708 2552 isto
2739 2498 2935 2569 hymno
2962 2504 3202 2552 cantatur
3226 2504 3282 2552 et
3305 2496 3518 2563 dicitur,
3550 2495 3760 2551 Solvere

2183 2593 2314 2656 t'olo,
2344 2600 2389 2645 et
2417 2591 2541 2644 solvi
2565 2589 2694 2652 voto,
2722 2589 2864 2659 quia.
2887 2590 3023 2642 sicut
3041 2587 3127 2643 isti
3149 2587 3260 2643 hmc
3280 2586 3440 2642 verba
3463 2596 3760 2657 exponunt,

2185 2683 2342 2737 solvit
2365 2697 2463 2737 nos
2494 2681 2745 2735 Dominus
2785 2679 3027 2734 Christus
3055 2694 3087 2734 a
3114 2678 3516 2734 conversatione
3543 2678 3724 2733 saeculi
3743 2719 3758 2742 ,

2187 2783 2242 2828 ut
2269 2788 2372 2828 non
2405 2773 2595 2827 iterum
2621 2773 2844 2841 ligemur
2867 2770 2918 2824 in
2946 2785 3040 2836 eo;
3072 2770 3186 2826 haec
3212 2771 3266 2825 in
3290 2769 3579 2841 Scripturis
3603 2784 3766 2824 cano-

2187 2862 2317 2918 nicis
2360 2862 2541 2932 utique
2569 2858 2880 2926 didicimus,
2910 2859 3052 2930 quod
3095 2860 3266 2914 solvat
3300 2874 3398 2914 nos
3440 2859 3701 2913 Dominus
3735 2873 3765 2913 a

2187 2956 2586 3011 conversatione
2611 2954 2812 3020 saeculi,
2844 2961 2898 3008 et
2918 2953 3037 3023 quia
3069 2953 3119 3007 in
3147 2967 3213 3008 eo
3239 2967 3344 3007 non
3373 2951 3632 3007 debemus
3663 2952 3765 3006 ite-

2188 3064 2303 3102 rum
2331 3046 2585 3117 colligari.
2613 3044 2743 3100 Nam
2769 3043 2895 3116 quid
2935 3051 3018 3098 est
3053 3043 3194 3098 aliud
3215 3085 3230 3109 ,
3275 3041 3526 3114 Dirupisti
3564 3042 3769 3095 vincula

2190 3155 2298 3192 mea
2337 3137 2511 3207 (Psal.
2544 3151 2668 3203 cxv,
2710 3132 2996 3206 16)?,quid
3034 3141 3115 3188 est
3142 3133 3279 3188 aliud
3301 3175 3316 3200 ,
3347 3131 3596 3187 Dominus
3622 3132 3770 3186 solvit

2190 3228 2492 3299 compeditos
2521 3225 2689 3298 (Psal.
2721 3241 2876 3290 cxcv,
2910 3223 2966 3297 7)
2985 3224 3028 3278 ?.
3055 3224 3172 3280 Jam
3193 3224 3394 3279 solutos
3418 3231 3595 3278 autem
3626 3226 3772 3292 Apo-

2191 3320 2358 3374 Stolus
2382 3318 2636 3372 admonet
2663 3317 2868 3380 dicens,
2897 3315 3042 3371 State
3073 3331 3214 3387 ergo,
3239 3323 3283 3369 et
3317 3331 3379 3369 ne
3405 3316 3588 3368 iterum
3610 3314 3771 3367 servi-

2193 3412 2312 3466 tutis
2323 3413 2452 3482 jugo
2475 3408 2794 3462 detineamini
2813 3406 3006 3478 (Galat.
3030 3423 3083 3473 v,
3100 3404 3150 3478 1)
3174 3423 3188 3460 :
3211 3414 3265 3461 et
3283 3405 3555 3476 apostolus
3579 3404 3773 3460 Petrus

2192 3501 2340 3568 dicit,
2377 3500 2438 3554 Si
2464 3500 2597 3553 enim
2623 3497 2928 3570 refugientes
2961 3495 3385 3567 coinquinationes
3406 3494 3581 3547 mundi
3603 3494 3654 3547 in
3681 3511 3768 3546 co-

2192 3592 2415 3664 gnitione
2449 3589 2658 3643 Domini
2697 3588 2855 3642 nostri
2891 3596 2935 3642 et
2965 3586 3247 3642 Saluatoris
3283 3585 3408 3642 Jesu
3438 3585 3650 3646 Christi.
3693 3587 3774 3639 his

2192 3698 2365 3736 rursus
2398 3678 2630 3752 impliciti
2665 3688 2994 3750 superantur;
3038 3683 3174 3749 facta
3205 3686 3321 3732 sunt
3371 3677 3443 3731 eis
3488 3677 3774 3748 posteriora

2195 3772 2442 3827 deteriora
2463 3770 2713 3842 prioribus
2735 3769 2800 3842 (ll
2824 3767 2965 3823 Petr.
2993 3785 3048 3832 ιι,
3069 3769 3193 3841 20);
3219 3770 3296 3824 sic
3315 3767 3620 3835 ostendens,
3650 3785 3774 3824 cum

2196 3864 2353 3920 soluti
2385 3862 2643 3917 fuerimus
2663 3903 2678 3928 ,
2727 3861 2928 3932 alligari
2959 3876 3057 3916 nos
3092 3861 3289 3916 mundo
3325 3861 3515 3916 iterum
3546 3878 3653 3916 non
3681 3863 3778 3917 de-

2196 3954 2341 4010 bere.
2374 3951 2504 4008 Cum
2532 3952 2705 4023 itaque
2733 3951 2832 4006 ista
2863 3952 2914 4006 in
2941 3967 3163 4015 canone,
3189 3953 3299 4007 sive
3322 3968 3388 4007 ex
3416 3951 3500 4008 his
3528 3955 3775 4009 testimo-

2196 4043 2297 4099 niis
2327 4059 2444 4114 quae
2479 4041 2918 4109 commemoravi,
2954 4042 3065 4097 sive
3103 4059 3169 4096 ex
3192 4043 3309 4097 aliis
3336 4043 3576 4113 plurimis
3606 4044 3780 4099 mani-

2197 4133 2331 4191 festa
2357 4135 2492 4201 sint,
2523 4143 2575 4188 et
2608 4134 2711 4204 legi
2740 4141 2794 4187 et
2825 4131 3103 4203 praedicari
3129 4148 3235 4189 non
3272 4142 3511 4199 cessent;
3542 4134 3671 4204 quid
3696 4145 3781 4190 est

2197 4224 2337 4294 quod
2366 4224 2451 4278 isti
2474 4223 2615 4278 hunc
2653 4222 2940 4293 hymnum,
2978 4223 3098 4290 ubi,
3127 4231 3182 4276 ut
3215 4223 3503 4278 secundum
3532 4224 3678 4294 ipsos
3702 4224 3782 4278 lo-

2197 4331 2345 4386 quar,
2381 4314 2539 4369 verba
2578 4313 2955 4370 obscurissime
2997 4322 3119 4368 sunt
3144 4311 3342 4384 posita,
3382 4324 3666 4385 propterea
3692 4314 3779 4368 di-

2199 4416 2324 4462 cunt
2348 4407 2400 4461 in
2445 4420 2647 4460 canone
2690 4421 2796 4460 non
2835 4420 2983 4473 esse,
3016 4421 3084 4460 ne
3111 4407 3412 4461 velarcntur
3437 4407 3781 4462 carnalibus?

2199 4514 2318 4553 cum
2346 4499 2520 4568 potius
2557 4513 2618 4554 ea
2649 4497 2920 4552 videamus
2949 4497 3001 4552 in
3029 4513 3234 4554 canone
3272 4498 3538 4564 revelata,
3582 4499 3638 4553 in
3677 4500 3782 4556 hoc

2199 4599 2373 4646 autem
2399 4589 2595 4661 hymno
2615 4589 2833 4644 omnino
2851 4589 3045 4656 velata,
3068 4590 3204 4646 sicut
3225 4589 3324 4660 ipsi
3352 4599 3629 4657 asserunt;
3654 4606 3780 4646 nam

2201 4683 2337 4736 sicut
2355 4682 2522 4752 magis
2538 4680 2863 4736 credendum
2886 4690 2988 4747 est,
3013 4695 3232 4751 prorsus
3251 4697 3357 4736 non
3378 4672 3502 4737 Sunt
3524 4682 3661 4751 ipsa,
3683 4682 3782 4737 sed

2201 4771 2382 4826 nescio
2410 4786 2529 4841 quae
2557 4771 2681 4835 alia,
2712 4786 2828 4841 qua:
2858 4771 2946 4826 tali
2977 4771 3310 4841 expositione
3353 4771 3522 4828 multo
3549 4773 3786 4843 amplius

2202 4862 2414 4927 velant,
2446 4870 2501 4916 et
2529 4861 2768 4916 revelare
2795 4860 3097 4916 formidant.

2273 4949 2325 5004 6.
2365 4949 2495 5004 Nam
2524 4950 2700 5020 utique
2720 4950 2763 5004 si
2789 4949 2892 5006 hoc
2917 4949 3023 5005 illis
3062 4949 3236 5007 verbis
3265 4950 3612 5022 signiﬁcatur,
3638 4955 3784 5024 quod

2205 5057 2303 5098 nos
2328 5041 2484 5095 solvit
2510 5039 2766 5095 Dominus
2790 5057 2820 5096 a
2848 5041 3250 5097 conversatione
3279 5042 3476 5109 saeculi,
3509 5052 3563 5098 et
3591 5051 3651 5098 ut
3675 5059 3785 5099 non

2205 5131 2398 5186 iterum
2427 5130 2648 5201 ligemur
2676 5131 2732 5184 in
2759 5145 2861 5197 eo;
2891 5146 2995 5185 non
3020 5129 3299 5198 diceretur,
3331 5130 3538 5187 Solvere
3565 5133 3677 5187 volo
3699 5175 3714 5203 ,
3740 5143 3788 5189 et

2207 5221 2330 5275 solvi
2360 5220 2494 5288 volo,
2518 5219 2611 5274 sed
2629 5261 2642 5284 ,
2676 5221 2893 5275 Solvere
2922 5221 3061 5288 volo,
3092 5229 3147 5276 et
3173 5235 3266 5277 eos
3293 5237 3427 5291 quos
3451 5221 3682 5290 solvero,
3718 5223 3788 5277 lio

2207 5312 2317 5382 gari
2341 5312 2486 5366 nolo.
2514 5311 2618 5365 Aut
2641 5311 2685 5364 si
2711 5310 2948 5365 membra
2976 5326 3104 5380 sua,
3141 5310 3195 5366 id
3231 5311 3533 5378 est,fideles
3568 5327 3700 5368 suos
3735 5314 3788 5367 in

2208 5418 2266 5458 sc
2284 5403 2638 5472 transfigurat,
2657 5401 3102 5472 quemadmodum
3129 5403 3224 5469 ait,
3244 5401 3446 5457 Esurivi
3467 5445 3482 5471 ,
3501 5412 3552 5458 et
3574 5404 3789 5459 dedistis

2208 5497 2333 5550 mihi
2357 5494 2658 5548 manducare
2677 5492 2886 5565 (Matth.
2915 5509 3049 5562 xxv,
3067 5494 3188 5566 35);
3208 5493 3411 5551 diceret
3426 5496 3623 5566 potius,
3641 5494 3788 5552 Solvi

2208 5588 2349 5654 volo,
2385 5595 2439 5640 et
2469 5584 2619 5654 ligari
2657 5585 2800 5640 nolo.
2839 5585 2946 5640 Aut
2984 5585 3028 5641 si
3064 5595 3339 5656 propterea
3368 5586 3482 5658 ipse
3515 5587 3706 5655 solvit,
3734 5600 3791 5645 et

2211 5679 2324 5749 ipse
2351 5677 2590 5742 solvitur,
2631 5677 2753 5747 quia
2795 5677 2950 5734 solvit
2987 5687 3175 5748 caput,
3205 5679 3442 5735 membra
3485 5681 3764 5738 solvuntur

2273 5791 2290 5818 ι
2316 5785 2457 5848 Alias,
2479 5797 2641 5850 prope.
