4070 6332
353 360 498 420 1037

362 496 480 549 ψιτε
526 479 937 551 persequebatur
976 480 1059 534 cui
1110 480 1355 535 clamavit
1412 481 1478 535 de
1521 484 1691 551 ctelo,
1738 484 1925 552 Saule,

360 560 537 635 Saule,
575 569 696 639 quid
724 586 803 623 me
833 569 1136 640 persequeris
1168 568 1299 642 (Act.
1331 586 1384 625 ix
1404 613 1418 636 ,
1445 568 1537 643 4)?
1577 571 1675 626 hoc
1718 574 1928 643 quidem

360 659 640 715 verborum
689 661 910 714 istorum
964 662 1232 731 exposilor
1287 662 1386 716 iste
1449 678 1552 718 non
1604 663 1782 729 dixit;
1836 665 1927 719 sed

355 750 565 805 etiamsi
606 751 859 817 dixisset,
904 750 957 806 id
1009 752 1058 806 ei
1104 753 1546 821 respondercmus
1591 754 1731 824 quod
1772 757 1928 825 paulo

352 852 475 895 ante
516 842 885 911 respondimus
916 844 1200 913 :quoniam
1232 844 1344 898 haec
1372 844 1421 897 in
1449 844 1732 913 Scripturis
1763 861 1924 899 cano-

350 933 482 988 nicis
511 933 754 1002 legimus,
784 934 853 987 ibi
904 935 1269 1003 intelligimus,
1312 934 1432 989 inde
1476 935 1775 1003 firmamus,
1804 938 1926 993 inde

347 1024 584 1093 quotidie
630 1025 997 1095 prtedicamus.
1025 1026 1157 1091 Quid
1188 1035 1268 1080 est
1299 1026 1455 1095 igitur
1494 1027 1633 1096 quod
1682 1029 1778 1081 iste
1825 1029 1921 1100 hy-

344 1129 500 1168 mnus
528 1113 722 1168 dicitur
745 1116 1042 1170 carnalibus
1068 1115 1230 1169 fuisse
1257 1116 1577 1181 subtractus,
1611 1125 1666 1171 ut
1693 1134 1795 1172 non
1826 1138 1921 1189 po-

342 1214 563 1260 neretur
593 1206 645 1260 in
673 1220 876 1261 canone
899 1250 914 1275 ,
941 1223 1059 1261 eum
1090 1205 1231 1277 quod
1260 1209 1313 1261 in
1340 1209 1430 1262 illo
1459 1219 1700 1278 opertum
1732 1217 1839 1274 est,
1869 1211 1919 1265 in

342 1308 555 1350 canone
597 1306 834 1366 apertum
862 1297 963 1351 sit?
987 1297 1068 1350 An
1100 1312 1265 1368 usque
1312 1298 1449 1352 adeo
1487 1298 1781 1368 desipiunt,
1815 1302 1920 1355 imo

338 1384 642 1453 insaniunt,
671 1397 728 1440 ut
763 1387 991 1441 audeant
1031 1388 1209 1442 dicere
1249 1398 1632 1443 sacramentum
1680 1391 1818 1459 regis
1865 1393 1919 1447 in

335 1473 436 1530 hoc
465 1474 664 1546 hymno
691 1477 1055 1531 absconditum
1086 1493 1206 1533 esse
1231 1479 1606 1548 spiritualibus,
1635 1481 1687 1535 in
1714 1496 1916 1537 canone

330 1573 512 1620 autem
544 1566 881 1623 manifestum
909 1583 1028 1623 esse
1054 1570 1388 1623 carnalibus?

401 1655 453 1709 7.
497 1656 611 1711 Hoc
636 1657 700 1712 de
728 1658 1089 1728 superioribus
1121 1659 1359 1727 ejusdem
1397 1660 1581 1732 hymni
1607 1662 1781 1717 verbis
1808 1662 1911 1719 dici

330 1758 530 1819 potest,
564 1750 650 1804 ubi
678 1752 752 1805 ait
777 1768 789 1803 :
819 1751 1031 1806 Salvarc
1056 1753 1185 1818 volo,
1215 1762 1261 1805 et
1287 1755 1472 1807 salvari
1502 1756 1632 1809 volo.
1662 1756 1714 1811 Si
1745 1758 1907 1825 enim,

324 1840 459 1893 sicut
489 1840 590 1910 ipsi
619 1850 924 1909 exponunt,
951 1844 1051 1897 hoc
1090 1843 1185 1897 ista
1222 1845 1381 1898 verba
1418 1847 1740 1915 signiﬁcant,
1770 1851 1907 1918 quod

320 1929 592 1984 salvamur
625 1947 655 1984 a
687 1932 909 1987 Domino
936 1949 1031 2003 per
1061 1933 1384 2002 Baptismum
1405 1978 1417 2000 ,
1451 1945 1504 1990 et
1539 1937 1824 2005 salvamus,
1857 1940 1906 1993 id

316 2029 400 2075 est
444 2023 776 2077 custodimus
824 2024 875 2077 in
922 2026 1074 2079 nobis
1115 2025 1367 2095 Spiritum
1397 2027 1577 2081 datum
1623 2031 1771 2084 nobis
1812 2046 1907 2100 per

318 2111 682 2181 Baptismum;
713 2130 890 2169 nonne
916 2115 1075 2169 istum
1106 2131 1319 2170 sensum
1352 2117 1621 2187 Scriptura
1652 2122 1903 2175 canonica

313 2200 547 2269 clamat,
577 2203 663 2256 ubi
692 2204 945 2273 legimus,
972 2204 1153 2259 Salvos
1180 2223 1269 2259 nos
1296 2208 1409 2276 fecit
1437 2224 1524 2277 per
1545 2208 1799 2262 lavacrum
1827 2226 1903 2265 re-

310 2292 650 2361 generationis
680 2292 801 2361 (Tit.
830 2310 915 2358 Ill,
940 2294 1023 2365 5)?
1043 2304 1093 2349 et
1124 2296 1209 2349 ubi
1239 2296 1391 2351 nobis
1416 2298 1625 2363 dicitur,
1654 2298 1903 2368 Spiritum

310 2383 464 2436 nolite
491 2383 805 2454 exstinguere
830 2384 874 2456 (I
907 2382 1087 2441 Thess.
1116 2403 1170 2450 v,
1194 2389 1319 2459 l9)?
1346 2388 1621 2454 Quomodo
1649 2409 1772 2460 ergo
1802 2394 1900 2447 iste

308 2469 542 2541 hymnus
567 2473 618 2527 in
658 2490 859 2529 canone
887 2476 1005 2531 ideo
1043 2494 1148 2531 non
1178 2488 1257 2532 est
1279 2520 1291 2544 ,
1324 2494 1392 2533 ne
1416 2480 1717 2536 carnalibus
1746 2481 1897 2536 iuno-

309 2569 476 2616 teseat
497 2604 513 2629 ,
545 2579 666 2618 cum
703 2565 753 2618 id
796 2565 937 2636 quod
966 2569 1016 2620 in
1044 2569 1130 2623 illo
1156 2569 1438 2624 obscurum
1474 2580 1586 2638 est,
1617 2572 1667 2624 in
1696 2588 1897 2629 canone

305 2650 511 2717 luceat;
546 2656 644 2709 nisi
687 2658 805 2725 quia
850 2658 949 2712 sub
990 2658 1089 2714 hac
1133 2662 1504 2732 qualicumque
1541 2666 1893 2735 expositione,

304 2760 464 2815 quam
497 2748 821 2818 quibuslibet
845 2751 965 2806 aliis
993 2753 1321 2820 obtendunt,
1353 2755 1480 2809 illud
1513 2758 1651 2825 quod
1687 2758 1772 2811 hic
1797 2760 1912 2827 ipsi.

304 2838 552 2906 sapiunt,
591 2841 857 2895 occultare
885 2843 1185 2896 conantur?
1216 2845 1305 2912 qui
1338 2853 1513 2898 tamen
1546 2862 1712 2916 usque
1755 2849 1892 2904 adeo

301 2930 430 2983 casei
476 2940 636 2996 sunt,
685 2941 739 2985 ut
780 2934 938 2987 etiam
968 2937 1209 3004 qumdam
1241 2936 1400 2990 verba
1442 2935 1508 2990 de
1548 2937 1662 3006 ipso
1689 2952 1893 2996 canone

301 3020 593 3077 adhibeant
620 3024 686 3078 ad
708 3025 1078 3095 exponendum
1111 3026 1387 3099 hymnum,
1414 3044 1573 3099 quem
1611 3040 1889 3102 pr0pterea

300 3113 488 3170 dicunt
532 3117 585 3170 in
632 3132 835 3172 canone
881 3133 988 3172 non
1035 3134 1188 3182 esse,
1221 3135 1289 3174 ne
1315 3130 1705 3178 sacramentum
1751 3127 1889 3195 regis

299 3206 605 3261 carnalibus
632 3205 963 3275 proderetur.
996 3207 1128 3275 Quid
1169 3224 1294 3278 ergo
1340 3208 1540 3264 faciunt
1585 3213 1637 3265 in
1686 3228 1887 3270 canone

297 3294 496 3349 clarius
529 3297 697 3365 posita
719 3339 732 3363 ,
760 3313 855 3367 per
880 3314 997 3367 qua:
1025 3299 1075 3352 in
1103 3300 1206 3354 isto
1236 3300 1434 3370 hymno
1460 3302 1765 3371 aperiantur
1789 3305 1885 3360 ub-

295 3397 392 3439 scu
400 3400 455 3439 ra
471 3386 494 3438 ?

367 3477 422 3531 8.
463 3476 597 3531 Nam
624 3478 667 3531 si
698 3476 816 3541 hoc,
848 3486 905 3531 ut
935 3478 1134 3543 dicunt,
1166 3480 1564 3551 intelligendum
1588 3493 1669 3538 est
1697 3485 1748 3540 in
1782 3487 1883 3542 isto

293 3562 517 3638 hymno,
548 3568 635 3621 ubi
666 3568 765 3633 ait,
795 3568 1035 3623 Generari
1067 3571 1199 3637 volo,
1226 3572 1364 3642 quod
1394 3573 1445 3627 in
1473 3576 1725 3630 canonica
1754 3578 1881 3646 Epi-

290 3659 427 3713 stula
455 3658 600 3713 Pauli
622 3661 843 3728 apostoli
866 3662 1122 3730 scriptum
1145 3673 1255 3729 est,
1281 3664 1417 3729 Quos
1444 3665 1625 3719 iterum
1654 3669 1879 3737 parturio

291 3749 449 3802 donec
476 3749 700 3804 Christus
729 3754 971 3821 formetur
994 3753 1046 3805 in
1068 3756 1202 3807 vobis
1224 3754 1423 3824 (Galat.
1456 3772 1525 3823 tv,
1558 3757 1647 3830 19)
1676 3777 1687 3812 :
1712 3760 1756 3812 si
1778 3760 1879 3816 hoc

291 3838 690 3911 intelligendum
722 3852 802 3896 est
829 3846 878 3895 in
907 3843 1009 3897 isto
1036 3844 1233 3915 hymno
1264 3846 1348 3900 ubi
1373 3847 1475 3911 ait,
1500 3848 1717 3902 Cantare
1741 3852 1874 3917 volo,

289 3929 430 3997 quod
460 3932 515 3983 in
542 3931 752 3986 Psalmo
796 3934 1055 3987 canonico
1090 3938 1343 4003 scriptum
1388 3947 1499 4003 est,
1536 3938 1744 3993 Cantate
1770 3940 1876 3994 Do-

287 4020 424 4073 mino
450 4022 704 4075 canticum
741 4039 926 4075 novum
952 4021 1135 4092 (Psal.
1184 4040 1310 4091 xcv,
1345 4026 1393 4097 1)
1424 4044 1436 4078 :
1462 4028 1503 4081 si
1547 4028 1648 4083 hoc
1682 4030 1876 4083 intelli-

286 4112 519 4179 gendum
564 4121 647 4167 est
692 4114 744 4166 in
793 4113 894 4167 isto
939 4114 1170 4185 hymno,
1204 4117 1291 4169 ubi
1319 4117 1423 4181 ait,
1449 4116 1647 4172 Saltate
1674 4122 1867 4186 cuncti,

285 4201 425 4269 quod
450 4203 707 4271 scriptum
744 4212 826 4257 est
860 4205 911 4257 in
952 4204 1158 4259 cantico
1197 4207 1519 4275 evangelica,
1552 4207 1872 4265 Cantavimus

285 4291 439 4355 nobis,
469 4300 521 4346 et
547 4309 647 4346 non
674 4293 898 4347 saltastis
915 4310 936 4349 :
960 4293 1005 4348 si
1028 4293 1131 4349 hoc
1160 4292 1559 4364 intelligendum
1587 4299 1740 4351 estin
1770 4300 1872 4354 isto

246 4378 257 4385 ”
284 4381 506 4454 hymno,
539 4384 789 4455 Plangere
824 4386 965 4453 volo,
991 4386 1186 4440 tundite
1225 4403 1310 4440 vos
1339 4404 1539 4452 antnes,
1569 4390 1709 4459 quod
1738 4393 1871 4445 scri-

283 4486 430 4545 ptum
472 4487 558 4534 est
602 4478 651 4532 in
697 4480 907 4533 cantico
936 4480 1263 4549 cvangelico,
1294 4479 1596 4534 Planximus
1622 4484 1758 4536 vobis
1778 4520 1792 4549 ,
1823 4493 1871 4537 et

286 4584 383 4620 non
405 4569 608 4623 luxistis
631 4568 839 4640 (Matth.
871 4586 942 4633 χι,
973 4571 1061 4642 17)
1090 4585 1102 4621 :
1134 4570 1178 4623 si
1199 4612 1213 4632 ,
1249 4570 1444 4624 Ornare
1470 4574 1601 4639 volo,
1624 4582 1671 4626 ct
1696 4575 1870 4628 ornari

284 4660 414 4726 uelo,
441 4664 547 4715 hoc
577 4661 835 4731 signiﬁcat
870 4662 921 4714 in
961 4662 1060 4714 isto
1090 4662 1307 4732 hymno,
1336 4662 1475 4732 quod
1507 4665 1761 4733 scriptum
1787 4675 1869 4720 est

283 4747 334 4801 in
360 4763 587 4815 Oenone,
623 4748 863 4802 Habitare
883 4748 1136 4803 Christum
1167 4766 1255 4820 per
1270 4751 1421 4820 ﬁdem
1446 4752 1498 4805 in
1530 4752 1761 4808 cordibus
1788 4771 1867 4808 t'e-

282 4840 395 4892 stris
426 4841 588 4913 (Eph.
612 4857 689 4904 ιιι,
716 4842 835 4909 l7};
865 4849 945 4902 et,
989 4840 1084 4894 Vos
1104 4843 1220 4895 estis
1241 4842 1479 4913 templum
1503 4840 1629 4910 Dei,
1662 4854 1707 4898 et
1744 4846 1865 4916 Spi-

282 4929 405 4983 ritus
440 4931 533 4984 Dei
575 4931 763 4984 habitat
793 4932 843 4983 in
866 4929 1000 4983 vobis
1041 4930 1088 5000 (l
1121 4929 1237 4985 Cor.
1274 4948 1329 4986 tu
1350 4974 1364 4997 ,
1396 4935 1484 5004 16)
1510 4951 1524 4988 :
1549 4935 1592 4989 si
1619 4937 1758 5005 quod
1790 4938 1863 4992 ait

282 5018 335 5072 in
360 5021 462 5075 isto
494 5021 711 5091 hymno,
740 5019 969 5073 Lucerna
991 5037 1103 5073 sum
1124 5021 1239 5085 tibi,
1265 5023 1351 5075 ille
1374 5025 1459 5092 qui
1483 5041 1561 5077 me
1582 5027 1736 5085 vides.
1760 5026 1863 5083 hoc

284 5108 565 5178 signiﬁcat,
593 5109 734 5180 quod
760 5110 1015 5177 scriptum
1045 5119 1126 5164 cst
1156 5109 1205 5163 in
1236 5111 1446 5166 Psalmo
1475 5116 1762 5182 canonico,
1794 5116 1859 5171 In

282 5199 470 5257 lumine
496 5211 580 5256 tuo
608 5201 881 5255 vidtbimus
910 5200 1078 5254 lumen
1108 5199 1277 5272 (Psal.
1310 5218 1468 5267 xxxv,
1502 5204 1590 5273 10)
1620 5207 1697 5260 :si
1720 5210 1858 5277 quod

281 5293 353 5347 ait
378 5293 429 5348 in
458 5295 559 5349 isto
582 5294 801 5365 hymno,
823 5291 995 5345 Ianua
1014 5310 1124 5346 sum
1144 5292 1230 5346 tibi
1250 5294 1543 5367 quicumque
1562 5314 1641 5351 me
1662 5300 1853 5368 pulsas,

282 5382 383 5439 hoc
410 5386 670 5455 signiﬁcat
695 5383 835 5455 quod
880 5384 932 5437 in
968 5383 1182 5437 Psalmo
1209 5384 1463 5440 canonico
1492 5387 1700 5455 legitur,
1725 5391 1858 5459 Ape~

278 5474 371 5528 rite
415 5476 537 5528 mihi
581 5485 750 5546 portas
780 5475 1028 5543 justitiw;
1060 5475 1312 5545 ingressus
1353 5477 1403 5529 in
1440 5477 1543 5543 eis,
1586 5481 1857 5547 conﬁtebor

286 5563 686 5635 Domino(Psal.
715 5581 875 5629 cxvn,
912 5566 1035 5635 19);
1073 5576 1126 5618 et
1169 5567 1218 5618 in
1263 5566 1367 5621 alio
1413 5567 1644 5636 psalmo,
1676 5569 1856 5626 Tollite

281 5670 450 5725 portas
474 5661 719 5730 principes
763 5660 929 5726 vestri,
955 5667 997 5713 et
1025 5656 1286 5713 elevamini
1314 5671 1471 5727 porta:
1493 5662 1781 5727 celeritates,
1806 5676 1853 5718 et

281 5751 497 5809 introibit
522 5771 611 5810 rex
636 5754 812 5825 gloria:
835 5751 1006 5827 (Psal.
1036 5767 1184 5822 χχιιι,
1215 5749 1269 5824 7)
1295 5767 1305 5805 :
1334 5754 1377 5807 si
1403 5754 1541 5823 quod
1569 5755 1641 5810 ait
1667 5756 1718 5809 in
1750 5757 1850 5814 isto

1550 372 2019 433 EPISTULARUM
2057 374 2326 438 CLASSiS
2362 381 2447 438 IV.

3487 409 3620 464 1038

2037 486 2254 560 hymno,
2280 484 2383 559 Qui
2403 496 2538 551 vides
2551 497 2685 568 quod
2706 518 2822 572 ago,
2845 513 2954 560 tace
2978 524 3129 579 opera
3150 523 3280 582 mea,
3300 510 3399 572 hoc
3419 523 3615 592 signiti-

2035 587 2121 633 cat
2147 582 2286 649 quod
2308 586 2557 655 scriptum
2586 600 2667 645 est
2683 591 2734 646 in
2754 592 2889 649 libro
2905 595 3103 668 Tobiae,
3124 582 3507 665 Sacramentum
3533 633 3609 669 re-

2033 668 2109 737 gis
2125 668 2306 725 bonum
2330 684 2400 728 est
2426 677 2725 736 abscondere
2744 682 2889 754 (Tob.
2915 703 3011 755 xn,
3032 691 3088 763 7)
3109 710 3121 745 :
3141 710 3236 749 cur
3259 700 3358 753 iste
3378 700 3608 773 hymnus

2032 772 2136 811 non
2167 775 2284 815 esse
2306 763 2357 817 in
2378 779 2579 823 canone
2606 783 2882 842 propterea
2911 776 3121 848 dicitur,
3146 795 3201 838 ut
3222 763 3606 850 sacramentum

2030 849 2170 917 regis
2210 851 2563 912 abscondatur
2588 864 2918 931 carnalibus;
2964 883 3082 924 cum
3130 888 3191 927 ea
3238 891 3356 945 quae
3403 880 3456 935 in
3504 885 3609 939 isto

2031 935 2229 1007 hymno
2255 956 2614 1015 exponuntur,
2639 950 2799 1006 etiam
2828 955 2880 1008 in
2906 973 3110 1017 canone
3149 964 3406 1037 legantur,
3436 983 3487 1027 et
3526 978 3604 1030 sic

2029 1028 2098 1082 ibi
2128 1034 2457 1101 reperiantur
2481 1041 2777 1109 manifesta,
2805 1056 2859 1100 ut
2888 1064 2982 1117 per
3007 1050 3119 1106 inec
3150 1055 3239 1110 illa
3267 1073 3601 1127 exponantur

2027 1119 2248 1175 obscura
2275 1141 2287 1176 :
2313 1127 2411 1181 nisi
2434 1129 2556 1197 quia
2579 1131 2705 1186 istas
2728 1139 3081 1204 expositiones
3110 1145 3304 1202 habent
3329 1150 3381 1204 in
3409 1155 3599 1221 quibus

2025 1208 2248 1279 lateant;
2282 1215 2333 1269 in
2364 1220 2541 1273 verbis
2570 1238 2692 1277 vero
2723 1226 2859 1282 illius
2886 1228 3099 1300 hymni,
3132 1253 3286 1305 quem
3327 1256 3595 1312 exponere

2024 1314 2082 1354 se
2107 1302 2390 1375 simulant,
2421 1308 2521 1365 hoc
2557 1314 2766 1384 sapiunt
2806 1321 2945 1388 quod
2990 1324 3175 1383 alienis
3217 1345 3482 1401 exponere
3525 1337 3596 1392 ti-

2022 1396 2234 1449 meant?

2092 1482 2145 1538 9.
2184 1484 2422 1556 Longum
2462 1500 2543 1547 est
2579 1506 2767 1551 cuncta
2798 1498 3113 1571 disputando
3140 1521 3453 1571 monstrare.
3486 1518 3593 1572 Ve-

2019 1585 2137 1627 rum
2162 1590 2227 1630 ex
2258 1577 2339 1633 his
2367 1596 2485 1650 qua:
2508 1582 2741 1643 diximus
2762 1630 2776 1654 ,
2806 1602 2998 1648 czctera
3024 1600 3361 1658 considerare
3400 1606 3593 1663 facilli-

2020 1678 2162 1718 mum
2187 1677 2289 1734 est,
2309 1679 2361 1723 ct
2384 1672 2559 1729 videre
2585 1691 2644 1730 ea
2666 1694 2782 1747 qua:
2806 1681 2855 1735 in
2881 1687 3210 1754 expositione
3234 1690 3390 1761 hujus
3412 1698 3591 1767 hymni

2016 1752 2151 1808 bona
2178 1767 2230 1812 et
2270 1758 2489 1816 honesta
2535 1765 2752 1835 dicunt,
2794 1773 2953 1827 etiam
3004 1777 3057 1830 in
3100 1793 3304 1837 canone
3346 1789 3589 1855 reperiri.

2016 1840 2167 1899 Unde
2194 1846 2279 1900 illa
2301 1864 2483 1905 eorum
2512 1870 2614 1909 non
2638 1858 2791 1923 ratio,
2825 1862 2918 1916 sed
2947 1867 3307 1935 tergiversatio
3336 1840 3445 1941 esi,
3471 1876 3591 1932 ideo

2015 1933 2159 1990 illum
2189 1954 2581 2002 esseaeanone
2620 1961 2949 2022 separatum,
2985 1960 3104 2026 quia
3144 1965 3446 2022 carnalibus
3489 1969 3588 2022 hoe-

2012 2027 2244 2085 minibus
2292 2032 2723 2095 ahscondendum
2772 2046 2910 2114 regis
2953 2046 3123 2105 fuerat
3171 2067 3583 2114 sacramentum.

2012 2117 2163 2174 Unde
2207 2140 2312 2178 non
2362 2126 2625 2186 immerito
2678 2137 2969 2193 creduntur
3006 2140 3122 2196 istis
3166 2148 3586 2213 expositionibus

2010 2226 2113 2265 non
2159 2216 2365 2283 aperire
2404 2221 2544 2275 velle
2582 2226 2721 2292 quod
2764 2227 2973 2297 legunt,
3020 2234 3113 2287 sed
3161 2238 3334 2302 potius
3377 2244 3588 2308 operire

2007 2302 2147 2370 quod
2174 2306 2425 2363 sentiunt.
2460 2310 2569 2367 Nec
2601 2315 2813 2381 mirum,
2834 2321 3264 2391 quandoquidem
3292 2302 3460 2396 ipsum
3488 2332 3587 2386 Do-

2006 2393 2206 2447 minum
2232 2395 2411 2451 Jesum
2438 2396 2742 2470 loquentem
2761 2447 2775 2471 ,
2809 2423 2912 2461 non
2939 2424 3034 2478 per
3053 2425 3147 2466 ora
3174 2413 3581 2487 Prophetarum,

2005 2485 2085 2537 vel
2126 2486 2543 2558 Apostolorum,
2571 2495 2656 2549 vel
2686 2497 3008 2567 Angelorum
3032 2544 3045 2567 ,
3091 2505 3183 2559 sed
3222 2485 3318 2576 per
3359 2526 3419 2565 os
3459 2528 3582 2580 pro-

2005 2574 2216 2643 prium,
2268 2578 2543 2635 illusorem
2590 2586 2763 2652 potius
2806 2604 2960 2657 quam
3023 2595 3259 2650 veritatis
3311 2598 3582 2657 doctorem

2002 2664 2165 2720 fuisse
2189 2666 2548 2725 crediderunt.
2577 2674 2708 2728 Huic
2747 2679 2927 2747 utique
2966 2680 3166 2752 hymno
3208 2687 3439 2743 divinam
3483 2694 3581 2746 tri-

2000 2754 2221 2810 buentes
2260 2762 2661 2829 auctoritatem,
2705 2766 2791 2820 ubi
2836 2784 2954 2823 cum
3002 2772 3200 2828 dixisse
3246 2779 3423 2833 nescio
3464 2785 3581 2859 quis

1999 2844 2234 2914 ejusdem
2264 2848 2449 2920 hymni
2479 2852 2723 2911 conditor
2749 2858 2919 2927 ﬁnxit,
2964 2861 3120 2918 Verbo
3147 2867 3285 2922 illusi
3310 2844 3508 2941 cuncta,
3533 2856 3579 2929 et

1996 2950 2098 2988 non
2137 2954 2247 2990 sum
2288 2939 2469 2996 illusus
2496 2944 2561 2997 'in
2606 2956 2796 3012 totum;
2838 2956 3217 3023 respondeant,
3252 2959 3296 3014 si
3325 2976 3574 3031 possunt,

1994 3028 2190 3096 egregii
2218 3030 2537 3101 spirituales,
2570 3051 2677 3106 quo
2704 3055 2917 3107 eamus,
2951 3048 3035 3099 cui
3062 3062 3218 3103 aures
3254 3055 3573 3123 aperiamus,

1995 3119 2076 3171 eui
2104 3118 2336 3190 loquenti
2362 3133 2645 3197 utcumque
2665 3131 2967 3203 credamus,
2987 3137 3036 3191 in
3058 3141 3207 3210 cujus
3228 3147 3576 3213 promissione

1993 3220 2142 3276 spem
2187 3225 2479 3281 ponamus,
2504 3217 2551 3271 si
2589 3221 2750 3274 verbo
2791 3235 2977 3280 cuncta
3020 3228 3259 3287 Christus
3306 3236 3497 3305 illusit,
3529 3241 3573 3295 si

1992 3296 2155 3353 verbo
2200 3314 2387 3359 cuncta
2431 3309 2766 3378 omnipotens
2812 3316 3064 3385 magister
3106 3321 3295 3389 illusit,
3327 3328 3572 3385 sitverho

1991 3401 2179 3447 cuncta
2210 3394 2294 3449 ille
2318 3398 2407 3465 qui
2436 3408 2517 3453 est
2545 3401 2854 3471 Unigcnitus
2874 3408 3104 3465 Verbum
3137 3414 3225 3469 Dei
3254 3416 3426 3474 Patris
3449 3423 3568 3475 illu-

1989 3480 2076 3534 sit.
2128 3482 2264 3548 Quid
2309 3487 2528 3543 ultcrins
2571 3491 2757 3562 loquar
2795 3496 2862 3552 de
2906 3501 3124 3568 perditis
3167 3508 3487 3579 vaniloquis.
3517 3524 3571 3567 et

1990 3574 2180 3627 mentis
2201 3576 2588 3648 seductorihus,
2614 3587 2838 3653 primum
2865 3604 2995 3657 suae,
3014 3592 3204 3652 deinde
3229 3608 3566 3670 cacterorum,

1986 3680 2119 3734 quos
2147 3666 2247 3723 sibi
2280 3669 2347 3723 ad
2382 3671 2653 3729 interitum
2698 3680 3101 3747 praedestinatos
3137 3699 3391 3748 mternum
3437 3710 3565 3750 cono

1984 3757 2188 3812 sociare
2238 3765 2560 3828 potuerunt?
2616 3767 2887 3840 Rescripsi
2939 3774 3287 3835 Vcnerationi
3321 3790 3464 3850 tum,
3513 3798 3567 3843 et

1985 3848 2150 3903 multo
2188 3852 2355 3906 serius
2397 3869 2552 3923 quam
2581 3859 2849 3915 volueram
2871 3904 2886 3929 ,
2918 3874 2971 3919 et
3009 3868 3156 3936 plura
3188 3887 3345 3941 quam
3387 3876 3564 3945 dispo-

1983 3952 2215 3992 sueram.
2245 3941 2455 4011 Optime
2501 3945 2672 4002 facitis
2710 3952 2989 4021 vigilanter
3024 3957 3176 4026 lupos
3218 3977 3432 4028 cavere;
3470 3970 3560 4021 sed

1981 4031 2139 4085 etiam
2173 4047 2267 4102 pro
2294 4038 2541 4093 sanandis
2571 4042 2786 4107 ovibus,
2820 4046 2862 4097 si
2891 4062 3019 4114 quas
3049 4048 3183 4103 forte
3214 4054 3557 4123 violaverint,

1980 4122 2090 4177 sive
2118 4125 2228 4192 jam
2256 4128 2678 4197 vulneraverint,
2711 4136 2959 4202 pastorali
2991 4138 3258 4209 diligentia
3278 4185 3292 4209 ,
3324 4146 3438 4216 ipso
3467 4149 3560 4203 ad—

1973 4209 2189 4279 juvantc
2212 4227 2481 4284 pastorum
2518 4218 2758 4286 Domino,
2790 4223 3047 4282 laboratc.

2316 4324 2645 4383 EPlSTOLA
2684 4330 3035 4393 ccxxxvm
3073 4343 3091 4364 ·
3132 4339 3226 4415 (η).

1976 4413 2604 4512 AugustinusJPaslclentio,
2635 4422 3016 4512 domus‘rlcgite.
3041 4434 3209 4512 captiti
3245 4438 3439 4505 ariano,
3471 4446 3556 4512 qui

2046 4483 2209 4571 ipsum
2248 4483 2658 4571 ad'colloqttiuiit
2702 4495 2838 4571 apud
2876 4483 3226 4570 Chrthaginem
3264 4483 3553 4571 provoba‘bat

2045 4553 2133 4623 (ea:
2160 4553 2410 4638 Possidio,
2436 4553 2594 4649 c.'l‘7)
2615 4604 2627 4625 ,
2661 4553 2783 4645 etoin
2816 4553 3287 4649 ργοίεμςίοῶἠέίεὶΓ

2045 4639 2104 4674 ac
2131 4628 2479 4711 post‘j'actarat
2507 4628 2842 4711 Augustinum
2872 4628 2932 4690 ab
2957 4640 3067 4711 ipso
3087 4628 3550 4711 superatum

2044 4704 2129 4763 pto
2170 4697 2605 4786 rxddit'rationcm:
2628 4704 2906 4786 ﬁdeisua’,
2939 4697 3001 4763 de
3039 4697 3197 4767 tribus

2042 4780 2143 4817 uno
2169 4765 2296 4832 Deo,
2322 4767 2480 4839 deque
2501 4765 2645 4825 verba
2666 4765 2901 4840 ὁμοὺσισνξ

2040 4874 2263 4930 CAPUT
2295 4878 2662 4935 PRIMUM.——
2685 4886 2735 4939 1.
2765 4887 3044 4944 Volueram
3075 4893 3307 4961 quidem,
3338 4908 3546 4966 petente

1971 4976 2021 5022 te
2073 4976 2230 5038 atque
2269 4971 2528 5041 instante,
2568 4985 2623 5029 ut
2665 4980 2971 5036 meminisse
3017 4984 3406 5054 dignaris,imo
3452 5008 3544 5061 pro

1967 5059 2158 5114 merito
2201 5061 2372 5115 anatis
2413 5078 2476 5117 ac
2514 5064 2781 5134 dignitatis
2827 5080 2930 5125 tua:
2965 5072 3184 5140 juhente
3210 5088 3279 5143 te,
3328 5059 3543 5137 de'lide

1966 5147 2249 5203 christiana
2276 5152 2433 5206 etiam
2463 5168 2696 5222 praesens
2731 5174 2853 5212 cum
2889 5174 3181 5230 praesente,
3212 5167 3262 5221 in
3290 5182 3540 5239 quantum

1865 5284 1885 5295 α
1964 5239 2093 5293 mihi
2124 5240 2425 5297 facultatem
2456 5244 2707 5303 Dominus
2736 5251 3032 5320 largiretur,
3062 5256 3301 5312 Conferre
3330 5276 3535 5316 sermo-

1965 5348 2106 5388 nem.
2132 5332 2237 5389 Sed
2264 5336 2385 5406 quia
2403 5339 2494 5394 tibi
2520 5352 2635 5409 post
2654 5343 2926 5411 prandium
2945 5345 3204 5415 diSplicuit
3235 5354 3371 5421 quod
3405 5356 3539 5412 inter

1964 5440 2061 5479 nos
2090 5442 2246 5481 mane
2266 5430 2554 5500 placuerat,
2576 5442 2631 5487 ut
2655 5449 2685 5487 a
2715 5436 2932 5489 notariis
2949 5439 3106 5493 verba
3126 5453 3304 5497 nostra
3322 5447 3534 5517 excipe-

1962 5525 2174 5583 rentur;
2194 5534 2261 5574 ne
2278 5522 2497 5577 ulterius
2511 5523 2675 5591 dicas,
2689 5526 2827 5594 quod
2848 5535 2896 5581 te
2916 5527 3071 5582 audio
3089 5546 3191 5585 non
3216 5541 3410 5601 tacere,
3428 5555 3533 5593 non

2023 5627 2041 5645 '
2062 5629 2514 5712 E[.istt.‘rCCXXX\’lu
2537 5640 2589 5682 et
2608 5640 3096 5712 C(Rtxgtutcorrectte
3130 5646 3336 5712 sunt‘ad
3368 5660 3415 5697 a.
3446 5648 3527 5712 bg.

1957 5686 2025 5737 bl.
2046 5686 2184 5738 cioc.
2211 5691 2259 5739 ll.
2281 5706 2427 5756 g.gv.
2453 5708 2503 5742 n.
2524 5708 2565 5743 r.
2583 5708 2625 5743 ε.
2650 5696 2724 5744 sb.
2752 5704 2787 5745 t.
2828 5709 2900 5746 vc.
2936 5712 2980 5746 ν.
3008 5686 3058 5748 et
3082 5686 3151 5749 ad
3164 5686 3284 5755 Eia:

2020 5770 2091 5832 (a)
2117 5771 2239 5823 Alias
2257 5773 2345 5823 liii
2363 5788 2375 5823 :
2394 5788 2504 5837 quae
2526 5783 2687 5825 autem
2710 5777 2799 5825 238
2820 5786 2940 5838 erat,
2967 5794 3091 5829 nunc
3113 5783 3192 5833 69.
