4084 6332
436 377 569 433 1059

437 509 524 550 me
552 491 711 546 fuisse
739 498 925 542 ausum
957 480 1049 537 tibi
1083 477 1258 531 dicere
1289 468 1443 524 fidem
1470 478 1643 520 meam
1667 502 1682 527 ,
1705 458 1788 514 his
1817 453 2008 509 litteris

434 585 614 658 accipe
627 579 767 652 quod
783 587 835 634 et
852 587 906 631 tu
919 578 1080 644 legas,
1093 577 1146 624 et
1161 564 1244 622 cui
1265 561 1346 618 vol
1355 552 1785 627 uerislcgendu‘m
1805 545 2005 608 tradas,

411 686 491 732 et
526 673 668 747 quod
696 669 926 727 volucris
954 661 1184 718 vicissim
1210 650 1492 735 scribendo
1523 651 1634 718 ipse
1664 638 2008 711 respondeas.

441 729 678 836 iniquum
711 770 792 817 est
823 759 966 814 enim
995 763 1052 810 ut
1082 733 1308 822 quisque
1332 745 1400 800 de
1429 742 1532 796 alio
1565 736 1804 809 judicare
1849 729 2011 792 velit,

430 867 492 914 et
515 854 738 927 judicari
760 852 827 907 de
853 865 911 905 se
935 845 1085 902 nolit.

509 907 784 1000 éflﬁtde
828 935 1097 1009 praeterito
1137 927 1350 1001 quidem
1395 921 1589 994 placito
1635 923 1848 977 nostro,
1875 907 2018 980 quod

420 1025 686 1092 ‘condicto
713 1027 1003 1085 meridiano
1029 1021 1251 1092 implere
1278 1013 1514 1078 noluisti,
1541 1009 1698 1065 facile
1722 999 2017 1060 existimari

445 1133 616 1198 potest
643 1125 762 1194 quis
791 1129 1032 1176 nostrum
1057 1113 1178 1168 ﬁdei
1208 1126 1317 1164 sua:
1338 1105 1584 1161 fiduciam
1608 1116 1713 1155 non
1735 1093 2018 1151 habuerit:

444 1192 619 1274 utrum
650 1192 739 1286 qui
774 1211 986 1265 volebat
1014 1215 1072 1261 ut
1094 1205 1378 1261 diceretur,
1408 1206 1462 1252 et
1498 1192 1718 1249 timebat
1759 1203 1828 1242 ne
1869 1193 2021 1240 tene-

444 1318 620 1372 retur;
648 1276 715 1360 an
744 1300 835 1374 qui
861 1314 1027 1370 usque
1060 1295 1195 1351 adeo
1225 1290 1440 1347 nolebat
1471 1301 1588 1341 eam
1616 1276 2026 1350 disceptantium

419 1400 640 1470 ~judicio
679 1367 1022 1459 subtrahi,_ut
1048 1385 1295 1444 mandata
1323 1378 1514 1436 litteris
1553 1375 1714 1430 vellet
1753 1371 1911 1426 etiam
1950 1367 2028 1421 lc-

444 1492 679 1562 gentium
704 1473 1378 1541 memoriarcommendari,
1405 1485 1471 1524 ne
1495 1467 1770 1538 quisquam
1791 1460 1869 1514 vel
1891 1456 2030 1511 obli-

444 1584 604 1637 vione
641 1580 886 1650 Opinatus
907 1617 922 1641 ,
951 1573 1032 1628 vel
1070 1567 1402 1625 dissensione
1444 1561 1711 1622 irritatus,
1738 1554 1937 1609 diceret
1965 1549 2033 1605 ab

448 1675 626 1744 aliquo
652 1680 891 1726 nostrum
912 1673 1002 1719 aut
1031 1679 1133 1717 non
1162 1674 1279 1716 esse
1301 1656 1498 1711 dictum
1517 1647 1657 1721 quod
1679 1647 1874 1700 dictmn
1898 1647 2030 1715 erat,

443 1775 543 1822 aut
566 1763 762 1820 dictum
791 1753 1078 1826 essequod
1105 1752 1302 1807 dictum
1347 1761 1452 1800 non
1489 1749 1626 1798 erat.
1669 1739 1726 1792 ιιι
1772 1735 1853 1789 bis
1895 1733 2035 1786 enim

450 1851 884 1912 solentlatcbras
921 1860 1030 1900 sure
1071 1841 1222 1896 malae
1271 1830 1594 1891 defensionis
1635 1825 1920 1896 inquirere,
1949 1820 2037 1890 qui

451 1942 806 2008 contentionis
832 1947 956 1994 sunt
980 1933 1284 2003 cupidiores
1307 1940 1464 1997 quam
1490 1919 1748 1977 veritatis.
1793 1915 1905 1969 lloc
1940 1927 2040 1966 au-

454 2048 560 2094 tem
591 2049 690 2090 nec
712 2048 743 2086 a
772 2042 821 2086 te
849 2043 948 2084 nec
977 2041 1006 2079 a
1033 2038 1138 2086 me,
1169 2035 1265 2075 nec
1286 2017 1353 2071 de
1383 2023 1433 2068 te
1461 2027 1560 2067 nec
1586 2010 1652 2064 de
1679 2021 1765 2062 me
1789 2004 1893 2059 dici
1921 2018 2044 2072 pos-

455 2138 555 2192 set,
579 2130 623 2196 si
650 2127 701 2182 in
735 2123 837 2178 lide
862 2116 1090 2177 condicti
1134 2122 1508 2183 permanercs,
1553 2110 1611 2156 ut
1657 2097 1818 2154 verba
1861 2103 2044 2148 nostra

455 2221 831 2289 exciperentur
856 2220 910 2266 et
929 2208 1318 2264 scriberentur;
1346 2192 1642 2268 praesertim
1672 2187 1794 2259 quia
1835 2195 1888 2240 tu
1931 2183 2044 2253 ipse

464 2315 518 2368 in
545 2311 612 2366 iis
633 2306 816 2364 verbis
846 2301 1039 2372 quibus
1067 2296 1224 2350 fidem
1253 2301 1398 2347 tuam
1431 2281 1814 2356 pronuntiasti,
1840 2275 2048 2347 quoties

460 2419 523 2459 ea
551 2396 813 2471 repetisti,
847 2364 1002 2448 toties
1026 2384 1269 2448 variasti,
1303 2378 1445 2451 quod
1475 2375 1620 2431 nulla
1656 2369 1817 2427 credo
1841 2364 2046 2432 fraude,

462 2494 556 2552 sed
580 2489 849 2549 oblivione
875 2485 1068 2540 factum
1095 2493 1235 2536 esse.
1514 2541 1520 2547 ο

521 2585 587 2641 ὅ.
626 2581 758 2638 Nam
791 2577 962 2650 primo
991 2570 1172 2628 dixisti
1201 2565 1422 2624 credere
1460 2569 1511 2616 te
1547 2559 1602 2614 in
1643 2556 1807 2611 Deum
1848 2551 2053 2606 Patrem

465 2644 853 2744 omnipotentem
871 2709 887 2735 ,
913 2663 1212 2721 inuisibilem
1230 2701 1245 2727 ,
1276 2655 1550 2729 ingenitum
1572 2693 1587 2719 ,
1613 2644 1944 2718 incapabilcm
1967 2659 1984 2698 :
2007 2651 2054 2696 et

465 2773 516 2824 iu
555 2741 733 2830 Iesum
763 2761 1020 2818 Christum
1065 2753 1258 2808 Filium
1279 2751 1409 2819 ejus,
1443 2744 1609 2799 Deum
1636 2741 1653 2772 ¹
1679 2780 1696 2805 ,
1727 2746 1900 2791 natum
1941 2742 2057 2786 ante

467 2857 673 2922 saecula,
701 2871 790 2928 per
815 2866 961 2924 quem
991 2849 1265 2918 factasunt
1286 2837 1454 2894 omnia
1474 2852 1492 2901 ;
1522 2843 1567 2888 et
1592 2831 1646 2885 in
1667 2827 1916 2898 Spiritum
1935 2841 2058 2879 san-

469 2907 673 2922 """"'1
701 2907 773 2928 τυ
827 2907 839 2924 ι
991 2907 1001 2918 .
1135 2911 1140 2915 Α
1216 2912 1219 2915 ,

469 2965 620 3006 ctum.
651 2947 851 3016 Quibus
874 2957 974 3013 ego
997 2937 1193 2994 auditis
1210 2976 1223 3000 ,
1251 2946 1372 2988 cum
1399 2923 1792 2996 respondissem
1823 2907 2057 2974 nonduin

472 3060 502 3098 a
545 3053 604 3097 te
637 3013 921 3110 quidquam
949 3031 1147 3085 dictum
1177 3022 1321 3096 quod
1359 3033 1493 3073 mete
1538 3013 1661 3068 lidei
1704 3014 2060 3080 repugnaret,

471 3145 527 3189 et
551 3133 692 3198 ideo,
719 3127 762 3182 si
793 3140 857 3181 ea
885 3119 1210 3191 scripsisses,
1239 3127 1324 3167 me
1345 3110 1433 3164 his
1459 3106 1620 3162 etiam
1648 3116 1806 3174 posse
1830 3096 2066 3155 subscri-

475 3227 636 3286 bere;
672 3194 737 3273 ad
773 3218 874 3273 hoc
915 3211 1095 3268 nescio
1134 3201 1401 3278 quomodo
1432 3213 1519 3254 res
1565 3194 1818 3267 perducta
1849 3197 1964 3255 est,
2006 3195 2067 3242 ut

475 3322 692 3387 accepta
720 3310 924 3370 charta,
955 3319 1016 3359 ea
1039 3303 1148 3372 ipsa
1178 3313 1297 3369 quae
1318 3295 1532 3350 dixeras
1551 3329 1566 3355 ,
1597 3286 1761 3341 velles
1784 3282 1943 3337 etiam
1971 3279 2063 3332 lit-

477 3408 604 3465 teris
633 3415 716 3459 tua
743 3415 903 3458 manu
940 3394 1259 3465 exprimere.
1291 3383 1443 3453 Quod
1472 3395 1594 3434 cum
1618 3375 1747 3431 mihi
1782 3372 1851 3428 ad
1885 3371 2066 3440 legen-

477 3500 602 3554 dum
627 3492 903 3556 dedisses,
930 3477 1278 3540 animadverti
1320 3475 1498 3530 minus
1541 3477 1592 3524 te
1635 3463 1931 3535 scripsisse.
1961 3459 2068 3512 Pa-

480 3600 604 3644 trem
623 3626 639 3653 ,
666 3598 788 3639 cum
831 3575 1136 3646 scripsisses
1153 3612 1170 3637 ,
1202 3567 1367 3622 Deum
1393 3561 1782 3629 omnipotentem
1799 3594 1814 3619 ,
1843 3549 2070 3604 invisibi-

484 3681 602 3744 lent,
627 3674 920 3746 ingenitum,
946 3670 1194 3721 innatum.
1217 3657 1367 3727 Quod
1391 3653 1481 3709 ubi
1509 3643 1942 3708 commemoravi,
1966 3657 2070 3695 non

488 3733 605 3840 post
630 3733 845 3820 multam
872 3755 1242 3827 allegationem
1265 3744 1512 3802 addidisti
1537 3782 1552 3808 ,
1586 3738 1831 3794 Patrem:
1855 3741 1907 3787 et
1933 3733 2074 3784 inca-

489 3832 702 3933 pabilem
719 3854 960 3927 quidem,
990 3847 1130 3921 quod
1159 3842 1336 3900 verbis
1361 3840 1572 3895 dixeras
1589 3877 1602 3901 ,
1629 3832 1825 3901 scripto
1853 3836 2073 3898 praetcr-

490 3953 740 4013 miseras;
757 3945 848 4000 sed
868 3920 1163 3998 nullahinc
1183 3951 1214 3990 a
1231 3948 1317 3988 me
1344 3931 1478 3986 facta
1504 3920 1939 3981 commemoratio
1972 3925 2073 3973 est.

557 4044 612 4098 Δ.
643 4036 841 4096 Deinde
867 4048 985 4089 cum
1018 4029 1272 4085 dixissem
1301 4036 1387 4077 me
1417 4024 1657 4092 paratum
1690 4027 1810 4068 esse
1845 4006 2078 4064 subscri-

493 4134 618 4188 bere
651 4128 824 4183 adhuc
865 4125 955 4178 illa
993 4118 1152 4174 verba
1190 4115 1348 4170 etiam
1388 4123 1508 4164 mea
1547 4119 1668 4161 esse
1703 4115 1886 4172 posse,
1934 4097 2080 4166 prius

492 4219 749 4294 quaesivi,
795 4232 863 4270 ne
905 4211 1048 4283 quod
1102 4209 1154 4263 in
1214 4213 1448 4260 mentem
1495 4202 1744 4260 venerat,
1792 4191 2112 4251 laberetur,

488 4281 671 4370 utrum
732 4281 937 4364 alicubi
981 4300 1370 4370 Scripturarum
1433 4289 1731 4343 divinarum
1797 4281 2078 4350 legeretur,

499 4407 658 4460 Pater
682 4399 946 4474 ingenitus.
980 4369 1287 4448 [iocantem
1326 4379 1462 4444 feci,
1489 4377 1610 4448 quia
1640 4375 1692 4428 in
1721 4369 1939 4426 exordio
1965 4381 2080 4421 ser-

501 4497 674 4554 monis
720 4489 885 4547 nostri
915 4501 1034 4542 cum
1075 4481 1234 4537 Arius
1262 4484 1316 4532 et
1353 4469 1644 4529 Eunomius
1684 4457 2084 4520 commemorati

501 4595 712 4651 essent,
754 4597 859 4638 non
889 4596 917 4634 a
955 4591 1042 4633 me
1063 4616 1078 4636 .
1117 4571 1209 4627 sed
1239 4585 1267 4623 a
1298 4567 1458 4622 fratre
1490 4575 1611 4616 meo
1649 4555 1840 4628 Alypio
1860 4595 1876 4621 ,
1902 4552 2084 4622 requi-

505 4689 658 4736 rente
685 4686 967 4747 quemnam
1011 4678 1196 4722 eorum
1230 4665 1449 4721 secutus
1477 4658 1618 4708 esset
1642 4645 1967 4711 Auxentius,
1997 4642 2086 4712 qui

505 4773 602 4827 abs
628 4781 678 4826 te
706 4769 996 4824 fueratnon
1025 4771 1185 4829 parva
1203 4746 1577 4823 praedicatione
1602 4739 1879 4803 laudatus;
1911 4734 2089 4791 excla-

509 4863 704 4922 mando
727 4847 1188 4916 anathematizasti
1209 4854 1263 4902 et
1286 4843 1467 4898 Arium
1497 4846 1549 4893 et
1577 4832 1894 4890 Eunomium
1934 4847 1946 4882 :
1981 4837 2089 4882 tum

508 4955 763 5011 continuo
796 4942 1042 5017 ﬂagitasti
1066 4948 1126 4995 ut
1148 4946 1203 4994 et
1220 4949 1320 4991 nos
1351 4925 1920 4986 anathematizaremus
1953 4923 2095 4985 ἐμοὺ-

512 5070 638 5112 σιον,
682 5040 832 5113 quasi
875 5036 1149 5107 quisquam
1178 5027 1340 5082 homo
1369 5027 1528 5082 esset,
1551 5017 1640 5087 qui
1670 5015 1772 5068 hoc
1792 5018 2091 5072 vocaretur,

515 5139 652 5192 sicut
678 5098 835 5189 Arius
863 5137 918 5184 et
945 5121 1253 5181 Eunomius.
1296 5111 1495 5170 Deinde
1533 5107 1880 5163 vehementer
1919 5098 2098 5167 exige-

516 5231 610 5284 bas
638 5236 695 5280 ut
721 5225 824 5278 boc
850 5216 1074 5273 verbum
1121 5209 1214 5264 tibi
1254 5207 1306 5262 in
1349 5199 1636 5272 Scripturis
1662 5191 2094 5256 ostenderemus,

517 5332 571 5376 et
607 5317 782 5375 statim
812 5310 966 5368 nobis
1007 5301 1448 5362 communicares.
1483 5285 1920 5361 Respondebatur
1949 5297 1980 5336 a
2006 5297 2100 5335 no-

518 5413 601 5469 bis
621 5453 636 5475 ,
664 5407 786 5480 quia
815 5417 914 5460 nos
944 5398 1105 5454 latine
1130 5395 1491 5464 loqueremur,
1521 5391 1578 5438 et
1601 5378 1729 5435 illud
1757 5389 1984 5449 graecum
2011 5387 2099 5428 es-
2126 5413 2130 5420 .

519 5472 634 5568 set,
671 5472 814 5570 prius
857 5487 1199 5564 qurerendum
1232 5495 1353 5537 esse
1377 5475 1504 5549 quid
1529 5474 1597 5528 sit
1623 5476 1837 5538 ὀμοὺσιον
1855 5507 1871 5534 ,
1897 5474 1952 5520 et
1979 5472 2103 5519 tunc

523 5555 838 5661 exigendum
867 5555 924 5637 ut
954 5581 1006 5635 in
1026 5574 1200 5633 Libris
1229 5568 1425 5626 sanctis
1449 5560 1839 5620 ostenderetur.
1866 5555 1946 5610 Tu
1970 5567 2102 5609 con-

589 5754 602 5782 ί
631 5756 766 5805 t.ov.,
792 5737 1061 5805 Dominum.
1106 5742 1178 5785 At.
1204 5730 1313 5783 ead.
1340 5730 1532 5780 Am.Fr.
1559 5729 1612 5773 et
1649 5732 1736 5770 sex
1775 5723 1906 5779 Mss,
1935 5723 2104 5774 Deum,

525 5810 713 5867 melius,
742 5801 804 5870 ex
830 5818 878 5853 ιι.
903 5801 950 5854 8.

1666 346 1724 399 Ξ.
1767 335 2124 397 ΑυουετιΝι
2166 330 2465 388 EPISCOPI

3565 320 3703 374 1040

2117 459 2197 504 tra
2217 487 2232 517 ,
2259 446 2479 502 verbum
2502 443 2671 514 ipsum
2698 440 2884 496 crebro
2903 447 3150 509 repetens
3167 477 3183 504 ,
3213 445 3267 494 et
3288 433 3550 492 tnvldiose
3570 449 3705 490 ven-

2116 541 2273 596 tilans
2293 581 2308 606 ,
2337 546 2493 608 atque
2522 536 2573 591 in
2600 534 2838 591 conciliis
2860 533 3115 603 majorum
3139 540 3438 585 nostrorum
3462 528 3706 583 conscri-

2118 642 2264 704 ptum
2292 643 2752 692 commemorans,
2782 625 3126 680 vehementer
3151 622 3376 692 urgebas
3418 628 3477 674 ut
3524 619 3704 689 ipsum

2119 725 2335 780 omnino
2362 722 2580 776 verbum
2606 718 2743 790 quod
2787 727 2866 772 est
2904 721 3149 784 ὁμοὺσιον,
3193 714 3247 768 in
3293 711 3491 767 sanctis
3529 711 3708 766 Libris

2121 815 2521 872 oetendercmus
2543 829 2558 876 ;
2581 811 2735 865 nobis
2757 812 2914 864 etiam
2941 816 3099 876 atque
3119 805 3275 860 etiam
3302 803 3705 865 revocantibus.

2123 908 2245 979 quia
2289 907 2464 976 lingua
2493 911 2673 958 nostra
2703 914 2873 970 grrcca
2907 913 3010 951 non
3053 902 3226 959 esset,
3269 895 3416 964 prius
3444 892 3711 961 interpre-

2126 999 2343 1055 tandum
2387 1003 2444 1052 et
2491 991 2860 1065 exponendum
2903 1004 3022 1043 esse
3059 985 3186 1056 quid
3215 984 3284 1039 sit
3311 989 3560 1053 ὁμσὺσιον,
3595 992 3709 1037 tum

2127 1087 2340 1145 demum
2385 1087 2437 1140 in
2476 1069 2670 1138 divinis
2714 1079 2926 1136 Litteris
2969 1074 3342 1146 requirendum
3388 1091 3402 1127 :
3443 1072 3567 1144 quia
3607 1081 3710 1128 ets:

2129 1179 2352 1236 fortasse
2378 1190 2569 1232 nomen
2592 1174 2760 1243 ipsum
2784 1186 2887 1225 non
2915 1167 3258 1231 inveniretur,
3286 1180 3371 1220 res
3393 1175 3570 1219 tamen
3596 1165 3711 1235 ipsa

2131 1270 2475 1327 inveniretur.
2505 1264 2641 1333 Quid
2672 1272 2754 1319 est
2781 1263 2924 1319 enim
2961 1257 3376 1324 contentiosius,
3409 1269 3590 1326 quam,
3619 1253 3716 1309 ubi

2131 1362 2198 1418 de
2218 1376 2278 1416 re
2302 1366 2540 1424 constat,
2571 1365 2777 1411 certare
2795 1352 2862 1408 de
2892 1347 3139 1405 nomine?

2205 1452 2259 1507 5.
2291 1450 2416 1504 Haec
2433 1463 2560 1518 ergo
2584 1447 2706 1517 quia
2729 1445 2863 1498 inter
2887 1456 2980 1495 nos
2999 1438 3110 1510 jam
3134 1435 3381 1492 collocuti
3412 1435 3717 1500 fueramus,

2136 1552 2480 1614 posteaquam
2511 1538 2577 1593 ad
2605 1537 2655 1592 id
2683 1544 2894 1591 ventum
2935 1541 3016 1588 est
3056 1539 3113 1586 ut
3150 1529 3304 1583 fidem
3349 1537 3492 1582 tuam
3517 1568 3533 1592 ,
3579 1528 3723 1582 sicut

2139 1628 2588 1692 commemoravi,
2615 1626 2877 1683 scriberes
2896 1663 2914 1690 ,
2937 1635 3236 1691 quanquam
3262 1616 3393 1672 nihil
3415 1617 3467 1670 in
3495 1619 3574 1672 eis
3593 1631 3724 1670 vcr-

2140 1725 2223 1780 bis
2249 1723 2482 1778 viderem
2511 1731 2705 1776 nostrae
2731 1717 2850 1770 fidei
2880 1730 2999 1770 esse
3023 1711 3367 1774 contrarium,
3394 1720 3447 1765 et
3472 1719 3724 1780 propter-

2141 1831 2203 1871 ea
2231 1830 2318 1869 me
2358 1813 2590 1868 dicerem
2624 1823 2861 1880 paratum
2900 1822 3020 1861 esse
3057 1805 3423 1864 subscribere;
3464 1801 3724 1873 qumsivi,

2143 1915 2201 1961 ut
2227 1905 2366 1970 dixi,
2400 1911 2573 1957 utrum
2594 1901 2862 1969 Scriptura
2894 1897 2986 1952 Dei
3013 1895 3310 1951 contineret
3337 1893 3439 1948 hoc
3462 1894 3683 1948 verbum
3708 1934 3724 1956 ,

2145 1995 2285 2068 quod
2314 1993 2472 2049 Pater
2513 2001 2638 2047 esset
2663 1990 2912 2062 ingenitus
2936 2003 2954 2042 :
2981 1998 3177 2043 etcum
3206 1988 3461 2054 scriptum
3488 1997 3609 2038 esse
3637 1997 3731 2036 re-

2146 2083 2453 2157 spondisses
2470 2125 2485 2148 ,
2508 2082 2787 2136 instantius
2815 2077 3116 2150 quaerebam
3145 2083 3204 2131 ut
3226 2074 3554 2130 ostenderes.
3574 2069 3734 2128 Tunc

2148 2195 2285 2234 unus
2313 2194 2379 2234 ex
2424 2177 2487 2231 iis
2527 2176 2614 2245 qui
2652 2174 2904 2238 aderant,
2932 2181 3183 2242 quantum
3212 2165 3432 2237 intelligi
3455 2165 3632 2229 datur,
3669 2164 3734 2217 lio

2149 2270 2235 2326 dci
2259 2279 2363 2324 tua:
2386 2267 2562 2321 socius
2581 2306 2596 2331 ,
2623 2265 2698 2320 ait
2722 2263 2850 2318 mihi
2879 2281 2894 2317 :
2943 2259 3080 2326 Quid
3109 2275 3223 2330 ergo
3246 2260 3270 2314 ?
3297 2268 3351 2310 tu
3375 2265 3565 2326 patrem
3592 2252 3737 2326 geni-

2153 2369 2256 2414 tum
2273 2357 2434 2411 dicis?
2457 2353 2759 2424 Respondi:
2784 2352 2898 2406 Non
2921 2351 3060 2405 dico.
3085 2349 3150 2402 Et
3175 2345 3260 2401 ille
3280 2364 3292 2398 :
3316 2341 3376 2400 Si
3401 2361 3516 2416 ergo
3537 2341 3739 2414 genitus

2153 2468 2253 2506 non
2290 2459 2399 2514 est,
2432 2449 2622 2518 inquit,
2646 2445 2816 2515 utique
2852 2441 3102 2513 ingenitus
3139 2448 3229 2493 est.
3249 2436 3345 2492 Cui
3372 2450 3508 2507 ego:
3539 2431 3739 2500 Vides,

2154 2544 2366 2613 inquam
2388 2583 2402 2607 ,
2433 2553 2589 2609 posse
2619 2536 2732 2590 fieri
2763 2543 2820 2588 nt
2845 2535 3002 2589 etiam
3040 2531 3107 2587 de
3141 2529 3301 2586 verbo
3326 2527 3468 2600 quod
3498 2529 3552 2582 in
3589 2525 3740 2582 Scri-

2156 2646 2311 2706 ptura
2338 2633 2433 2688 Dei
2469 2646 2572 2686 non
2619 2637 2732 2694 est,
2768 2626 3020 2682 reddatur
3049 2633 3224 2677 tamen
3250 2621 3386 2675 ratio
3413 2619 3553 2674 unde
3594 2628 3744 2673 recte

2158 2727 2263 2784 dici
2292 2725 2620 2781 ostendatur.
2666 2720 2756 2775 Sic
2782 2733 2908 2788 ergo
2937 2724 2992 2772 et
3020 2721 3232 2784 ὁμοὺσιον
3257 2712 3398 2782 quod
3426 2711 3478 2765 in
3505 2709 3742 2764 auctori-

2160 2828 2268 2874 tate
2330 2816 2630 2872 divinorum
2698 2811 2976 2865 Librorum
3043 2805 3363 2876 cogebamur
3424 2799 3744 2866 ostendere,

2161 2910 2369 2970 etiamsi
2412 2907 2723 2962 vocabulum
2768 2904 2940 2973 ipsum
2970 2900 3042 2954 ibi
3071 2914 3175 2952 non
3219 2895 3586 2959 inveniamus,
3630 2891 3746 2947 fieri

2162 3017 2320 3074 posse
2347 3010 2406 3056 ut
2443 2999 2570 3054 illud
2611 2995 2938 3050 inveniamus
2975 2991 3059 3046 cui
3103 2989 3206 3043 hoc
3247 2986 3562 3042 vocabulum
3604 2992 3750 3038 recte

2165 3093 2455 3151 adhibitum
2473 3090 2756 3162 judicelur.

2237 3185 2292 3240 6.
2342 3183 2545 3250 Quibus
2587 3179 2742 3234 dictis
2762 3219 2777 3244 ,
2809 3175 2934 3246 quid
2977 3175 3099 3229 hinc
3130 3171 3220 3226 tibi
3254 3169 3524 3224 videretur
3549 3165 3750 3221 attendi

2168 3287 2225 3333 ut
2251 3275 2524 3341 audirem,
2554 3281 2609 3328 et
2646 3271 2802 3337 aisti,
2845 3268 2996 3322 Recte
3032 3269 3220 3336 factum
3264 3277 3370 3316 esse
3407 3269 3460 3313 ut
3501 3258 3754 3330 ingenitus

2172 3370 2326 3424 Pater
2345 3369 2397 3422 in
2420 3365 2697 3435 Scripturis
2725 3360 2910 3417 sanctis
2935 3375 3035 3412 non
3074 3357 3341 3417 diceretur,
3371 3369 3434 3406 ne
3456 3350 3534 3405 illi
3560 3350 3634 3404 vel
3662 3349 3755 3401 tali

2171 3461 2315 3516 verba
2345 3462 2481 3528 fieret
2511 3455 2719 3526 injuria.
2747 3453 2908 3522 Ergo,
2927 3449 3162 3519 inquam,
3200 3443 3360 3500 modo
3389 3441 3523 3496 facta
3557 3449 3639 3495 est
3667 3437 3755 3492 in-

2168 3551 2306 3622 juria
2337 3550 2480 3614 Deo,
2509 3554 2562 3600 et
2587 3544 2688 3599 hoc
2723 3557 2882 3596 manu
2925 3547 3037 3594 tua.
3079 3536 3196 3603 Quo
3233 3533 3446 3598 audito,
3473 3530 3621 3585 fateri
3643 3529 3758 3598 jam

2174 3641 2382 3712 crepisli
2408 3641 2423 3671 ¹
2444 3653 2541 3693 nec
2568 3646 2617 3691 te
2643 3637 2740 3689 hoc
2765 3634 2944 3688 dicere
2967 3629 3233 3684 debuisse.
3271 3624 3378 3679 Sed
3420 3638 3542 3678 cum
3569 3621 3762 3675 admo-

2177 3746 2358 3789 nerem
2386 3738 2472 3793 ut,
2501 3728 2545 3782 si
2571 3726 2667 3781 tibi
2693 3724 2798 3779 tale
2819 3722 3087 3776 videretur
3113 3718 3215 3772 hoc
3240 3715 3460 3770 verbum
3491 3723 3548 3767 ut
3566 3711 3634 3765 ad
3663 3710 3760 3765 Dei

2176 3825 2465 3897 pertineret
2483 3819 2726 3890 injuriam
2742 3859 2758 3884 ,
2791 3816 2999 3870 deleres
3021 3811 3148 3866 illud
3172 3809 3295 3864 inde
3322 3807 3406 3862 ubi
3431 3806 3760 3874 scripseras;

2179 3892 2522 3972 considerasti
2543 3951 2558 3975 ,
2584 3907 2744 3964 credo
2762 3947 2778 3972 ,
2807 3919 2964 3976 posse
2987 3903 3036 3957 id
3060 3909 3205 3956 recte
3230 3898 3334 3953 dici
3356 3939 3370 3963 ,
3403 3906 3458 3952 et
3486 3909 3643 3966 posse
3667 3892 3766 3948 de-

2180 4007 2353 4071 fendi;
2383 4013 2437 4060 et
2464 4016 2648 4058 rursus
2672 3999 2792 4053 aisti
2819 4015 2832 4052 :
2866 3995 3088 4050 Prorsus
3107 4009 3198 4064 ego
3226 3991 3318 4044 hoc
3346 3989 3480 4043 dico.
3503 3987 3637 4042 Tum
3661 4000 3767 4056 ego

2182 4098 2313 4155 illud
2335 4096 2474 4166 quod
2507 4094 2617 4164 jam
2657 4091 2896 4147 dixeram
2947 4085 3203 4158 repetivi,
3252 4083 3323 4137 ita
3354 4080 3468 4136 ﬁeri
3506 4093 3665 4150 posse
3706 4084 3767 4130 ut

2183 4193 2342 4248 etiam
2388 4196 2602 4258 έμοὺσων
2647 4196 2818 4252 neque
2845 4180 3101 4250 scriptum
3129 4177 3182 4230 in
3209 4173 3408 4230 sanctis
3451 4169 3658 4242 paginis
3683 4167 3769 4221 in-

2185 4284 2444 4346 veniatur,
2473 4287 2528 4334 et
2550 4285 2728 4332 tamen
2757 4272 2953 4328 dictum
2975 4269 3028 4325 in
3055 4266 3349 4322 assertione
3370 4261 3491 4318 lidei
3515 4258 3769 4316 defenda-

2188 4389 2302 4443 tur;
2334 4376 2471 4432 sicut
2495 4371 2705 4426 Patrem
2745 4367 2798 4423 in
2841 4365 2944 4420 illis
2987 4361 3159 4418 Libris
3203 4371 3460 4428 nusquam
3489 4352 3769 4424 ingenitum

2188 4469 2409 4539 legimus
2425 4505 2440 4529 ,
2466 4470 2521 4520 et
2547 4472 2722 4516 tamen
2748 4453 3030 4512 dicendum
3056 4464 3176 4506 esse
3203 4446 3524 4504 defenditur.
3557 4442 3768 4497 Tunca

2189 4530 2274 4616 me
2321 4556 2589 4616 chartam,
2621 4564 2782 4621 quam
2823 4545 3076 4608 dederas,
3109 4536 3372 4594 abstulisti
3411 4544 3466 4590 et
3505 4530 3775 4589 conscidi-

2188 4653 2277 4722 sti.
2308 4651 2370 4706 Et
2397 4646 2798 4707 constituimus,
2829 4644 2952 4708 post
2982 4632 3330 4690 meridianum
3357 4637 3564 4697 tempus
3592 4633 3651 4678 ut
3675 4623 3774 4676 ad-

2192 4750 2371 4801 essent
2415 4737 2606 4796 notarii
2647 4734 2714 4789 ad
2754 4727 3062 4802 excipienda
3088 4724 3250 4781 verba
3278 4732 3480 4783 nostra,
3498 4725 3656 4787 atque
3683 4713 3773 4769 in-

2195 4846 2274 4890 ter
2322 4846 2421 4887 nos
2471 4829 2600 4891 ista,
2647 4830 2899 4895 quantum
2943 4830 3253 4888 possemus,
3301 4805 3607 4879 diligentius
3664 4813 3776 4858 tra-

2195 4934 2476 4980 ctaremus.

2267 5017 2321 5070 7.
2348 5010 2628 5074 Venimus,
2655 5012 2714 5059 ut
2737 5001 2905 5067 nosti,
2935 4998 3001 5053 ad
3041 4997 3224 5050 horam
3265 4990 3586 5048 condictam,
3623 4994 3782 5038 nota-

2198 5109 2308 5164 rios
2355 5102 2698 5163 adduximus;
2746 5103 2804 5152 ut
2847 5104 2902 5150 et
2953 5092 3024 5147 tui
3075 5089 3358 5153 adessent,
3416 5079 3778 5139 consedimus.

2201 5196 2389 5254 Dixisti
2404 5205 2601 5247 «rursus
2635 5188 2791 5243 tidem
2819 5194 2985 5243 tuam.
3017 5191 3174 5250 atque
3218 5178 3270 5231 in
3313 5173 3493 5230 verbis
3537 5169 3642 5225 tuis
3670 5181 3782 5221 non

2202 5285 2378 5344 audivi
2401 5282 2678 5354 ingenitum
2698 5275 2925 5330 Patrem.
2947 5270 3122 5326 Credo
3143 5265 3282 5338 quod
3313 5259 3629 5333 cogitaveris
3653 5254 3782 5327 quid

2201 5379 2326 5436 inde
2376 5387 2534 5432 mane
2581 5370 2779 5426 dictum
2833 5362 3024 5428 fuerit,
3074 5354 3129 5415 ei
3176 5368 3474 5427 praecavere
3527 5346 3783 5404 volueris.

2205 5467 2405 5527 Deinde
2429 5458 2713 5534 poposcisti
2738 5462 2799 5509 ut
2822 5469 2920 5524 ego
2945 5452 3105 5508 etiam
3133 5447 3365 5503 dicerem
3397 5441 3558 5496 fidem
3587 5451 3783 5492 meam.

2213 5561 2308 5620 Ubi
2355 5572 2477 5614 cum
2519 5550 2901 5624 postulassem,
2952 5552 3376 5598 commemorans
3414 5528 3784 5589 antemeridia.

2209 5666 2334 5710 num
2364 5619 2614 5719 placitum
2654 5646 2925 5701 nostrum,
2973 5641 3033 5688 ut
3071 5645 3134 5686 ea
3173 5643 3290 5700 quae
3317 5627 3554 5690 dixeras,
3585 5619 3789 5675 dictare

2274 5767 2292 5799 ί
2317 5761 2424 5811 Bad.
2453 5766 2551 5806 Am.
2574 5759 2652 5803 Er.
2677 5757 2729 5800 et
2742 5746 2965 5812 plerique
2984 5750 3111 5803 Mss,
3136 5738 3294 5803 erepit.
