4084 6332
381 312 508 370 l0“

377 431 550 500 potius
575 431 898 502 dignareris;
931 440 1055 487 tunc
1084 428 1391 488 exclamasti
1423 426 1738 483 calumniam
1771 439 1960 494 parare

377 536 476 576 nos
507 521 618 587 tibi,
670 532 723 576 et
766 521 884 578 ideo
909 521 1068 577 verba
1097 529 1186 577 tua
1216 520 1512 591 conscripta
1543 519 1678 574 velle
1702 519 1954 573 retinere.

377 613 450 669 lbi
487 613 612 684 quid
659 612 1024 684 responderim
1055 613 1321 668 recordari
1367 627 1471 666 non
1499 610 1647 675 libet,
1677 618 1832 678 atque
1856 609 1960 662 uti-

377 722 500 761 nam
531 721 630 762 nec
654 715 709 760 tu
737 705 1063 762 memineris.
1087 704 1304 761 Servavi
1334 716 1507 759 tamen
1533 702 1764 758 debitam
1791 701 1960 756 hono-

373 798 689 851 riticentiam
740 795 928 850 honori
983 804 1106 858 tuo.
1152 810 1251 850 nec
1294 794 1629 849 maledictum
1676 792 1953 863 deputavi,

373 867 516 957 quod
544 903 649 942 non
680 902 709 940 a
733 889 956 943 veritate
976 929 989 950 ,
1020 886 1112 940 scd
1154 902 1185 941 a
1227 895 1484 956 potestate
1521 884 1706 940 audire
1731 885 1957 941 meruis-

374 996 508 1037 sem.
540 981 738 1036 Tamen
770 981 889 1050 quia
918 980 1000 1035 vel
1038 980 1150 1049 ipsa
1177 979 1336 1032 verba
1381 979 1623 1047 repetivi,
1674 987 1732 1032 ut
1774 992 1955 1047 pressa

372 1087 504 1127 voce
537 1072 802 1137 dicerem,
833 1071 977 1126 Itane
1005 1070 1320 1126 calumniam
1353 1084 1599 1139 paramus
1625 1084 1723 1124 nos
1751 1068 1876 1124 tibi?
1900 1077 1956 1123 ut

371 1162 614 1234 ignoscas
643 1171 785 1232 peto.

442 1252 497 1307 8.
529 1252 633 1309 Sed
663 1263 734 1315 tu,
769 1252 850 1307 his
874 1251 1068 1308 auditis
1091 1293 1105 1315 ,
1133 1266 1319 1307 rursus
1343 1251 1497 1308 fidem
1527 1260 1667 1307 tuam
1688 1267 1820 1307 sono
1848 1254 1955 1307 ela-

371 1346 515 1414 riore
561 1345 852 1414 repettisti,
913 1354 1071 1415 atque
1117 1347 1168 1400 in
1214 1345 1389 1400 verbis
1433 1345 1535 1399 tuis
1583 1361 1687 1399 non
1735 1344 1950 1411 audivi,

369 1435 536 1490 Deum
569 1436 780 1502 Filium;
806 1437 947 1508 quod
975 1437 1484 1507 nunquam,qttoties
1507 1452 1622 1492 eam
1649 1436 1848 1501 dixisti,
1878 1446 1956 1490 ta-

369 1545 578 1586 cueras.
613 1531 708 1584 Hic
734 1545 833 1599 ego
870 1540 972 1584 tam
999 1530 1239 1583 modeste
1270 1536 1325 1582 ut
1363 1543 1621 1598 nusquam
1653 1528 1911 1597 pulsarent
1933 1568 1948 1592 ,

369 1631 430 1680 ut
471 1622 538 1677 de
584 1622 911 1691 excipiendis
939 1622 1116 1676 verbis
1145 1621 1338 1675 nostris
1367 1618 1507 1689 quod
1539 1619 1676 1673 inter
1701 1634 1795 1673 nos
1843 1619 1954 1688 pla-

366 1725 552 1772 cuerat
579 1715 907 1785 impleretur,
935 1716 1092 1770 etiam
1120 1715 1284 1783 ipsam
1311 1713 1587 1767 utilitatem
1609 1712 1673 1766 de
1706 1713 1949 1782 pra-senti

366 1807 733 1878 experimento
762 1807 1032 1878 suggessi,
1072 1805 1255 1860 dlCCﬂS
1295 1805 1520 1875 teipsum
1567 1819 1670 1858 non
1718 1805 1951 1874 potuisse

366 1901 422 1954 in
475 1900 735 1954 memoria
790 1899 951 1953 verba
1008 1910 1092 1953 tua
1157 1899 1249 1952 tibi
1293 1897 1630 1952 usitatissima
1680 1898 1946 1964 retinere,

364 1992 578 2063 quando
625 2007 891 2061 nunquam
936 2007 998 2047 ea
1043 2000 1284 2061 repetere
1333 1989 1560 2044 valuisse
1601 1990 1943 2054 videbamus,

364 2099 488 2138 cum
559 2099 665 2138 non
727 2083 925 2154 aliquid
998 2082 1228 2137 maxime
1281 2083 1636 2137 necessarium
1697 2097 1944 2150 parares;

363 2183 564 2245 quanto
591 2175 767 2230 minus
809 2189 967 2245 posse
1011 2174 1129 2228 illos
1172 2174 1260 2243 qui
1305 2187 1404 2226 nos
1429 2173 1702 2239 audirent,
1738 2172 1810 2228 ita
1852 2189 1950 2228 no-

363 2277 594 2326 strorum
624 2268 929 2322 meminisse
954 2267 1234 2321 verborum
1256 2307 1271 2332 ,
1304 2275 1360 2320 ut
1390 2266 1435 2320 si
1470 2263 1593 2335 quid
1620 2263 1757 2319 forte
1785 2264 1866 2318 vel
1893 2274 1946 2319 tu

362 2358 432 2414 de
457 2360 590 2413 meis
612 2401 626 2424 ,
660 2358 739 2413 vel
767 2374 864 2428 ego
889 2358 955 2412 de
986 2359 1088 2413 tuis
1115 2358 1289 2412 verbis
1315 2357 1504 2412 vellem
1546 2365 1834 2412 retractare
1859 2365 1945 2410 at—

362 2466 467 2518 que
494 2451 792 2515 discutere,
839 2451 1076 2505 valerent
1121 2465 1212 2504 seu
1253 2450 1452 2504 dictum
1477 2465 1570 2504 seu
1600 2465 1707 2504 non
1749 2449 1941 2504 dictum

360 2539 562 2610 liquido
587 2539 886 2605 recordari;
920 2541 970 2594 in
998 2554 1100 2610 qua
1135 2540 1284 2594 nobis
1325 2539 1634 2593 difficultate
1665 2539 1814 2593 facile
1845 2554 1942 2593 no-

360 2632 616 2686 tariorum
650 2633 889 2687 recitatio
913 2631 1238 2686 subveniret.
1274 2631 1421 2686 Tunc
1447 2630 1785 2701 indignanter
1809 2631 1943 2685 dixi-

361 2722 430 2776 sti
461 2723 638 2776 melius
685 2723 839 2791 fuisse
879 2731 934 2775 ut
969 2739 1130 2776 nteant
1173 2727 1362 2793 {amant
1408 2739 1603 2793 semper
1637 2723 1859 2790 audires,
1886 2739 1942 2777 eo

359 2815 496 2884 quod
541 2815 688 2884 longe
722 2815 1010 2882 inferiorem
1054 2831 1132 2868 me
1171 2823 1405 2883 expertus
1449 2831 1614 2882 esses,
1666 2832 1814 2885 quam
1857 2815 1945 2869 tibi

360 2904 453 2958 illa
496 2904 757 2975 jactasset.
789 2904 937 2958 Tunc
966 2921 1064 2972 ego
1104 2905 1516 2958 commemoravi
1541 2946 1554 2970 ,
1591 2922 1708 2958 cum
1740 2916 1791 2960 te
1819 2917 1942 2961 ante

357 2995 638 3066 prandium
680 2997 1064 3064 salutaremus,
1091 3006 1143 3052 et
1167 3013 1284 3052 eam
1335 2999 1525 3052 famam
1565 2999 1719 3053 nobis
1748 2999 1938 3067 pr.edi-

359 3100 569 3152 casses,
599 3083 698 3141 boc
720 3103 804 3141 me
832 3088 1028 3142 dixisse
1046 3129 1061 3152 ,
1099 3088 1239 3156 quod
1265 3087 1331 3142 de
1360 3104 1444 3143 me
1475 3089 1558 3142 illa
1586 3091 1805 3144 mentita
1830 3091 1898 3144 sit
1922 3108 1935 3143 :

359 3175 447 3231 hie
476 3192 603 3232 sane
625 3179 744 3232 aisti
791 3194 974 3232 verum
1022 3194 1107 3233 me
1137 3179 1351 3234 dixisse.
1397 3180 1622 3234 Proinde
1669 3195 1792 3235 cum
1835 3181 1940 3235 dno

357 3271 452 3326 tibi
494 3272 563 3327 de
600 3288 684 3328 tne
709 3274 917 3328 diversa
947 3274 1105 3329 locuti
1150 3276 1287 3340 sint,
1327 3276 1467 3330 aliud
1517 3276 1652 3331 fama
1700 3293 1840 3346 mea,
1885 3288 1940 3334 et

356 3361 501 3416 aliud
540 3378 675 3428 ego;
724 3365 894 3431 magis
923 3365 1101 3435 utique
1137 3366 1368 3436 gaudere
1407 3366 1609 3432 debeo,
1651 3384 1736 3422 me
1762 3371 1938 3439 potius

358 3469 514 3523 quam
547 3455 688 3508 illam
718 3466 991 3526 repertum
1018 3472 1137 3511 esse
1169 3474 1430 3512 veracetn.
1481 3458 1585 3513 Sed
1630 3461 1750 3528 quia
1803 3461 1939 3516 scri-

358 3556 504 3612 ptum
557 3554 638 3600 est
665 3585 681 3610 ,
732 3545 887 3600 Solus
931 3546 1067 3602 Deus
1112 3563 1261 3602 verax
1291 3589 1306 3613 ,
1367 3550 1528 3604 omnis
1573 3561 1742 3604 autem
1787 3552 1936 3608 ltomo

357 3637 574 3689 mendax
599 3636 774 3704 (llam.
804 3653 856 3690 nt
877 3679 893 3704 ,
922 3640 1008 3706 4);
1055 3655 1242 3694 vereor
1271 3655 1337 3693 ne
1367 3639 1467 3694 hoc
1494 3657 1703 3711 quoque
1741 3642 1808 3698 de
1852 3660 1938 3698 me

356 3737 557 3784 temere
585 3730 807 3784 dixerim
838 3749 850 3782 :
883 3746 1052 3801 neque
1079 3731 1217 3786 enim
1247 3732 1297 3786 in
1328 3732 1482 3787 nobis
1511 3733 1668 3802 ipsis,
1716 3734 1798 3788 vel
1846 3750 1942 3804 per

356 3833 453 3873 nos
482 3820 622 3890 ipsos
649 3837 863 3876 veraces
891 3838 1074 3880 sumus
1095 3877 1108 3890 ,
1146 3839 1266 3879 cum
1311 3841 1526 3891 sumus;
1558 3827 1655 3882 sed
1689 3842 1809 3882 cum
1853 3829 1941 3884 ille

354 3915 410 3968 in
433 3917 603 3970 servis
632 3918 743 3970 suis
767 3917 1018 3988 loquitur,
1046 3922 1133 3989 qui
1158 3923 1307 3977 solus
1333 3933 1416 3977 est
1437 3940 1615 3978 verax.

426 4005 478 4061 9.
525 4006 650 4061 Ha'c
678 4009 756 4071 si,
793 4021 850 4062 ut
893 4013 1134 4076 narravi,
1165 4023 1313 4082 gesta
1357 4029 1478 4069 esse
1521 4018 1740 4084 recolis,
1790 4021 1940 4076 vides

356 4111 514 4166 quam
543 4113 650 4152 non
675 4098 870 4154 debeas
893 4099 1095 4168 jactare
1119 4103 1258 4171 apud
1282 4104 1526 4160 homines
1551 4109 1691 4176 quod
1721 4126 1824 4164 non
1853 4127 1940 4165 au-

354 4202 446 4242 sus
472 4189 571 4243 sim
599 4190 690 4243 tibi
724 4205 964 4246 asserere
991 4191 1148 4247 fidem
1191 4209 1398 4262 meam;
1427 4197 1852 4270 quandoquidem
1883 4203 1936 4257 in

356 4279 458 4334 tide
485 4281 650 4333 nostri
678 4281 850 4350 placiti
890 4293 1032 4338 stare
1055 4284 1303 4353 noluisti;
1335 4296 1389 4342 et
1412 4290 1492 4343 vir
1520 4298 1696 4346 tantus
1719 4295 1808 4362 qui
1839 4309 1936 4363 pro

355 4370 458 4424 (ide
507 4386 662 4442 quam
713 4373 1016 4442 reipublica:
1056 4376 1260 4445 debes,
1305 4395 1411 4434 non
1458 4382 1612 4437 times
1658 4385 1935 4441 maledicta

353 4463 752 4531 provincialium
773 4504 790 4530 ,
837 4481 935 4535 pro
977 4467 1082 4522 [ide
1109 4483 1266 4539 quam
1295 4471 1507 4527 Christo
1534 4474 1698 4531 debes
1717 4516 1732 4541 ,
1784 4480 1938 4534 times

265 4580 276 4590 ο
351 4555 645 4608 calumnias
674 4556 1064 4627 episcoporum.
1099 4559 1296 4616 Deinde
1321 4577 1441 4616 cum
1472 4563 1812 4635 diSputationi
1843 4586 1940 4624 no-

349 4655 476 4700 stra:
505 4649 664 4702 etiam
703 4649 988 4706 honoratos
1017 4652 1158 4707 viros
1197 4654 1456 4710 interesse
1490 4659 1756 4728 cnpiveris
1780 4703 1794 4727 ,
1835 4664 1938 4716 mi-

350 4751 441 4792 ror
468 4739 732 4806 quomodo
758 4741 808 4794 in
850 4742 961 4810 ipsa
991 4742 1314 4800 devitatione
1353 4746 1634 4804 calumniae
1663 4751 1820 4805 verba
1849 4761 1931 4807 tua

353 4829 509 4883 times
535 4846 563 4882 a
591 4833 811 4886 notariis
837 4833 1134 4898 conscribi,
1166 4845 1221 4889 et
1247 4851 1309 4890 ex
1335 4852 1432 4892 ore
1458 4849 1546 4893 tuo
1570 4855 1600 4893 a
1626 4842 1937 4898 clarissimis

352 4922 575 4975 testibus
620 4937 722 4976 non
770 4922 924 4977 times
961 4924 1149 4978 audiri.
1176 4925 1366 4982 Nonne
1389 4929 1696 4985 consideras
1724 4932 1935 4988 difﬁcile

348 5024 470 5064 esse
507 5019 562 5064 ut
603 5010 846 5066 homines
871 5013 1208 5083 su5picentur
1238 5025 1289 5071 te
1317 5031 1348 5070 a
1375 5019 1527 5075 nobis
1555 5021 1716 5075 ullam
1747 5023 1934 5079 formi-

347 5103 506 5159 dasse
548 5105 902 5173 calumniam,
949 5116 1006 5161 ιιι
1035 5109 1194 5164 verba
1239 5118 1325 5164 tua
1373 5113 1544 5183 excipi
1593 5116 1792 5182 nolles;
1841 5119 1934 5173 sed

346 5209 469 5248 cum
491 5196 782 5266 cngitasses
809 5207 1072 5254 retentum
1099 5208 1150 5255 te
1175 5200 1341 5258 fuisse
1371 5203 1424 5256 in
1445 5206 1606 5261 verbo
1633 5216 1756 5264 ante
1786 5226 1937 5280 pran-

348 5287 493 5342 dium
539 5304 698 5344 manu
745 5299 832 5345 tua
875 5292 1219 5361 conscripto,
1267 5295 1425 5348 simul
1470 5298 1628 5353 etiam
1673 5303 1936 5371 cogitasse

348 5393 456 5433 non
488 5389 593 5434 tam
623 5380 780 5436 facile
809 5389 861 5436 te
889 5381 1214 5437 notariorum
1242 5384 1445 5440 tabulas
1469 5387 1646 5444 delere
1673 5393 1931 5461 potuisse,

345 5487 507 5540 quam
536 5472 688 5529 facile
713 5475 856 5529 illam
883 5475 1175 5530 chartulam
1203 5478 1543 5535 conscidisti?
1565 5481 1617 5536 Si
1645 5493 1823 5539 autem
1844 5486 1929 5539 di-

349 5566 430 5618 cis
463 5581 568 5620 non
600 5567 686 5621 illa
732 5568 802 5622 ita
831 5577 977 5640 gesta
1007 5583 1124 5624 esse
1153 5577 1212 5623 ut
1249 5585 1278 5622 a
1318 5587 1405 5626 me
1431 5584 1640 5628 narrata
1669 5588 1817 5640 sunt,
1845 5591 1936 5634 ant

354 5675 406 5710 tu
435 5658 703 5716 oblivione
724 5660 944 5729 falleris,
973 5677 1075 5716 non
1097 5663 1236 5717 enim
1267 5663 1437 5720 audeo
1459 5665 1635 5723 dicere
1657 5675 1931 5737 mentiris;

349 5758 436 5807 aut
471 5764 568 5823 ego
619 5751 699 5810 vel
746 5753 986 5812 similiter
1025 5755 1198 5826 fallor,
1229 5756 1316 5814 vel
1343 5759 1588 5816 mentior.
1621 5759 1779 5823 Vides
1808 5781 1934 5838 ergo

1592 307 2069 366 EPlSTOLARUM
2106 307 2378 365 CLASSIS
2416 311 2501 366 Η.

3518 321 3583 376 li)
3595 323 3655 374 ἐξ

2063 439 2218 495 quam
2246 436 2388 481 recte
2404 426 2574 482 dicam
2601 443 2661 483 ea
2683 444 2800 500 qua:
2825 430 2891 486 de
2913 431 2996 487 bis
3013 432 3244 490 maxime
3269 436 3425 492 rebus
3452 452 3654 508 gerun-

2065 525 2168 584 tur,
2189 519 2358 590 excipi
2383 529 2538 591 atque
2566 524 2830 580 conscribi
2860 537 3124 596 oportere,
3142 535 3196 584 et
3219 545 3377 600 quam
3405 531 3495 584 tibi
3513 547 3656 602 quo-

2063 625 2167 678 que
2214 611 2315 666 hoc
2361 613 2530 683 ipsum
2561 625 2706 672 recte
2732 617 3016 688 placuerat,
3051 621 3152 674 nisi
3204 624 3656 692 postmeridianus

2061 703 2221 757 timor
2243 707 2714 764 antemeridianum
2741 711 2986 781 placitum
3014 712 3298 785 frangeret.-

2131 795 2356 851 CAPUT
2377 796 2439 852 ll.
2467 828 2540 839 --
2562 800 2646 855 10.
2671 802 2807 856 Audi
2833 818 2960 874 ergo
2978 803 3086 875 jam
3119 805 3276 861 fidem
3303 822 3475 864 meam
3509 827 3522 865 :
3553 824 3649 880 po-

2061 892 2176 941 tens
2202 896 2284 942 est
2313 889 2672 946 misericordia
2721 893 2943 948 Domini
2975 895 3069 950 Dei
3113 897 3314 965 nostri,
3351 914 3468 968 quae
3512 914 3648 969 prae-

2059 984 2163 1032 stet
2190 993 2275 1032 me
2299 981 2446 1050 quod
2463 981 2664 1037 credidi
2703 983 2779 1039 sic
2811 984 2987 1055 loqui,
3015 994 3074 1039 ut
3097 1001 3197 1042 nec
3221 988 3338 1057 ejus
3380 989 3644 1046 otl‘endam

2059 1069 2335 1125 veritatem
2357 1114 2371 1139 ,
2401 1088 2500 1128 nec
2536 1074 2920 1130 humanitatem
2950 1086 3113 1132 tuam.
3142 1078 3198 1133 In
3227 1080 3645 1150 omnipotentem

2061 1158 2225 1213 Deum
2250 1161 2458 1216 Patrem
2486 1179 2572 1217 me
2599 1165 2817 1220 credere
2845 1166 3113 1236 profiteor,
3137 1184 3364 1240 eumque
3389 1181 3654 1226 aeternum.

2057 1263 2120 1303 ea
2147 1251 2579 1315 :etcrnitate,hoc
2608 1265 2709 1322 εει,
2739 1255 3165 1324 immortalitate,
3195 1259 3314 1314 dico
3333 1302 3349 1328 ,
3381 1276 3538 1331 quam
3564 1277 3646 1316 so-

2057 1337 2142 1394 lus
2171 1341 2308 1396 Deus
2337 1341 2528 1409 habet;
2575 1343 2674 1398 hoc
2703 1354 2756 1400 et
2783 1345 2849 1400 de
2876 1347 3010 1402 Filio
3048 1347 3162 1418 cjns
3185 1350 3454 1419 unigenito
3482 1351 3648 1407 credo
3664 1385 3672 1398 .-

2059 1431 2110 1486 in
2140 1432 2305 1488 forma
2339 1435 2464 1499 Dei;
2498 1435 2600 1492 hoc
2625 1445 2679 1492 et
2719 1437 2786 1494 de
2826 1437 3025 1508 Spiritu
3052 1450 3270 1509 sancto,
3302 1442 3392 1513 qui
3419 1442 3648 1513 Spiritus

2057 1535 2138 1580 est
2170 1527 2260 1581 Dei
2295 1528 2466 1582 Patris
2513 1539 2567 1585 et
2610 1531 2727 1586 Filii
2768 1533 2882 1602 ejus
2908 1535 3182 1603 unigeniti.
3230 1535 3335 1590 Sed
3382 1537 3502 1606 quia
3534 1537 3647 1606 ipse

2059 1617 2150 1670 Dei
2182 1616 2356 1674 Patris
2380 1621 2682 1690 nnigenitus
2709 1621 2873 1677 Filius
2893 1663 2908 1688 ,
2943 1624 3197 1678 Dominus
3223 1634 3276 1680 et
3297 1625 3436 1681 Deus
3465 1635 3646 1681 noster

2055 1706 2210 1763 Jesus
2235 1705 2505 1776 Christus,
2535 1720 2878 1782 posteaquam
2901 1715 3045 1768 venit
3071 1715 3346 1784 plenitudo
3368 1718 3640 1786 temporis,

2055 1809 2385 1868 opportunus
2416 1803 2432 1833 ¹
2463 1802 2529 1857 ad
2578 1804 2719 1859 diem
2765 1805 2953 1862 salutis
3001 1817 3196 1863 nostra
3240 1808 3461 1864 formam
3505 1811 3643 1865 servi

2055 1891 2264 1960 accepit
2293 1891 2485 1965 (Gaiat.
2516 1911 2587 1957 ιν,
2616 1894 2671 1967 4)
2693 1937 2707 1961 ,
2737 1897 2903 1952 multa
2932 1898 2997 1953 de
3027 1900 3114 1953 illo
3145 1900 3195 1954 in
3225 1899 3509 1971 Scripturis
3551 1916 3642 1956 se-

2054 1983 2282 2036 cundum
2331 1984 2548 2038 formam
2582 1986 2677 2040 Dei
2706 1987 2970 2056 dicuntur,
3004 1992 3167 2045 multa
3194 1991 3484 2048 secundum
3540 1991 3644 2046 foro

2054 2088 2196 2127 mam
2241 2075 2400 2128 servi.
2431 2075 2667 2143 Quorum
2688 2119 2704 2144 ,
2735 2080 2963 2149 exempli
3009 2082 3172 2150 gratia
3195 2123 3210 2146 ,
3254 2082 3359 2136 duo
3397 2082 3638 2152 qumdatn

2053 2180 2446 2236 commemoro,
2496 2177 2552 2224 ut
2594 2171 2802 2241 singula
2841 2172 2908 2227 ad
2955 2173 3159 2243 singula
3197 2174 3514 2230 referantur.
3547 2175 3643 2231 Se-

2051 2257 2282 2312 cundum
2327 2258 2548 2314 formam
2593 2262 2683 2317 Dei
2724 2261 2792 2317 de
2821 2265 3019 2333 seipse
3047 2266 3217 2330 dixit,
3253 2265 3362 2337 Ego
3403 2275 3449 2320 et
3489 2266 3645 2321 Pater

2050 2366 2206 2402 unum
2229 2367 2399 2404 sumus
2430 2350 2606 2422 (Joan.
2634 2370 2698 2419 x,
2732 2354 2824 2424 '50)
2851 2372 2862 2408 :
2895 2354 3196 2409 Secnndum
3230 2357 3450 2410 formam
3479 2357 3639 2426 servi,

2054 2439 2303 2505 Quoniam
2331 2441 2486 2496 Pater
2506 2446 2670 2512 major
2698 2461 2775 2498 me
2801 2453 2871 2500 est
2902 2445 3009 2516 (Id.
3035 2463 3142 2513 xw,
3166 2446 3281 2517 98).

2123 2533 2208 2586 ll.
2237 2532 2388 2599 Quod
2417 2543 2592 2590 autem
2619 2535 2684 2588 de
2713 2538 2820 2592 Deo
2845 2537 3098 2607 scriptum
3121 2547 3204 2593 est
3226 2580 3240 2597 .
3268 2538 3368 2605 Qui
3387 2539 3525 2594 solus
3550 2541 3644 2594 Ita-

2051 2624 2128 2678 bet
2168 2625 2591 2680 immortalitatem
2639 2627 2690 2697 (I
2735 2627 2867 2680 Tim.
2915 2645 2989 2695 Vt,
3043 2629 3173 2700 16);
3227 2640 3313 2696 et,
3358 2630 3636 2698 lnvisibili,

2051 2715 2146 2768 soli
2183 2713 2283 2767 Deo
2314 2715 2476 2768 honor
2501 2725 2547 2769 et
2574 2717 2736 2787 gloria
2765 2716 2874 2786 (Id.
2905 2735 2956 2784 ι,
2989 2720 3076 2788 l7)
3103 2737 3116 2783 ;
3161 2729 3214 2775 et
3241 2729 3430 2776 cmtera
3457 2723 3641 2792 hujus-

2052 2805 2228 2871 modi,
2266 2821 2370 2858 non
2397 2806 2464 2860 de
2494 2806 2650 2861 Patre
2683 2817 2883 2861 tantum
2915 2809 3233 2879 accipimus,
3262 2812 3355 2866 sed
3385 2815 3544 2867 etiam
3573 2815 3641 2870 de

2051 2892 2187 2948 Filio
2206 2936 2219 2958 ,
2251 2895 2391 2964 quod
2417 2895 2482 2950 ad
2511 2897 2730 2976 formam
2765 2899 2855 2954 Dei
2881 2899 3084 2965 attinet,
3112 2913 3166 2957 et
3194 2902 3262 2958 de
3293 2903 3490 2972 Spiritu
3519 2921 3641 2961 sano

2051 2994 2156 3040 cto.
2204 2983 2360 3040 Pater
2405 2989 2545 3042 enim
2591 2995 2645 3043 et
2681 2989 2846 3044 Filius
2888 2999 2941 3046 et
2987 2991 3216 3063 Spiritus
3252 3004 3466 3050 sanctus
3505 3012 3641 3052 unus

2053 3076 2193 3131 Deus
2233 3084 2343 3144 est,
2376 3088 2430 3134 et
2456 3079 2603 3135 Solus
2631 3097 2788 3136 verus
2831 3083 3000 3148 Deus,
3047 3093 3108 3139 et
3142 3086 3288 3140 solus
3327 3085 3639 3144 immortalis

2052 3168 2340 3223 secundum
2375 3170 2861 3227 incommutabilem
2907 3175 3124 3229 omnino
3169 3177 3536 3232 substantiam.
3581 3177 3636 3233 Si

2051 3257 2194 3312 enim
2223 3258 2288 3314 de
2327 3274 2487 3315 Carne
2516 3261 2711 3316 diversi
2738 3277 2898 3317 sexus
2922 3264 3119 3319 dictum
3147 3275 3254 3330 est,
3289 3267 3389 3332 Qui
3414 3268 3635 3324 adltwret

2049 3349 2332 3414 meretrici,
2379 3367 2535 3404 utinm
2577 3369 2758 3422 corpus
2798 3363 2904 3418 est;
2949 3364 3002 3410 et
3044 3355 3113 3411 de
3154 3357 3341 3425 spiritu
3372 3357 3635 3425 hominis,

2049 3439 2139 3508 qui
2175 3455 2280 3493 non
2322 3450 2404 3496 est
2439 3442 2578 3512 quod
2628 3444 2912 3512 Dominus,
2954 3457 3345 3516 consequenter
3383 3451 3635 3520 scriptum

2048 3539 2160 3595 est,
2198 3531 2293 3596 Qui
2332 3543 2501 3586 autem
2537 3534 2759 3589 adhaeret
2805 3535 3054 3604 Domino,
3094 3557 3228 3594 unus
3266 3542 3472 3610 spiritus
3498 3554 3568 3596 est
3593 3543 3635 3613 (Ι

2050 3619 2167 3674 Cor.
2203 3639 2250 3675 vt
2273 3665 2287 3688 ,
2322 3623 2422 3689 16,
2454 3624 2577 3693 17);
2611 3639 2807 3695 quanto
2830 3629 2997 3698 magis
3025 3632 3162 3687 Deus
3199 3632 3355 3687 Pater
3382 3634 3432 3687 in
3466 3633 3632 3698 Filio,

2049 3721 2103 3766 et
2151 3713 2288 3768 Deus
2333 3713 2499 3769 Filius
2547 3717 2598 3770 in
2640 3717 2824 3784 Patre,
2863 3727 2919 3773 et
2965 3721 3104 3776 Deus
3131 3723 3358 3791 Spiritus
3386 3725 3556 3780 Patris
3582 3734 3636 3782 et

2047 3805 2165 3860 Filii
2192 3821 2328 3861 unus
2355 3808 2493 3863 Deus
2519 3818 2619 3875 est,
2653 3811 2739 3865 ubi
2765 3812 2904 3867 nulla
2932 3823 3013 3868 est
3038 3815 3246 3870 diversa
3271 3825 3485 3883 natura;
3513 3833 3634 3873 eum

2043 3912 2142 3968 pro
2168 3897 2392 3953 diversis
2418 3901 2578 3954 modo
2619 3904 2849 3972 quodam
2889 3905 2990 3958 sibi
3017 3905 3406 3963 cohmrentibus
3429 3909 3634 3964 dicatur

2046 3987 2128 4039 vel
2155 3989 2371 4056 spiritus
2398 4005 2534 4045 unus
2563 3992 2647 4046 vel
2673 4007 2866 4062 corpus
2895 3997 3094 4050 unum?

2115 4077 2202 4132 l2.
2243 4079 2308 4134 Et
2329 4095 2448 4133 eum
2471 4096 2566 4149 pro
2581 4083 2755 4136 anima
2780 4094 2833 4138 et
2859 4099 3082 4155 corpore
3109 4087 3208 4142 sibi
3231 4088 3631 4145 cohaerentibus

2045 4167 2252 4222 dicatur
2289 4184 2427 4223 unus
2462 4171 2649 4237 homo;
2682 4188 2778 4227 cur
2825 4189 2928 4229 non
2978 4177 3144 4233 multo
3183 4179 3351 4249 magis
3379 4179 3447 4235 de
3475 4180 3632 4236 Patre

2044 4268 2098 4312 et
2139 4258 2272 4313 Filio
2312 4260 2412 4315 sibi
2443 4261 2836 4320 cohaerentibus
2874 4265 3084 4323 dicatur
3120 4286 3258 4325 unus
3299 4271 3476 4340 Deus,
3506 4288 3628 4328 eum

2047 4349 2259 4404 sibimet
2281 4351 2706 4421 inseparabiliter
2734 4355 3038 4412 eohzcreant
3063 4361 3344 4429 quomodo!
3360 4377 3468 4418 non
3505 4379 3629 4419 cor~

2046 4454 2143 4509 pus
2174 4449 2226 4495 et
2247 4442 2462 4496 anima?
2490 4444 2692 4499 Etcum
2717 4461 2909 4517 corpus
2934 4459 2987 4504 et
3006 4451 3179 4505 anima
3201 4453 3272 4509 sit
3293 4470 3430 4510 unus
3445 4455 3626 4522 homo,

2045 4534 2283 4602 quamvis
2311 4550 2502 4604 corpus
2539 4546 2590 4592 et
2617 4539 2790 4594 anima
2833 4556 2936 4595 non
2982 4544 3089 4598 sint
3134 4561 3329 4611 unum;
3376 4563 3474 4603 cur
3521 4563 3630 4606 non

2045 4626 2214 4679 multo
2241 4628 2407 4697 magis
2432 4629 2500 4682 sit
2528 4630 2682 4685 Pater
2709 4640 2762 4686 et
2794 4632 2956 4689 Filius
2980 4651 3116 4690 unus
3145 4638 3302 4704 Deus,
3327 4655 3445 4694 cum
3473 4641 3629 4696 Pater

2046 4725 2100 4770 et
2128 4717 2294 4772 Filius
2318 4735 2477 4772 unum
2506 4720 2632 4786 sint,
2662 4724 2953 4780 secundum
2981 4727 3124 4781 illam
3145 4727 3396 4785 Veritatis
3418 4747 3624 4798 vocem,

2045 4807 2157 4878 Ego
2191 4817 2236 4862 et
2270 4808 2429 4863 Pater
2455 4828 2612 4865 unum
2647 4818 2859 4871 sumus?
2888 4815 3014 4870 ltetn
3059 4833 3180 4872 cum
3220 4820 3380 4876 homo
3408 4823 3628 4879 interior

2045 4909 2100 4952 et
2131 4899 2290 4953 homo
2314 4902 2547 4956 exterior
2574 4919 2679 4957 non
2716 4905 2823 4959 sint
2857 4922 3043 4973 unum,
3083 4924 3257 4980 neque
3298 4913 3439 4967 enim
3480 4914 3626 4984 ejus-

2049 4987 2169 5042 dem
2197 5000 2399 5045 natura:
2427 5000 2509 5046 est
2535 4995 2767 5049 exterior
2786 4997 2938 5065 cujus
2965 4999 3216 5066 interior,
3245 5001 3368 5071 quia
3393 5005 3628 5060 exterior

2044 5095 2164 5134 cum
2196 5091 2499 5151 nuncupata
2525 5099 2750 5156 corpore
2771 5086 2965 5143 dicitur
2991 5089 3170 5157 homo,
3201 5091 3422 5148 interior
3447 5105 3622 5152 autem

2045 5171 2098 5224 in
2122 5171 2232 5226 sola
2257 5173 2503 5228 rationali
2529 5176 2707 5231 anima
2751 5177 3095 5250 intelligitur;
3126 5191 3408 5255 utrumque
3447 5196 3622 5244 tamen

2043 5259 2198 5316 simul
2239 5277 2344 5317 non
2394 5264 2636 5323 homines
2664 5267 2787 5333 duo,
2838 5270 2932 5325 sed
2981 5287 3120 5328 unus
3165 5275 3357 5331 dicitur
3388 5295 3400 5332 :
3428 5289 3627 5350 quanto

2044 5354 2211 5423 magis
2236 5354 2395 5410 Pater
2417 5367 2470 5412 et
2495 5357 2658 5414 Filius
2680 5376 2815 5416 unus
2838 5361 2979 5418 Deus
2998 5371 3096 5428 est,
3123 5379 3242 5420 cum
3276 5368 3430 5424 Pater
3453 5380 3505 5425 et
3531 5371 3624 5427 Fi-

2045 5443 2144 5498 lius
2175 5460 2337 5500 unum
2369 5447 2506 5513 sint;
2545 5451 2667 5518 quia
2692 5450 2930 5520 ejusdem
2965 5462 3166 5511 natura:
3191 5459 3275 5513 vel
3314 5460 3623 5518 substantia:

2044 5552 2188 5600 sunt.
2211 5540 2292 5594 vel
2323 5540 2374 5595 si
2397 5557 2501 5611 quo
2521 5544 2625 5598 alio
2655 5545 2911 5604 vocabulo
2947 5554 3322 5621 congruentius
3351 5554 3544 5612 dicitur
3572 5556 3619 5612 id

2043 5628 2184 5698 quod
2215 5630 2354 5686 Deus
2392 5641 2492 5698 est,
2531 5634 2668 5690 unde
2701 5635 2898 5694 dictum
2944 5652 3044 5710 est,
3071 5643 3180 5716 Ego
3209 5656 3255 5700 et
3280 5645 3437 5702 Pater
3465 5667 3620 5705 unum

2107 5784 2120 5816 ¹
2145 5783 2252 5837 Bad.
2278 5795 2377 5839 Am.
2401 5794 2560 5854 δίει-η
2578 5792 2848 5856 opportuni.
2869 5803 2995 5850 Unus
3022 5812 3050 5850 e
3070 5806 3168 5852 \‘at.
3194 5809 3322 5866 Mss,
3345 5813 3622 5871 opportune.
