4084 6332
517 287 652 341 “HS

509 416 684 453 sanius
703 401 724 438 9
747 397 924 468 itaque
947 414 1079 453 unus
1105 399 1328 470 Spiritus
1351 398 1580 464 Domini,
1611 406 1665 453 et
1702 414 1839 454 unus
1861 400 2077 469 spiritus

509 490 757 556 hominis,
789 501 844 546 et
864 507 969 544 non
1001 501 1121 545 sunt
1147 505 1342 555 unum;
1368 498 1422 544 et
1442 498 1616 545 tamen
1639 490 1727 544 ille
1755 506 1876 545 cum
1902 492 2078 548 cohae-

503 592 587 637 ret
606 583 850 647 Domino,
882 597 986 637 non
1017 591 1138 636 sunt
1163 581 1288 646 duo,
1317 581 1410 637 sed
1441 597 1576 636 unus
1601 583 1922 652 spirituszet
1941 601 2075 642 unus

505 673 665 729 homo
693 676 934 741 interior,
971 684 1024 730 et
1052 689 1186 728 unus
1227 675 1384 729 homo
1413 676 1663 743 exterior,
1703 685 1757 730 et
1805 692 1910 732 non
1953 689 2077 734 sunt

506 781 706 831 unum;
737 776 794 822 et
832 774 1010 821 tamen
1043 766 1156 836 ejus
1197 767 1526 822 connexione
1576 769 1770 823 vinculi
1821 770 2073 826 naturalis

500 858 660 912 simul
689 866 968 927 utrumque
993 873 1099 913 non
1127 857 1232 913 duo
1256 899 1269 922 ,
1295 859 1392 914 sed
1424 877 1555 914 unus
1585 869 1662 916 est
1700 861 1880 916 homo.
1913 863 2073 917 Multo

499 949 668 1018 magis
699 949 854 1018 igitur
873 965 992 1003 cum
1022 950 1186 1005 Filius
1213 951 1304 1006 Dei
1325 951 1484 1018 dicat,
1518 953 1628 1025 Ego
1649 962 1697 1009 et
1740 953 1894 1008 Pater
1916 971 2072 1008 unum

497 1056 688 1105 sumus,
718 1055 849 1094 unus
878 1051 957 1094 est
981 1040 1119 1096 Deus
1146 1042 1322 1107 Pater,
1353 1052 1406 1098 et
1428 1060 1562 1099 unus
1595 1054 1675 1100 est
1709 1046 1847 1100 Deus
1875 1045 2067 1114 Filius;

497 1137 552 1182 et
578 1137 749 1182 tamen
769 1130 933 1184 simul
961 1139 1240 1200 utrumque
1270 1148 1371 1186 non
1399 1134 1524 1200 duo,
1547 1135 1638 1189 sed
1672 1151 1807 1189 unus
1837 1136 1996 1190 Deus.

569 1222 655 1276 15.
695 1223 844 1290 Quod
870 1225 1008 1279 enim
1037 1226 1162 1280 fecit
1183 1227 1235 1280 in
1252 1227 1430 1281 multis
1446 1227 1640 1282 sanctis
1663 1229 1714 1282 in
1731 1228 2066 1299 adoptionem

498 1314 721 1368 ﬁliorum
750 1317 948 1372 vocatis
969 1317 1335 1372 cohacrcdibus
1363 1317 1556 1375 Christi
1585 1335 1686 1374 una
1718 1320 1846 1376 ﬁdes
1875 1331 1927 1376 et
1966 1337 2067 1377 una

494 1420 616 1474 spes
642 1413 696 1459 et-
721 1422 820 1458 una
855 1407 1107 1473 charitas,
1139 1414 1196 1462 ut
1221 1415 1361 1464 esset
1385 1409 1463 1463 eis
1501 1425 1604 1463 una
1646 1410 1820 1464 anima
1871 1419 1925 1465 et
1975 1426 2069 1466 cor

495 1516 654 1553 unum
680 1500 730 1554 in
754 1500 951 1566 Deum;
984 1500 1086 1554 hoc
1124 1502 1387 1571 praecipue
1422 1503 1562 1573 cogit
1595 1503 1814 1574 intelligi
1847 1518 1948 1558 una
1976 1519 2064 1558 ea-

490 1591 720 1662 demque
756 1591 925 1647 Patris
971 1601 1025 1646 et
1057 1592 1175 1647 Filii
1205 1604 1391 1648 natura
1415 1635 1430 1660 ,
1461 1594 1503 1647 si
1544 1594 1615 1648 ita
1643 1593 1926 1648 dicendum
1948 1603 2061 1662 est,

490 1682 724 1747 deitatis,
753 1693 811 1738 ut
835 1684 990 1738 Pater
1015 1693 1070 1739 et
1089 1684 1252 1738 Filius
1275 1685 1366 1754 qui
1395 1700 1556 1738 unum
1581 1695 1736 1749 sunt,
1770 1694 1822 1739 et
1850 1685 2062 1756 insepa-

491 1773 732 1830 rabiliter
769 1792 930 1830 unum
967 1787 1110 1844 sunt,
1147 1786 1202 1832 et
1227 1778 1550 1847 sempiterne
1581 1793 1739 1831 unum
1773 1786 1913 1841 sunt,
1956 1793 2061 1832 non

489 1867 596 1920 sint
624 1868 730 1922 duo
753 1867 848 1934 dii,
887 1869 982 1923 sed
1026 1885 1160 1923 unus
1199 1870 1356 1924 Deus.
1401 1869 1476 1923 Illi
1517 1869 1659 1923 enim
1695 1868 1938 1925 homines
1970 1885 2064 1938 per

486 1959 808 2014 consortium
844 1966 897 2013 et
927 1959 1350 2014 communionem
1393 1960 1547 2013 unius
1574 1958 1916 2030 ejusdemque
1963 1975 2060 2013 na-

488 2057 646 2114 tnrte,
673 2062 774 2116 qua
815 2063 1000 2114 omnes
1028 2047 1272 2104 homines
1313 2059 1484 2115 erant,
1511 2063 1676 2103 unum
1707 2058 1858 2103 erant
1889 2065 1902 2101 :
1931 2057 1988 2102 et
2014 2049 2061 2104 si

485 2137 766 2206 aliquando
808 2138 1097 2193 secundum
1137 2139 1469 2194 diversitates
1507 2140 1832 2194 voluntatum
1863 2150 1915 2196 et
1939 2153 2062 2195 sen-

487 2226 791 2294 tentiarum,
817 2229 1124 2298 Opinionum
1147 2245 1456 2300 morumque
1476 2230 1929 2284 dissimilitudines
1954 2246 2059 2286 non

485 2328 636 2374 erant
679 2336 877 2385 unum;
916 2333 1072 2376 erunt
1114 2331 1290 2376 autem
1333 2323 1484 2391 plene
1516 2322 1850 2393 perfectoque
1873 2338 2058 2398 unum,

483 2426 605 2466 cum
651 2423 961 2480 perventum
993 2411 1148 2467 fuerit
1199 2413 1262 2468 ad
1318 2430 1438 2468 cum
1487 2415 1667 2480 ﬁnem,
1695 2423 1761 2468 ut'
1801 2414 1869 2468 sit
1920 2414 2060 2470 Deus

486 2503 664 2556 omnia
698 2503 749 2557 in
783 2504 1046 2558 omnibus.
1080 2505 1221 2558 Deus
1254 2512 1430 2558 autem
1466 2504 1622 2558 Pater
1649 2513 1700 2560 et
1727 2505 1891 2558 Filius
1921 2504 2057 2573 ejus,

484 2591 864 2663 Verbum~ejus
891 2595 1028 2649 Deus
1052 2593 1190 2663 apud
1218 2594 1381 2649 Deum
1403 2635 1417 2660 ,
1458 2609 1673 2663 semper
1696 2604 1851 2664 atque
1880 2593 2061 2649 ineﬁ‘a-

485 2682 662 2738 hilitcr
692 2700 854 2748 unum
879 2693 1031 2750 sunt;
1062 2684 1202 2740 unde
1227 2685 1522 2755 magis-non
1549 2684 1655 2740 duo
1678 2684 1772 2755 dii,
1804 2684 1899 2740 sed
1923 2695 2079 2741 unus'

481 2775 642 2830 Deus.
793 2800 810 2824 δ
1385 2803 1391 2809 ‘
1622 2797 1627 2802 '
1822 2829 1825 2833 .

554 2868 643 2923 14.
687 2869 940 2925 llomines
959 2870 1338 2925 autem-minus
1365 2869 1748 2941 intelligentcs,
1776 2871 1908 2942 Quid
1932 2887 2057 2942 pro-

484 2969 604 3028 pter
622 2959 748 3031 quid
775 2961 1006 3029 dicatur,
1027 2970 1270 3031 patentes
1295 2962 1479 3016 volunt
1503 2961 1698 3018 habere
1725 2963 2016 3018 sententias
2040 2981 2053 3018 :

480 3063 535 3111 et
562 3054 848 3122 Scripturis
891 3069 997 3108 non
1028 3053 1310 3124 diligenter
1333 3055 1602 3122 scrutatis,
1642 3049 1760 3109 cum
1801 3055 2060 3126 arripiunt

479 3143 843 3200 defensionem
885 3146 1138 3215 cujusque
1171 3145 1453 3214 epiniouis,
1503 3154 1556 3203 et
1597 3146 1664 3200 ab
1691 3162 1753 3201 ea
1795 3147 1876 3202 vel
1916 3163 2056 3201 nuu-

479 3249 639 3304 quam
678 3236 759 3292 vel
787 3235 1002 3292 difﬁcile
1029 3236 1398 3301 deﬂectuntur,
1435 3239 1559 3293 dum
1599 3238 1740 3294 docti
1773 3247 1932 3310 atque
1974 3255 2056 3294 sa-

478 3327 689 3396 pientes
709 3328 875 3397 magis
895 3329 1066 3398 putari
1095 3345 1252 3400 quam
1273 3345 1393 3386 esse
1415 3331 1794 3401 concupiscunt
1817 3348 1832 3397 ;
1856 3347 1916 3386 ea
1938 3349 2056 3402 quae

481 3427 700 3487 propter
727 3417 952 3475 formam
979 3422 1118 3475 servi
1163 3422 1303 3478 dicta
1352 3433 1494 3488 sunt,
1549 3424 1731 3478 volunt
1768 3424 2056 3479 transferre

479 3509 547 3564 ad
575 3509 796 3565 formam
823 3511 914 3566 Dei
941 3530 954 3576 ;
981 3520 1036 3566 et
1059 3528 1242 3568 rursus
1270 3529 1386 3584 quae
1405 3514 1543 3569 dicta
1565 3522 1686 3568 sunt
1711 3523 1767 3569 ut
1790 3514 1855 3568 ad
1884 3530 1941 3569 se
1970 3515 2054 3568 in-

479 3600 652 3656 vicem
683 3617 921 3670 personac.
940 3604 1253 3669 refcrantur,
1271 3605 1455 3659 volunt
1481 3606 1691 3660 nomina
1711 3621 1828 3660 esse
1853 3616 2055 3662 naturae

479 3699 639 3760 atque
669 3693 994 3748 substantias.
1018 3694 1176 3749 Fides
1206 3705 1381 3750 autem
1409 3705 1586 3750 nostra
1618 3706 1731 3762 est,
1763 3696 1970 3750 Patrem
2001 3705 2056 3751 ct

480 3781 675 3837 Filium
719 3793 773 3838 et
808 3783 1058 3853 Spiritum
1101 3796 1342 3841 sanctum
1371 3803 1533 3841 unum
1564 3788 1727 3842 Deum
1754 3787 1972 3843 credere
2001 3796 2054 3843 et

479 3873 757 3939 conﬁteri;
800 3889 898 3930 nec
939 3886 1112 3931 tamen
1143 3893 1265 3932 eum
1291 3877 1378 3947 qui
1403 3877 1567 3932 Filius
1591 3887 1670 3934 est
1689 3920 1704 3944 ,
1734 3879 1943 3934 Patrem
1968 3879 2052 3935 dio

479 3980 637 4029 cere;
671 3980 766 4018 nec
795 3981 914 4020 eum
947 3967 1033 4036 qui
1076 3968 1232 4023 Pater
1257 3975 1357 4034 est,
1405 3968 1629 4036 Filium;
1669 3986 1769 4026 nec
1803 3986 1924 4025 eum
1963 3971 2053 4041 qui

475 4055 710 4124 Spiritus
735 4057 907 4114 Patris
945 4067 999 4113 et
1036 4059 1154 4114 Filii
1203 4069 1304 4126 est,
1353 4070 1446 4116 aut
1492 4062 1700 4117 Patrem
1736 4072 1828 4118 aut
1861 4063 2051 4118 Filium

478 4165 802 4220 nuncupare.
832 4153 924 4207 llis
952 4154 1093 4208 enim
1128 4155 1569 4224 appellationibus
1599 4156 1699 4210 hoc
1724 4157 2054 4226 signiﬁcatur

475 4256 580 4310 quo
618 4242 684 4295 ad
711 4259 769 4298 se
800 4243 1025 4299 invicem
1069 4246 1392 4311 referuntur,
1439 4261 1543 4300 non
1595 4246 1706 4315 ipsa
1758 4249 2050 4306 substantia

477 4348 579 4400 qua
607 4349 768 4388 unum
797 4345 941 4389 sunt.
983 4335 1112 4389 Nam
1157 4344 1210 4391 et
1240 4346 1389 4405 pater
1415 4353 1534 4391 cum
1571 4337 1761 4392 dicitur
1781 4381 1796 4404 ,
1839 4341 2049 4395 nonnisi

475 4423 697 4491 alicujus
727 4425 820 4478 ﬁlii
859 4426 1090 4492 dicitur;
1121 4437 1176 4482 et
1207 4429 1346 4482 ﬁlius
1377 4429 1583 4484 nonnisi
1624 4429 1844 4500 alicujus
1889 4433 2051 4500 patris

478 4512 820 4583 intelligitur;
858 4525 913 4570 et
941 4517 1156 4585 spiritus
1180 4518 1468 4573 secundum
1501 4519 1552 4573 id
1581 4520 1722 4589 quod
1751 4521 1817 4576 ad
1851 4523 2048 4593 aliquid

475 4604 729 4670 refertur,
758 4606 1006 4675 spirantis
1031 4608 1252 4679 alicujus
1277 4619 1385 4674 est,
1427 4619 1480 4666 et
1505 4611 1711 4681 spirans
1738 4614 1916 4685 utique
1941 4617 2050 4685 Spi-

476 4695 636 4754 ritum
666 4697 874 4766 Spirans
903 4707 985 4753 est
1014 4699 1053 4754 ¹.

547 4786 636 4841 15.
676 4787 789 4842 Νοιι
838 4799 1017 4844 autem
1061 4791 1160 4846 ista
1201 4794 1548 4862 corporaliter
1590 4797 1907 4861 sentiuntur,
1950 4816 2049 4857 nec

474 4879 669 4934 usitato
693 4896 842 4936 mure
867 4882 1225 4952 intelliguntur
1250 4884 1303 4940 in
1330 4886 1440 4942 Deo
1463 4930 1477 4954 ,
1510 4887 1610 4955 Qui
1653 4902 1826 4959 potens
1863 4902 1936 4947 est
1969 4898 2048 4964 fa-

473 4986 605 5036 cere,
635 4971 771 5026 sicut
797 4972 925 5027 dicit
959 4975 1262 5044 Apostolus,
1291 4993 1447 5047 supra
1483 4996 1632 5050 quant
1659 4983 1870 5052 petimus
1895 4993 1943 5038 et
1964 4987 2045 5040 in-

470 5059 742 5131 telligimus
783 5063 945 5135 (Eph.
991 5081 1070 5132 tu,
1125 5067 1329 5139 20):si
1384 5080 1560 5126 autem
1608 5073 1799 5139 facere,
1851 5089 2046 5146 quanto

478 5151 643 5221 magis
667 5155 824 5208 esse?
861 5156 992 5209 Nam
1035 5158 1132 5212 hoc
1163 5175 1357 5215 nomen
1394 5162 1532 5231 quod
1575 5165 1782 5233 spiritus
1815 5168 2041 5238 dicitur,

471 5255 574 5296 non
603 5243 892 5298 secundum
924 5244 974 5299 id
1004 5248 1142 5316 quod
1164 5247 1390 5305 refertur
1416 5251 1480 5304 ad
1506 5252 1720 5323 aliquid,
1746 5256 1838 5310 sed
1855 5273 2046 5314 secun—

472 5330 597 5384 dum
622 5331 671 5384 id
694 5333 834 5402 quod
863 5333 1036 5404 aliqua
1069 5346 1250 5394 natura
1281 5339 1623 5410 signiﬁcatur,
1651 5347 1826 5402 omnis
1865 5349 2043 5405 incor-

470 5435 630 5489 porea
668 5433 852 5480 natura
893 5426 1109 5495 spiritus
1137 5428 1188 5482 in
1220 5428 1506 5500 Scripturis
1538 5436 1861 5505 appellatur;
1905 5443 2042 5500 unde

471 5527 575 5566 nun
606 5523 806 5569 tantum
834 5516 978 5587 Patri
1003 5527 1056 5572 et
1084 5518 1215 5576 Filio
1243 5531 1297 5576 et
1315 5521 1528 5591 Spiritui
1555 5537 1758 5597 sancto,
1781 5532 1872 5587 sed
1899 5537 2041 5591 omni

468 5606 710 5661 rationali
739 5619 996 5665 creaturae
1022 5613 1289 5677 etanima:
1309 5615 1410 5680 hoc
1433 5619 1747 5677 vocabulum
1776 5631 2036 5698 congruit.

573 5721 644 5770 sic
672 5729 774 5771 Mss.
808 5730 860 5772 At
894 5724 1001 5774 sed.
1031 5725 1232 5787 habent,
1256 5728 1425 5785 spiritu
1449 5731 1636 5800 spirans
1656 5744 1740 5787 est.

1648 353 1650 356 ι
1736 285 1792 340 S.
1835 283 2198 343 AUGUSTINI
2237 286 2537 344 EPlSCOPl

3638 299 3770 356 10M

2187 397 2337 454 Unde
2365 400 2617 456 Dominus
2659 401 2817 470 dicit,
2852 377 3075 473 Spiritus
3116 416 3188 460 est
3224 407 3390 473 Deus;
3432 415 3479 462 et
3525 407 3640 464 ideo
3678 413 3765 481 qui

2184 492 2397 544 adorant
2449 492 2628 560 Deum,
2679 495 2731 548 in
2760 495 2937 567 spiritu
2979 507 3023 552 et
3069 499 3273 553 ueritate
3317 507 3510 570 oportet
3547 501 3764 556 adorare

2185 579 2358 652 (Joan.
2392 599 2466 649 tv,
2494 581 2584 653 21)
2619 602 2630 636 :
2665 585 2914 654 seriptum
2945 595 3026 642 est
3051 590 3208 643 etiam
3229 629 3244 655 ,
3279 588 3377 655 Qui
3400 591 3521 660 facit
3545 591 3761 662 Angelos

2181 685 2296 724 suos
2315 672 2520 741 spiritus
2546 672 2715 743 (Psal.
2749 691 2860 743 cur,
2884 676 2941 746 4)
2968 694 2980 729 :
3007 677 3204 732 dictum
3244 687 3327 733 est
3362 680 3428 735 de
3455 681 3758 740 hominibus

2180 759 2518 828 quibusdam,
2564 763 2814 829 Quoniam
2856 783 2974 820 cara
3007 777 3143 834 sunt,
3175 778 3222 822 et
3241 770 3446 839 spiritus
3467 771 3756 836 ambulans,

2179 857 2224 900 et
2250 867 2349 904 non
2379 861 2626 906 revertens
2652 852 2822 924 (Psal.
2851 872 3054 922 Lxxvn,
3083 857 3174 929 59)
3214 874 3228 911 :
3265 868 3318 913 et
3345 861 3631 930 Apostolus
3658 863 3754 931 ait,

2179 939 2344 994 Nemo
2369 943 2460 996 scit
2483 943 2603 1010 quid
2623 954 2805 1015 agatur
2832 946 2884 1000 in
2913 947 3130 1015 homine,
3159 949 3257 1004 nisi
3280 950 3486 1020 spiritus
3516 951 3755 1018 hominis.

2175 1031 2262 1097 qui
2282 1032 2332 1085 in
2359 1033 2468 1100 ipso
2493 1044 2566 1088 est
2594 1034 2636 1106 (1
2666 1035 2782 1091 Cor.
2813 1053 2870 1103 η,
2897 1038 2984 1110 11)
3009 1057 3021 1092 :
3047 1039 3173 1094 item
3195 1041 3448 1110 scriptum
3469 1052 3552 1098 est
3577 1059 3592 1096 :
3626 1044 3759 1111 Quis

2173 1121 2268 1173 scit
2292 1122 2498 1191 spiritus
2525 1125 2749 1193 ﬁliorum
2772 1126 2988 1181 hominis
3007 1129 3050 1182 si
3075 1130 3310 1183 ascendat
3333 1131 3441 1200 ipse
3457 1149 3676 1201 sursum,
3709 1144 3756 1190 et

2175 1211 2384 1278 spiritus
2404 1215 2615 1282 pecoris,
2647 1216 2916 1271 descendat
2931 1219 3040 1289 ipse
3052 1219 3282 1274 deorsum
3295 1221 3345 1275 in
3360 1231 3543 1277 terram
3558 1223 3750 1296 (Eccle.

2174 1315 2249 1366 ιιι,
2274 1299 2402 1374 21)⁶ἔ
2436 1304 2635 1359 Dicitur
2659 1307 2817 1361 etiam
2852 1309 3068 1378 spiritus
3090 1310 3141 1364 in
3161 1309 3444 1381 Scripturis
3462 1315 3754 1370 secundum

2171 1393 2452 1460 quamdam
2499 1395 2890 1453 distinctionem
2930 1401 2984 1454 in
3024 1403 3135 1470 ipsa
3175 1419 3277 1458 una
3319 1405 3475 1459 unius
3523 1405 3753 1463 hominis

2169 1483 2343 1536 anima
2377 1501 2389 1538 :
2414 1486 2552 1540 unde
2571 1489 2855 1556 Apostolus
2883 1491 3030 1558 dicit,
3057 1491 3116 1545 Et
3140 1493 3332 1564 integer
3348 1496 3554 1564 spiritus
3569 1507 3750 1562 vester,

2170 1585 2215 1628 et
2242 1577 2431 1641 anima,
2460 1587 2506 1631 et
2533 1595 2716 1650 corpus
2748 1581 2801 1634 in
2835 1582 2965 1636 diem
2993 1583 3202 1638 Domini
3227 1587 3387 1640 nostri
3409 1585 3536 1641 Iesu
3560 1587 3753 1644 Christi

2167 1677 2386 1721 seruetur
2408 1667 2447 1740 (Ι
2475 1669 2653 1726 Thess.
2677 1688 2728 1737 v,
2752 1673 2844 1743 23)
2867 1690 2882 1727 :
2908 1675 3030 1729 item
3048 1677 3151 1730 alio
3169 1677 3306 1745 loco,
3333 1678 3395 1734 Si
3423 1696 3628 1735 oravere
3645 1683 3750 1735 tin-

2167 1775 2290 1828 gua,
2335 1761 2541 1828 spiritus
2591 1780 2731 1817 meus
2771 1775 2919 1830 orat;
2944 1784 3082 1821 mens
3110 1777 3274 1822 autem
3303 1787 3415 1824 mea
3437 1771 3754 1843 infructuosa

2167 1857 2256 1901 est.
2294 1847 2429 1912 Quid
2449 1867 2565 1921 ergo
2585 1853 2700 1906 est?
2731 1853 2898 1909 Orabo
2918 1857 3120 1926 spiritu,
3148 1857 3300 1912 orabo
3320 1868 3365 1912 ct
3385 1869 3547 1914 mente
3569 1862 3748 1927 (lCor.

2167 1941 2392 2006 xm”,
2433 1943 2544 2012 15).
2591 1945 2812 2014 Pr0prio
2859 1956 3035 2001 autem
3082 1948 3240 2003 modo
3285 1950 3513 2020 quodam
3555 1952 3752 2007 dicitur

2166 2030 2394 2098 Spiritus
2437 2043 2670 2097 sanctus,
2705 2036 2992 2090 secundum
3024 2038 3162 2108 quod
3196 2041 3423 2095 refertur
3446 2042 3510 2095 ad
3537 2043 3751 2099 Patrem

2164 2129 2217 2173 et
2237 2121 2447 2188 Filium,
2477 2123 2617 2193 quod
2653 2141 2837 2180 eorum
2877 2127 3102 2197 Spiritus
3137 2139 3352 2184 sanctus
3382 2131 3470 2186 sit.
3499 2132 3632 2187 Nam
3658 2149 3750 2188 se-

2163 2215 2393 2267 cundum
2443 2217 2832 2283 substantiam,
2883 2222 3134 2291 quoniam
3175 2225 3338 2279 semel
3384 2224 3583 2280 dictum
3629 2235 3747 2294 est,

2165 2303 2390 2374 Spiritus
2429 2317 2501 2361 est
2527 2307 2687 2375 Deus,
2721 2317 2777 2364 et
2813 2311 2969 2366 Pater
2989 2313 3215 2390 'spiritus
3237 2325 3347 2381 est,
3379 2325 3434 2371 et
3460 2317 3658 2384 Filius,
3693 2327 3750 2374 et

2164 2395 2277 2466 ipse
2317 2397 2549 2468 Spiritus
2593 2411 2827 2467 sanctus,
2859 2419 2958 2459 nec
3001 2413 3178 2460 tamen
3228 2416 3336 2460 tres
3375 2408 3626 2478 spiritus,-
3651 2410 3750 2464 sed

2124 2511 2127 2514 -
2165 2501 2299 2540 unus
2320 2488 2564 2558 spiritus;
2593 2493 2729 2546 sicut
2757 2508 2864 2548 non
2892 2502 2999 2548 tres
3019 2493 3110 2562 dii,
3134 2495 3392 2553 sed'unus
3420 2498 3582 2553 Deus.

2234 2579 2322 2632 16.
2363 2579 2508 2646 Quid
2527 2581 2778 2636 miraris?
2805 2583 3033 2639 Tantum
3063 2587 3203 2641 valet
3238 2602 3340 2657 pax
3363 2629 3377 2654 ,
3406 2603 3514 2643 non
3543 2590 3746 2658 qualis-

2161 2680 2408 2737 cumque,
2440 2680 2498 2724 ut
2521 2671 2657 2726 solet
2684 2671 2925 2743 intelligi,
2954 2690 3052 2730 nec
3081 2676 3201 2730 talis
3219 2678 3390 2747 qualis
3419 2678 3662 2734 laudatur
3683 2680 3740 2735 in

2161 2756 2261 2812 hac
2282 2758 2387 2814 vita
2416 2774 2514 2830 per
2537 2762 2876 2817 concordiam
2903 2764 3323 2836 charitatemque
3351 2760 3616 2835 ﬁdelium;
3645 2771 3745 2827 sed

2160 2846 2248 2902 illa
2277 2863 2377 2918 pax
2411 2850 2524 2916 Dei,
2557 2866 2695 2922 quae,
2725 2852 3008 2910 sicutdicit
3035 2856 3344 2926 Apostolus,
3367 2860 3746 2929 supergredin

2127 2967 2132 2974 ~
2159 2954 2356 2994 omnem
2397 2942 2700 2997 intellectum
2759 2944 3126 3016 (Philipp.'tv,
3155 2948 3210 3017 7)
3237 2965 3250 3003 :
3277 2963 3457 3018 quem,
3509 2949 3611 3004 nisi
3641 2966 3742 3005 no-

2160 3040 2350 3098 strum,
2379 3032 2433 3087 id
2459 3042 2565 3100 est,
2583 3036 2758 3091 omnis
2786 3037 3056 3092 rationalis
3085 3040 3384 3094 creaturae?
3407 3039 3745 3110 Quapropter

2159 3121 2557 3180 considerantes
2609 3126 2973 3182 inﬁrmitatem
3030 3138 3300 3197 nostram,
3347 3139 3404 3186 et
3464 3132 3745 3186 audientes

2158 3216 2468 3285 Apostolum
2499 3218 2836 3275 conﬁtentem
2867 3231 2919 3275 et
2949 3220 3211 3277 dicentem
3235 3263 3250 3288 ,
3284 3222 3514 3291 Fratres,
3546 3241 3637 3295 ego
3662 3241 3748 3278 me

2159 3324 2258 3361 non
2279 3309 2498 3363 arbitror
2526 3312 2918 3382 apprehendisse
2944 3311 3055 3381 (Id.
3085 3329 3161 3381 In,
3194 3312 3318 3386 i5);
3349 3323 3422 3379 et,
3445 3316 3545 3382 Qui
3567 3333 3622 3370 se
3641 3333 3742 3386 pu-

2159 3407 2229 3451 tat
2264 3399 2454 3467 aliquid
2477 3402 2621 3467 scire,
2662 3402 2886 3456 nondum
2931 3404 3024 3457 scit
3051 3405 3470 3473 quemadmodum
3511 3416 3744 3476 oporteat

2159 3508 2276 3545 eum
2303 3493 2429 3547 scire
2477 3494 2528 3566 (l
2555 3494 2670 3548 Cor.
2703 3511 2817 3562 vut,
2862 3494 2971 3566 2);
3021 3511 3140 3550 cum
3190 3497 3382 3552 divinis
3430 3497 3740 3568 Scripturis,

2163 3595 2415 3652 quantum
2471 3599 2771 3654 possumus,
2823 3587 3187 3656 colloquamur
3238 3588 3353 3642 sine
3398 3589 3743 3643 contentione

2160 3676 2347 3742 pacati,
2380 3691 2482 3729 non
2515 3677 2655 3730 inani
2683 3691 2744 3731 ae
2775 3678 2960 3752 puerili
2985 3679 3323 3736 animositate
3351 3678 3626 3734 studentes
3653 3681 3740 3735 al-

2158 3773 2412 3818 terutrum
2444 3767 2678 3830 vincere,
2705 3776 2760 3820 ut
2783 3781 2880 3836 pax
2906 3766 3102 3822 Christi
3127 3768 3301 3836 potius
3329 3769 3503 3823 vincat
3531 3770 3581 3822 in
3608 3783 3740 3824 cor-

2155 3854 2308 3910 dibus
2334 3857 2527 3910 nostris
2544 3855 2759 3928 (Coloss.
2791 3873 2868 3922 ut,
2896 3859 2984 3929 15)
3015 3899 3030 3926 ,
3061 3871 3314 3928 quantum
3347 3875 3462 3914 eam
3501 3861 3655 3915 nobis
3683 3869 3742 3915 et

2156 3947 2208 4000 in
2250 3946 2347 4002 hac
2391 3948 2494 4001 vita
2545 3949 2826 4018 percipere
2867 3965 3022 4019 posse
3055 3949 3272 4005 donavit
3301 3970 3315 4005 :
3342 3958 3400 4005 ut
3444 3951 3740 4021 cogitantes

2154 4038 2277 4108 quid
2309 4037 2492 4092 eadem
2521 4055 2621 4110 pax
2653 4039 2790 4095 inter
2811 4040 3001 4096 fratres
3027 4042 3227 4111 egerit,
3257 4057 3482 4111 quorum
3521 4057 3586 4096 ex
3626 4049 3738 4096 tam

2156 4128 2334 4182 multis
2353 4129 2544 4184 animis
2567 4138 2622 4184 et
2649 4131 2827 4186 multis
2867 4131 3116 4186 cordibus
3151 4130 3279 4186 fecit
3309 4133 3539 4186 animam
3574 4149 3738 4188 uuam

2153 4229 2205 4270 et
2228 4234 2321 4272 cor
2349 4235 2508 4272 unum
2535 4219 2586 4272 in
2617 4220 2804 4282 Deum,
2831 4221 3006 4276 debita
3032 4222 3225 4290 pietate
3245 4222 3521 4276 credamus
3565 4222 3742 4276 multo

2153 4311 2380 4364 maxime
2405 4311 2456 4364 in
2480 4311 2564 4365 illa
2591 4327 2719 4380 pace
2744 4312 2865 4377 Dei,
2894 4328 3012 4382 qua:
3032 4325 3250 4382 superat
3279 4328 3492 4368 omnem
3516 4312 3737 4368 inteliec

2153 4410 2316 4460 ctum.
2346 4411 2396 4455 et
2425 4402 2636 4456 Patrem
2662 4413 2716 4458 et
2753 4403 2940 4457 Filium
2965 4395 3019 4458 et
3055 4403 3309 4474 Spiritum
3345 4413 3588 4460 sanctum
3622 4420 3734 4460 non

2153 4500 2401 4558 essetres
2427 4491 2578 4558 deos,
2605 4493 2697 4548 sed
2723 4510 2888 4548 unum
2927 4495 3127 4562 Deum;
3184 4506 3334 4552 tanto
3384 4497 3736 4552 excellentius

2151 4598 2308 4650 quam
2335 4583 2555 4638 istorum
2579 4595 2694 4639 erat
2716 4587 2890 4640 anima
2911 4596 2964 4641 et
2983 4603 3078 4642 eor
3101 4604 3287 4655 unum,
3305 4599 3504 4658 quanto
3523 4589 3610 4642 illa
3627 4604 3733 4658 pax

2151 4689 2268 4741 qua:
2295 4683 2509 4744 superat
2532 4690 2742 4730 onmem
2772 4676 3093 4731 intellectum
3116 4720 3132 4743 ,
3161 4680 3504 4734 excellentior
3525 4689 3608 4735 est
3631 4680 3733 4734 ista

2152 4779 2280 4831 pace
2307 4780 2463 4834 quam
2495 4766 2707 4820 tenebat
2724 4767 2960 4823 omnium
2986 4769 3198 4824 illorum
3227 4785 3321 4825 cor
3348 4786 3512 4825 unum
3535 4779 3590 4826 et
3616 4786 3726 4826 una

2150 4856 2322 4908 anima
2349 4856 2399 4909 in
2431 4857 2620 4911 Deum.

2223 4946 2309 4998 17.
2350 4945 2540 5000 Filium
2569 4957 2746 5002 autem
2774 4947 3007 5004 hominis
3032 4951 3280 5006 eumdem
3320 4951 3545 5008 dicimus
3569 4968 3732 5023 quem

2150 5036 2340 5090 Filium
2366 5037 2497 5104 Dei;
2527 5054 2633 5093 non
2659 5048 2837 5096 tamen
2858 5052 3074 5112 propter
3095 5042 3319 5098 formam
3357 5045 3471 5109 Dei,
3520 5045 3572 5098 in
3623 5061 3731 5115 qua

2149 5136 2231 5180 est
2251 5129 2469 5197 aequalis
2493 5129 2606 5184 Deo
2625 5129 2800 5196 Patri,
2831 5131 2924 5186 sed
2953 5142 3167 5203 propter
3191 5144 3462 5204 acceptam
3503 5134 3730 5190 formam

2149 5219 2309 5283 servi,
2331 5235 2432 5287 qua
2465 5221 2637 5276 minor
2659 5230 2742 5277 est
2764 5223 2920 5279 Patre
2946 5227 2985 5278 ί.
3018 5227 3082 5280 Ει
3117 5227 3238 5295 quia
3263 5227 3507 5282 eumdem
3533 5227 3730 5284 Filium

2151 5308 2379 5365 hominis
2397 5310 2644 5377 dicimus,
2662 5322 2882 5384 propter
2899 5316 2999 5372 hoc
3019 5326 3073 5372 et
3090 5318 3283 5373 Filium
3299 5319 3394 5375 Dei
3415 5319 3731 5376 cruciﬁxum

2151 5399 2394 5468 fatemur,
2427 5417 2534 5457 non
2561 5419 2628 5458 ex
2651 5405 2845 5462 virtute
2869 5407 3178 5476 divinitatis,
3205 5410 3296 5465 sed
3328 5427 3395 5465 ex
3421 5411 3730 5467 inﬁrmitate

2150 5490 2520 5555 humanitatis;
2554 5509 2658 5549 non
2688 5511 2751 5550 ex
2779 5513 2890 5554 sua:
2928 5509 3130 5554 natura:
3166 5502 3540 5570 permansione
3563 5505 3606 5568 ',
3633 5504 3730 5561 sed

2148 5595 2209 5632 ex
2235 5591 2430 5636 nostra:
2449 5585 2806 5653 susceptione.

2224 5691 2242 5763 ξ
2256 5691 2368 5763 tract.
2397 5701 2494 5742 Am.
2519 5700 2592 5743 Er.
2620 5702 2673 5763 et
2692 5702 2799 5747 Mss.
2823 5711 2933 5757 sex,
2966 5713 3063 5762 qua
3089 5701 3243 5763 major
3265 5707 3335 5751 est
3354 5707 3511 5752 Pater.

2222 5753 2384 5829 inid,
2403 5757 2732 5829 perhumano.
2760 5766 2815 5808 At
2839 5753 2938 5811 Mss.
2969 5753 3094 5813 \"atic
3119 5753 3407 5814 ct'undccim
3419 5763 3600 5825 Gailic.,
3617 5778 3728 5828 per-
