4084 6332
366 306 503 362 1065

428 418 653 477 CAPUT
692 419 777 474 lli.
816 449 885 459 —
922 419 1009 475 ~18.
1049 418 1167 473 Jam
1210 432 1349 473 nunc
1405 418 1674 488 paululum
1726 418 1933 476 intuere

360 529 477 584 qua:
505 513 892 583 Scripturarum
938 512 1147 581 eloquia
1186 527 1283 567 nos
1309 522 1499 583 cogant
1547 529 1706 567 unum
1750 515 1933 571 Domi-

360 624 485 663 num
512 606 679 662 Deum
706 606 983 673 conﬁteri,
1012 605 1124 660 sive
1152 615 1351 661 tantum
1378 607 1445 662 de
1471 607 1657 672 Patre,
1686 608 1797 662 sive
1820 616 1934 661 tan-

360 708 472 754 tum
499 698 565 753 de
590 698 743 763 Filio,
795 698 907 753 sive
959 705 1161 753 tantum
1207 698 1275 752 de
1322 697 1519 767 Spiritu
1571 707 1775 764 saneto,
1819 699 1933 754 sive

353 790 516 845 simul
546 789 612 843 de
637 789 792 843 Patre
820 796 873 842 et
894 788 1030 842 Filio
1045 798 1095 842 et
1117 788 1311 858 Spiritu
1329 797 1510 844 sancto
1526 788 1928 858 interrogemur.

359 880 515 936 Certe
547 880 797 949 scriptum
823 886 905 933 est
924 919 940 945 ,
963 878 1098 932 Audi
1120 921 1135 943 ,
1168 878 1351 943 Israel,
1380 878 1627 933 Dominus
1656 878 1793 933 Deus
1819 889 1933 934 tuus

360 971 605 1025 Dominus
623 987 751 1024 unus
775 981 846 1025 est
870 971 1041 1042 (Deut.
1067 988 1143 1037 vr,
1172 972 1226 1043 4)
1258 990 1271 1026 :
1305 973 1371 1027 de
1397 988 1501 1042 quo
1521 972 1719 1026 dictum
1739 973 1931 1043 putas?

358 1061 414 1118 Si
443 1071 643 1116 tantum
671 1062 736 1116 de
762 1062 938 1128 Patre,
970 1077 1078 1117 non
1125 1072 1207 1117 est
1257 1062 1512 1117 Dominus
1562 1064 1702 1117 Deus
1751 1072 1933 1119 noster

356 1153 514 1209 Jesus
566 1153 807 1207 Christus
832 1170 844 1206 :
873 1162 926 1208 et
973 1153 1061 1207 ubi
1100 1161 1181 1208 est
1206 1169 1303 1207 vox
1331 1154 1419 1207 illa
1448 1155 1710 1224 tangentis
1738 1163 1793 1210 et
1816 1156 1930 1209 cla-

356 1248 579 1312 mantis,
613 1246 858 1301 Dominus
888 1264 1023 1300 meus
1048 1256 1096 1301 et
1123 1245 1260 1301 Deus
1287 1262 1457 1312 meus;
1492 1263 1649 1317 quam
1689 1248 1935 1327 Christus

357 1339 469 1407 ipse
498 1352 599 1391 non
639 1337 995 1407 reprehendit,
1039 1338 1132 1393 sed
1164 1339 1506 1407 approbavit,
1537 1338 1753 1404 dicens,
1797 1338 1930 1403 Quia

356 1427 523 1481 uidisti
552 1444 649 1491 me,
679 1428 932 1481 credidisti
956 1426 1130 1499 (Joan.
1156 1444 1250 1494 xx,
1277 1426 1405 1496 28)?
1431 1429 1594 1482 Porro
1619 1430 1661 1482 si
1686 1438 1739 1483 et
1768 1430 1930 1483 Filius

357 1519 609 1573 Dominus
636 1520 777 1572 Deus
825 1528 921 1581 est,
951 1528 1005 1573 et
1044 1520 1200 1573 Pater
1253 1518 1504 1573 Dominus
1551 1520 1687 1573 Deus
1725 1526 1825 1587 est,
1876 1530 1931 1576 et

354 1611 636 1678 ambojam
675 1610 779 1664 duo
804 1611 1003 1665 domini
1030 1620 1084 1665 et
1116 1610 1221 1665 duo
1248 1610 1319 1664 dii
1342 1652 1355 1675 ,
1388 1610 1653 1680 quomodo
1696 1612 1797 1665 erit
1837 1626 1928 1665 ve-

354 1720 491 1770 rum,
527 1703 775 1758 Dominus
799 1703 935 1757 Deus
963 1713 1075 1757 tuus
1101 1702 1345 1757 Dominus
1374 1720 1503 1757 unus
1541 1704 1655 1757 est?
1687 1707 1768 1756 An
1796 1702 1930 1757 forte

352 1798 509 1852 Pater
537 1805 619 1851 est
648 1811 781 1851 unus
809 1796 1061 1851 Dominus
1082 1838 1096 1862 ,
1130 1796 1292 1849 Filius
1321 1806 1495 1850 autem
1524 1811 1630 1849 non
1657 1810 1793 1850 unus
1819 1795 1926 1849 Do-

352 1890 545 1952 minus,
579 1888 669 1942 sed
699 1896 899 1941 tantum
922 1887 1206 1949 Dominus,
1247 1888 1383 1940 sicut
1409 1895 1531 1939 sunt
1570 1886 1642 1941 dii
1687 1887 1834 1940 multi
1874 1895 1929 1942 et

349 1978 550 2032 domini
591 1978 761 2043 multi,
803 1993 907 2031 non
946 1978 1080 2031 sicut
1109 1977 1195 2031 ille
1226 1992 1360 2031 unus
1399 1976 1465 2032 de
1517 1993 1622 2047 quo
1669 1979 1925 2048 scriptum

352 2079 452 2137 est,
498 2069 744 2123 Dominus
787 2087 917 2123 unus
951 2070 1069 2124 est?
1122 2070 1257 2138 Quid
1311 2086 1438 2139 ergo
1487 2071 1926 2139 respondebimus

350 2162 603 2232 Apostolo
631 2162 826 2216 dicenti
857 2180 869 2214 :
902 2160 1041 2215 Nam
1070 2163 1159 2216 etsi
1179 2170 1292 2215 sunt
1321 2163 1406 2233 qui
1442 2163 1676 2216 dicuntur
1701 2163 1803 2229 dii,
1826 2163 1926 2216 sive

348 2256 401 2308 in
430 2255 571 2320 caelo,
604 2257 706 2308 sive
729 2255 780 2307 iu
819 2262 970 2321 terra,
1001 2255 1131 2309 sicut
1181 2264 1297 2308 sunt
1338 2255 1409 2307 dii
1455 2255 1601 2309 multi
1644 2265 1693 2309 et
1735 2256 1926 2310 domini

349 2346 495 2400 mulli
514 2363 533 2409 ;
556 2345 695 2399 nobis
717 2354 881 2398 tamen
906 2362 1034 2397 unus
1058 2344 1192 2399 Deus
1220 2343 1396 2411 Pater,
1428 2362 1490 2399 ex
1513 2362 1611 2415 quo
1636 2348 1805 2399 omnia
1827 2388 1840 2411 ,
1879 2355 1927 2401 et

348 2454 438 2491 nos
458 2437 510 2490 in
533 2438 642 2507 ipso
665 2454 683 2501 ;
709 2445 756 2490 et
783 2452 913 2489 unus
937 2435 1185 2490 Dominus
1206 2446 1371 2490 noster
1389 2436 1539 2490 Iesus
1566 2437 1812 2505 Christus,
1838 2455 1927 2509 per

346 2544 492 2597 quem
517 2530 704 2594 omnia,
748 2537 795 2581 et
842 2544 934 2580 nos
976 2543 1065 2597 per
1102 2527 1269 2596 ipsum
1324 2526 1367 2599 (l
1397 2526 1515 2581 Cor.
1556 2544 1668 2595 vnt,
1718 2530 1771 2594 5,
1828 2530 1925 2597 6)?

346 2620 512 2673 Porro
550 2620 593 2673 si
636 2618 776 2689 quod
810 2619 878 2674 de
911 2634 1017 2673 uno
1052 2618 1157 2673 Deo
1196 2619 1351 2673 Patre
1380 2619 1608 2685 dicitur,
1636 2622 1775 2691 cogit
1804 2622 1924 2677 inde

344 2709 535 2763 Filium
574 2725 840 2779 separare,
869 2710 1046 2763 dicant
1075 2710 1164 2779 qui
1209 2710 1424 2777 audent,
1470 2726 1574 2765 non
1615 2726 1771 2781 posse
1813 2712 1921 2782 jam

346 2800 565 2869 intelligi
594 2801 870 2853 Dominum
895 2800 1127 2862 Patrem,
1160 2800 1281 2869 quia
1302 2817 1452 2867 unus,
1470 2802 1655 2870 inquit,
1676 2801 1923 2857 Dominus

342 2901 511 2945 noster
544 2889 693 2943 Jesus
726 2888 968 2943 Christus.
999 2889 1130 2944 Nam
1158 2891 1203 2944 si
1230 2906 1366 2944 unus
1387 2932 1401 2956 ,
1448 2892 1627 2960 utique
1654 2894 1797 2948 solus
1830 2912 1843 2947 :
1877 2895 1923 2949 si

341 2981 510 3048 solus,
539 2980 804 3051 quomodo
844 2989 896 3034 et
920 2980 1106 3047 Pater;
1138 2981 1239 3037 nisi
1264 2982 1387 3051 quia
1430 2993 1483 3037 et
1509 2984 1622 3052 ipse
1647 2994 1701 3040 et
1728 2985 1920 3056 Pater,

342 3086 479 3124 unus
501 3071 641 3129 Deus
666 3078 719 3124 et
740 3070 887 3125 solus
917 3071 1075 3137 Deus,
1106 3086 1209 3125 non
1227 3080 1470 3140 separato
1491 3072 1687 3143 Spiritu
1704 3079 1924 3133 sancto?

342 3160 491 3216 Unus
515 3176 641 3231 ergo
669 3162 805 3227 Deus
827 3161 1003 3228 Pater,
1037 3170 1089 3216 et
1115 3177 1233 3217 cum
1266 3162 1354 3215 illo
1382 3162 1550 3216 Filius
1575 3180 1710 3219 unus
1739 3166 1879 3222 Deus
1902 3209 1920 3235 ,

342 3253 586 3322 quamvis
614 3267 718 3306 non
749 3268 869 3306 cum
897 3253 986 3306 illo
1014 3268 1151 3307 unus
1176 3253 1355 3308 Pater.
1385 3253 1620 3323 Itemque
1648 3272 1784 3311 unus
1816 3259 1920 3312 Do-

340 3344 517 3399 minus
538 3342 692 3397 Jesus
718 3342 981 3411 Christus,
1009 3353 1061 3398 et
1089 3360 1211 3399 cum
1256 3345 1348 3399 illo
1374 3360 1512 3400 unus
1540 3347 1795 3402 Dominus
1822 3350 1919 3404 Pa.-

343 3445 423 3489 ter
452 3477 467 3500 ,
524 3436 770 3504 quamvis
823 3451 933 3489 non
986 3451 1106 3490 cum
1160 3436 1251 3490 illo
1296 3453 1431 3492 unus
1474 3438 1629 3494 Jesus
1677 3440 1921 3498 Christus

341 3533 589 3596 tanquam
620 3537 672 3581 et
701 3527 858 3582 Pater
885 3528 954 3582 sit
978 3528 1133 3583 Jesus
1149 3529 1405 3585 Christus.
1431 3529 1542 3585 lloc
1565 3533 1704 3586 enim
1725 3549 1927 3590 nomen,

339 3631 403 3670 ex
449 3617 841 3686 dispensatione
878 3619 1254 3674 misericordim
1283 3632 1646 3693 susccptmque
1679 3624 1919 3680 humani-

340 3706 809 3778 tatis.assumptum
841 3718 943 3763 est.

408 3796 497 3852 19.
538 3800 619 3851 An
671 3798 805 3853 forte
832 3798 972 3868 quod
1009 3801 1084 3854 ait
1129 3802 1434 3873 Apostolus,
1474 3804 1617 3859 Unus
1668 3805 1916 3861 Dominus

338 3889 504 3936 noster
545 3880 697 3935 Jesus
744 3882 993 3951 Christus,
1035 3902 1123 3954 per
1157 3903 1301 3955 quem
1353 3890 1541 3953 omnia,
1596 3906 1700 3943 non
1757 3890 1916 3945 vultis

340 3971 554 4040 adjungi
582 3972 722 4040 quod
750 3971 950 4027 dictum
974 3983 1057 4029 est
1090 3992 1219 4029 unus
1244 4018 1258 4041 ,
1288 3978 1353 4030 ad
1385 3979 1435 4031 id
1465 3981 1603 4047 quod
1633 3991 1715 4034 est
1737 3981 1917 4034 Domi-

338 4075 452 4121 nus,
482 4059 574 4113 sed
600 4060 665 4113 ad
696 4060 746 4113 id
777 4060 917 4130 quod
948 4063 1042 4129 ait,
1066 4081 1153 4132 per
1175 4080 1318 4133 quem
1347 4068 1553 4131 omnia;
1580 4077 1635 4121 ιιι
1656 4085 1759 4122 non
1780 4086 1915 4123 unus

340 4148 617 4212 Dominus,
655 4148 750 4202 sed
795 4164 933 4204 unus
964 4165 1059 4219 per
1087 4167 1241 4221 quem
1281 4155 1456 4209 omnia
1481 4156 1824 4225 intelligatur,
1860 4171 1915 4215 ut

337 4255 442 4293 non
469 4240 539 4295 sit
566 4240 721 4294 Pater
747 4257 843 4310 per
866 4258 1021 4311 quem
1048 4245 1245 4311 omnia,
1274 4245 1366 4300 sed
1386 4247 1541 4302 Pater
1561 4250 1704 4305 solus
1724 4266 1786 4305 ex
1809 4268 1913 4321 quo

333 4331 529 4397 omnia,
561 4340 615 4387 et
640 4332 805 4385 Filius
830 4333 976 4387 solus
1022 4350 1118 4404 per
1142 4350 1299 4404 quem
1350 4340 1565 4394 omnia?
1602 4341 1655 4397 Si
1707 4344 1775 4397 ita
1807 4356 1909 4411 est,

330 4419 440 4487 jam
463 4420 675 4475 tandem
699 4421 933 4476 fatemini
974 4438 1135 4477 unum
1180 4425 1459 4483 Dominum
1510 4439 1563 4483 et
1612 4431 1773 4486 Deum
1819 4451 1913 4489 nu-

333 4520 503 4567 strum
534 4528 654 4569 esse
680 4514 891 4568 Patrem
913 4524 969 4570 et
993 4515 1205 4571 Filium.
1238 4518 1363 4584 Quis
1392 4523 1524 4574 enim
1552 4527 1779 4593 cognovit
1799 4544 1914 4581 sen-

332 4620 445 4657 sum
476 4604 716 4659 Domini?
746 4615 832 4660 aut
859 4607 969 4674 quis
995 4609 1312 4664 consiliarius
1346 4613 1455 4682 ejus
1483 4615 1621 4685 fuit?
1658 4618 1753 4669 Aut
1800 4620 1911 4689 quis

333 4696 473 4763 prior
490 4696 625 4749 dedit
644 4697 740 4755 illi.
769 4708 814 4751 et
836 4700 1133 4753 retribuetur
1160 4701 1245 4755 ei?
1272 4702 1520 4767 Quoniam
1561 4722 1623 4761 es;
1684 4708 1815 4777 ipso,
1864 4720 1911 4764 et

332 4800 423 4853 per
447 4785 631 4852 ipsum,
658 4787 775 4840 etin
795 4788 904 4856 ipso
923 4798 1039 4842 sunt
1064 4792 1269 4855 omnia;
1289 4792 1385 4862 ipsi
1407 4794 1569 4864 gloria
1615 4796 1784 4868 (Rom.
1819 4816 1873 4853 ιι
1890 4842 1903 4865 ,

332 4876 539 4948 δαί-36).
572 4877 752 4947 Neque
790 4880 931 4933 enint
958 4880 1111 4948 dixit,
1152 4883 1231 4937 Ex
1268 4884 1426 4939 Patre
1476 4889 1674 4955 omnia,
1721 4899 1773 4945 et
1818 4908 1910 4961 per

334 4966 524 5020 Filium
552 4968 763 5034 omnia;
795 4969 886 5023 sed
914 5010 930 5036 ,
958 4987 1020 5024 ex
1039 4973 1169 5042 ipso,
1200 4983 1248 5027 et
1276 4992 1365 5044 per
1392 4977 1575 5047 ipsum,
1616 4990 1664 5033 et
1688 4981 1740 5035 in
1764 4982 1910 5052 ipso;

331 5059 477 5128 quo?
504 5059 604 5113 nisi
626 5060 871 5126 Dentino,
895 5061 962 5117 de
988 5078 1093 5133 quo
1113 5065 1205 5131 ait,
1242 5065 1366 5129 Quis
1388 5070 1519 5121 enim
1537 5074 1762 5141 cognovit
1790 5092 1908 5128 sen~

332 5169 446 5206 sum
474 5152 720 5208 Domini?
746 5154 825 5209 Ex
854 5155 1076 5209 Domino
1102 5172 1227 5227 ergo
1254 5166 1306 5211 et
1333 5174 1427 5227 per
1452 5160 1731 5218 Dominum
1762 5174 1815 5220 ct
1853 5166 1905 5221 in

337 5243 557 5298 Domino
583 5245 780 5305 omnia.
803 5260 908 5298 non
939 5244 1044 5299 alio
1070 5247 1161 5299 illo
1184 5256 1236 5301 et
1263 5247 1367 5302 alio
1394 5250 1515 5315 isto,
1548 5252 1640 5307 sed
1672 5269 1777 5309 uno
1807 5256 1910 5312 Do-

338 5320 520 5400 mino;
548 5335 668 5404 quia
700 5350 803 5389 non
833 5336 983 5402 dixit,
1014 5335 1146 5406 Ipsis
1176 5339 1364 5407 gloria,
1395 5342 1508 5405 sed,
1531 5343 1629 5412 ipsi
1652 5346 1835 5415 gloria.

400 5422 491 5478 20.
520 5424 669 5490 Quod
695 5426 737 5480 si
764 5426 1039 5496 quisquam
1064 5427 1214 5495 dicit,
1250 5429 1301 5484 id
1332 5431 1471 5501 quod
1500 5434 1572 5487 ait
1596 5438 1902 5506 Apostolus,

333 5600 589 5673 aversione“
610 5615 629 5653 :
662 5604 853 5673 melius,
886 5614 1050 5673 nostro
1084 5607 1291 5670 judicio;
1330 5620 1603 5673 sensusque
1639 5618 1714 5663 est
1745 5615 1907 5665 Filium

335 5664 707 5737 twicruaillxum
731 5665 897 5726 fuisse,
922 5672 1015 5717 non
1051 5664 1112 5737 ex
1153 5683 1236 5719 sua
1279 5664 1449 5721 natura
1479 5664 1587 5735 qum
1627 5664 1901 5737 permansit,

332 5725 421 5774 sui
455 5738 517 5775 ex
543 5736 699 5776 nostra
723 5742 863 5790 quam
886 5725 1045 5791 ςιιδςυι
1066 5733 1109 5778 it.

1532 304 2011 369 EPISTOLARUM
2048 306 2323 393 CLASSts
2359 315 2447 373 tv.

3485 334 3548 386 10
3557 332 3621 388 ω

2041 440 2175 478 unus
2187 425 2472 481 Dominus]
2479 442 2588 482 esus
2600 426 2824 484 Christus
2835 446 2924 500 per
2935 447 3077 501 quem
3089 435 3386 503 omnia,non
3398 444 3616 514 intelligi

2040 526 2179 568 unus
2199 515 2469 586 Dominus,
2490 534 2587 575 nec
2602 536 2737 576 unus
2759 539 2851 592 per
2872 539 3031 593 quem
3052 528 3246 593 omnia,
3265 529 3359 585 sed
3379 548 3512 588 unus
3526 535 3619 591 Je-

2040 616 2133 657 sus
2156 605 2420 675 Christus,
2447 612 2535 681 qui
2560 628 2698 668 unus
2724 614 2880 669 .lesus
2902 614 3146 673 Christus
3175 621 3335 675 etiam
3363 623 3617 682 Dominus

2038 691 2250 762 dicitur,
2266 712 2370 751 non
2388 707 2562 756 tamen
2576 713 2631 757 ut
2643 712 2778 759 tinus
2791 705 3040 762 Dominus
3055 709 3123 764 sit
3134 727 3287 779 unus,
3305 714 3397 769 sed
3415 724 3470 771 ut
3481 733 3619 775 unus

2039 782 2192 839 Jesus
2212 785 2473 857 Christus;
2496 793 2619 862 quid
2640 794 2876 851 dicturus
2894 806 2975 853 est
2988 813 3107 854 cum
3128 802 3352 858 audierit
3370 807 3614 863 eumdem

2038 879 2334 945 apostolum
2354 881 2689 953 clamantem,
2711 886 2855 943 Unus
2875 888 3139 963 Dominus,
3162 910 3264 948 una
3289 896 3434 965 ﬁdes,
3461 916 3620 954 unum

2036 965 2322 1063 Daptisma,
2340 989 2469 1028 unus
2487 974 2624 1031 Deus
2643 987 2689 1032 et
2712 977 2871 1035 Pater
2893 982 3113 1035 omnium
3133 983 3342 1057 (Ep/tes.
3364 1003 3440 1054 tv,
3462 989 3517 1057 5,
3534 989 3616 1063 6)?

2038 1056 2166 1112 Cum
2178 1062 2316 1115 enim
2333 1064 2493 1119 Deum
2510 1066 2719 1123 Patrem
2743 1069 2828 1125 hic
2841 1056 3238 1141 commemoret,
3258 1077 3345 1132 ubi
3361 1078 3451 1143 ait,
3472 1056 3615 1136 Unus
3636 1122 3641 1125 Α

2037 1145 2178 1203 Deus
2203 1160 2249 1203 et
2270 1150 2425 1208 Pater
2448 1158 2669 1212 omnium
2685 1176 2706 1225 ;
2735 1162 3097 1229 proculdubio
3128 1164 3176 1218 id
3199 1166 3337 1235 quod
3363 1168 3434 1222 ibi
3458 1169 3610 1237 dixit,
3638 1226 3643 1229 _

2041 1238 2183 1294 Unus
2214 1240 2480 1309 Dominus,
2521 1263 2700 1317 quem,
2721 1251 2821 1305 nisi
2844 1252 3028 1307 Jesum
3053 1254 3318 1311 Christum
3344 1256 3506 1315 voluit
3531 1262 3613 1315 in-

2036 1331 2200 1402 telligi
2220 1333 2242 1386 ?
2263 1333 2318 1388 Si
2337 1351 2463 1406 ergo
2486 1340 2564 1393 eis
2586 1340 2773 1408 placet,
2798 1342 3002 1397 desinat
3022 1360 3140 1400 esse
3164 1346 3415 1401 Dominus
3436 1349 3611 1418 Pater,

2034 1422 2153 1491 quia
2194 1439 2328 1479 unus
2358 1436 2438 1481 est
2478 1428 2733 1486 Dominus
2772 1433 2924 1489 Jesus
2949 1435 3209 1492 Christus.
3240 1439 3391 1505 Quod
3436 1442 3479 1495 si
3516 1443 3612 1497 ab-

2034 1512 2251 1567 surdum
2297 1524 2350 1570 et
2387 1516 2604 1586 impium
2646 1530 2729 1574 est
2770 1524 3285 1593 opinari,discamus
3320 1529 3641 1601 intelligeret

2033 1603 2291 1659 unitatem
2325 1606 2496 1662 Patris
2517 1619 2569 1663 et
2600 1610 2717 1665 Filii
2741 1621 2794 1666 et
2819 1613 3043 1684 Spiritus
3066 1617 3270 1683 sancti;
3303 1628 3359 1673 ut
3384 1621 3521 1690 quod
3547 1622 3614 1676 de

2030 1708 2138 1749 uno
2166 1697 2279 1750 solo
2325 1698 2435 1753 Deo
2471 1699 2668 1755 dictum
2695 1702 2886 1771 fuerit,
2925 1721 3031 1760 non
3058 1709 3308 1763 continuo
3333 1712 3613 1779 prohibea-

2036 1800 2157 1839 mur
2181 1785 2251 1841 de
2290 1786 2426 1844 Filio
2450 1792 2533 1845 vel
2560 1791 2626 1846 de
2660 1793 2855 1861 Spiritu
2896 1806 3079 1850 sancto
3107 1798 3400 1870 intelligere
3440 1818 3452 1855 :
3489 1803 3613 1870 quia

2031 1875 2193 1932 Pater
2224 1879 2438 1949 quidem
2468 1898 2571 1937 non
2599 1892 2678 1939 cst
2708 1885 2895 1953 Filius,
2922 1896 2978 1942 et
3007 1889 3169 1944 Filius
3197 1906 3298 1945 non
3326 1901 3405 1946 est
3433 1892 3609 1960 Pater,

2030 1975 2083 2021 et
2104 1968 2333 2039 Spiritus
2364 1974 2638 2043 utriusque
2668 1992 2774 2032 non
2796 1988 2878 2033 est
2900 1979 3054 2035 Pater
3078 1990 3170 2036 aut
3191 1983 3381 2050 Filius;
3409 1985 3501 2040 sed
3530 1995 3612 2040 ta-

2031 2075 2154 2115 men
2178 2072 2234 2117 et
2259 2062 2416 2119 Pater
2441 2076 2495 2121 et
2523 2068 2699 2125 Filius
2725 2079 2778 2124 et
2804 2071 3028 2141 Spiritus
3053 2084 3283 2141 sanctus,
3313 2093 3447 2132 unus
3470 2080 3649 2134 solus“.

2028 2157 2083 2203 et
2108 2166 2265 2207 verus
2295 2162 2378 2209 est
2409 2156 2657 2213 Dominus
2680 2160 2839 2215 Deus.

2100 2240 2323 2298 CAPUT
2365 2245 2450 2299 ιγ.
2476 2277 2545 2287 -
2564 2248 2653 2302 21.
2675 2249 2856 2320 Neque
2884 2253 3023 2307 enim
3050 2253 3278 2323 Spiritus
3328 2266 3541 2312 sanctus
3566 2260 3612 2314 si

2028 2341 2119 2385 aut
2143 2332 2281 2389 Deus
2309 2344 2398 2389 aut
2426 2346 2589 2392 verus
2611 2340 2750 2394 Deus
2782 2356 2884 2395 non
2920 2355 3082 2410 esset,
3108 2346 3357 2413 templum
3381 2347 3495 2415 ejus
3522 2364 3612 2402 cs-

2028 2430 2145 2475 sent
2168 2437 2390 2493 corpora
2418 2436 2619 2483 nostra.
2654 2428 2892 2496 Nescitis,
2932 2433 3126 2503 inquit‘,
3156 2438 3271 2505 quia
3297 2454 3510 2507 corpora
3534 2454 3615 2494 ue-

2025 2520 2132 2564 stra
2158 2514 2398 2583 templum
2421 2517 2471 2570 in
2498 2518 2634 2571 vobis
2662 2529 2733 2573 est
2760 2522 2983 2592 Spiritus
2998 2524 3177 2589 sancti,
3196 2544 3340 2598 quem
3366 2528 3557 2583 habetis
3578 2546 3612 2583 α

2028 2600 2133 2656 Deo
2153 2605 2179 2658 7
2202 2614 2254 2659 et
2281 2621 2349 2661 ne
2377 2609 2653 2679 quisquam
2682 2612 2851 2681 ipsum
2880 2614 3132 2683 Spiritum
3169 2629 3384 2687 negaret
3417 2621 3605 2688 Deum,

2028 2696 2280 2749 continuo
2310 2708 2523 2755 secutus
2550 2702 2656 2765 ait,
2699 2703 2766 2756 Et
2808 2721 2909 2758 non
2943 2709 3057 2761 estis
3082 2710 3229 2762 vestri
3256 2724 3275 2762 :
3303 2711 3454 2779 empti
3479 2712 3612 2765 enim

2030 2790 2147 2843 estis
2189 2793 2352 2859 pretio
2389 2811 2573 2867 magno
2600 2798 2638 2849 ².
2685 2797 2978 2867 Cloriﬁcate
3010 2819 3125 2872 ergo
3152 2812 3201 2856 et
3229 2814 3424 2872 portate
3449 2804 3614 2861 Deum

2025 2880 2077 2933 in
2103 2897 2309 2951 corpore
2335 2894 2514 2951 uestro,
2541 2902 2661 2941 eum
2693 2889 2893 2943 scilicet
2923 2892 3071 2960 cujus
3094 2894 3346 2962 templum
3383 2910 3630 2965 corpora.

2026 2978 2208 3024 nostra
2235 2985 2356 3029 esse
2396 2975 2731 3043 praadixerat.
2760 2977 2875 3033 Jam
2914 2979 3014 3034 hoc
3044 2982 3281 3037 mirabile
3318 2992 3418 3050 cst,
3446 2986 3491 3040 si
3516 3002 3610 3039 ve-

2025 3074 2141 3112 rum
2171 3070 2253 3114 est
2278 3063 2419 3132 quod
2445 3080 2540 3119 vos
2565 3066 2721 3121 audio
2744 3067 2941 3136 dicere,
2968 3069 3039 3123 ita
3069 3086 3187 3126 esse
3212 3072 3463 3142 Spiritum
3489 3090 3612 3129 san-

2023 3157 2166 3204 ctum
2189 3152 2447 3209 minorem
2470 3154 2623 3221 Filio,
2648 3158 2776 3212 sicut
2804 3160 2960 3215 Patre
2982 3161 3154 3215 minor
3170 3172 3250 3217 est
3271 3163 3454 3220 Filius.
3476 3165 3609 3220 Cum

2030 3240 2172 3295 enim
2199 3257 2421 3312 corpora
2460 3254 2638 3300 nostra
2679 3249 2912 3304 membra
2941 3252 3047 3306 sint
3076 3253 3291 3319 Christi,
3321 3255 3457 3310 sicut
3484 3255 3627 3311 dicit.

2024 3331 2345 3399 Apostolus;
2374 3334 2607 3405 itemque
2630 3352 2850 3407 corpora
2873 3351 3053 3395 nostra
3083 3344 3333 3411 templum
3361 3344 3467 3398 sint
3490 3344 3610 3414 Spi-

2024 3423 2158 3476 ritus
2184 3426 2345 3489 santi,
2378 3427 2516 3480 sicut
2544 3428 2680 3482 idem
2714 3431 2827 3499 ipse
2850 3432 2977 3486 dicit
3006 3436 3278 3503 apostolus
3308 3434 3494 3508 (lCor.
3531 3453 3627 3503 Vt,

2025 3513 2124 3575 i9,
2153 3513 2254 3579 20,
2284 3516 2419 3583 l5),
2455 3516 2673 3572 nimium
2722 3521 2887 3575 miror
2926 3524 3190 3591 quomodo
3224 3526 3331 3578 sint
3370 3526 3608 3580 membra

2024 3604 2263 3671 majoris,
2290 3607 2542 3674 templum
2568 3608 2806 3662 minoris.
2837 3611 2915 3663 An
2940 3610 3076 3666 forte
3100 3615 3207 3682 jam
3234 3615 3403 3683 placet
3430 3615 3609 3671 dicere

2020 3692 2272 3761 Spiritum
2296 3706 2534 3749 sanctum
2561 3698 2784 3753 Domino
2803 3699 2927 3753 Jesu
2945 3701 3163 3756 Christo.
3175 3718 3295 3759 esse
3316 3704 3567 3774 majorem
3582 3708 3606 3757 'l

2024 3782 2250 3837 Videtur
2279 3785 2418 3838 enim
2451 3786 2729 3865 suffragari
2758 3788 2879 3844 huic
2905 3792 3139 3860 opinioni
3167 3794 3325 3846 ctiam
3354 3795 3441 3848 illa
3484 3810 3606 3849 sen-

2022 3875 2185 3929 tentia
2219 3893 2233 3926 :
2278 3875 2530 3939 Quoniam
2569 3879 2654 3945 qui
2685 3880 2867 3932 dixerit
2897 3880 3095 3935 uerbum
3124 3883 3385 3938 adversum
3416 3884 3606 3939 Filium

2018 3962 2254 4027 hominis,
2291 3966 2565 4020 remittetur
2598 3968 2643 4020 ei
2667 3983 2685 4020 :
2704 3969 2789 4035 qui
2822 3980 2987 4022 autem
3015 3971 3198 4024 dixerit
3219 3973 3457 4028 adversus
3479 3974 3601 4044 Spi-

2016 4052 2167 4105 ritum
2202 4063 2445 4119 sanctum,
2477 4072 2575 4107 non
2600 4058 2876 4111 remittetur
2903 4060 2969 4122 ei,
3004 4076 3163 4129 neque
3187 4063 3240 4114 in
3277 4064 3370 4116 hoc
3394 4066 3598 4130 saeculo,

2017 4158 2173 4213 neque
2212 4143 2265 4195 in
2309 4148 2480 4212 futuro
2523 4144 2744 4213 (Matth.
2773 4163 2871 4213 xu,
2905 4147 3031 4220 32).
3074 4150 3429 4207 Periculosius
3460 4156 3599 4209 enim

2018 4242 2268 4300 peccatur
2295 4234 2345 4286 in
2378 4235 2629 4304 majorem
2651 4252 2805 4306 quam
2833 4240 2884 4291 in
2912 4240 3171 4295 minorem
3198 4260 3211 4296 :
3241 4250 3340 4299 nec
3366 4248 3598 4313 separari

2015 4321 2095 4377 l‘as
2125 4332 2209 4378 est
2246 4324 2435 4379 Filium
2480 4326 2707 4382 hominis
2744 4343 2773 4382 a
2815 4329 2949 4383 Filio
2982 4330 3092 4397 Dei,
3136 4333 3258 4402 quia
3298 4336 3410 4403 ipse
3436 4336 3602 4391 Filius

2017 4416 2107 4469 Dei
2134 4417 2301 4470 factus
2321 4426 2402 4472 est
2424 4418 2587 4473 Filius
2610 4418 2857 4486 hominis,
2887 4438 2989 4475 non
3018 4423 3273 4479 mutando
3294 4426 3435 4495 quod
3457 4437 3593 4494 erat,

2012 4508 2109 4561 sed
2145 4509 2462 4564 assumenda
2492 4510 2631 4579 quod
2663 4527 2766 4566 non
2812 4521 2947 4567 erat.
2980 4515 3084 4570 Sed
3113 4516 3252 4572 absit
3292 4519 3450 4573 etiam
3478 4521 3598 4575 talis

2014 4598 2279 4667 impietas,
2314 4608 2374 4654 ut
2407 4599 2632 4669 Spiritus
2659 4611 2877 4659 sanctus
2910 4606 3077 4673 major
3104 4607 3241 4663 Filio
3267 4624 3385 4665 esse
3409 4612 3596 4667 creda—

2014 4696 2119 4742 tur.
2152 4688 2266 4743 Non
2303 4705 2436 4759 ergo
2467 4691 2624 4745 facile
2668 4692 2719 4746 in
2754 4709 3058 4762 perversum
3096 4710 3342 4754 moveant
3366 4717 3484 4770 quze
3525 4702 3596 4757 ita

2012 4778 2290 4846 dicuntur,
2335 4780 2486 4849 quasi
2528 4782 2810 4838 ostendant
2837 4785 3063 4840 alterum
3094 4788 3261 4843 altero
3286 4804 3403 4845 esse
3431 4792 3597 4859 majo-

2013 4887 2147 4926 rem.

2080 4961 2171 5015 22.
2199 4960 2331 5016 Nam
2364 4963 2605 5033 quaedam
2629 4964 2787 5019 etiam
2816 4967 2893 5021 sic
2918 4968 3183 5034 dicuntur,
3212 4972 3595 5027 utvhominihus

2013 5068 2197 5122 parum
2223 5053 2638 5123 intelligentibus
2662 5066 2717 5111 et
2737 5058 2848 5127 ipse
2876 5058 3039 5113 Filius
3065 5061 3233 5130 major
3252 5063 3405 5118 Patre
3428 5064 3598 5119 videa'

2013 5153 2117 5199 tur.
2144 5145 2274 5211 Quis
2303 5146 2444 5200 enim
2471 5161 2590 5201 cum
2616 5147 2775 5203 fuerit
2804 5149 3187 5221 interrogatus,
3219 5154 3343 5223 quid
3373 5155 3441 5209 sit
3476 5172 3591 5209 ma—

2005 5236 2114 5306 jus,
2142 5253 2326 5292 verum
2352 5253 2418 5292 an
2449 5241 2665 5304 veritas,
2696 5256 2800 5297 non
2853 5242 3025 5312 potius
3051 5246 3369 5314 respondeat
3396 5249 3591 5302 verita-

2013 5336 2116 5381 tem
2147 5342 2268 5383 esse
2304 5328 2599 5398 majorem?
2635 5331 2702 5385 ab
2731 5332 2821 5387 illa
2855 5333 2994 5387 enim
3028 5351 3149 5391 vera
3174 5345 3297 5392 sunt
3324 5354 3590 5408 quareum-

2010 5432 2114 5486 que
2136 5432 2261 5473 vera
2284 5427 2430 5473 sunt.
2461 5419 2575 5476 Non
2601 5430 2779 5477 autem
2802 5424 2873 5477 ita
2894 5434 2976 5479 est
3005 5425 3056 5481 in
3074 5427 3369 5499 Deo.Nam
3402 5429 3589 5485 Filium

2011 5508 2267 5579 majorem
2300 5511 2452 5566 Patre
2480 5512 2662 5584 utique
2690 5530 2795 5569 non
2836 5514 3100 5584 dicimus;
3142 5530 3197 5574 et
3223 5528 3394 5589 tamen
3425 5521 3589 5577 Filius

2076 5619 2416 5695 q'jttisszplures
2441 5636 2537 5695 non
2558 5623 2759 5685 habent,
2781 5639 2952 5690 mgna
2966 5641 3170 5695 ;‘neque
3193 5638 3378 5693 postea,
3412 5637 3456 5683 α
3480 5646 3589 5695 ρον,

2010 5683 2124 5747 tate,
2152 5683 2328 5747 quibus
2351 5686 2513 5747 verbis
2533 5697 2723 5747 grzncus
2744 5683 2909 5736 textus
2932 5683 3255 5740 ciiam'caret.
3287 5683 3436 5747 Atque
3470 5683 3591 5742 hunc

2012 5743 2060 5790 in
2080 5743 2267 5793 modum
2293 5743 2815 5807 profertur'identidem
2833 5762 2859 5798 a
2882 5751 3225 5814 Clnysostmuo,
3258 5762 3305 5803 et
3330 5743 3389 5803 ab
3408 5757 3511 5804 aliis
