4084 6332
506 305 641 360 1047

499 419 702 492 φρίκη-
728 431 848 473 esse
874 417 1069 472 veritas
1103 435 1116 472 :
1146 404 1254 486 Ego
1283 431 1412 480 sunt,
1449 414 1636 484 inquit,
1665 413 1764 478 via,
1803 420 1849 466 et
1876 411 2076 475 veritas,

504 520 552 563 et
579 510 678 562 vita
714 508 902 580 (Joan.
936 523 1060 573 11v,
1089 508 1173 578 6).
1206 507 1281 560 De
1307 506 1464 559 Patre
1505 512 1681 558 autem
1712 499 2080 556 tantummodo

503 616 600 654 vos
626 600 782 654 vultis
807 598 1026 667 intelligi
1053 597 1190 666 quod
1217 598 1310 664 ait,
1339 594 1407 649 Ut
1431 602 1729 664 cognoscant
1756 603 1803 646 te
1827 608 1980 646 unum
2000 607 2081 644 ve-
2121 591 2126 594 ’

502 707 615 747 rum
643 690 834 752 Deum,
870 699 915 742 et
943 703 1085 757 quem
1107 685 1281 739 misisti
1307 685 1484 738 Jesum
1512 683 1764 738 Christum
1797 681 1918 753 (Id.
1947 697 2076 746 xvu,

487 783 523 836 5
550 779 567 849 )
596 797 610 845 ;
643 781 729 835 ubi
769 794 868 833 nos
909 776 1251 832 subaudimus
1279 775 1439 830 etiam
1477 774 1657 829 Jesum
1686 773 1954 828 Christum
1985 787 2079 826 ve-

502 891 620 930 rum
654 875 836 935 Deum,
872 880 928 925 ut
953 870 1064 924 haec
1085 869 1155 924 sit
1177 868 1438 923 sententia
1469 884 1482 919 :
1512 866 1587 922 Te
1613 873 1668 920 et
1695 880 1852 934 quem
1891 862 2080 917 misisti

500 963 680 1018 Jesum
716 961 984 1016 Christum
1023 964 1343 1028 cognoscant
1369 973 1529 1010 unum
1567 970 1750 1010 verum
1779 954 1982 1018 Deum;
2013 967 2080 1010 ne

503 1053 590 1106 illa
613 1056 972 1120 consequatur
1009 1049 1309 1102 absurdilas
1329 1088 1342 1114 ,
1383 1056 1439 1102 ut
1474 1047 1520 1102 si
1563 1055 1841 1115 propterea
1871 1059 1974 1098 non
1999 1053 2081 1100 est

503 1156 664 1196 verus
692 1141 833 1195 Deus
861 1138 1016 1194 Jesus
1049 1138 1314 1204 Christus,
1360 1137 1482 1208 quia
1510 1137 1707 1190 dictum
1739 1143 1818 1189 est
1843 1134 2008 1201 Patri,
2035 1142 2081 1186 le

497 1213 656 1284 unum
675 1246 846 1284 verum
867 1229 1059 1295 Deum;
1085 1240 1366 1300 propterea
1395 1244 1497 1282 non
1527 1227 1875 1282 sitDominus
1901 1225 2073 1290 Pater,

501 1321 625 1390 quia
661 1320 859 1375 dictum
889 1329 970 1375 est
1003 1320 1069 1374 de
1094 1317 1326 1384 Cluisto,
1352 1335 1480 1372 unus
1508 1317 1773 1371 Dominus.
1802 1315 2082 1369 Verumta-

501 1427 626 1467 men
651 1411 941 1467 secundum
970 1427 1189 1481 pravum
1232 1411 1581 1476 intellectum,
1612 1409 1693 1463 vel
1727 1408 1899 1477 potius
1927 1421 2080 1461 erro-

502 1521 639 1570 rem,
673 1505 845 1574 major
864 1513 947 1559 est
973 1505 1109 1560 Deus
1133 1503 1348 1569 veritas,
1385 1519 1544 1573 quam
1583 1503 1721 1556 Deus
1750 1515 1933 1563 verus;
1958 1500 2078 1570 quia

499 1611 658 1651 verus
677 1611 707 1649 a
731 1596 955 1651 veritate
974 1604 1056 1650 est
1079 1613 1091 1647 :
1117 1595 1286 1664 major
1305 1609 1431 1664 ergo
1453 1594 1605 1647 Patre
1628 1592 1809 1656 Filius,
1837 1591 1959 1660 quia
1980 1591 2079 1645 iste

499 1697 583 1738 est
611 1685 827 1749 veritas,
867 1685 956 1739 ille
996 1700 1174 1738 verus.
1222 1684 1368 1738 Hanc
1399 1682 1792 1753 perversitatem
1833 1681 1981 1749 pellit
2012 1695 2078 1734 ex

503 1775 718 1842 animo,
758 1776 848 1846 qui
885 1775 1125 1829 didicerit
1161 1775 1369 1829 Patrem
1413 1789 1593 1827 verum
1633 1773 1798 1827 Deum
1838 1786 1956 1826 esse
1996 1771 2077 1840 gi-

499 1868 712 1936 gnendo
742 1869 1042 1936 veritatem,
1076 1884 1178 1922 non
1225 1868 1583 1937 participando
1610 1885 1624 1924 :
1651 1883 1757 1921 non
1785 1875 1867 1922 est
1901 1875 2077 1920 autem

500 1958 598 2014 alia
627 1958 921 2019 substantia
953 1960 1059 2013 veri
1090 1959 1371 2029 gignentis,
1404 1971 1457 2013 et
1483 1959 1586 2012 alia
1606 1959 1799 2028 genita:
1820 1957 2074 2012 veritatis.

558 2033 656 2104 .25.
682 2050 784 2105 Sed
815 2066 934 2104 eum
959 2051 1023 2105 ad
1049 2051 1159 2105 haec
1180 2051 1582 2120 centemplauda
1611 2051 1848 2106 inﬁrmus
1868 2051 1934 2104 sit
1955 2064 2082 2104 ocu-

498 2142 582 2196 lus
608 2143 785 2197 cordis
814 2143 1066 2208 immani,
1107 2144 1313 2203 accedit
1340 2153 1396 2197 ttt
1436 2144 1502 2198 de
1541 2144 1882 2198 contentione
1918 2143 2079 2196 etiam

498 2233 831 2288 turbulentus
857 2235 944 2288 sit.
974 2235 1038 2289 Et
1061 2235 1270 2305 quando
1297 2233 1395 2290 ista
1421 2234 1748 2303 conspiciet?
1774 2234 1909 2287 Dicit
1933 2232 2079 2287 Scri-

501 2335 651 2392 ptura
681 2325 871 2378 Filium
915 2326 1040 2390 Dei,
1080 2327 1361 2381 Dominqu
1391 2337 1444 2381 et
1479 2327 1805 2381 Salvatorem
1837 2332 2080 2386 nostrum

494 2417 678 2471 Jesum
713 2417 980 2473 Christum
1001 2460 1015 2484 ,
1047 2418 1278 2474 Verbum
1317 2420 1411 2474 Dei
1444 2435 1594 2486 esse,
1626 2427 1679 2473 et
1702 2419 1997 2484 veritatem,
2025 2429 2081 2476 et

488 2509 845 2578 sapientiam;
903 2518 958 2564 et
999 2508 1241 2566 homines
1285 2527 1404 2564 eum
1453 2520 1576 2565 ante
1630 2510 2076 2576 incarnationem,

497 2616 655 2669 quam
696 2598 763 2654 de
792 2600 950 2654 Maria
972 2601 1173 2671 virgine
1201 2602 1425 2670 accepit,
1453 2600 1568 2654 sine
1591 2600 1694 2654 ulla
1723 2601 1939 2653 omnino
1965 2615 2083 2656 sus-

500 2691 744 2759 ceptione
786 2706 1056 2760 corporeae
1098 2702 1356 2746 creatura:
1396 2707 1490 2762 per
1535 2693 1700 2763 ipsam
1745 2703 1986 2747 uatttram
2027 2701 2084 2747 et

502 2780 850 2836 substantiam
881 2797 1051 2849 suam,
1087 2798 1189 2852 qua
1229 2783 1460 2838 Verbum
1491 2784 1582 2839 Dei
1611 2794 1714 2851 est,
1743 2795 1795 2839 et
1825 2786 2080 2855 sapientia

500 2872 618 2939 Dei,
659 2872 920 2928 visibilem
950 2882 1004 2927 et
1039 2874 1435 2944 corruptibilem
1461 2875 1662 2942 dicunt,
1693 2875 1819 2930 dum
1859 2877 1958 2932 sibi
1988 2893 2083 2932 τος

496 2967 617 3022 lunt
642 2976 887 3023 constare
913 2967 1050 3037 quod
1097 2968 1366 3034 sentiunt,
1409 2968 1477 3022 de
1520 2969 1676 3023 Patre
1719 2969 2085 3024 tantummodo

499 3072 620 3118 esse
648 3057 866 3122 dictum,
900 3057 1169 3124 Invisibili,
1193 3058 1579 3127 incorruptibili,
1605 3059 1701 3112 soli
1732 3056 1842 3111 Deo
1868 3059 1886 3129 (
1909 3059 1925 3112 l
1947 3057 2081 3113 Tim.

500 3163 538 3210 ι,
564 3148 629 3202 17
653 3147 691 3217 ).
716 3147 862 3219 Rogo
895 3157 966 3212 te,
989 3148 1209 3209 verbum
1238 3148 1468 3202 hominis
1498 3165 1602 3202 non
1627 3160 1708 3202 est
1735 3149 1963 3214 visibile,
1991 3166 2085 3204 ne-

500 3237 628 3297 dum
655 3238 884 3294 Verbum
917 3239 1028 3293 Dei.
1051 3239 1167 3293 iam
1191 3254 1316 3294 vero
1353 3240 1608 3308 sapientia
1643 3239 1752 3302 illa,
1777 3240 1845 3294 de
1871 3255 1975 3310 qua
2003 3241 2086 3295 di-

497 3337 644 3384 ctum
671 3339 774 3395 est,
805 3330 1017 3402 Attingit
1043 3330 1223 3400 ubique
1245 3343 1448 3401 prapter
1465 3349 1610 3389 suam
1635 3333 1936 3386 munditiam
1951 3348 1972 3397 ;
1999 3341 2083 3399 et,

501 3420 656 3478 Nihil
681 3424 995 3496 inquinatum
1015 3423 1068 3481 in
1094 3439 1204 3484 eam
1230 3424 1472 3484 incurrit;
1492 3433 1564 3490 et,
1596 3422 1665 3478 In
1694 3425 1858 3495 seipsa
1881 3440 2089 3478 manens

497 3515 702 3570 innovat
731 3515 932 3581 omnia,
975 3524 1031 3571 et
1069 3515 1114 3570 si
1151 3531 1254 3584 qua
1294 3516 1488 3571 similia
1523 3531 1641 3586 quae
1686 3517 1952 3572 numerari
1982 3533 2087 3572 non

500 3615 756 3673 possunt;
785 3605 831 3658 si
869 3605 1228 3674 corruptibilis
1256 3613 1358 3669 est,
1398 3607 1579 3662 nescio
1608 3607 1734 3676 quid
1761 3607 1956 3673 dicam,
1985 3609 2091 3663 nisi

498 3705 559 3750 ut
579 3696 784 3751 doleam
810 3698 1274 3766 pratsumptionem
1299 3697 1604 3762 humanam,
1628 3706 1683 3752 et
1703 3699 1868 3754 mirer
1887 3701 2090 3768 patien-

498 3787 625 3840 tiam
651 3787 904 3842 divinam.
981 3813 1013 3842 τ»
1045 3822 1049 3825 -

572 3879 662 3935 24.
692 3881 824 3936 Cum
853 3895 982 3936 vero
1020 3882 1088 3937 de
1125 3881 1210 3935 illa
1248 3881 1446 3935 dictum
1477 3880 1575 3948 sit,
1615 3879 1820 3936 Candor
1846 3891 1919 3936 est
1957 3882 2090 3936 enim

501 3970 629 4029 lucis
648 3986 850 4030 teterme
870 3974 1020 4048 (Sap.
1047 3990 1142 4040 vn,
1161 3973 1392 4044 24-27);
1421 3989 1520 4029 nec
1543 3975 1726 4042 vestri,
1758 3984 1816 4028 ut
1836 3975 2086 4042 arbitror,

496 4070 608 4139 jam
647 4069 829 4124 dicunt
869 4070 1039 4124 lucem
1079 4068 1252 4122 Patris
1291 4066 1438 4138 (quae
1478 4066 1602 4136 quid
1645 4075 1755 4133 est,
1795 4066 1897 4120 nisi
1926 4067 1944 4098 ί
1974 4067 2089 4136 ejus

502 4159 876 4229 substantia?)
919 4157 1083 4213 fuisse
1112 4157 1396 4227 aliquando
1434 4157 1549 4211 sine
1578 4155 1808 4210 candore
1838 4172 1866 4209 a
1907 4170 1966 4212 se
1993 4172 2087 4226 ge-

504 4251 618 4305 nito
637 4291 652 4315 ,
684 4251 821 4305 sicut
857 4252 954 4305 ista
983 4252 1035 4304 in
1071 4250 1262 4305 divinis
1291 4259 1344 4304 et
1372 4249 1734 4318 spiritualibus
1758 4259 1811 4303 et
1837 4249 2087 4318 incorpo-

501 4344 609 4398 reis
634 4353 688 4398 et
728 4343 1247 4398 incommutabilibus
1278 4341 1445 4406 credi,
1475 4351 1528 4396 et
1556 4351 1840 4411 utcumque
1864 4341 2085 4412 intelligi

501 4443 723 4502 possunt
751 4452 763 4487 :
796 4434 953 4488 audio
990 4435 1131 4488 enim
1171 4433 1280 4502 jam
1324 4447 1417 4487 eos
1451 4432 1785 4487 emendasse.
1827 4434 1908 4486 An
1948 4431 2086 4487 forte

499 4525 688 4579 falsum
718 4534 800 4580 est
829 4525 928 4579 hoc
959 4539 1054 4580 eos
1079 4523 1362 4592 aliquando
1386 4522 1603 4585 dixisse,
1635 4522 1774 4592 quod
1800 4521 1957 4577 fuerit
1983 4522 2083 4576 ali-

498 4617 711 4688 quando
738 4617 894 4674 Pater
934 4617 1049 4671 sine
1078 4616 1245 4681 Filio,
1280 4624 1527 4686 tanquam
1554 4613 1716 4670 fuerit
1755 4615 1840 4669 lux
1881 4625 2081 4669 aeterna

498 4709 615 4764 sine
639 4708 869 4764 candore
894 4723 1049 4778 quem
1075 4707 1288 4778 genuit?
1312 4706 1446 4772 Quid
1468 4721 1594 4777 ergo
1619 4705 1882 4761 dicimus?
1911 4707 1966 4760 Si
1989 4721 2084 4760 na-

500 4810 584 4856 tus
600 4809 685 4856 est
704 4799 870 4854 Filius
894 4798 988 4853 Dei
1009 4797 1078 4853 de
1098 4797 1276 4858 Patre,
1296 4799 1403 4866 jam
1426 4796 1585 4851 Pater
1609 4796 1810 4852 destitit
1830 4795 2076 4866 gignere;

499 4901 554 4944 et
581 4890 625 4944 si
653 4889 873 4953 destitit,
905 4889 1067 4958 erepit
1096 4907 1108 4944 :
1136 4889 1179 4942 si
1208 4896 1386 4943 autem
1411 4888 1572 4956 erepit
1594 4887 1826 4959 gignere,
1861 4889 1957 4942 fuit
1983 4888 2080 4942 ali-

497 4981 710 5049 quando
736 4982 852 5037 sine
879 4981 1046 5045 Filio;
1079 4981 1173 5035 sed
1203 4991 1470 5050 nunquam
1506 4979 1604 5034 fuit
1633 4980 1750 5036 sine
1777 4979 1929 5047 Filio,
1956 4979 2078 5050 quia

499 5071 665 5125 Filius
706 5072 821 5141 ejus
856 5071 1114 5142 sapientia
1155 5071 1270 5141 ejus
1309 5079 1412 5134 est,
1444 5086 1564 5142 quae
1589 5071 1788 5126 candor
1829 5080 1912 5125 est
1946 5071 2078 5126 lucis

493 5173 730 5216 aeternae.
759 5162 898 5231 Ergo
927 5175 1138 5231 semper
1169 5161 1335 5231 gignit
1361 5161 1518 5216 Pater
1536 5203 1549 5227 ,
1583 5170 1636 5216 et
1663 5176 1874 5230 semper
1901 5162 2075 5215 nasci-

494 5262 581 5305 tur
609 5251 797 5306 Filius.
834 5251 930 5306 Hic
966 5267 1151 5306 rursus
1189 5250 1480 5306 timendum
1510 5261 1591 5306 est
1629 5266 1696 5306 ne
1727 5258 1938 5321 putetur
1973 5251 2075 5306 im-

493 5344 728 5413 perfecta
757 5345 1052 5415 generatio,
1097 5345 1142 5399 si
1185 5361 1289 5398 non
1330 5344 1556 5399 dicimus
1584 5353 1764 5399 natum
1793 5360 1945 5410 esse,
1982 5345 2076 5399 sed

495 5435 662 5489 nasci.
698 5433 1016 5506 Compatere
1053 5450 1262 5490 meeum
1282 5476 1296 5500 ,
1328 5435 1584 5500 obsecro,
1630 5435 1681 5490 in
1709 5435 1790 5490 his
1820 5437 2076 5506 angustiis

494 5523 739 5581 humana:
767 5527 1100 5597 cogitationis
1127 5535 1180 5582 et
1209 5527 1400 5599 lingua:
1423 5569 1440 5595 ,
1483 5536 1538 5583 et
1578 5527 1778 5598 pariter
1801 5527 2075 5599 confugia-

489 5659 576 5769 m;
596 5666 734 5773 [εἶξΞέ
747 5657 794 5710 si
817 5659 920 5722 ejus
940 5658 1217 5713 substantia.
1242 5661 1332 5714 Sed
1347 5661 1623 5715 concianius
1637 5659 1743 5712 aliae
1766 5661 2005 5714 editiones
2027 5669 2078 5720 et

512 5728 550 5744 ,τ
586 5756 616 5773 ι,
696 5738 712 5764 ς
738 5759 749 5772 ,

535 5734 616 5783 5.5.,
641 5734 749 5773 mss.

1691 327 1695 330 -
1737 297 1796 354 S.
1825 294 2190 355 AUGUSTINI
2230 293 2524 354 EPISCOPI
2569 321 2572 324 θ

3634 309 3773 366 ιοω

2183 425 2304 465 mus
2329 411 2395 467 ad
2417 411 2671 482 Spiritum
2697 412 2791 468 Dei
2817 428 2911 484 per
2935 417 3244 486 prophetam
3268 419 3530 476 dicentem
3562 441 3577 477 :
3605 421 3774 477 Gene-

2184 501 2428 553 rationem
2455 503 2564 571 ejus
2588 503 2698 572 quis
2716 505 2968 559 enarrabit
2995 504 3154 578 (Isai.
3187 525 3297 571 thl,
3324 510 3414 579 8).

2256 589 2345 647 25.
2384 591 2495 646 Hoc
2524 609 2686 647 unum
2720 604 2840 664 peto
2869 594 3080 651 interim
3110 608 3165 650 ut
3190 598 3470 670 diligenter
3493 602 3770 674 exquiras.

2186 687 2358 735 utrum
2388 682 2582 737 alicubi
2608 683 2783 740 divina
2808 685 3078 755 Scriptura
3111 687 3178 742 de
3201 689 3423 744 diversis
3451 693 3767 750 substantiis

2185 768 2379 825 dixerit
2405 772 2543 841 quod
2567 789 2726 828 unum
2750 776 2876 830 sint.
2901 775 2956 831 Si
2978 778 3119 832 enim
3144 794 3249 834 non
3265 780 3528 836 invenitur
3546 783 3768 852 dictum,

2186 861 2285 914 nisi
2309 861 2378 916 de
2406 862 2473 918 iis
2500 863 2663 919 rebus
2690 880 2824 935 quas
2850 876 3059 922 constat
3083 883 3203 924 esse
3241 871 3396 925 unius
3423 872 3774 944 ejusdemque

2185 951 2526 1018 substantia};
2551 955 2674 1023 quid
2703 971 2840 1026 opus
2866 966 2948 1012 est
2971 967 3027 1013 ut
3052 959 3373 1016 rebellemus
3397 963 3650 1022 adversus
3677 980 3774 1020 ve-

2186 1055 2300 1094 ram
2339 1051 2395 1096 et
2422 1045 2737 1100 catholicam
2771 1047 2962 1102 ﬁdem?
2991 1049 3046 1104 Si
3073 1060 3247 1106 autem
3287 1053 3548 1109 inveneris
3574 1055 3771 1111 alicubi

2186 1130 2560 1204 hoc'scriptutn
2587 1136 2747 1191 etiam
2773 1138 2841 1193 de
2864 1139 3091 1195 diversis
3115 1142 3448 1208 substantiis;
3473 1153 3598 1200 tunc
3623 1146 3768 1201 aliud

2185 1237 2346 1293 cogar
2375 1225 2664 1295 inquirere,
2693 1229 2834 1283 unde
2861 1231 3135 1286 ostendam
3165 1242 3307 1288 recte
3331 1240 3545 1302 ὁμεύσιον
3568 1235 3768 1290 dictum

2185 1311 2398 1368 Patrem
2426 1325 2478 1370 et
2525 1316 2736 1371 Filium.
2765 1317 2900 1374 Nam
2935 1321 2980 1374 si
3009 1321 3085 1376 illi
3113 1323 3204 1392 qui
3234 1324 3529 1394 Scripturas
3557 1335 3771 1381 nostras

2183 1412 2274 1457 aut
2301 1406 2573 1472 nesciunt,
2604 1415 2695 1462 aut
2718 1424 2824 1463 nun
2851 1408 3115 1467 laboriose
3141 1423 3479 1479 scrutantur,
3509 1424 3563 1469 et
3588 1425 3769 1473 tamen

2183 1494 2374 1552 Filium
2397 1498 2636 1566 ejusdem
2665 1500 2972 1558 substantia:
3000 1512 3053 1558 et
3073 1506 3328 1575 aequalem
3355 1507 3495 1562 Patri
3519 1509 3766 1568 credunt.

2182 1587 2359 1643 dicant
2386 1591 2464 1644 eis
2493 1592 2580 1660 qui
2609 1592 2708 1647 boc
2733 1595 2920 1649 uolunt
2953 1596 3195 1662 credere,
3241 1614 3362 1653 cum
3394 1607 3565 1654 tamen
3599 1602 3767 1656 Deum

2183 1679 2395 1735 Patrem
2439 1681 2627 1737 Filium
2674 1684 2871 1742 habere
2923 1689 3250 1758 unigenitum
3293 1691 3545 1757 credant,
3589 1693 3772 1749 Noluit

2184 1771 2324 1826 Deus
2355 1772 2550 1829 habere
2576 1777 2832 1846 aequalem
2861 1777 3086 1845 Filium,
3118 1795 3184 1834 an
3223 1797 3327 1836 non
3367 1785 3569 1852 potuit?
3595 1786 3638 1839 si
3667 1801 3769 1840 no-

2183 1863 2297 1930 luit,
2327 1865 2536 1920 invidus
2557 1880 2667 1935 eSt;
2696 1869 2739 1922 si
2766 1885 2872 1923 non
2897 1871 3085 1939 potuit,
3109 1871 3351 1929 inﬁrmus
3370 1885 3479 1941 est;
3507 1877 3772 1931 utrumvis

2181 1965 2357 2011 autem
2388 1957 2576 2012 horum
2616 1960 2683 2014 de
2712 1961 2823 2016 Deo
2853 1963 3052 2018 sentire
3087 1965 3398 2036 sacrilegum
3433 1978 3516 2023 est
3542 1985 3557 2021 :
3586 1970 3771 2025 nescio

2182 2056 2358 2100 utrum
2386 2049 2592 2118 possint
2619 2050 2856 2106 invenire
2893 2054 3017 2123 quid
3053 2054 3250 2122 dicant,
3279 2056 3324 2110 si
3357 2057 3526 2113 nolint
3551 2074 3639 2114 res
3669 2060 3771 2114 ab-

2183 2139 2520 2194 surdissimas
2545 2151 2598 2199 et
2627 2143 2964 2200 stultissimas
2987 2146 3184 2203 dicere.

2253 2232 2479 2290 CAPUT
2521 2236 2583 2290 γ.
2606 2267 2674 2276 —-
2693 2236 2782 2292 26.
2808 2239 2940 2293 Ecce
2960 2250 3213 2310 quantum
3235 2244 3404 2312 potui,
3428 2246 3647 2315 exposui
3675 2246 3769 2308 tibi

2183 2321 2342 2377 ﬁdem
2371 2339 2565 2380 meam.
2591 2326 2654 2380 Et
2675 2332 2820 2395 plura
2845 2328 3057 2398 quidem
3077 2330 3180 2388 dici
3207 2342 3445 2400 possunt,
3467 2343 3522 2390 et
3547 2335 3771 2406 diligen-

2187 2413 2290 2468 tius
2316 2415 2604 2486 disputari;
2634 2417 2728 2472 sed
2756 2434 2943 2473 vereor
2973 2437 3040 2475 ne
3061 2421 3159 2475 ista
3185 2423 3297 2492 ipsa
3321 2440 3438 2494 qua:
3462 2426 3592 2492 dixi,
3619 2429 3770 2483 oneri

2184 2505 2289 2559 sint
2314 2507 2752 2575 occupationibus
2780 2508 2884 2570 luis
2908 2528 2921 2564 :
2949 2520 3120 2566 tamen
3150 2528 3211 2570 ea
3234 2529 3338 2567 non
3368 2515 3541 2570 solum
3567 2516 3770 2571 dictata

2186 2596 2452 2651 conscribi
2497 2597 2777 2663 volui,sed
2827 2601 2985 2654 etiam
3025 2617 3184 2656 manu
3223 2619 3340 2658 mea
3385 2606 3768 2664 subscribeuda

2185 2689 2363 2741 curavi
2385 2703 2401 2753 ;
2423 2689 2562 2757 quod
2589 2691 2801 2761 quidem
2823 2700 2878 2746 et
2897 2703 3050 2750 antea
3076 2695 3368 2762 volueram,
3396 2696 3440 2750 si
3461 2697 3607 2766 quod.
3632 2699 3771 2754 inter

2186 2792 2284 2832 nos
2321 2778 2623 2848 placuerat,
2657 2792 2976 2836 servaretur.
3007 2783 3112 2838 Sed
3146 2785 3305 2840 modo
3333 2796 3478 2842 certe
3503 2799 3630 2856 puto
3654 2789 3767 2858 jam

2187 2883 2292 2922 non
2338 2884 2367 2922 a
2413 2879 2464 2924 te
2502 2869 2698 2930 debere
2737 2873 2841 2927 dici
2879 2867 3243 2932 timuisse'me
3282 2877 3375 2932 tibi
3402 2879 3580 2934 dicere
3611 2880 3770 2936 ﬁdem

2187 2975 2386 3027 meam,
2411 2961 2621 3030 quando
2649 2978 2752 3022 non
2781 2964 2949 3018 solum
2975 2966 3103 3030 dixi,
3132 2967 3226 3022 sed
3261 2970 3511 3036 scriptam
3540 2970 3772 3026 subscri-

2189 3052 2292 3120 psi,
2330 3067 2396 3104 ne
2424 3067 2510 3108 tne
2536 3053 2812 3122 quisquam
2842 3055 2984 3112 dicat
3007 3066 3099 3113 aut
3121 3057 3318 3114 dixisse
3342 3060 3481 3135 quod
3506 3076 3612 3122 non
3637 3061 3770 3127 dixi,

2191 3149 2281 3193 aut
2309 3155 2417 3200 non
2456 3143 2654 3197 dixisse
2683 3145 2823 3212 quod
2863 3145 2993 3207 dixi.
3026 3147 3138 3202 Hoc
3170 3148 3254 3204 fac
3279 3159 3334 3203 et
3363 3159 3446 3217 tu,
3490 3153 3533 3205 si
3565 3151 3774 3221 judiees

2191 3232 2419 3299 quzcris,
2466 3248 2570 3285 non
2601 3233 2688 3302 qui
2736 3235 2790 3287 iu
2833 3249 2925 3289 ore
2968 3245 3058 3290 tuo
3101 3239 3444 3295 revereant'ur
3492 3257 3776 3312 personam

2194 3330 2360 3388 tuam,
2384 3323 2480 3378 sed
2502 3325 2588 3394 qui
2613 3327 2665 3379 in
2689 3326 2879 3381 litteris
2899 3329 3002 3382 tuis
3019 3342 3267 3387 exserant
3287 3333 3580 3391 libertatem
3601 3352 3774 3392 suam.

2193 3413 2246 3468 Si
2277 3414 2418 3468 enim
2447 3417 2768 3476 calumniam
2796 3419 2950 3475 times
2979 3419 3151 3493 (quod
3173 3426 3318 3479 nullo
3339 3426 3499 3482 modo
3520 3428 3777 3490 auderem

2193 3505 2390 3574 dicere,
2424 3507 2525 3562 nisi
2562 3509 2663 3566 hoc
2690 3511 2801 3580 ipse
2827 3512 3102 3586 dixisses),
3132 3515 3257 3571 licet
3284 3517 3376 3572 tibi
3407 3533 3512 3574 non
3535 3521 3777 3575 subscri-

2192 3597 2320 3654 bere
2351 3617 2364 3653 :
2396 3615 2516 3653 nam
2540 3609 2594 3654 et
2619 3616 2718 3670 ego
2740 3611 3017 3672 propterea
3040 3607 3186 3660 nolui
3215 3623 3407 3664 nomen
3438 3619 3584 3665 tuum
3613 3611 3778 3672 scribi

2193 3689 2246 3742 in
2274 3688 2357 3744 his
2380 3691 2514 3745 meis
2540 3691 2750 3762 litteris,
2773 3710 2838 3749 ne
2857 3695 2958 3750 hoc
2983 3697 3115 3752 forte
3134 3701 3416 3756 noluisses.

2263 3782 2353 3838 27.
2381 3784 2560 3840 Facile
2589 3796 2670 3841 est
2695 3796 2752 3841 ut
2775 3789 2998 3860 quisque
3023 3793 3369 3863 Augustinum
3396 3794 3599 3860 vincat;
3626 3795 3780 3852 vide-

2193 3873 2268 3928 ris
2301 3883 2478 3928 utrum
2509 3877 2730 3932 veritate
2753 3893 2819 3932 an
2846 3879 3098 3935 clamore.
3125 3881 3239 3936 Non
3262 3892 3343 3938 est
3367 3900 3540 3942 meum
3572 3885 3776 3952 dicere,

2193 3966 2295 4021 nisi
2326 3967 2449 4036 quia
2491 3967 2640 4022 facile
2677 3978 2760 4024 est
2803 3978 2858 4024 ut
2901 3967 3122 4042 quisque
3164 3975 3513 4044 Augustinum
3550 3977 3728 4034 vineat
3758 3993 3779 4032 :

2191 4069 2389 4130 quanto
2419 4061 2586 4130 magis
2614 4070 2673 4116 ut
2697 4063 2891 4118 vicisse
2920 4063 3188 4130 videatur;
3220 4075 3309 4120 aut
3336 4067 3435 4120 etsi
3461 4082 3567 4122 non
3588 4066 3779 4123 videao

2193 4160 2277 4205 tur
2297 4152 2504 4218 vicisse,
2542 4161 2717 4208 tamen
2747 4154 2993 4210 dicatur?
3020 4156 3193 4212 Facile
3227 4166 3309 4212 est
3335 4158 3435 4214 hoc
3466 4176 3479 4214 :
3507 4159 3631 4214 nolo
3655 4175 3780 4214 tua-

2189 4259 2347 4313 guum
2377 4254 2546 4313 putes,
2570 4246 2721 4310 nolo;
2754 4247 2876 4301 uolo
2901 4263 2997 4316 pro
3023 4264 3213 4318 magno
3232 4260 3466 4318 appetas.
3491 4250 3621 4305 Nam
3651 4266 3775 4306 cum

2188 4336 2512 4391 adverterint
2550 4337 2793 4392 homines
2823 4340 2874 4392 in
2907 4340 3005 4394 hac
3034 4355 3093 4394 re
3115 4350 3219 4394 tam
3241 4341 3506 4410 ingentem
3534 4341 3730 4396 famem
3755 4343 3773 4372 ⁸

2187 4429 2365 4482 cordis
2391 4429 2464 4482 ttti
2482 4468 2497 4495 ,
2547 4431 2698 4489 multi
2727 4431 3030 4500 gaudebunt
3059 4447 3118 4487 se
3144 4433 3410 4488 invenisse
3435 4434 3772 4490 occasionem

2185 4529 2245 4574 ut
2268 4520 2334 4576 ad
2363 4536 2526 4589 pauca
2560 4521 2726 4592 Euge,
2759 4523 2919 4593 Euge,
2953 4532 3057 4578 tam
3085 4534 3352 4594 potentem
3384 4527 3550 4581 virum
3577 4527 3776 4582 iaciant

2183 4613 2434 4669 amicum.
2453 4613 2588 4670 Nolo
2607 4615 2786 4671 dicere
2805 4618 2926 4686 quia
2945 4619 2988 4672 si
3009 4634 3115 4673 non
3132 4618 3360 4685 faveant,
3379 4621 3462 4676 vel
3483 4620 3528 4674 si
3556 4629 3773 4675 contra-

2185 4705 2316 4758 riam
2344 4706 2662 4760 sententiam
2690 4705 2981 4776 proferant,
3011 4709 3172 4764 etiam
3199 4708 3487 4766 formidare
3523 4718 3774 4780 poterunt

2184 4796 2482 4859 inimicum;
2511 4797 2687 4866 inepte
2707 4797 2919 4867 quidem
2941 4807 2995 4854 et
3013 4800 3191 4867 stulte,
3214 4800 3308 4856 sed
3331 4809 3504 4856 tamen
3531 4802 3772 4872 plerique

2183 4886 2426 4940 homines
2452 4887 2521 4941 ita
2550 4896 2690 4942 sunt.
3391 4957 3398 4963 '

2253 4977 2344 5032 28.
2371 4977 2486 5032 Noli
2515 4993 2641 5048 ergo
2668 4977 2946 5035 attendere
2970 4980 3237 5050 quomodo
3257 4983 3500 5037 vincatur
3523 4982 3772 5053 Augusti-

2183 5082 2316 5132 nus,
2349 5068 2750 5137 qualiscumque
2794 5084 2929 5124 unus
2971 5069 3169 5137 homo;
3214 5071 3309 5126 sed
3351 5072 3565 5128 attende
3593 5071 3772 5142 potius

2181 5169 2359 5216 utrum
2388 5161 2524 5215 vinci
2560 5163 2728 5231 possit
2754 5168 3002 5230 ὁμσὺσιον,
3040 5178 3146 5218 non
3178 5163 3350 5234 ipsum
3378 5165 3598 5222 verbum
3623 5179 3766 5234 grae-

2179 5269 2322 5319 cum,
2350 5253 2488 5323 quod
2526 5253 2675 5308 facile
2697 5263 2782 5308 est
2809 5269 2914 5308 nou
2956 5255 3370 5324 intelligentibus
3397 5255 3640 5319 irridere,
3670 5254 3770 5310 sed

2179 5343 2307 5398 illttd
2345 5344 2486 5414 quod
2532 5345 2785 5415 scriptum
2825 5354 2904 5398 est
2928 5385 2944 5411 ,
2984 5343 3098 5416 Ego
3133 5355 3180 5400 ct
3210 5344 3368 5400 Pater
3401 5363 3553 5400 ununt
3593 5363 3770 5400 sumus

2179 5433 2366 5506 (Joan.
2398 5451 2452 5501 x,
2488 5435 2619 5504 50);
2649 5443 2722 5500 et,
2768 5433 2925 5489 Pater
2943 5447 3112 5491 sancte
3132 5478 3147 5504 ,
3186 5453 3327 5492 serua
3355 5454 3439 5492 eos
3471 5439 3524 5491 in
3564 5437 3772 5492 nomine

2179 5535 2284 5596 tuo,
2305 5543 2431 5598 quos
2455 5526 2635 5580 dedisti
2661 5527 2783 5581 mihi
2803 5529 2860 5590 ';
2882 5537 2937 5582 ut
2955 5528 3053 5582 sint
3073 5544 3250 5594 unum,
3270 5529 3399 5583 sicut
3427 5539 3473 5583 et
3495 5545 3606 5584 nos.
3633 5527 3767 5584 Item

2241 5663 2259 5694 ι
2285 5670 2390 5724 Mss.
2409 5662 2557 5725 vatio.
2577 5668 2628 5711 et
2652 5675 2743 5725 sex
2765 5661 2954 5725 Gallic,
2969 5660 3230 5725 lacrimam.

2242 5726 2263 5756 ί
2285 5722 2426 5774 Gerv.
2452 5723 2555 5772 cod.
2578 5730 2627 5772 et
2648 5723 2829 5787 aliquot
2849 5723 2926 5773 alii
2945 5722 3022 5774 hic
3038 5724 3233 5785 addunt,
3254 5722 3314 5775 de
3330 5723 3526 5778 mundo.
