4084 6332
389 301 522 356 toto
1109 351 1142 383 ,

387 409 539 480 paulo
570 419 685 480 post
712 427 725 464 :
759 409 878 464 Non
911 427 1001 479 pro
1037 409 1113 463 Itis
1153 419 1316 462 autem
1345 424 1466 477 rogo
1497 417 1686 460 tantum
1712 448 1725 465 .
1753 406 1950 474 inquit,

383 501 472 556 sed
504 511 549 554 et
578 517 668 570 pro
707 502 777 555 eis
812 503 897 573 qui
935 500 1172 554 credituri
1210 509 1324 553 sunt
1363 515 1451 570 per
1479 500 1675 551 verbum
1705 513 1873 550 eorum
1901 497 1955 550 in

381 607 461 646 me
482 607 502 646 :
526 602 578 645 ut
605 609 773 646 omnes
811 607 964 645 unum
985 593 1103 655 sint,
1134 592 1259 644 sicut
1289 601 1360 654 tu,
1397 588 1570 654 Pater,
1595 590 1764 652 inme,
1793 597 1838 641 et
1866 604 1954 657 ego

379 686 433 738 in
461 696 524 745 te.
562 695 614 736 ut
646 695 691 736 ct
717 683 814 754 ipsi
847 683 897 736 in
929 684 1068 737 nobis
1096 699 1251 735 unum
1292 681 1422 745 sint;
1464 690 1516 734 ut
1548 679 1761 732 mundus
1788 677 1954 730 credat

379 775 498 844 quia
525 785 577 828 tu
605 791 680 828 me
703 775 899 828 misisti.
929 773 994 828 Et
1015 791 1103 845 ego
1129 775 1401 828 claritatem
1432 789 1579 844 quam
1599 769 1777 824 dedisti
1808 770 1950 834 mihi,

381 867 495 920 dedi
522 867 640 930 illis,
661 875 715 918 ut
735 867 832 919 sint
858 883 1028 931 unum,
1052 867 1176 918 sicut
1199 876 1242 918 et
1264 881 1352 918 nos
1377 880 1528 917 unum
1552 878 1722 915 sumus
1745 876 1764 915 :
1787 877 1877 930 ego
1903 862 1954 913 in

380 958 467 1015 eis.
485 967 532 1011 ct
559 968 612 1010 tu
636 958 686 1010 iu
716 975 808 1020 me,
826 968 876 1009 ut
897 957 994 1010 sint
1017 955 1346 1010 consummati
1369 955 1418 1007 in
1448 970 1601 1007 unum
1623 951 1799 1023 (Joan.
1823 967 1947 1016 xvn,

381 1050 468 1115 Η,
496 1049 718 1121 20-25).
753 1051 880 1104 Vide
906 1049 1112 1119 quoties
1135 1048 1285 1108 dixit.
1318 1048 1416 1102 sint
1435 1064 1607 1112 unum,
1639 1047 1764 1098 sicut
1787 1054 1832 1098 et
1863 1061 1952 1098 nos

380 1157 535 1194 unum
565 1159 771 1207 sumus;
800 1159 1054 1212 nusquam
1083 1151 1255 1195 tamen
1283 1141 1431 1198 dixit.
1463 1139 1561 1209 Ipsi
1589 1147 1643 1194 et
1663 1153 1758 1192 nos
1788 1138 1953 1191 simus

378 1249 576 1299 unum;
603 1234 715 1294 sed.
740 1239 866 1288 sicut
894 1252 984 1305 ego
1011 1243 1054 1287 et
1087 1244 1139 1286 tu
1178 1249 1348 1286 smnus
1389 1249 1564 1291 unum,
1594 1231 1664 1283 sic
1689 1241 1732 1283 et
1764 1229 1862 1298 ipsi
1898 1229 1950 1282 in

376 1325 517 1378 nobis
544 1326 642 1378 sint
672 1343 823 1377 unum
849 1341 866 1379 :
892 1327 1011 1395 quia
1042 1324 1179 1380 sicut
1214 1324 1283 1377 illi
1315 1334 1462 1378 erant
1501 1324 1653 1375 unius
1683 1320 1952 1389 ejusdem-

375 1431 477 1484 que
499 1417 827 1480 substantia},
850 1433 982 1486 quiis
1004 1418 1160 1471 etiam
1185 1417 1340 1470 unius
1366 1416 1646 1485 participes
1669 1415 1954 1466 \‘II:I)11’lCt‘-

376 1488 458 1558 na:
499 1505 670 1560 facere
713 1508 957 1571 volebat;
1004 1509 1072 1560 ita
1118 1507 1186 1561 de
1232 1507 1387 1560 Patre
1429 1515 1479 1559 et
1511 1505 1642 1558 Filio
1675 1512 1950 1570 prolsterea

373 1598 570 1661 dictum
594 1608 704 1664 est,
737 1599 902 1654 Unum
923 1617 1114 1666 sumus,
1144 1600 1262 1669 quia
1293 1600 1445 1652 unius
1466 1607 1588 1652 sunt
1609 1596 1952 1665 ejusdemque

376 1689 682 1743 substantia:
704 1731 719 1756 ,
750 1700 802 1745 et
831 1706 934 1744 non
977 1691 1257 1760 participes
1298 1689 1415 1742 vita:
1445 1698 1686 1752 arternat,
1715 1685 1804 1740 sed
1839 1686 1950 1755 ipsa

372 1782 731 1853 principaliter
759 1785 862 1837 vita
883 1792 1100 1837 aeterna.
1132 1783 1201 1836 Et
1230 1789 1435 1850 poterat
1462 1780 1636 1833 dicere
1661 1777 1949 1832 secundum

375 1874 600 1927 formam
627 1875 785 1937 servi,
817 1876 925 1944 Ego
945 1882 999 1928 et
1023 1875 1118 1943 ipsi
1142 1888 1302 1928 unum
1329 1887 1532 1938 sumus,
1560 1880 1668 1935 aut,
1693 1884 1852 1921 unum
1880 1868 1953 1922 si-

372 1980 532 2029 mus;
578 1981 674 2020 uec
715 1976 888 2021 tamen
920 1966 1021 2021 hoc
1046 1967 1210 2026 dixit,
1243 1965 1362 2036 quia
1406 1979 1560 2017 uuam
1602 1961 1948 2016 substantiam

373 2055 546 2110 Patris
573 2065 625 2110 et
651 2072 798 2110 suam
821 2100 835 2122 ,
879 2067 932 2111 et
968 2073 1124 2110 unam
1163 2057 1372 2109 illorum
1402 2054 1614 2108 volebat
1647 2052 1944 2105 ostendere.

369 2145 425 2201 Si
455 2157 630 2201 autem
669 2147 908 2210 dixisset,
942 2147 1012 2204 Ut
1042 2158 1094 2201 tu
1126 2156 1176 2201 et
1200 2145 1299 2216 ipsi
1327 2161 1486 2198 unum
1517 2143 1654 2208 sitis,
1686 2143 1822 2197 sicut
1851 2155 1948 2210 ego

369 2245 423 2291 et
445 2246 494 2291 tu
519 2255 677 2291 untnn
718 2255 934 2305 sumus;
964 2247 1074 2303 aut,
1107 2238 1174 2292 Ut
1197 2246 1250 2291 tu
1276 2245 1327 2290 et
1356 2251 1453 2304 ego
1479 2245 1530 2289 et
1554 2233 1651 2303 ipsi
1684 2248 1845 2286 unum
1875 2231 1948 2284 si-

368 2342 507 2390 mus,
529 2329 662 2382 SICUI
683 2344 780 2396 ego
801 2339 853 2384 CI.
875 2338 926 2381 Ill
950 2344 1108 2389 unum
1129 2343 1345 2391 sumus;
1365 2340 1523 2380 nemo
1545 2333 1778 2378 nostrum
1801 2337 1952 2376 I‘CCU-

368 2427 502 2470 saret
519 2433 673 2488 posse
689 2418 998 2490 dici,Uuum
1017 2427 1156 2483 sunt,
1175 2417 1332 2473 etiam
1347 2417 1586 2470 diversas
1603 2413 1946 2469 substantias.

366 2505 516 2562 Nunc
538 2518 711 2562 autem
735 2509 884 2562 vides
903 2525 1058 2578 quam
1083 2524 1186 2561 non
1209 2508 1278 2561 ita
1305 2508 1391 2570 sit,
1424 2506 1543 2576 quia
1571 2521 1672 2558 non
1701 2505 1768 2557 ita
1796 2503 1946 2567 dixit,

365 2604 420 2652 et
445 2611 586 2666 saepe
612 2597 833 2652 dicendo
860 2599 1199 2652 vehementer
1223 2595 1614 2654 commendavit
1635 2591 1774 2664 quod
1796 2592 1946 2645 dixit.

435 2685 530 2742 29.
555 2687 763 2742 Iuvenis
795 2703 922 2758 ergo
959 2691 1008 2740 in
1035 2687 1324 2756 Scriptttris
1351 2685 1545 2756 aliquid
1576 2700 1735 2739 unum
1772 2683 1837 2738 de
1862 2683 1947 2737 di-

366 2779 537 2833 versis
580 2781 817 2845 naturis,
850 2780 988 2833 sicut
1027 2795 1184 2848 supra
1213 2777 1572 2842 ostendimus,
1615 2775 1708 2830 sed
1739 2774 1948 2828 additur

366 2870 452 2923 vel
475 2871 785 2925 subauditur
808 2872 932 2942 quid
960 2888 1120 2925 unum
1154 2891 1167 2926 :
1196 2873 1332 2925 sicut
1355 2887 1419 2924 ex
1444 2869 1618 2922 anima
1645 2877 1697 2922 et
1723 2882 1948 2936 corpore

365 2961 610 3026 dicimus,
639 2963 809 3018 Unum
840 2964 1054 3025 animal,
1080 2971 1132 3017 et
1157 2978 1256 3016 una
1281 2976 1525 3032 persona,
1555 2968 1607 3014 et
1633 2975 1766 3013 unus
1788 2958 1948 3012 homo

366 3055 450 3108 vel
479 3063 555 3108 est
580 3097 595 3120 ,
630 3056 712 3109 vel
743 3064 885 3110 sunt.
914 3055 1038 3110 Siue
1068 3056 1239 3124 aliqua
1273 3070 1398 3108 vero
1436 3053 1773 3122 adjunctione
1810 3049 1944 3117 dici,

372 3142 541 3205 Unum
568 3155 704 3210 sunt,
733 3146 776 3199 si
807 3147 1072 3200 inveneris
1102 3147 1156 3200 in
1183 3145 1488 3214 Scripturis,
1522 3143 1620 3200 nisi
1650 3142 1717 3196 de
1743 3142 1804 3195 iis
1829 3157 1947 3210 quae

368 3234 523 3290 unius
562 3237 867 3290 substantia:
905 3248 1056 3302 sunt,
1090 3236 1380 3304 justissime
1419 3233 1677 3304 llagitabis
1723 3242 1778 3286 ut
1806 3231 1946 3286 aliud

370 3329 724 3398 proferamus,
767 3329 906 3384 unde
934 3335 1148 3397 ὃμοὺσιον
1174 3329 1615 3384 demonstremus.
1648 3326 1782 3382 Sunt
1804 3324 1946 3379 enim

368 3427 422 3472 et
446 3419 546 3472 alia
575 3419 767 3483 multa;
794 3419 886 3474 sed
911 3420 1116 3473 interim
1139 3419 1206 3490 de
1229 3420 1331 3474 hoc
1358 3434 1462 3473 uno
1487 3418 1678 3487 cogita,
1708 3416 1948 3483 deposito

368 3508 545 3562 studio
573 3510 949 3571 contentionis,
985 3518 1042 3562 ut
1071 3507 1266 3563 habeas
1306 3509 1586 3580 propitium
1617 3507 1802 3560 Deum.
1831 3505 1946 3559 Non

367 3598 508 3652 enim
551 3599 745 3653 bonum
789 3599 1018 3662 hominis
1046 3610 1127 3655 est
1156 3600 1423 3655 hominem
1451 3600 1681 3663 vincere,
1725 3597 1818 3652 sed
1848 3597 1947 3652 bo-

368 3705 492 3744 num
520 3700 602 3745 est
621 3690 820 3745 homini
851 3701 907 3746 ut
938 3709 1058 3746 eum
1084 3695 1277 3748 veritas
1301 3693 1476 3746 vincat
1504 3693 1800 3756 volentem;
1824 3691 1946 3760 quia

363 3781 560 3833 malum
579 3790 660 3834 est
685 3781 881 3836 homini
908 3792 962 3836 ut
990 3798 1110 3837 eum
1138 3783 1331 3837 veritas
1351 3783 1525 3838 vincat
1545 3783 1784 3836 invitum.
1811 3781 1944 3836 Nam

365 3871 478 3938 ipsa
507 3875 679 3925 vincat
711 3889 930 3928 necesse
955 3883 1056 3935 est,
1088 3875 1199 3929 sive
1237 3886 1514 3944 negantem
1545 3875 1654 3929 sive
1685 3874 1944 3928 contiten~

366 3970 493 4013 tem.
541 3961 614 4014 Da
643 3964 867 4026 veniam,
901 3965 942 4017 si
971 3965 1094 4032 quid
1125 3966 1340 4018 liberius
1365 3967 1493 4026 dixi,
1528 3982 1629 4018 non
1662 3965 1725 4018 ad
1755 3974 1943 4018 contu-

365 4051 574 4105 meliam
603 4061 765 4117 tuam,
796 4054 888 4107 sed
919 4053 982 4106 ad
1011 4054 1367 4108 defensionem
1400 4071 1592 4110 meam.
1627 4055 1941 4123 Prcesumpsi

363 4141 504 4194 enim
531 4141 599 4195 de
621 4142 876 4210 gravitate
897 4151 951 4198 et
987 4143 1262 4212 prudentia
1293 4153 1398 4208 tua,
1432 4145 1551 4212 quia
1599 4156 1747 4214 potes
1769 4145 1944 4198 consi-

361 4231 549 4286 derare
583 4242 830 4301 quantam
876 4235 1003 4288 mihi
1035 4235 1387 4304 respondendi
1435 4237 1800 4289 neceSsitatem
1845 4235 1945 4288 im-

362 4326 634 4392 posueris;
663 4335 751 4378 aut
773 4326 816 4379 si
856 4338 907 4379 et
933 4326 1032 4381 hoc
1060 4343 1162 4380 non
1193 4335 1336 4381 recte.
1367 4327 1485 4392 feci,
1527 4336 1582 4382 et
1609 4329 1728 4382 hinc
1762 4329 1827 4383 da
1854 4347 1917 4386 ve

361 4417 522 4471 niam.
544 4418 673 4472 IIuic
701 4421 975 4488 scriptum:
1001 4436 1029 4473 a
1062 4437 1144 4474 me
1171 4419 1376 4475 dictata:
1400 4431 1451 4474 et
1476 4421 1685 4478 reiectae
1712 4438 1810 4493 ego
1835 4423 1943 4478 Au-

359 4511 600 4576 gustinus
624 4511 934 4579 subscripsi.

748 4623 1068 4680 EPISTULA
1110 4624 1235 4680 CCX
1246 4625 1413 4680 XXIX
1453 4625 1550 4698 (a).

394 4732 702 4803 Augustinus
724 4732 1008 4800 Pusccutio,
1034 4737 1097 4790 de
1114 4737 1287 4792 eadem
1312 4753 1366 4792 re
1391 4755 1570 4810 urgens
1597 4748 1647 4793 ut
1673 4739 1904 4808 explanct

976 4830 1128 4898 [idem
1155 4847 1318 4884 suout.

430 4939 482 4998 1.
515 4939 570 4993 Si
605 4939 738 4994 dicis
767 4949 819 4994 te
847 4942 975 4995 mihi
1005 4942 1202 4998 dixisse
1233 4943 1390 4999 fidem
1419 4953 1562 4998 tuam
1585 4987 1600 5011 ,
1632 4953 1687 4999 et
1718 4959 1803 5000 me
1847 4945 1936 4999 tibi

358 5029 593 5085 noluisse
620 5030 800 5086 dicere
837 5031 992 5086 fidem
1029 5048 1200 5087 meam
1222 5075 1235 5096 ,
1267 5034 1406 5104 quod
1446 5045 1496 5091 te
1537 5037 1696 5090 audio
1727 5051 1830 5090 non
1862 5046 1940 5090 ta-

354 5133 510 5184 cere;
542 5121 844 5187 recordare,
875 5122 1118 5189 obsecro,
1143 5140 1297 5192 quam
1321 5133 1603 5194 utrumque
1631 5127 1700 5180 sit
1727 5125 1934 5180 falsum.

357 5207 489 5262 Nam
521 5225 617 5263 uec
658 5220 711 5263 tu
751 5210 879 5264 mihi
907 5211 1118 5266 voluisti
1156 5212 1332 5268 dicere
1363 5214 1518 5268 ﬁdem
1551 5226 1722 5278 tuam,
1761 5224 1816 5270 et
1839 5230 1937 5283 ego

356 5300 448 5354 tibi
481 5301 636 5356 tidem
661 5319 832 5358 meam
859 5320 962 5358 non
984 5304 1160 5376 dicere
1185 5305 1325 5359 nolui
1348 5322 1362 5370 ;
1390 5307 1480 5360 sed
1503 5308 1570 5361 ita
1592 5308 1770 5362 dicere
1797 5307 1936 5360 volui

356 5400 414 5444 ut
439 5407 595 5447 nemo
625 5403 805 5462 posset
839 5393 1036 5460 dicere,
1078 5403 1168 5447 aut
1203 5395 1400 5450 dixisse
1439 5413 1524 5452 me
1562 5399 1756 5468 aliquid
1795 5404 1933 5472 quod

355 5498 462 5542 non
505 5484 728 5540 dixerim
749 5525 765 5549 ,
795 5495 886 5540 aut
915 5502 1018 5541 non
1046 5487 1245 5542 dixisse
1270 5487 1410 5558 quod
1438 5489 1683 5546 dixerim.
1721 5491 1934 5550 Diceres

355 5584 533 5630 autem
557 5577 686 5631 mihi
718 5577 873 5632 [idem
899 5588 1064 5646 tuam,
1093 5579 1137 5633 si
1160 5579 1260 5634 hoc
1283 5579 1492 5636 diceres
1517 5583 1657 5640 unde
1684 5584 1932 5644 dissentis

416 5706 489 5770 (α)
514 5705 636 5757 Alias
663 5707 747 5758 I75
765 5722 776 5757 :
794 5722 902 5772 qua:
923 5716 1087 5762 autem
1107 5711 1199 5762 9.59
1222 5718 1343 5777 erat,
1367 5725 1493 5764 nunc
1515 5713 1592 5765 83.

1517 295 1987 355 EPISTOLARUM
2026 294 2296 354 CLASSIS
2331 299 2414 354 IV.

3502 311 3636 368 l050

2063 419 2092 459 a
2115 406 2299 474 nobis;
2322 408 2365 462 si
2387 409 2611 476 dioeres,
2633 409 2794 466 Credo
2819 399 2870 466 iu
2895 411 3058 468 Deum
3085 407 3310 484 Patrem,
3332 421 3415 490 qui
3441 419 3630 476 Filium

2062 497 2179 566 fecit
2207 501 2418 568 primunt
2456 512 2736 556 creaturam
2764 513 2878 558 ante
2913 522 3082 561 omnes
3111 518 3313 562 celeras
3340 521 3630 578 creaturas;

2061 598 2105 640 et
2134 589 2184 642 in
2212 589 2374 654 ipsum
2409 590 2630 658 Filium,
2663 611 2750 648 nec
2776 597 3016 666 (equa/ent
3057 597 3205 651 Patri
3223 640 3235 658 .
3269 616 3357 654 nec
3383 601 3627 660 similem.

2061 695 2150 731 nec
2182 695 2347 734 verum
2375 681 2573 750 Deum;
2601 699 2649 739 et
2676 687 2726 739 in
2767 686 3011 756 Spiritum
3040 702 3297 757 sanctum,
3330 697 3518 762 factum
3549 713 3636 765 per

2061 767 2253 822 Filium
2281 781 2390 840 post
2423 772 2610 827 Filium
2634 791 2652 828 :
2675 775 2789 829 haec
2817 779 2957 831 enim
2984 795 3076 832 vos
3105 781 3260 833 audio
3289 781 3486 838 dicere.
3529 788 3634 840 Aut

2060 859 2103 912 si
2132 861 2264 916 forte
2291 863 2475 917 falsum
2502 875 2582 919 est
2608 868 2745 935 quod
2774 869 2869 922 ista
2897 870 3100 936 dicatis,
3135 873 3234 926 hoc
3259 873 3430 941 potius
3455 875 3549 928 abs
3582 885 3633 930 te

2059 952 2181 1005 volo
2201 955 2356 1008 scire.
2385 956 2440 1010 Si
2471 967 2645 1012 autem
2668 975 2862 1050 ovorum
2884 957 2963 1016 'est
2993 962 3131 1032 quod
3172 964 3266 1016 ista
3293 963 3486 1027 dicitis,
3514 967 3634 1021 volo

2059 1043 2194 1096 scire
2221 1043 2762 1112 quemadmodum'ea
2795 1051 2860 1106 de
2899 1051 3185 1124 Seripturis
3228 1055 3422 1109 sanctis
3453 1055 3634 1110 defen-

2061 1131 2216 1186 datis.
2249 1134 2396 1190 Nune
2420 1146 2593 1190 autem
2621 1139 2794 1194 dixisti
2838 1142 3055 1196 credere
3083 1153 3131 1197 te
3156 1143 3207 1196 in
3239 1143 3397 1197 Deum
3425 1143 3629 1200 Patrem

2060 1226 2447 1294 oumipoteutent
2467 1271 2481 1294 ,
2518 1230 2839 1298 inuisibilem,
2870 1233 3218 1298 immortalem,
3251 1253 3349 1288 non
3377 1235 3438 1288 ab
3469 1236 3635 1306 aliquo

2057 1318 2298 1386 genitum,
2321 1329 2366 1372 et
2393 1337 2454 1373 ex
2471 1337 2565 1390 quo
2587 1332 2700 1375 sunt
2729 1325 2912 1377 omnia.
2941 1325 3005 1378 Et
3027 1328 3076 1379 in
3105 1325 3294 1380 Filium
3324 1329 3430 1398 ejus
3457 1327 3632 1380 Iesum

2060 1405 2332 1474 Christum,
2356 1408 2518 1463 Deum
2545 1423 2714 1464 uatuut
2739 1423 2852 1466 aute
2871 1417 3074 1479 swcula,
3095 1434 3181 1486 per
3200 1433 3339 1486 quem
3363 1422 3496 1488 facta
3519 1428 3632 1472 sunt

2058 1501 2246 1557 oumia.
2274 1501 2336 1554 Et
2364 1502 2413 1556 in
2437 1501 2684 1571 Spiritum
2709 1517 2954 1560 sanctum.
2981 1509 3102 1564 lltec
3125 1510 3255 1564 ﬁdes
3284 1527 3384 1564 non
3413 1520 3495 1566 est
3525 1521 3630 1578 tua,

2057 1589 2150 1643 sed
2180 1592 2449 1662 utriusque
2478 1604 2744 1660 nostrum;
2776 1599 3218 1666 quemadmodum
3251 1601 3292 1653 si
3320 1601 3634 1672 adjungercs

2055 1681 2192 1749 quod
2215 1684 2458 1739 eumdem
2486 1685 2672 1740 Filium
2695 1687 2784 1741 Dei
2807 1688 2983 1743 Jesum
3006 1689 3270 1745 Christum
3297 1692 3452 1745 etiam
3475 1693 3632 1748 Maria

2054 1771 2202 1841 virgo
2232 1775 2472 1843 peperit,
2503 1777 2643 1846 quod
2683 1781 2879 1848 pariter
2907 1779 3195 1844 credimus,
3228 1791 3282 1834 et
3310 1782 3354 1836 si
3398 1797 3500 1851 qua
3530 1782 3631 1840 alia

2055 1866 2407 1920 connnuuiter
2423 1869 2755 1922 conﬁtemur.
2778 1870 3101 1925 Sivoluisses
3115 1887 3240 1939 ergo
3264 1881 3404 1925 tuam
3428 1871 3629 1938 dicere,

2055 1968 2158 2007 nou
2192 1955 2344 2009 istam
2375 1957 2580 2012 diceres
2605 1975 2721 2028 qua:
2745 1962 3040 2015 communis
3063 1970 3145 2016 est
3166 1962 3337 2028 nobis,
3368 1961 3462 2016 sed
3487 1961 3630 2016 illam

2053 2045 2228 2112 potius
2255 2046 2306 2099 in
2334 2063 2433 2117 qua
2464 2049 2803 2104 dissentimus
2832 2067 2862 2106 a
2888 2053 3056 2107 vobis.

2123 2136 2179 2190 2.
2204 2136 2331 2192 Ηιιξε
2351 2147 2402 2193 et
2431 2155 2662 2208 prieseus
2687 2142 2939 2208 dicerem,
2973 2145 3018 2198 si
3049 2143 3492 2215 quemadmodum
3518 2143 3632 2214 pla-

2053 2235 2254 2290 cuerat,
2289 2228 2446 2282 verba
2489 2239 2666 2284 uestra
2694 2233 3086 2302 exciperentur.
3116 2233 3218 2288 Sed
3246 2236 3364 2302 quia
3395 2235 3494 2287 hoc
3533 2248 3632 2286 no-

2055 2315 2218 2383 luisti,
2247 2318 2431 2373 dicens
2457 2329 2510 2374 te
2540 2337 2570 2375 a
2601 2322 2752 2376 nobis
2791 2323 2978 2377 timere
3007 2324 3344 2388 calumniam,
3377 2333 3431 2378 ct
3459 2339 3486 2375 a
3516 2323 3632 2392 pla-

2053 2406 2158 2459 cito
2187 2408 2270 2461 cui
2292 2417 2447 2462 mane
2472 2425 2842 2478 consettscras,
2878 2422 2990 2481 post
3023 2414 3302 2482 prandium
3330 2413 3630 2479 recessisti;

2055 2498 2235 2565 utquid
2279 2499 2509 2555 dicerem
2554 2501 2715 2571 quod,
2745 2503 3187 2572 quemadmodum
3229 2505 3408 2570 velles,
3441 2520 3526 2559 me
3553 2504 3634 2560 di-

2052 2589 2196 2645 xisse
2218 2606 2488 2659 narrares,
2513 2602 2569 2648 et
2596 2609 2694 2664 ego
2722 2609 2826 2648 non
2858 2595 3104 2650 haberem
3136 2596 3273 2650 unde
3299 2597 3632 2652 ostenderem

2053 2680 2179 2750 quid
2221 2683 2302 2736 vel
2332 2684 2777 2752 quemadmodum
2823 2686 3088 2741 dixerim?
3112 2685 3230 2740 Noli
3260 2702 3386 2757 ergo
3419 2688 3634 2742 ulterius

2047 2770 2252 2841 jactare
2284 2775 2423 2843 quod
2453 2783 2506 2828 tu
2536 2775 2691 2828 tidem
2718 2783 2858 2829 tuam
2885 2777 3103 2842 dixeris,
3131 2786 3184 2830 et
3207 2792 3306 2847 ego
3329 2792 3500 2831 meant
3528 2793 3633 2832 non

2053 2861 2276 2918 dixerim
2302 2881 2315 2928 ;
2357 2865 2478 2934 quia
2508 2876 2630 2920 sunt
2661 2867 2902 2921 homines
2931 2868 3017 2937 qui
3048 2867 3383 2923 considerent
3421 2885 3505 2922 me
3534 2884 3634 2940 po-

2055 2954 2159 3008 tius
2189 2954 2435 3012 habuisse
2473 2956 2718 3012 ﬁduciam
2749 2958 2868 3014 ﬁdei
2912 2971 3062 3025 orem,
3092 2962 3180 3030 qui
3211 2976 3327 3015 eam
3357 2961 3514 3016 scribi
3542 2977 3635 3016 vo-

2029 3037 2274 3109 luerim;
2300 3055 2352 3102 te
2373 3059 2548 3102 autem
2578 3066 2682 3103 non
2713 3050 2980 3117 habuisse,
3002 3051 3126 3106 dum
3149 3053 3295 3123 quasi
3316 3051 3634 3108 calumniam

2053 3136 2406 3204 pertimescis.
2438 3138 2657 3192 Paratus
2695 3156 2820 3210 ergo
2847 3155 2965 3194 eras
2993 3157 3207 3212 negare,
3238 3142 3279 3195 si
3323 3142 3412 3196 tibi
3441 3142 3636 3212 objice-

2053 3237 2198 3281 retur
2227 3229 2366 3299 quod
2406 3240 2587 3284 contra
2621 3231 2777 3285 tidem
2809 3249 2979 3288 meam
3023 3234 3216 3306 aliquid
3254 3234 3472 3290 dixeris.
3503 3235 3636 3291 Vide

2051 3331 2180 3387 ergo
2205 3319 2329 3388 quid
2352 3320 2418 3375 de
2449 3331 2499 3376 te
2527 3323 2637 3390 ipse
2667 3325 2851 3378 sentiri
2883 3324 3093 3380 feceris.
3122 3325 3272 3394 Quod
3299 3327 3341 3381 si
3371 3326 3635 3397 objectum

2051 3422 2160 3462 nan
2192 3426 2313 3464 eras
2340 3424 2658 3482 negaturus,
2687 3429 2784 3467 cur
2818 3415 3014 3470 dietum
3043 3417 3200 3470 scribi
3229 3417 3473 3479 noluisti;
3501 3432 3635 3487 pur-

2050 3501 2232 3553 sertim
2265 3517 2382 3554 cum
2415 3519 2733 3578 magnopere
2776 3505 3034 3561 Voluisses
3063 3507 3220 3561 etiam
3248 3507 3534 3561 honoratos
3561 3508 3636 3562 vi.

2053 3604 2142 3644 ros
2165 3601 2346 3644 nostro
2376 3593 2634 3648 interesse
2657 3596 2922 3649 sermoni?
2947 3596 3054 3651 Cur
3083 3611 3209 3666 ergo
3235 3598 3416 3651 volens
3440 3599 3637 3652 calum-

2050 3680 2194 3742 niam
2225 3682 2482 3749 devitarc,
2517 3686 2844 3740 notariorum
2875 3689 3053 3741 stilum
3095 3689 3314 3743 timebas
3335 3731 3348 3754 ,
3378 3697 3432 3745 et
3454 3689 3638 3752 claris-

2049 3773 2307 3828 simorum
2339 3775 2571 3836 virorum
2602 3780 2957 3834 testimonium
2980 3796 3082 3835 non
3117 3781 3374 3837 timebas?

2121 3865 2174 3918 5.
2198 3865 2252 3919 Si
2275 3876 2450 3921 autem
2477 3869 2554 3922 sic
2579 3869 2657 3922 vis
2678 3879 2732 3926 ut
2753 3872 2909 3924 etiam
2935 3887 3032 3940 ego
3051 3871 3221 3926 dicam
3250 3872 3407 3926 tidem
3438 3889 3632 3937 meam,

2050 3955 2318 4023 quomodo
2363 3963 2417 4009 te
2459 3957 2592 4010 dicis
2635 3958 2836 4014 dixisse
2881 3970 3040 4026 tuam,
3083 3977 3182 4031 ego
3224 3964 3379 4015 etiam
3424 3961 3635 4017 brevius

2048 4059 2262 4114 possum
2295 4047 2492 4114 dicere,
2515 4049 2732 4103 credere
2756 4066 2839 4104 me
2864 4052 2913 4103 in
2947 4051 3150 4104 Patrem
3171 4063 3221 4105 et
3241 4052 3430 4106 Filium
3449 4061 3496 4106 ct
3516 4054 3634 4123 Spi-

2046 4136 2207 4189 ritum
2227 4148 2486 4191 sanctum.
2503 4138 2558 4192 Si
2579 4148 2753 4194 autem
2775 4142 3042 4209 proprium
3061 4142 3253 4210 aliquid
3274 4142 3410 4198 unde
3426 4143 3634 4197 dissen-

2049 4227 2114 4279 tis
2143 4241 2172 4278 a
2201 4242 2306 4289 me,
2331 4230 2408 4281 vis
2435 4228 2820 4283 audirczcredo
2849 4231 2898 4283 iu
2924 4231 3131 4285 Patrem
3157 4241 3210 4286 et
3230 4232 3484 4287 Filiuntct
3510 4233 3631 4304 Spi-

2045 4316 2204 4369 ritum
2231 4329 2491 4382 sauctum,
2513 4334 2606 4373 nec
2621 4319 2810 4373 Filium
2839 4321 3020 4375 dicens
3041 4322 3271 4387 Patrem,
3296 4340 3392 4378 nec
3418 4325 3627 4380 Patrem

2045 4405 2259 4473 Filium,
2283 4423 2378 4461 nec
2401 4409 2669 4478 utriusque
2686 4409 2937 4479 Spiritum
2960 4422 3198 4466 sanetum
3221 4414 3299 4467 vel
3318 4414 3526 4470 Patrem
3548 4417 3629 4471 vel

2047 4495 2261 4562 Filium;
2277 4508 2506 4553 ettamen
2525 4500 2730 4556 Patrem
2749 4502 2991 4568 Deum,et
3010 4503 3197 4558 Filium
3218 4505 3632 4576 Deum,etSpiri-

2046 4597 2153 4641 tum
2189 4598 2428 4644 sanctum
2469 4591 2666 4657 Deum,
2700 4594 2868 4646 solum
2905 4603 3158 4648 :rternum
3191 4606 3240 4650 et
3279 4597 3626 4654 immortalem

2043 4683 2254 4750 propria
2285 4697 2376 4736 sua
2409 4683 2726 4744 substantia.
2755 4687 2887 4740 sicut
2911 4688 3048 4742 Deus
3072 4689 3216 4743 solus
3243 4700 3294 4744 et
3322 4699 3552 4746 a-teruus
3577 4703 3630 4747 et

2043 4771 2355 4828 immortalis
2383 4784 2482 4839 est,
2507 4792 2568 4828 ea
2594 4775 2866 4832 divinitate
2886 4795 3003 4850 qua:
3028 4789 3108 4835 est
3135 4788 3257 4835 ante
3279 4783 3491 4836 sarcula.
3518 4783 3628 4839 lloc

2043 4865 2087 4919 si
2114 4865 2204 4920 tibi
2235 4867 2498 4934 displicet,
2523 4877 2574 4922 et
2603 4869 2773 4938 placet
2802 4888 2829 4924 a
2859 4889 2942 4926 me
2971 4874 3154 4928 audire
3184 4875 3622 4944 quemadmodum

2043 4954 2110 5008 de
2135 4955 2422 5026 Seripturis
2457 4960 2653 5016 sanctis
2679 4972 2969 5023 asseratur,
3001 4963 3114 5032 lege
3142 4966 3299 5018 etiam
3329 4965 3454 5020 illud
3481 4967 3621 5036 quod

2042 5046 2301 5116 prolixius
2326 5049 2682 5118 conscriptum
2710 5051 2827 5105 misi
2867 5052 3178 5122 Benignitati
3209 5065 3328 5108 tu:e.
3358 5055 3414 5110 Si
3445 5070 3620 5112 autem

2044 5136 2172 5190 illud
2219 5138 2311 5191 tibi
2359 5154 2462 5192 non
2511 5148 2663 5194 vacat
2704 5140 2919 5209 legere,
2952 5159 3049 5198 nec
3085 5144 3210 5198 mihi
3239 5155 3390 5201 vacat
3430 5148 3621 5204 frustra

2043 5225 2200 5279 verba
2221 5226 2442 5296 jactare.
2471 5227 2688 5283 Possum
2721 5240 2916 5297 tamen,
2948 5243 3200 5302 quantum
3247 5237 3498 5293 Dominus
3524 5237 3620 5294 dc-

2042 5316 2180 5371 derit
2221 5316 2518 5385 facultatis,
2561 5321 2648 5375 vel
2691 5322 2911 5376 dictanti
2958 5324 3049 5377 tibi
3109 5324 3194 5379 vel
3235 5326 3484 5382 scribenti
3523 5345 3623 5396 ego

2043 5424 2252 5477 quoque
2295 5410 2378 5463 vel
2407 5411 2657 5466 dictando
2693 5413 2775 5467 vel
2804 5415 3084 5472 scribendo
3110 5416 3174 5470 ad
3211 5417 3350 5488 quod
3391 5419 3622 5475 volueris

2042 5499 2384 5568 respondere.
2417 5501 2550 5557 IIuic
2587 5503 2866 5572 scriptura:
2898 5521 2928 5560 a
2959 5522 3043 5563 me
3079 5506 3289 5564 dictatte
3316 5518 3371 5566 et
3411 5513 3619 5569 retectis-

2039 5607 2137 5664 ego
2161 5593 2486 5665 Augustinus
2513 5595 2820 5667 subscripsi.
