4070 6332
501 292 628 347 1051

501 363 503 365 ’
941 397 1268 454 Εριετοιηλ
1306 394 1482 452 CCXL
1526 393 1623 465 (a).

505 485 813 546 Puscentius'
830 490 1157 562 Augustinum
1183 487 1539 540 contumeliose
1565 484 1851 555 compellat,
1883 499 2069 554 urgens

569 593 622 635 ut
653 582 872 652 proferat
909 583 990 649 qui
1029 596 1080 632 se
1104 578 1259 631 tribus
1283 577 1507 648 personis
1543 577 1608 630 sit
1638 592 1768 630 unus
1793 575 1948 642 Deus,
2001 575 2069 628 ad

569 675 857 742 conflictum
882 671 972 725 sub
993 671 1189 723 arbitris
1211 686 1504 738 provocans.

572 763 867 834 Optaverunt
899 776 962 826 te,
1005 761 1161 830 frater
1186 759 1529 826 dilectissime,
1561 757 1758 830 pristini
1782 757 1965 811 erroris
1993 758 2068 811 tui

495 856 760 908 consilium
776 854 1059 922 deponere;
1081 869 1211 905 nunc
1230 852 1386 905 miror
1409 846 1454 906 te
1474 852 1523 905 in
1550 851 1660 922 ipso
1680 850 1846 902 adhuc
1865 865 2064 919 perma-

495 961 629 1011 nere,
682 945 810 998 sicut
852 942 1061 1013 epistola
1089 959 1239 1009 quam
1264 943 1331 994 ad
1359 957 1436 994 me
1462 941 1672 1006 misisti,
1698 939 1902 993 clamat.
1930 939 2068 993 Nam

493 1035 563 1087 ita
591 1043 662 1087 est
693 1033 925 1103 Dignatio
952 1042 1056 1097 tua,
1084 1033 1213 1087 sicut
1236 1032 1410 1087 sitiens
1429 1031 1582 1084 nimio
1616 1030 1784 1084 calore
1805 1046 2064 1092 accensus,

493 1125 538 1177 si
563 1125 800 1177 invenerit
839 1141 1022 1192 aquam
1049 1140 1298 1177 ccenosam
1323 1131 1370 1176 et
1397 1139 1450 1176 se
1491 1122 1610 1175 inde
1650 1121 2066 1193 ingurgitaverit;

492 1225 683 1284 postea,
717 1217 910 1269 etiamsi
939 1216 1201 1287 limpidam
1240 1225 1287 1269 et
1317 1215 1556 1286 frigidam
1584 1215 1835 1285 reperiens
1870 1213 2063 1278 biberit,

490 1322 591 1358 non
620 1307 740 1360 satis
770 1307 1014 1377 proficere
1055 1314 1234 1377 potest,
1283 1305 1683 1374 quandoquidem
1730 1321 1868 1358 cazno
1915 1303 2068 1358 semel

488 1399 596 1467 ejus
622 1414 708 1450 cor
740 1406 784 1451 et
813 1399 980 1450 anima
1009 1399 1251 1451 obruitur.
1294 1395 1532 1467 Denique,
1565 1395 1701 1465 quod
1727 1412 1849 1465 pace
1873 1405 1959 1448 tua
1979 1397 2064 1448 di-

487 1504 621 1551 cam,
653 1487 724 1541 ita
753 1498 824 1540 est
850 1487 1115 1542 consilium
1141 1486 1462 1541 Praestantiae
1487 1498 1606 1552 tum,
1634 1487 1760 1539 sicut
1784 1485 1934 1538 arbor
1953 1501 2069 1538 cur-

487 1595 550 1632 va
575 1587 621 1631 et
642 1579 852 1644 nodosa,
875 1597 987 1649 qute
1005 1581 1133 1633 nihil
1154 1581 1205 1633 in
1232 1596 1284 1632 se
1303 1589 1490 1633 rectum
1508 1578 1675 1645 habet,
1694 1587 1741 1632 et
1767 1579 1923 1631 aciein
1946 1595 2064 1648 per-

487 1669 633 1721 vertit
677 1670 954 1722 oculorum.
985 1668 1230 1724 Reseribit
1284 1669 1404 1722 mihi
1433 1666 1690 1722 Sanctitas
1733 1677 1820 1721 tua
1863 1666 2066 1721 Patrem

485 1757 678 1823 Deum,
713 1756 905 1812 Filium
957 1758 1139 1823 Deum,
1173 1759 1421 1829 Spiritum
1459 1767 1686 1812 sanctum
1738 1757 1920 1825 Deum,
1971 1757 2059 1811 sed

487 1865 643 1902 unum
680 1849 862 1904 Deum.
879 1849 1002 1914 Quis
1022 1868 1048 1904 e
1067 1850 1222 1904 tribus
1250 1867 1379 1904 unus
1410 1849 1545 1902 Deus
1567 1849 1592 1902 ?
1615 1865 1680 1901 an
1711 1852 1840 1918 forte
1861 1857 1932 1901 est
1961 1863 2062 1902 una

487 1955 701 2010 persona
729 1940 991 2008 triformis,
1020 1957 1132 2011 qua:
1160 1942 1255 1994 hoc
1306 1941 1507 1993 nomine
1531 1941 1881 2010 nuncupetur?
1904 1937 1984 1994 Tu
2021 1940 2068 1993 si

487 2030 728 2085 voluisses
753 2039 798 2084 et
817 2031 1094 2099 confideres
1122 2033 1184 2085 de
1204 2031 1514 2102 professione
1539 2040 1642 2094 tua,
1686 2031 1932 2084 resideres
1958 2046 2064 2082 me-

489 2139 601 2176 cum
618 2140 730 2176 cum
750 2123 1055 2193 coepisc0pis
1085 2123 1184 2176 tuis
1213 2139 1338 2194 puro
1363 2139 1422 2175 ac
1445 2122 1656 2192 paciﬁca
1684 2122 1853 2174 animo
1893 2130 1939 2173 et
1962 2120 2068 2190 spi-

486 2215 609 2279 ritu,
633 2225 679 2268 et
707 2219 960 2286 conferres
981 2215 1043 2268 de
1068 2216 1132 2269 iis
1147 2231 1258 2285 qua:
1269 2223 1383 2268 sunt
1413 2212 1528 2277 Dei,
1559 2222 1604 2267 et
1627 2229 1739 2284 quae
1761 2213 1829 2266 ad
1853 2213 2068 2284 gloriam

486 2315 535 2360 et
559 2309 773 2378 gratiam
818 2307 1130 2378 spiritualem
1170 2307 1434 2376 pertinent.
1489 2303 1657 2372 Unde,
1700 2305 1822 2377 quid
1841 2322 1966 2377 opus
1989 2314 2060 2360 est

485 2396 696 2451 scribere
713 2407 759 2451 et
786 2397 1050 2452 rescribere
1070 2399 1202 2466 quod
1223 2413 1313 2450 nos
1334 2414 1434 2450 non
1459 2396 1715 2464 ludiﬁcat?

935 2487 1258 2544 EPISTULA
1291 2487 1492 2542 CCXLI

489 2582 798 2655 Augustinus
834 2581 994 2636 Deum
1040 2597 1196 2635 unum
1238 2582 1521 2650 profitetur,
1569 2579 1845 2649 triformem
1883 2589 2063 2649 negat,

559 2672 849 2741 conflictum
897 2687 996 2725 non
1045 2672 1319 2738 detrectat,
1373 2670 1415 2725 si
1467 2669 1782 2739 excipiantur
1825 2685 1940 2740 quae
1983 2669 2066 2722 di-

561 2773 762 2816 cuntur.

561 2854 612 2906 1.
654 2851 866 2908 Littera:
913 2863 1016 2908 tuae
1045 2867 1144 2908 nec
1169 2851 1235 2906 ad
1267 2849 1530 2906 reddenda
1559 2849 1794 2905 emivicia
1836 2864 1922 2904 me
1949 2864 2070 2918 pro.

494 2961 700 3014 vocare,
741 2961 839 3000 nec
868 2961 899 2999 a
930 2944 1215 3000 reddendis
1260 2943 1454 2998 litteris
1483 2957 1736 2998 revocare
1763 2950 2064 3012 potuerunt.

489 3037 563 3092 Ea
583 3037 777 3108 quippe
800 3051 917 3106 qua:
939 3035 1219 3106 scripsisti,
1239 3033 1725 3098 moverentme,sia
1739 3032 1956 3087 veritate
1975 3031 2067 3086 Dei

490 3142 596 3181 non
625 3142 654 3180 a
686 3137 946 3198 potestate
974 3125 1206 3180 hominis
1240 3124 1565 3180 dicerentur.
1592 3123 1778 3178 Dixisti
1805 3123 2069 3177 consilium

490 3235 654 3273 meum
681 3219 906 3273 arborem
931 3235 1132 3272 curvam
1159 3226 1206 3271 et
1229 3217 1502 3283 nodosam,
1528 3232 1640 3288 quae
1670 3216 1798 3270 nihil
1824 3217 1876 3269 in
1905 3232 1959 3270 se
1985 3232 2069 3271 re-

488 3321 622 3366 ctum
649 3311 812 3375 habet,
831 3321 879 3364 et
901 3312 1058 3364 aciem
1091 3311 1320 3380 pervertit
1341 3307 1619 3363 oculorum.
1643 3308 1779 3376 Quid
1808 3309 1858 3362 in
1881 3323 1966 3362 me
1985 3307 2068 3362 di-
2137 3347 2140 3350 .

491 3417 662 3464 ceres,
686 3402 729 3456 si
747 3418 774 3454 a
791 3402 980 3472 placito
995 3401 1135 3471 quod
1154 3400 1293 3454 inter
1305 3415 1402 3454 nos
1414 3415 1569 3454 mane
1583 3407 1957 3460 statueramus.
1971 3413 2064 3468 ego

491 3491 852 3557 recessissem,
879 3500 932 3545 et
957 3491 1008 3545 in
1033 3506 1091 3546 re
1103 3490 1347 3545 facillima
1363 3505 1482 3560 quae
1495 3499 1636 3544 recte
1648 3491 1936 3560 placuerat,
1953 3505 2068 3550 cur-

494 3599 612 3636 vam
639 3583 1041 3652 refragationem
1066 3591 1120 3637 et
1163 3582 1331 3638 nodos
1373 3581 1699 3636 difficultatis
1738 3579 2070 3649 posuissem?

492 3671 673 3743 Neque
704 3674 846 3727 enim
875 3688 1007 3742 aqua
1035 3688 1248 3728 comosa
1276 3672 1650 3746 ingurgitatum
1677 3685 1763 3725 me
1780 3669 2068 3740 judicares,

493 3763 588 3816 sed
643 3762 899 3832 perfidiae,
947 3763 1090 3833 quod
1137 3764 1304 3818 multo
1331 3761 1480 3831 pejus
1508 3771 1610 3825 est,
1642 3760 1898 3816 ebrietate
1942 3759 2070 3814 sub-

492 3870 747 3920 mersum,
771 3854 815 3909 si
849 3871 952 3908 non
982 3857 1099 3910 talis
1126 3864 1244 3926 post
1259 3854 1533 3924 prandium
1565 3853 1864 3920 rediissem,
1895 3852 2072 3922 qualis

494 3952 618 3998 ante
659 3945 936 4013 prandium
984 3945 1346 3999 recessissem.
1379 3943 1483 3999 Sed
1511 3958 1637 3999 ecce
1677 3942 1932 4013 numquid
1964 3934 2096 3998 non.

495 4036 810 4114 rescripsisti
833 4037 971 4107 quod
995 4037 1225 4102 voluisti,
1244 4046 1298 4091 et
1327 4036 1520 4088 nullam
1539 4035 1856 4089 calumniam
1887 4033 2072 4088 formi-

495 4129 665 4183 dasti?
695 4128 780 4184 Sic
808 4144 934 4199 ergo
955 4138 1106 4197 potes
1131 4137 1184 4182 et
1211 4137 1422 4192 czetera,
1467 4134 1526 4180 ut
1567 4128 1637 4182 sit
1681 4127 1820 4196 quod
1845 4126 1927 4182 vel
1974 4142 2073 4182 nos

496 4219 618 4290 ipsi,
660 4221 745 4275 vel
788 4221 878 4275 alii
924 4221 1128 4290 possint
1169 4220 1509 4275 considerare
1537 4228 1592 4275 et
1629 4220 1886 4289 judicare.
1917 4218 2071 4286 Quod

497 4310 640 4366 enim
671 4311 804 4365 dicis
834 4311 1126 4365 triformem
1158 4310 1250 4366 Dei
1287 4325 1567 4381 personam
1607 4325 1693 4364 me
1735 4308 1987 4374 credere,
2030 4308 2075 4364 si

499 4403 676 4470 legere
700 4400 942 4470 dignatus
972 4400 1162 4456 fuisses
1189 4401 1330 4471 quod
1355 4400 1496 4455 aliud
1523 4400 1790 4470 aliquanto
1822 4400 2076 4469 prolixius

500 4492 712 4558 tnisi,et
737 4492 801 4546 ad
829 4508 892 4548 ea
919 4509 1036 4563 quae
1061 4493 1130 4546 ibi
1161 4493 1354 4562 scripta
1381 4500 1504 4546 sunt
1527 4490 1848 4562 respondere
1873 4490 2076 4545 voluis-

502 4598 621 4648 ses;
645 4581 746 4635 boc
768 4581 992 4638 fortasse
1019 4599 1122 4638 non
1149 4583 1372 4640 diceres.
1404 4583 1508 4638 Sed
1537 4592 1713 4638 tamen
1741 4599 1866 4639 cccc
1890 4592 1943 4638 et
1975 4583 2078 4638 hoc

503 4675 674 4742 ipsum
705 4674 847 4744 quod
875 4673 1166 4729 triformem
1199 4675 1288 4729 Dei
1307 4691 1583 4743 personam
1612 4675 1804 4740 dicam,
1831 4683 1886 4732 et
1907 4675 2076 4730 dicta-

501 4765 590 4831 sti,
641 4773 696 4819 et
724 4765 1080 4834 conscriptum
1109 4766 1318 4830 misisti,
1343 4774 1397 4821 et
1415 4767 1609 4820 nullam
1643 4766 1959 4822 calumniam
2009 4765 2080 4820 ti~

504 4855 684 4910 muisti
716 4873 729 4909 :
757 4870 882 4911 ecce
905 4856 1181 4911 ostendisti
1224 4839 1408 4911 verum
1447 4855 1728 4926 essequod
1777 4855 1918 4922 dico,
1970 4871 2075 4910 non

505 4947 625 5002 ideo
648 4957 719 5012 te,
747 4949 882 5004 sicut
901 4949 1168 5019 placuerat
1186 4963 1308 5003 cum
1329 4948 1482 5002 simul
1515 4963 1774 5015 essemus,
1800 4946 1960 5003 verba
1990 4955 2076 5000 tua

505 5036 708 5094 dictare
724 5039 978 5105 noluisse,
999 5039 1123 5109 quia
1137 5037 1452 5094 calumniam
1469 5037 1712 5103 timebas,
1742 5037 1834 5108 sed
1865 5037 1984 5106 quia
2011 5037 2080 5092 de

503 5131 722 5186 veritate
735 5147 840 5186 non
856 5131 1178 5187 confidebas.
1209 5131 1363 5186 Modo
1386 5132 1510 5202 quia
1534 5131 1644 5201 jam
1669 5131 1760 5186 tibi
1782 5130 1975 5201 placuit
1994 5129 2077 5184 di-

499 5234 647 5278 ctare
670 5238 734 5277 an
758 5222 1047 5278 triformem
1071 5223 1160 5278 Dei
1185 5219 1470 5293 personam
1498 5224 1747 5288 credam;
1777 5221 2080 5290 respondeo

503 5330 590 5370 me
618 5330 722 5370 non
757 5315 825 5370 ita
854 5314 1073 5370 credere
1103 5332 1116 5366 :
1146 5330 1247 5369 una
1274 5314 1468 5386 quippe
1497 5315 1663 5370 forma
1687 5323 1786 5378 est,
1805 5312 1924 5384 quia
1951 5327 2075 5377 una,

504 5406 647 5461 utita
672 5404 864 5469 dicam,
891 5401 1082 5472 deitas,
1111 5414 1164 5460 et
1191 5405 1309 5461 ideo
1336 5422 1468 5461 unus
1487 5407 1624 5462 Deus
1653 5406 1810 5461 Pater
1836 5414 1888 5461 et
1919 5403 2080 5458 Filius

503 5508 552 5552 et
576 5496 802 5566 Spiritus
831 5503 1066 5551 sanctus.

567 5627 642 5751 (ag
662 5627 787 5677 Alias
806 5626 920 5676 I76:
938 5639 1048 5690 quae
1065 5634 1230 5677 autem
1251 5625 1343 5676 240
1366 5633 1486 5684 erat,
1513 5637 1638 5674 nunc
1650 5625 1728 5672 63.

568 5687 618 5750 (ὁ
665 5690 784 5738 Alias
811 5690 893 5738 177
919 5703 1058 5751 :qlue
1080 5698 1243 5738 autem
1267 5688 1348 5736 ‘2“
1379 5695 1499 5750 erat,
1520 5700 1643 5736 nunc
1665 5686 1725 5734 (Β

568 5686 640 5751 (b)
665 5690 784 5738 Alias
811 5690 893 5738 177
919 5704 928 5739 :
949 5686 1058 5753 quae
1080 5698 1243 5738 autem
1267 5688 1348 5736 ‘2“
1379 5695 1499 5750 erat,
1520 5700 1643 5736 nunc
1665 5686 1738 5734 (Β.

1722 283 1778 338 S.
1821 235 2183 338 ADCL‘STINI
2221 280 2521 339 EPISCOP]

3613 292 3637 346 1
3648 289 3752 348 0'52

2242 393 2296 448 2.
2337 394 2417 449 Tu
2460 403 2656 462 autem,
2695 404 2840 468 peto,
2872 369 3104 467 dig'neris
3143 397 3373 455 breviter
3415 399 3749 472 respondere

2169 484 2434 554 quomodo
2469 486 2696 555 accipias
2748 487 2887 556 quod
2921 489 2997 542 ait
3043 489 3347 560 Apostolus,
3377 491 3474 557 Qui
3518 492 3747 549 adita-ret

2171 573 2440 640 meretrici,
2459 591 2613 628 unum
2640 592 2821 646 corpus
2835 585 2907 630 est
2923 594 2941 642 ;
2957 577 3042 648 qui
3069 588 3234 633 autem
3261 581 3482 634 adhaeret
3501 579 3744 646 Domino,

2169 679 2299 717 unus
2322 664 2526 740 spiritus
2542 675 2616 719 est
2641 665 2683 736 (Ι
2709 666 2827 721 Cor.
2849 683 2925 734 γι,
2944 669 3034 736 16,
3063 667 3171 743 17).
3192 669 3397 726 Diversi
3415 671 3558 726 enim
3585 689 3744 728 sexus

2170 767 2392 842 coqpora
2412 755 2515 810 sibi
2552 755 2895 824 adhaerentia,
2928 775 3090 813 unum
3115 774 3306 830 corpus
3335 761 3487 816 dixit.
3519 763 3734 818 Etcum

2169 845 2386 914 spiritus
2415 846 2675 904 humanus
2702 850 2849 905 nullo
2891 851 3051 906 modo
3077 853 3245 923 possit
3285 853 3484 920 dicere,
3535 856 3650 926 Ego
3684 865 3741 912 et

2169 936 2422 992 Dominus
2448 955 2608 994 unum
2629 956 2841 1009 sumus;
2870 951 3047 999 tamen
3075 959 3196 998 cum
3224 945 3460 1002 adbteret
3489 947 3738 1016 Domino,

2172 1042 2306 1081 unus
2331 1030 2546 1100 Spiritus
2573 1041 2654 1086 est
2679 1049 2693 1084 :
2726 1042 2924 1104 quanto
2957 1035 3122 1104 magis
3139 1034 3229 1091 ille
3255 1037 3343 1108 qui
3358 1038 3635 1094 verissime
3653 1037 3740 1094 di-

2173 1118 2268 1182 xit,
2300 1117 2411 1189 Ego
2429 1129 2475 1174 et
2502 1119 2659 1176 Pater
2682 1139 2835 1176 unum
2855 1140 3026 1178 sumus
3051 1122 3225 1197 (Joan.
3246 1141 3303 1191 ι,
3319 1126 3430 1195 50),
3456 1127 3578 1197 quia
3599 1127 3744 1183 insc-

2169 1209 2474 1278 parabiliter
2487 1212 2624 1266 Patri
2646 1212 2896 1282 colueret,
2921 1215 3032 1284 ipse
3053 1224 3102 1270 el
3129 1215 3286 1270 Pater
3307 1233 3440 1271 unus
3458 1217 3599 1273 Deus
3627 1220 3745 1273 est?

2171 1298 2226 1354 Si
2250 1309 2420 1355 tamen
2451 1301 2532 1356 vel
2562 1301 2661 1357 hoc
2684 1303 2902 1358 verbum
2928 1303 3219 1358 admittitur
3245 1305 3294 1359 in
3324 1305 3415 1360 illa
3440 1305 3738 1372 divinitate,

2169 1399 2229 1446 nt
2257 1391 2492 1447 dicamus
2512 1437 2528 1462 ,
2559 1395 2802 1462 cohazret,
2835 1397 2973 1466 quod
3008 1413 3270 1467 nunquam
3308 1399 3523 1454 omnino
3540 1399 3622 1453 vel
3650 1399 3748 1454 fuit

2169 1481 2254 1536 vel
2277 1496 2396 1537 esse
2430 1485 2620 1552 poterit
2651 1485 2756 1540 ulla
2782 1486 3027 1540 distantia
3054 1496 3376 1557 separatum.
3416 1488 3496 1542 Ad
3537 1491 3637 1544 hoc
3660 1505 3745 1546 re-

2169 1572 2389 1640 sponde,
2432 1583 2606 1628 utrum
2638 1576 2730 1630 tibi
2757 1576 2957 1644 placeat
3009 1576 3286 1633 biformem
3339 1579 3584 1647 spiritum
3615 1579 3746 1645 diei,

2168 1662 2379 1732 quando
2398 1665 2486 1733 qui
2508 1664 2740 1720 adbzcret
2764 1667 3006 1734 Domino,
3028 1684 3164 1724 unus
3201 1669 3416 1738 spiritus
3459 1679 3561 1726 est.
3591 1672 3744 1738 Quod

2169 1753 2213 1806 si
2238 1752 2329 1807 tibi
2361 1769 2465 1808 non
2499 1756 2686 1824 placet,
2714 1771 2813 1812 nec
2841 1773 2938 1827 ego
2967 1757 3258 1813 triformem
3287 1759 3452 1814 Deum
3504 1761 3614 1814 dixi
3645 1761 3746 1816 Pa-

2169 1851 2302 1897 trem
2324 1853 2378 1898 et
2406 1845 2594 1900 Filium
2621 1856 2672 1902 et
2687 1845 2937 1916 Spiritum
2968 1859 3229 1917 sanctum,
3249 1851 3340 1905 sed
3370 1867 3532 1906 unum
3552 1852 3742 1909 Deum.

2169 1934 2223 1988 Si
2251 1944 2424 1989 autem
2471 1936 2523 1990 in
2569 1939 2844 2006 prmsentia
2885 1940 2963 1994 vis
3002 1949 3061 1994 ut
3088 1941 3468 2012 colloquamur,
3514 1944 3744 2012 gratiam

2169 2028 2378 2096 quidem
2418 2029 2588 2085 habeo
2637 2029 2922 2100 dignationi
2969 2041 3023 2087 et
3053 2033 3439 2089 benevolentiae
3479 2043 3604 2088 tute.
3640 2035 3746 2091 Sed

2169 2120 2305 2174 sicut
2327 2120 2435 2190 jam
2462 2121 2587 2174 mihi
2616 2122 2754 2176 aliud
2777 2122 2914 2192 quod
2940 2123 3151 2177 voluisti
3179 2125 3474 2180 rescribere
3496 2124 3747 2195 dignatus

2169 2229 2260 2281 es;
2288 2215 2356 2270 ita
2383 2216 2600 2286 dignare
2628 2217 2919 2273 rescribere
2936 2217 3224 2272 dictaturas
3251 2233 3345 2273 nos
3377 2233 3495 2273 esse
3523 2235 3646 2288 qua:
3667 2219 3750 2272 di-

2169 2309 2302 2362 cturi
2333 2323 2536 2372 sumus,
2561 2317 2614 2362 et
2634 2324 2735 2362 non
2758 2308 2918 2364 deero
2947 2309 3201 2364 voluntati
3229 2319 3350 2374 tua),
3382 2322 3638 2380 quantum
3659 2327 3748 2366 me

2167 2398 2430 2467 adjuverit
2459 2400 2730 2453 Dominus.
2763 2399 2892 2453 Nam
2939 2400 2982 2454 si
3008 2400 3182 2454 scribis
3209 2409 3256 2453 et
3289 2401 3452 2454 scribo
3478 2415 3583 2455 non
3634 2415 3738 2456 nos

2170 2488 2426 2554 aedificat;
2456 2489 2720 2560 quomodo
2745 2505 2843 2544 nos
2867 2490 3090 2546 tediﬁcat
3123 2492 3248 2544 dicis
3276 2500 3320 2546 et
3348 2493 3480 2557 dico,
3509 2493 3600 2546 ubi
3626 2502 3750 2562 post

2169 2579 2451 2633 verborum
2499 2581 2774 2650 strepitum
2821 2597 2923 2635 non
2969 2582 3298 2638 inveniamus
3335 2583 3473 2653 quod
3517 2583 3748 2653 legendo

2170 2671 2573 2726 recenseamus?
2599 2672 2906 2729 Auaustinus
2933 2673 3038 2728 hac
3064 2673 3245 2728 dictavi
3264 2716 3280 2740 ,
3308 2683 3352 2728 et
3389 2674 3586 2729 relectis
3626 2673 3750 2727 sub-

2169 2761 2371 2830 scripsi.
2396 2763 2768 2819 Abstineamus
2801 2779 2943 2819 nosa
2970 2765 3244 2832 conviciis,
3264 2781 3328 2821 ne
3355 2766 3750 2836 tempusinani-

2173 2852 2664 2921 terimpendamus;
2692 2865 2744 2910 et
2760 2855 2827 2910 ad
2857 2855 2908 2910 id
2931 2856 3071 2926 quod
3088 2857 3260 2928 agitur
3283 2857 3420 2913 inter
3447 2874 3548 2914 nos
3571 2859 3751 2930 potius

2172 2942 2528 2999 advertamus.

2597 3079 2922 3137 EPISTOLA
2960 3080 3185 3138 CCXLI!
3203 3085 3220 3107 ‘
3243 3081 3340 3156 (a).

2174 3190 2480 3263 Augustinus
2505 3191 2715 3264 Elpidio
2735 3193 2932 3257 ariano,
2956 3193 3176 3264 probans
3195 3191 3386 3246 Filium
3410 3192 3504 3247 Dei
3519 3209 3627 3248 esse
3641 3192 3760 3248 Deo-

2244 3282 2506 3354 azqualem,
2537 3284 2850 3354 genitumque
2878 3300 2940 3338 ea:
2966 3284 3097 3354 ipso,
3125 3300 3226 3337 non
3251 3287 3469 3354 factum;
3497 3285 3758 3352 spondens

2243 3375 2393 3427 etiam
2411 3389 2464 3426 se
2487 3374 2651 3427 ariani
2671 3373 2932 3445 cujusdam
2951 3372 3118 3427 libello
3139 3373 3334 3443 plenius
3359 3390 3742 3444 responsurum,

2244 3463 2288 3518 si
2310 3463 2467 3516 otium
2482 3472 2529 3516 et
2548 3463 2764 3533 facultas
2792 3463 2960 3518 detur.

2175 3573 2402 3628 Domino
2432 3573 2627 3629 eximio
2669 3573 2964 3644 meritoque
3001 3573 3300 3629 honorabili
3324 3582 3378 3629 et
3405 3573 3746 3630 desiderabili

2633 3665 2849 3721 Emmo
2868 3667 2905 3732 ⁸,
2935 3667 3284 3722 Aucesﬂnus.

2247 3777 2300 3832 1.
2340 3776 2467 3845 Quis
2491 3786 2731 3832 nostrum
2761 3785 2904 3832 erret
2923 3777 2975 3831 in
3001 3775 3106 3832 fide
3120 3777 3202 3832 vel
3233 3777 3286 3832 in
3313 3779 3615 3850 cognitione
3635 3781 3760 3839 Tri-

2177 3870 2378 3933 nitatis,
2421 3869 2522 3923 alia
2542 3871 2563 3900 ¹
2587 3868 2811 3939 quaestio
2863 3876 2963 3924 est.
2987 3867 3206 3923 Gratum
3250 3884 3380 3924 sane
3420 3870 3588 3926 habeo
3611 3875 3756 3943 quod

2177 3975 2284 4026 me,
2315 3959 2556 4030 quamvis
2580 3959 2904 4028 incognitum
2928 3958 3080 4026 facie,
3099 3967 3275 4014 tamen
3296 3960 3416 4030 quia
3437 3977 3615 4017 errare
3636 3978 3758 4019 cre-

2177 4052 2378 4119 didisti,
2403 4067 2656 4107 revocare
2681 4051 2747 4107 ab
2775 4066 2955 4107 errore
2982 4060 3200 4105 conatus
3217 4066 3297 4107 es.
3343 4052 3510 4122 Hujus
3535 4053 3629 4108 tibi
3654 4054 3757 4110 be-

2178 4144 2495 4199 nevolentia:
2521 4141 2819 4198 mercedem
2845 4142 3100 4196 retribuat
3125 4141 3281 4206 Deus,
3326 4151 3381 4198 et
3402 4158 3558 4198 nosse
3583 4152 3637 4198 te
3672 4144 3755 4198 fa-

2179 4236 2282 4290 ciat
2303 4234 2441 4304 quod
2469 4247 2627 4288 nosse
2649 4241 2700 4287 te
2725 4241 2875 4302 putas
2907 4251 2922 4288 :
2952 4246 3038 4286 res
3054 4232 3195 4286 enim
3211 4232 3376 4287 ardua
3397 4241 3499 4297 est,
3531 4240 3589 4286 ut
3634 4235 3754 4288 cxi—

2179 4326 2356 4379 stimo.
2391 4324 2458 4378 Et
2502 4337 2681 4392 quaeso
2703 4333 2753 4377 te
2778 4337 2845 4377 ne
2883 4322 2933 4376 in
2964 4322 3124 4377 ullam
3173 4323 3508 4378 contumelia:
3546 4333 3752 4392 partem

2180 4416 2470 4486 acceperis,
2493 4413 2632 4484 quod
2655 4415 2745 4468 tibi
2777 4423 2934 4468 tantae
2976 4414 3291 4483 cognitionis
3337 4430 3529 4470 munus
3553 4417 3757 4486 optavi.

2185 4505 2381 4561 Vereor
2426 4505 2567 4559 enim
2611 4519 2679 4559 ne
2723 4505 2948 4574 opinata:
3002 4503 3236 4559 scientia:
3275 4504 3673 4575 prarjudicium,
3709 4507 3761 4560 si

2181 4613 2286 4654 non
2319 4605 2581 4668 praecepta
2601 4611 2745 4661 vera,
2769 4611 2886 4666 qua:
2914 4610 3242 4665 nequaquam
3263 4595 3330 4650 ad
3360 4605 3412 4651 te
3439 4597 3568 4650 mihi
3599 4611 3752 4652 art-oo

2181 4690 2440 4760 gaverim,
2471 4695 2526 4741 at
2562 4695 2708 4742 certe
2735 4686 2873 4741 bona
2899 4693 3018 4739 vota
3053 4693 3253 4752 nostra,
3301 4701 3421 4755 qua:
3443 4685 3574 4740 mihi
3595 4687 3757 4742 etiam

2183 4781 2395 4836 indocto
2419 4779 2614 4833 habere
2632 4778 2700 4832 de
2724 4786 2776 4832 te
2797 4777 2920 4831 licet
2940 4775 3067 4847 (non
3088 4776 3228 4830 enim
3261 4776 3450 4846 perite,
3477 4775 3570 4832 sed
3590 4776 3764 4832 amice

2183 4870 2481 4929 exhibenda
2509 4867 2651 4944 sunt)
2677 4911 2692 4934 ,
2720 4869 2943 4938 repellat
2969 4867 3037 4922 ab
3066 4868 3282 4923 auribus
3321 4869 3446 4934 tuis,
3475 4869 3766 4939 potiusque

2183 4964 2312 5020 mihi
2337 4973 2651 5017 succenseas
2669 4960 2809 5030 quod
2838 4974 2945 5014 non
2974 4959 3068 5013 tibi
3087 4958 3195 5028 jam
3221 4958 3360 5014 sicut
3385 4958 3610 5028 sapienti
3635 4974 3769 5028 gra-

2185 5055 2398 5118 tulatus,
2413 5067 2569 5122 quam
2590 5050 2786 5120 gratias
2797 5064 2921 5120 agas
2939 5048 3081 5120 quod
3105 5049 3199 5104 tibi
3229 5049 3540 5118 sapientiam
3568 5048 3770 5118 depre-

2183 5157 2337 5202 catus
2378 5145 2499 5198 sim.
2531 5143 2905 5198 Verumtamen
2958 5143 3001 5195 si
3045 5155 3144 5211 ego
3181 5147 3401 5210 portans
3435 5139 3760 5208 episcOpalis

2185 5236 2415 5295 nominis
2434 5235 2721 5301 sarcinam,
2755 5233 3103 5288 libentissime
3128 5231 3419 5301 amplector
3443 5231 3772 5286 benevolen—

2252 5395 2266 5428 ί
2297 5401 2343 5442 ιη
2366 5399 2470 5440 Mss.
2497 5390 2694 5452 aliquot,
2726 5385 2958 5452 Helpidio.
2982 5394 3031 5436 tn
3052 5386 3176 5446 aliis,
3204 5384 3436 5437 Helvidio.

2249 5458 2269 5488 ¹
2294 5455 2424 5513 uid,
2447 5447 2624 5515 aliqua.
2643 5458 2696 5500 At
2719 5447 2842 5508 Mssi,
2857 5447 2972 5498 alia.

2249 5537 2267 5556 ‘
2291 5542 2512 5584 Correcta
2534 5531 2592 5581 ad
2615 5545 2662 5581 a.
2686 5531 2770 5593 bg.
2793 5529 2861 5593 bl.
2875 5530 2970 5593 _bn.
2995 5541 3038 5580 c.
3063 5542 3133 5579 ec.
3159 5528 3206 5578 ιτ.
3233 5543 3282 5592 g.
3308 5543 3388 5592 gv.
3415 5543 3461 5577 n.
3498 5541 3541 5579 r.
3567 5541 3607 5580 s.
3633 5529 3707 5578 sb.
3735 5535 3771 5580 t.

2189 5598 2310 5648 duos
2331 5610 2404 5648 vc.
2427 5603 2628 5660 quatuor
2652 5607 2697 5643 ν.
2723 5591 2776 5642 et
2797 5591 2906 5640 add.

2255 5678 2328 5741 (α)
2349 5677 2472 5727 Alias
2499 5675 2581 5727 150
2601 5689 2612 5724 :
2631 5685 2740 5738 qum
2764 5678 2926 5722 autem
2949 5671 3040 5721 ’ὶίὲ
3063 5677 3185 5734 erat,
3210 5685 3334 5722 nunc
3352 5671 3430 5719 81.
