4084 6332
338 315 475 370 {055

334 431 457 484 tiam
480 438 644 492 tuam,
664 429 809 499 quod
826 444 912 485 me
934 414 1148 484 'Bonoso
1175 437 1230 483 et
1254 427 1459 492 .lasuni,
1492 436 1550 480 ut
1572 426 1780 489 scribis,
1805 425 1902 480 do-

331 518 583 574 ctissimis
611 519 758 582 viris,
782 518 941 573 etiam
973 528 1116 573 trans
1142 532 1287 571 mare
1310 518 1522 571 mittere
1549 516 1793 583 dignatus
1822 528 1901 577 es,

329 610 394 665 ad
416 612 760 680 reportandos
789 625 857 665 ex
884 626 1066 666 eorum
1110 606 1551 680 disputationibus
1579 605 1771 660 uberes
1799 605 1906 658 fru-

330 712 480 767 ctus;
505 702 643 771 quod
672 701 901 771 denique
929 702 992 755 ad
1019 700 1367 770 detergendus
1393 698 1555 753 totius
1589 696 1785 752 erroris
1810 710 1902 748 ca-

329 792 536 862 ligines,
564 792 797 847 libellum
832 792 1104 861 cujusdam
1147 790 1382 860 episcopi
1422 787 1585 844 vestri
1612 784 1825 855 ingenio
1846 794 1899 841 et

328 884 527 938 viribus
556 883 904 950 elaboratum,
927 883 994 937 ad
1022 898 1105 939 me
1132 880 1502 951 perferendum
1531 878 1758 933 sollicita
1776 878 1904 933 'be-

328 976 580 1044 niguitate
607 976 842 1030 curasti:
870 985 1067 1046 quanto
1109 983 1191 1030 est
1214 974 1416 1044 mquius
1460 981 1512 1027 te
1561 971 1699 1025 bono
1724 970 1901 1024 animo

325 1066 739 1137 acciperc,quod
770 1082 831 1122 ea
860 1084 976 1137 qure
997 1067 1143 1121 nullo
1164 1067 1394 1119 humano
1412 1063 1621 1133 ingenio
1637 1060 1902 1115 etviribus

325 1159 436 1213 dari
465 1168 703 1228 possunt,
731 1174 759 1212 a
783 1159 1005 1213 Domino
1033 1158 1140 1211 Deo
1167 1156 1257 1210 tibi
1284 1164 1342 1209 ut
1368 1152 1725 1209 concedantur
1745 1160 1900 1220 opta-

324 1252 412 1306 vi?
440 1251 725 1321 Apostolus
749 1252 888 1306 enim
912 1252 1077 1321 inquit
1106 1267 1118 1302 :
1149 1247 1269 1303 Non
1289 1248 1522 1317 spiritum
1552 1245 1701 1314 huius
1726 1242 1900 1297 mundi

322 1344 623 1407 accepimus,
639 1342 725 1397 sed
747 1342 996 1412 Spiritum
1016 1343 1099 1411 qui
1118 1357 1180 1395 ea:
1204 1340 1310 1393 Deo
1334 1349 1439 1403 est;
1478 1348 1529 1391 ut
1555 1338 1769 1391 sciamus
1788 1350 1899 1405 qua:

322 1452 353 1487 a
382 1434 489 1488 Deo
514 1436 703 1487 donata
727 1444 842 1488 sunt
868 1434 1007 1488 nobis
1032 1449 1177 1503 :quw
1206 1441 1249 1487 et
1277 1432 1525 1500 loquimur
1546 1446 1644 1483 non
1671 1428 1721 1481 in
1739 1426 1899 1481 doctis

322 1528 556 1579 [cantante
571 1527 832 1596 sapienlite
847 1526 1023 1591 verbis,
1038 1526 1125 1579 sed
1149 1525 1283 1579 docti
1304 1524 1520 1595 Spiritu,
1555 1518 1899 1592 spiritualibus

319 1618 604 1687 spiritualia
630 1628 998 1687 comparantes.
1027 1618 1273 1671 Animalis
1302 1626 1467 1670 autem
1488 1616 1635 1669 homo
1656 1630 1757 1666 non
1784 1628 1897 1681 per-

318 1710 438 1779 cipit
462 1726 573 1779 qua:
626 1719 738 1765 sunt
779 1710 1004 1779 Spiritus
1049 1709 1143 1764 Dei
1184 1728 1201 1765 :
1254 1709 1465 1764 stultitia
1503 1717 1576 1763 est
1627 1706 1763 1761 enim
1810 1704 1896 1759 illi

319 1803 359 1874 (Ι
386 1802 504 1858 Cor.
538 1820 594 1867 ιι,
632 1803 842 1874 12-14).

386 1895 441 1949 2.
484 1895 648 1966 Magis
663 1912 793 1967 ergo
825 1904 1022 1961 tecum,
1061 1895 1105 1949 si
1136 1894 1246 1948 fieri
1277 1900 1475 1963 posset,
1516 1892 1726 1945 mallem
1750 1904 1893 1959 qua:-

317 2001 437 2040 rere
462 2002 737 2056 quousque
783 1984 1128 2055 appellandus
1156 1984 1225 2039 sit
1273 1982 1515 2037 animalis
1546 1982 1725 2046 homo,
1761 1988 1820 2034 ut
1848 1979 1892 2033 si

316 2077 562 2146 eumjam
594 2078 1033 2142 transcendimus,
1066 2086 1209 2131 recte
1238 2074 1563 2129 lortasseilla
1585 2089 1703 2142 qua:
1733 2086 1892 2140 supra

317 2166 598 2221 humanam
628 2177 858 2222 mentem
885 2175 1041 2235 atque
1068 2164 1463 2235 intelligentiam
1492 2161 1894 2218 incommutabi-

317 2257 436 2312 liter
464 2258 886 2328 manent,aliqua
916 2272 980 2313 ex
1012 2265 1159 2325 parte
1186 2254 1527 2324 nosattigisse
1546 2252 1888 2323 gaudeamus.

314 2349 617 2404 Cavendum
659 2358 741 2404 est
784 2351 924 2404 enim
963 2366 1029 2404 ne
1078 2358 1354 2418 propterea
1381 2347 1622 2401 videatur
1648 2345 1887 2410 stultum,

314 2455 435 2494 cum
461 2439 651 2495 Filium
679 2440 820 2494 Patri
868 2440 1114 2495 audimus
1156 2440 1433 2509 mqualcm,
1467 2439 1588 2508 quia
1616 2436 1885 2491 hominem

315 2531 594 2586 animalem
624 2531 797 2585 adhuc
815 2531 1039 2601 agimus,
1059 2532 1245 2599 dequo
1273 2530 1470 2584 dictum
1493 2538 1574 2584 est
1602 2527 1745 2598 quod
1763 2526 1891 2581 stul—

316 2620 429 2674 titia
451 2630 573 2676 sunt
601 2622 673 2675 illi
701 2638 819 2692 quae
868 2632 991 2677 sunt
1017 2621 1245 2691 Spiritus
1274 2620 1387 2675 Dei.
1420 2619 1731 2688 Quanquam
1759 2632 1889 2673 sane

316 2711 562 2778 majestas
584 2711 667 2765 illa
686 2726 841 2781 supra
862 2721 1047 2766 cuncta
1074 2711 1316 2765 sublimis
1354 2725 1383 2763 a
1423 2708 1783 2778 spiritualibus
1800 2722 1891 2763 co-

313 2804 466 2872 gitari
491 2804 676 2872 possit,
691 2818 721 2856 a
738 2804 885 2857 nullo
902 2814 1077 2857 autem
1098 2803 1263 2871 possit
1281 2801 1456 2862 ell‘ari;
1482 2800 1660 2854 videre
1689 2809 1887 2867 tamen,

313 2904 566 2964 quantum
579 2895 830 2961 arbitror,
844 2894 995 2949 facile
1019 2903 1101 2948 est
1127 2908 1233 2948 non
1261 2906 1379 2946 esse
1396 2893 1586 2946 factum
1613 2906 1712 2960 per
1734 2905 1891 2960 quem

317 2985 450 3040 facta
472 2994 594 3040 sunt
618 2985 812 3049 omnia,
834 2992 888 3039 et
908 2985 1021 3039 sine
1038 2998 1142 3053 quo
1168 2982 1358 3037 factum
1384 2991 1464 3037 est
1486 2982 1639 3039 nihil.
1670 2981 1724 3035 Si
1748 2981 1889 3034 enim

317 3090 412 3143 per
440 3074 669 3144 seipsum
700 3074 864 3129 factus
889 3083 991 3139 est,
1037 3082 1153 3128 erat
1175 3083 1454 3142 antequam
1486 3072 1654 3139 fieret,
1693 3080 1750 3125 ut
1777 3070 1891 3125 fieri

317 3181 412 3233 per
438 3180 497 3220 se
521 3174 700 3234 posset
732 3184 744 3218 :
771 3164 911 3235 quod
962 3174 1107 3219 certe
1149 3174 1294 3218 tanto
1343 3163 1623 3218 absurdius
1677 3160 1888 3227 dicitur,

316 3266 513 3327 quanto
556 3258 741 3312 vanius
770 3258 1049 3328 cogitatur.
1078 3256 1135 3312 Si
1184 3266 1360 3311 autem
1390 3272 1492 3310 non
1526 3271 1618 3324 per
1645 3270 1704 3309 se
1726 3254 1892 3323 lactus

316 3358 419 3417 est,
449 3365 551 3403 non
578 3357 659 3404 est
684 3349 855 3404 factus
872 3349 1089 3404 omnino
1109 3367 1122 3415 ;
1146 3350 1394 3417 quoniam
1412 3347 1663 3418 quidquid
1693 3346 1890 3401 factum

316 3451 431 3508 est,
466 3458 559 3512 per
600 3444 772 3512 ipsum
824 3442 1019 3496 factum
1059 3450 1176 3496 est:
1205 3441 1386 3495 Omnia
1422 3442 1553 3494 enim
1599 3457 1686 3510 per
1726 3440 1893 3509 ipsum

318 3536 453 3602 facta
496 3542 632 3599 sunt,
659 3542 706 3587 et
751 3534 859 3587 sine
906 3533 1019 3601 ipse
1044 3533 1234 3601 factum
1258 3541 1328 3586 est
1356 3531 1482 3585 nihil
1536 3529 1714 3601 (Joan.
1743 3547 1781 3596 ι,
1812 3530 1888 3599 5).

388 3622 440 3675 5.
456 3622 615 3677 Miror
630 3639 813 3692 parum
834 3622 1034 3678 attendi
1047 3639 1163 3692 qua:
1179 3631 1282 3676 tam
1296 3636 1544 3690 expresse
1558 3621 1891 3691 Evangelista

317 3716 481 3771 voluit
500 3717 763 3783 intimare,
782 3727 838 3772 ut
866 3719 1134 3772 neminem
1162 3716 1497 3771 dissimulare
1522 3715 1885 3784 permitteret:

319 3825 421 3867 non
448 3811 587 3865 enim
610 3811 736 3864 satis
747 3810 849 3865 fuit
874 3810 1072 3874 dicere,
1093 3806 1276 3862 Omnia
1300 3824 1387 3877 per
1404 3808 1568 3876 ipsum
1595 3810 1729 3875 facta
1753 3815 1888 3870 sunt,

317 3900 417 3954 nisi
446 3900 681 3963 adderet,
712 3910 757 3953 et
782 3901 892 3954 sine
915 3902 1022 3970 ipso
1042 3901 1227 3971 factum
1248 3897 1475 3952 estnihil.
1498 3897 1565 3950 At
1589 3912 1687 3966 ego
1714 3911 1893 3965 quam-

318 3991 398 4045 vis
423 3990 622 4053 tardus,
642 3998 697 4043 et
712 3991 942 4044 nondum
972 3991 1179 4044 detersa
1207 3989 1452 4057 caligine,
1473 3988 1705 4041 saucium
1737 4003 1889 4041 men-

317 4081 385 4137 tis
412 4081 622 4135 oculum
651 4095 841 4150 gerens
854 4079 921 4135 ad
942 4078 1242 4133 intuendam
1271 4078 1439 4131 Patris
1467 4087 1521 4130 et
1540 4076 1655 4129 Filii
1683 4075 1890 4130 incom-

318 4172 605 4243 parabilem
631 4173 651 4202 ²
678 4169 1103 4238 inelfabilemque
1140 4167 1533 4238 praestantiam;
1585 4175 1756 4219 tamen
1788 4164 1892 4219 hoc

318 4273 424 4319 tota
471 4263 719 4317 facilitate
763 4262 1107 4329 complector,
1149 4257 1289 4327 quod
1319 4256 1471 4311 nobis
1516 4256 1568 4311 in
1605 4252 1891 4323 Evangelio

318 4365 593 4426 propterea
611 4354 1033 4424 praeseminatum
1060 4359 1162 4418 est,
1190 4366 1296 4405 non
1310 4359 1367 4404 ut
1393 4349 1518 4405 hinc
1542 4346 1889 4416 comprehen-

314 4448 563 4501 dcremus
591 4446 734 4500 illam
764 4444 1112 4507 divinitatem,
1135 4441 1227 4496 sed
1255 4448 1312 4495 ut
1341 4440 1467 4494 hinc
1482 4438 1892 4493 admoueremur

317 4554 421 4593 non
470 4547 717 4607 oportere
763 4551 861 4591 nos
886 4536 952 4590 de
999 4533 1279 4589 temeraria
1306 4530 1779 4601 comprehensione
1803 4528 1889 4597 ja-

316 4641 480 4685 ctare.
508 4631 563 4685 Si
585 4631 725 4684 enim
752 4630 928 4685 omnia
957 4643 1049 4696 per
1075 4627 1244 4696 ipsum
1273 4625 1406 4679 facta
1455 4631 1607 4687 sunt;
1640 4620 1891 4692 quidquid

318 4740 420 4777 non
446 4738 539 4791 per
556 4726 724 4791 ipsum
758 4722 950 4777 factum
970 4729 1073 4785 est,
1102 4735 1208 4774 non
1229 4716 1541 4773 estfactum.
1570 4715 1687 4785 Ipse
1712 4722 1888 4768 autem

318 4831 411 4884 per
436 4832 495 4870 se
521 4813 690 4868 factus
716 4829 821 4868 non
848 4820 966 4871 est:
998 4828 1102 4867 non
1128 4820 1210 4865 est
1236 4810 1392 4879 igitur
1408 4806 1593 4862 factus.
1619 4806 1684 4860 Et
1711 4804 1887 4859 omnia

316 4921 410 4976 per
438 4907 607 4974 ipsum
630 4904 763 4958 facta
782 4918 903 4958 esse
928 4903 993 4958 ab
1009 4901 1343 4971 Evangelista
1365 4898 1585 4954 credere
1612 4896 1885 4967 cogimur:

316 4998 383 5053 ab
403 4996 587 5052 eodem
615 4997 991 5066 ergoeogimur
1007 5010 1127 5048 eum
1154 4993 1347 5045 factum
1376 5004 1492 5044 esse
1518 5004 1621 5043 non
1647 4987 1884 5043 credere.

318 5091 469 5155 Item,
498 5088 541 5141 si
565 5089 677 5142 sine
702 5088 817 5155 ipso
844 5086 1039 5139 factum
1069 5092 1150 5138 est
1174 5082 1323 5147 nihil,
1345 5081 1456 5149 ipse
1471 5096 1597 5149 ergo
1628 5078 1755 5133 nihil
1783 5086 1886 5144 est,

315 5183 433 5253 quia
460 5181 574 5234 sine
615 5196 671 5233 se
712 5179 882 5234 factus
910 5186 1010 5231 est.
1060 5176 1209 5245 Quod
1238 5176 1281 5229 si
1334 5174 1536 5243 opinari
1574 5174 1885 5243 sacrilegum

316 5284 429 5337 est;
462 5280 626 5327 restat
653 5280 707 5325 ut
752 5270 1028 5333 fateamur,
1051 5284 1156 5322 non
1187 5269 1301 5322 sine
1330 5280 1388 5319 se
1416 5266 1607 5319 factum
1635 5280 1769 5327 esse,
1798 5270 1890 5317 aut

316 5364 510 5419 factum
539 5378 642 5417 non
665 5377 803 5416 esse.
830 5359 943 5414 Non
966 5370 1139 5414 autem
1166 5358 1279 5411 sine
1312 5372 1369 5411 se
1402 5355 1592 5409 factum
1622 5370 1886 5419 esse,non

318 5468 596 5525 possumus
623 5453 799 5507 dicere
824 5450 865 5505 ³.
897 5449 953 5506 Si
982 5450 1124 5506 enim
1154 5449 1264 5520 ipse
1292 5463 1348 5502 se
1377 5446 1518 5512 fecit,
1532 5446 1640 5515 jam
1656 5455 1768 5501 erat
1795 5460 1888 5498 au-

382 5613 395 5643 ι
424 5617 527 5659 Mss.
551 5609 780 5670 quinque,
801 5590 955 5657 solita.

380 5677 398 5706 -ι
425 5666 1147 5732 διεδηόωοίίηεοηψιιναὺὶιὶιθν-
1391 5725 1450 5732 ...

384 5736 405 5768 ι
427 5731 555 5794 Apud
584 5724 690 5781 Lor.
730 5733 799 5783 sic
836 5724 1013 5795 l'egitru‘
1040 5743 1053 5780 :
1083 5737 1183 5793 Ipse
1206 5739 1319 5791 ergo
1352 5724 1469 5776 uilu'l
1500 5730 1583 5787 cat,
1618 5730 1698 5775 au:
1733 5724 1887 5788 factus

1517 312 1841 371 EPISTOLA
1850 312 1994 369 RUM
2031 310 2297 369 CLASSIS
2335 312 2422 366 IV.

3456 330 3587 386 105l

2016 435 2223 497 tequam
2252 427 2431 483 fieret:
2459 428 2504 483 si
2528 437 2703 485 autem
2729 444 2795 485 ao
2824 447 2882 488 se
2904 431 3201 492 faciendum
3223 441 3397 507 alteri,
3424 459 3453 497 a
3478 461 3583 515 quo

2012 516 2179 573 factus
2195 526 2295 583 est,
2322 518 2636 587 adiutorium
2665 522 2917 591 prmbuit;
2943 525 3285 584 nihilominus
3307 541 3365 585 ut
3396 549 3455 588 se
3478 536 3576 588 ad-

2006 607 2224 678 juvante
2244 610 2356 678 ipse
2384 610 2551 675 fieret,
2580 611 2688 681 jam
2720 620 2833 667 erat
2872 624 3151 686 antequam
3194 619 3365 676 fieret.
3396 624 3581 678 Relin-

2010 702 2187 769 quitur
2213 702 2387 771 itaque
2407 711 2462 758 ut
2486 704 2600 760 sine
2615 720 2673 760 se
2699 705 2864 762 factus
2887 709 2974 762 sit.
2997 709 3257 780 Quidquid
3274 723 3450 767 autem
3468 716 3582 771 sine

2010 790 2102 844 illo
2123 791 2312 846 factum
2339 801 2440 857 est,
2470 794 2598 847 nihil
2614 802 2712 849 est.
2732 797 2833 850 Aut
2850 796 2979 853 nihil
3001 808 3082 853 est
3108 800 3282 870 igitur,
3304 812 3393 857 aut
3411 802 3584 859 factus

2010 897 2115 937 non
2140 893 2224 939 est
2253 902 2265 938 :
2295 886 2386 939 sed
2416 901 2519 940 non
2546 896 2628 941 est
2656 888 2805 953 nihil,
2837 888 3003 945 factus
3035 892 3192 961 igitur
3232 910 3335 949 non
3387 905 3488 950 est.
3512 898 3581 951 At

2008 973 2052 1026 si
2079 973 2244 1029 factus
2268 991 2372 1030 non
2402 986 2503 1045 est,
2526 985 2581 1033 et
2630 987 2800 1034 tamen
2823 980 2986 1036 Filius
3010 992 3110 1049 est,
3140 985 3255 1040 sine
3290 985 3452 1043 dubio
3477 1004 3578 1042 na-

2008 1071 2093 1115 tus
2121 1071 2223 1117 est.

2077 1155 2129 1207 4.
2174 1155 2456 1224 Quomodo,
2478 1158 2662 1227 inquis,
2689 1162 2846 1229 potuit
2867 1163 2929 1217 de
2954 1164 3060 1219 solo
3084 1164 3236 1219 Patre
3251 1169 3389 1221 nasci
3416 1167 3581 1224 Filius

2004 1248 2212 1318 wqualis
2240 1249 2286 1301 ei
2302 1250 2363 1301 de
2383 1266 2479 1319 quo
2505 1260 2651 1307 natus
2677 1254 2788 1309 est?
2810 1253 2923 1309 lam
2945 1256 3045 1311 hoc
3067 1273 3314 1313 enarrare
3340 1276 3579 1330 nonpos-

2003 1352 2141 1404 sum,
2174 1346 2225 1391 et
2248 1340 2378 1393 cedo
2410 1340 2676 1409 propheta:
2696 1342 2920 1399 dicenti:
2940 1345 3317 1402 Generationem
3333 1352 3440 1420 ejus
3460 1353 3571 1421 quis

2004 1428 2254 1481 enarrabil
2279 1427 2429 1500 (Isai.
2462 1447 2571 1496 Llll,
2595 1432 2696 1502 8)?
2726 1434 2875 1499 Quod
2919 1438 2964 1491 si
2988 1447 3042 1493 tu
3062 1437 3131 1493 de
3161 1439 3385 1495 humana
3413 1458 3577 1512 gene-

2001 1519 2207 1574 ratione
2232 1536 2333 1589 qua
2362 1537 2456 1590 per
2480 1523 2738 1592 virginem
2772 1536 2926 1582 natus
2951 1538 3052 1593 est,
3092 1532 3452 1599 accipiendum
3478 1550 3577 1603 pn-

2003 1617 2081 1662 tas
2106 1625 2119 1673 ;
2149 1609 2261 1678 ipse
2293 1619 2343 1665 te
2362 1612 2585 1674 discute,
2605 1623 2660 1669 et
2685 1616 2948 1685 interroga
2964 1620 3193 1674 animam
3215 1630 3379 1689 tuam,
3398 1633 3574 1678 utrum

2001 1698 2044 1751 si
2090 1699 2143 1752 in
2191 1702 2534 1769 generatione
2565 1704 2790 1759 humana
2822 1706 3035 1775 defecit,
3086 1710 3276 1766 audeat
3324 1728 3575 1770 enarrare

2001 1788 2255 1844 divinam.
2290 1791 2416 1847 Noli
2444 1812 2581 1866 ergo,
2622 1798 2805 1865 inquis,
2834 1800 2999 1855 dicere
3024 1803 3288 1873 aqualem.
3320 1806 3426 1859 Cur
3468 1820 3573 1861 non

1999 1880 2169 1934 dicam
2199 1884 2336 1951 quod
2367 1884 2498 1939 dixit
2524 1888 2837 1956 Apostolus?
2864 1890 2983 1945 Non
3003 1893 3255 1963 rapinam,
3277 1895 3465 1964 inquit,
3484 1912 3574 1949 ar-

1998 1969 2207 2028 bitratus
2233 1984 2303 2027 est
2332 1992 2436 2030 esse
2460 1979 2664 2047 wqualis
2692 1978 2797 2033 Deo
2824 1980 3080 2053 (Philipp.
3100 1998 3154 2046 tt,
3178 1983 3251 2051 6).
3286 1984 3399 2039 Etsi
3428 1984 3573 2039 enim

1998 2066 2349 2135 mqualitatem
2375 2069 2517 2123 illam
2544 2086 2649 2124 non
2677 2072 3215 2139 explicavithumana:
3245 2076 3407 2130 menti
3435 2091 3571 2130 non-

1997 2155 2122 2211 dum
2169 2170 2423 2229 purgatae,
2475 2163 2650 2231 posuit
2707 2172 2877 2217 tamen
2909 2166 2958 2219 in
2986 2165 3181 2231 Verbo,
3232 2166 3375 2236 quod
3427 2167 3479 2222 in
3512 2183 3573 2223 re

1997 2250 2163 2317 possit
2201 2251 2422 2306 inveniri
2455 2263 2688 2322 purgata.
2734 2255 2927 2309 Demus
2952 2256 3127 2325 itaque
3168 2271 3385 2327 operam
3412 2273 3570 2311 mun-

1996 2339 2169 2395 dando
2198 2343 2343 2396 cordi
2394 2354 2593 2409 nostro,
2648 2355 2702 2399 ut
2728 2346 2849 2401 inde
2900 2358 3149 2416 exsurgat
3174 2349 3318 2403 acies
3348 2363 3449 2417 qua
3473 2350 3573 2403 ista

1996 2429 2180 2485 videre
2236 2432 2716 2487 valeamuszBeati
2764 2435 2914 2500 enim,
2948 2436 3137 2504 inquit,
3186 2437 3573 2503 mundicordes;

1995 2522 2231 2589 quoniam
2280 2523 2377 2592 ipsi
2414 2523 2577 2576 Deum
2608 2524 2842 2579 videbunt
2872 2525 3085 2595 (Matth.
3116 2543 3171 2593 v,
3196 2528 3273 2598 7).
3300 2528 3372 2582 Ita
3411 2544 3572 2584 exce-

1995 2613 2185 2669 dentes
2211 2615 2457 2669 animalis
2476 2616 2704 2672 hominis
2744 2618 3058 2687 caliginosas
3084 2620 3358 2689 imagines,
3387 2620 3453 2673 ad
3481 2636 3573 2675 se-

1993 2706 2272 2760 renitatem
2297 2707 2437 2759 illam
2465 2708 2925 2777 sinceritatemque
2954 2710 3365 2778 veniemus,qua
3389 2710 3572 2766 videre

1995 2795 2261 2865 possimus
2282 2796 2421 2864 quod
2448 2797 2552 2850 dici
2580 2813 2681 2851 non
2704 2812 2857 2866 posse
2886 2799 3145 2854 videmus.

2066 2884 2119 2937 5.
2159 2883 2291 2937 Nam
2338 2885 2518 2940 libello
2552 2902 2709 2955 quem
2738 2886 2985 2956 dignatus
3011 2904 3071 2951 es
3109 2890 3341 2959 mittere,
3369 2892 3414 2946 si
3442 2892 3571 2947 mibi

1995 2983 2065 3036 sit
2086 2986 2274 3048 otium,
2295 2983 2615 3053 facultasque
2643 2984 2901 3039 tribuatur
2916 2985 2983 3039 ad
3007 2985 3209 3055 singula
3227 2986 3570 3057 respondere,

1996 3074 2224 3129 arbitror
2255 3085 2305 3130 te
2348 3075 2683 3145 cogniturum
2717 3085 2864 3131 tanto
2901 3081 3075 3132 minus
3101 3094 3364 3148 quemque
3390 3080 3573 3134 vestiri

1996 3164 2198 3219 lumine
2225 3165 2480 3230 veritatis,
2500 3175 2695 3235 quanto
2718 3168 2883 3237 magis
2904 3167 3001 3221 sibi
3018 3167 3225 3223 videtur
3253 3169 3446 3223 nudam
3471 3169 3573 3225 de-

1996 3272 2239 3325 promere
2264 3256 2557 3312 veritatem.
2587 3256 2716 3323 Quis
2737 3258 2875 3313 cnim
2903 3257 3055 3325 ferat,
3086 3267 3142 3313 ut
3180 3261 3279 3314 alia
3303 3261 3567 3327 omittam,

1996 3356 2048 3401 et
2074 3347 2175 3401 hoc
2200 3348 2368 3402 solum
2398 3348 2606 3403 interim
2631 3363 3043 3403 commemorem
3062 3350 3203 3417 quod
3231 3351 3460 3406 maxime
3482 3352 3572 3405 in-

1995 3439 2188 3508 gemui,
2216 3455 2335 3493 cum
2362 3439 2631 3508 apostolus
2661 3440 2848 3494 Paulus
2870 3439 3030 3505 dicat,
3063 3439 3299 3495 Videmus
3315 3458 3448 3496 nunc
3480 3459 3572 3514 per

1995 3530 2252 3599 speculum
2289 3531 2341 3584 in
2388 3531 2684 3601 teuigmate;
2738 3540 2853 3584 tunc
2899 3539 3066 3584 autem
3112 3530 3241 3601 facie
3268 3531 3337 3585 ad
3388 3532 3569 3600 [aciem

1998 3622 2171 3695 (lCor.
2194 3639 2308 3685 xm,
2326 3622 2414 3693 12)
2432 3641 2445 3686 ς
2466 3623 2621 3677 istum
2645 3622 2754 3692 jam
2780 3622 2959 3678 dicere
2990 3624 3125 3676 omni
3140 3622 3474 3693 integumento
3493 3641 3575 3678 re-

1997 3724 2121 3768 tecto
2134 3714 2321 3767 nudam
2344 3730 2397 3767 se
2421 3712 2710 3783 depromere
2737 3714 3024 3768 veritatem?
3050 3712 3147 3779 Qui
3170 3715 3213 3768 si
3232 3715 3453 3779 diceret,
3475 3713 3574 3769 Nu-

1995 3804 2117 3858 dam
2148 3803 2385 3859 videmus
2414 3804 2713 3867 veritatem,
2743 3803 2869 3857 nihil
2898 3813 3041 3858 esset
3077 3805 3268 3859 caccius
3295 3805 3391 3858 ista
3412 3820 3573 3859 arro-

1995 3896 2171 3966 gantia
2192 3896 2410 3951 visionis
2436 3914 2448 3948 :
2478 3911 2582 3949 non
2623 3904 2799 3949 autem
2841 3895 2992 3960 dixit,
3025 3894 3301 3961 Videmus,
3333 3895 3448 3958 sed,
3476 3894 3573 3949 de-

1996 3989 2318 4056 promimus;
2341 3996 2396 4040 ut
2418 4002 2523 4039 non
2545 3986 2713 4039 solum
2728 3987 2837 4053 jam
2859 3986 3051 4038 veritas
3071 3985 3361 4040 inventioni
3381 3985 3575 4039 mentis

1996 4087 2197 4146 patere,
2227 4075 2320 4131 sed
2338 4076 2493 4130 etiam
2524 4076 2765 4143 potestati
2793 4075 2983 4143 lingua:
3007 4075 3284 4141 subjacere
3311 4075 3571 4130 videatur.

1996 4167 2157 4221 Multa
2185 4174 2307 4220 sunt
2332 4181 2450 4235 qua:
2485 4163 2553 4219 de
2572 4164 2845 4219 Trinitatis
2895 4164 3259 4220 ineffabilitate
3294 4164 3569 4230 dicantur;

1996 4274 2102 4314 non
2127 4268 2181 4312 ut
2207 4259 2317 4327 ipsa
2339 4257 2565 4323 dicatur,
2588 4256 2820 4325 alioquin
2844 4265 3047 4309 nonest
3069 4256 3348 4310 ineffabilis
3364 4298 3378 4323 ,
3400 4256 3493 4312 sed
3515 4265 3575 4312 ut

1996 4350 2102 4404 illis
2130 4348 2283 4405 dictis
2311 4349 2395 4402 illa
2426 4347 2527 4401 dici
2547 4363 2649 4401 non
2672 4360 2829 4415 posse
2859 4346 3196 4416 intelligatur.
3214 4345 3409 4401 Verum
3434 4346 3567 4417 jam,

1997 4449 2054 4494 ut
2083 4440 2333 4501 arbitror,
2367 4438 2581 4492 modum
2614 4438 2843 4492 excessit
2886 4436 3107 4505 epistola
3138 4452 3278 4502 mea,
3332 4452 3451 4491 eum
3479 4451 3574 4507 per

1997 4540 2136 4586 tuam
2166 4544 2252 4584 me
2274 4528 2612 4584 admonueris
2631 4527 2860 4581 breviter
2894 4527 3163 4581 scribere:
3189 4526 3281 4581 sed
3328 4526 3449 4595 quia
3480 4528 3565 4582 in-

1995 4622 2264 4676 stitutione
2294 4629 2531 4675 veterum
2562 4627 2613 4674 te
2661 4634 2917 4672 excusare
2942 4617 3187 4688 dignatus
3218 4634 3296 4684 es,
3340 4633 3444 4672 non
3474 4619 3571 4675 tibi

1994 4712 2253 4767 absurdus
2277 4710 2515 4775 videbor,
2542 4710 2585 4764 si
2611 4708 2827 4763 modum
2856 4709 3200 4778 quarumdam
3227 4710 3569 4778 epistolarum

1994 4803 2282 4866 Ciceronis,
2300 4802 2419 4873 quia
2444 4801 2557 4871 ejus
2582 4816 2793 4870 quoque
2822 4800 2872 4853 in
2903 4800 3094 4855 litteris
3111 4801 3213 4854 tuis
3243 4802 3565 4856 mentionem

1996 4895 2184 4962 fecisti,
2202 4908 2305 4948 non
2337 4902 2389 4948 te
2418 4893 2592 4961 pigeat
2619 4890 2907 4946 recordari.

2379 4981 2706 5037 EPISTOLA
2746 4981 2992 5037 ccxuu
3022 4984 3039 5005 ο
3079 4979 3174 5052 (α).

1994 5076 2302 5146 Augustinus
2346 5071 2519 5141 Lazto,
2563 5073 2650 5143 qui
2697 5074 2969 5143 perfectum
3018 5071 3195 5125 mundi
3234 5080 3572 5143 contemptum

1991 5199 2085 5237 non
2105 5191 2176 5237 est
2202 5197 2221 5235 :
2235 5197 2340 5252 non
2370 5189 2529 5252 autem
2548 5180 2648 5233 sine
2678 5195 2729 5234 se
2750 5182 2904 5252 factus
2918 5186 3023 5252 est.’
3043 5186 3196 5252 Restat
3228 5185 3282 5252 ut
3315 5182 3567 5252 fatigatum.

1992 5256 2076 5299 aut
2090 5261 2182 5297 non
2201 5246 2302 5298 sine
2318 5260 2368 5297 se
2380 5246 2567 5307 factum
2584 5257 2701 5303 esse,
2735 5242 2816 5293 aut
2847 5242 2959 5307 quia
2980 5242 3147 5307 sinegse
3161 5242 3323 5307 [acJus'
3337 5248 3421 5307 est.
3439 5243 3573 5303 Quod

1992 5311 2035 5360 si
2055 5307 2243 5374 opinari
2258 5302 2544 5374 sacrilegum
2556 5312 2643 5374 est,
2657 5302 2751 5374 non
2769 5302 3014 5374 possumus
3037 5302 3214 5374 dicere.
3232 5302 3281 5353 Si
3452 5302 3570 5367 etc.,

1994 5365 2093 5421 nee'
2109 5370 2310 5419 multum
2332 5365 2472 5419 aliter
2495 5367 2619 5429 apud
2643 5366 2749 5415 Bad.
2769 5365 2875 5414 'Am.
2903 5374 2955 5415 et
2986 5372 3059 5429 Er.
3091 5365 3180 5413 Sed
3202 5367 3472 5429 concinnior
3494 5365 3571 5419 est

1995 5436 2139 5483 lectio
2179 5439 2285 5481 Mss.
2332 5427 2555 5480 Victorini
2598 5435 2650 5478 et
2692 5429 2836 5478 unius
2868 5441 2899 5477 e
2932 5427 3073 5476 ratio.
3108 5439 3252 5490 quam
3285 5428 3363 5477 hic
3390 5430 3569 5479 substi-

1994 5499 2187 5547 luimus.

2032 5579 2049 5595 ‘
2077 5576 2139 5623 Ad
2162 5587 2207 5623 a.
2231 5587 2278 5622 a.
2304 5573 2370 5634 hg
2392 5572 2459 5621 bl.
2482 5572 2567 5620 bn.
2590 5584 2636 5634 c._
2659 5582 2731 5634 cc.
2755 5570 2834 5621 cl).
2858 5569 2907 5619 ll‘.
2933 5583 2982 5632 g.
3016 5583 3099 5633 gg.
3126 5583 3206 5633 gv.
3224 5570 3262 5632 ᾖ.
3289 5583 3338 5619 n.
3364 5583 3403 5619 s.
3430 5569 3501 5620 sb.
3529 5578 3569 5623 t.

1993 5652 2065 5689 vc.
2093 5637 2171 5686 vd.
2194 5632 2410 5698 quinque
2434 5648 2479 5683 ν.
2508 5640 2559 5683 ct
2580 5632 2693 5681 edd.

2056 5719 2127 5780 (ιι)
2152 5717 2272 5766 Alias
2288 5715 2348 5765 58
2366 5730 2377 5765 :
2398 5727 2506 5778 qua:
2529 5724 2693 5764 autem
2715 5711 2806 5763 2%
2829 5721 2950 5775 erat,
2976 5726 3100 5766 mine
3122 5712 3231 5763 216.
