4070 6332
558 309 692 363 1055

619 438 903 492 aggressus,
941 421 1199 476 videbatur
1227 421 1486 476 sollicitari
1516 441 1604 495 per
1625 434 1852 479 satanam
1888 426 1958 479 ad
1983 440 2128 491 repe-

623 515 770 567 tenda
813 530 924 583 qua
962 514 1246 581 reliquerat.
1292 517 1444 572 Hunc
1484 517 1703 585 animat,
1747 526 1802 572 ut
1841 517 2134 588 contemptis

621 615 941 673 cognatorum
969 607 1231 674 aﬂ‘ectibus
1258 613 1452 683 fortiter
1476 621 1668 683 pergat.

552 691 774 747 Domino
798 696 1139 752 dilectissimo
1175 710 1230 755 et
1258 701 1745 757 desiderantissimo
1772 701 1917 756 fratri
1941 701 2125 766 [οξτο.

787 789 1141 850 AUGUSTINUS,
1177 790 1228 844 in
1272 792 1495 846 Domino
1533 794 1755 846 salutem
1792 793 1888 862 (ιι).

621 875 672 929 i.
714 876 838 946 Legi
863 879 1140 948 epistolam
1167 898 1324 949 quam
1348 884 1535 938 misisti
1568 883 1836 947 fratribus,
1865 885 2128 939 consolari

548 975 603 1022 te
640 969 858 1036 cupii-us
905 973 1044 1041 quod
1100 974 1281 1030 multis
1329 977 1705 1031 mutationibus
1754 988 1838 1031 tua
1889 977 2127 1031 tirocinia

547 1059 881 1127 quatiuntur;
913 1063 963 1116 in
991 1081 1091 1132 qua
1115 1068 1272 1121 etiam
1295 1068 1567 1124 insinuasti
1594 1068 1896 1124 desiderare
1918 1077 1969 1122 te
1991 1069 2131 1123 litte-

547 1163 634 1202 ras
677 1166 841 1206 meas.
865 1155 1146 1221 Condolni,
1178 1158 1360 1225 frater,
1392 1170 1446 1216 et
1490 1177 1701 1216 cessare
1741 1162 1810 1216 ab
1848 1161 2128 1216 scribendo

547 1257 654 1296 non
684 1247 848 1312 potui,
883 1264 949 1302 ne
977 1264 1084 1303 non
1113 1252 1282 1304 solum
1326 1263 1435 1317 tuo,
1463 1253 1556 1307 sed
1587 1255 1745 1307 etiam
1775 1268 1894 1308 meo
1921 1253 2125 1308 deside-

545 1333 626 1387 rio
655 1351 899 1403 negarem
945 1341 1085 1409 quod
1119 1357 1202 1396 me
1244 1343 1486 1398 videbam
1517 1344 1690 1399 officio
1733 1345 1928 1399 debere
1953 1345 2127 1400 chari-

549 1427 686 1481 Iulis.
727 1430 780 1484 Si
809 1438 860 1484 te
887 1432 1044 1501 igitur
1071 1432 1296 1490 tirbuem
1321 1436 1514 1492 ChriSIi
1546 1438 1829 1506 profiteris,
1856 1447 2025 1492 castra
2060 1454 2126 1492 ne

545 1518 798 1584 deseras;
841 1522 892 1577 in
937 1525 1126 1593 quibus
1169 1527 1259 1580 tibi
1309 1529 1466 1580 etiam
1508 1527 1812 1582 aedificanda
1858 1528 2018 1582 turris
2047 1537 2128 1583 est

546 1607 657 1672 illa,
705 1610 770 1666 de
808 1627 907 1682 qua
959 1613 1008 1666 in
1057 1614 1340 1684 Evangelia
1383 1617 1636 1671 Dominus
1678 1617 1926 1687 loquitur.
1979 1617 2032 1672 ln
2062 1634 2124 1674 ea

545 1702 738 1772 quippe
767 1713 1016 1770 stantem,
1063 1715 1114 1760 et
1149 1707 1248 1760 sub
1276 1708 1438 1762 armis
1467 1709 1610 1763 verbi
1645 1709 1736 1763 Dei
1776 1709 2086 1765 militantem
2107 1753 2120 1776 ,

546 1793 688 1846 nulla
719 1809 783 1848 ex
809 1806 956 1865 parte
977 1807 1252 1860 penetrare
1282 1800 1399 1852 ulla!
1421 1801 1736 1855 lcutationes
1756 1803 1932 1856 valent
1963 1820 1976 1856 :
2003 1802 2124 1857 inde

544 1892 600 1939 et
622 1884 760 1954 jacta
790 1887 838 1940 in
882 1888 1243 1944 adversarium
1287 1892 1386 1946 tela
1415 1892 1559 1960 gravi
1593 1893 1822 1960 pondere
1869 1895 2081 1948 veniunt
2106 1935 2120 1958 ,

545 1985 601 2030 et
645 1973 917 2046 prospecta
962 1982 1112 2036 firmo
1142 1983 1432 2038 munimine
1467 1983 1787 2040 devitantur.
1835 1984 2123 2042 Considera

545 2067 703 2121 etiam
751 2070 1026 2124 Dominum
1073 2080 1310 2127 nostrum
1352 2073 1533 2129 Jesum
1574 2073 1864 2139 Christum,
1896 2092 2015 2131 cum
2057 2079 2126 2132 sit

544 2175 638 2214 rex
668 2171 866 2226 noster,
899 2173 1070 2217 tamen
1101 2180 1160 2219 ea
1191 2167 1445 2222 societate
1484 2182 1584 2236 qna
1617 2169 1774 2222 ctiam
1820 2169 1981 2222 frater
2007 2184 2124 2225 esse

543 2249 790 2317 dignatus
815 2261 913 2315 est,
955 2269 1106 2324 reges
1131 2257 1425 2326 appellasse
1453 2258 1645 2314 milites
1674 2275 1819 2324 suos,
1856 2270 1909 2315 et
1938 2279 2126 2315 unum-

543 2355 808 2411 quemque
849 2344 914 2398 ad
961 2345 1259 2400 bellandum
1290 2363 1410 2402 cum
1453 2365 1580 2418 rege
1621 2351 1707 2420 qui
1741 2352 1898 2408 habet
1941 2355 2123 2424 viginti

545 2431 732 2498 millia,
765 2433 1111 2492 instrnctione
1137 2436 1321 2492 decem
1362 2439 1585 2495 millium
1608 2441 1852 2497 idoneum
1881 2459 1999 2500 esse
2028 2445 2124 2501 de-

545 2521 672 2576 bere
702 2527 1032 2592 prmmonuit.

613 2611 667 2666 2.
708 2613 811 2669 Sed
853 2617 1007 2683 paulo
1029 2627 1310 2689 antequam
1336 2621 1404 2677 de
1433 2631 1578 2679 turre
1605 2632 1656 2678 et
1685 2624 1748 2680 de
1774 2641 1897 2696 rege
1926 2627 2122 2682 exhor-

543 2705 763 2758 tatorias
788 2705 1162 2764 similitudines
1200 2723 1552 2780 prarponeret,
1581 2716 1794 2770 attende
1818 2717 1942 2786 quid
1970 2718 2122 2772 dixe-

541 2797 613 2850 rit
639 2814 653 2850 :
689 2798 748 2852 Si
784 2800 894 2869 quis
919 2803 1047 2854 venit
1085 2802 1153 2854 ad
1177 2820 1271 2866 me,
1302 2813 1347 2858 et
1387 2822 1486 2858 non
1511 2807 1615 2860 odit
1645 2818 1836 2876 patrem
1868 2826 2036 2875 suum,
2078 2821 2124 2866 et

541 2887 770 2952 matrem,
817 2899 864 2942 et
900 2906 1124 2955 uxorem,
1173 2902 1220 2946 et
1262 2895 1423 2962 ﬁlios,
1469 2905 1516 2949 et
1543 2896 1750 2966 fratres,
1795 2906 1843 2951 et
1887 2916 2120 2970 sorores,

541 2977 708 3031 adhuc
731 2988 777 3033 et
804 2981 1025 3035 animum
1061 2999 1221 3048 suam,
1265 3001 1365 3038 non
1391 2995 1550 3054 potest
1585 3004 1723 3041 meus
1761 3005 1866 3043 esse
1891 2991 2120 3062 discipu-

541 3067 640 3123 lus.
677 3069 740 3122 Et
765 3071 808 3124 si
833 3089 933 3126 non
973 3073 1143 3128 tulerit
1185 3091 1384 3130 crucem
1411 3093 1554 3130 suam
1579 3087 1624 3130 et
1659 3080 1846 3133 venerit
1885 3083 1997 3150 post
2021 3101 2116 3148 me,

540 3177 640 3215 non
663 3172 820 3230 potest
839 3181 979 3219 meus
1002 3183 1108 3222 esse
1122 3167 1418 3238 discipulus.
1455 3169 1652 3226 Deinde
1675 3172 1972 3243 subjungit:
1995 3176 2122 3242 Quis

540 3269 606 3306 ea:
631 3255 767 3309 vobis
807 3256 974 3311 volens
1019 3258 1197 3310 turrim
1239 3259 1508 3326 uadi/icore,
1539 3277 1637 3314 non
1669 3263 1827 3327 primo
1869 3265 2027 3328 sedet,
2074 3276 2120 3321 et

539 3353 790 3414 computat
831 3346 875 3399 si
919 3357 1144 3418 sumptus
1190 3348 1336 3402 habet
1377 3348 1444 3401 ad
1482 3354 1977 3419 consummationem,
2027 3374 2118 3410 ne-

538 3435 760 3501 quando,
806 3452 920 3488 cum
948 3439 1165 3504 posuerit
1195 3437 1597 3510 fundamentum,
1629 3459 1729 3495 non
1758 3448 1912 3514 possit
1956 3448 2120 3516 (edifi-

537 3542 692 3590 care;
721 3536 767 3578 et
795 3544 963 3582 omnes
987 3529 1072 3598 qui
1094 3539 1351 3585 transeunt
1379 3542 1424 3586 et
1447 3533 1632 3601 vident,
1656 3536 1902 3606 incipiant
1930 3540 2112 3605 dicere,

542 3614 643 3668 Hic
667 3615 814 3668 homo
838 3617 982 3687 coepit
1007 3619 1277 3687 aedi/icere.
1306 3631 1352 3675 et
1381 3639 1479 3676 non
1517 3626 1676 3694 potuit
1706 3628 1946 3696 perﬁcere
1964 3631 1989 3682 ?
2017 3631 2118 3684 Aut

536 3706 650 3776 quis
689 3722 779 3760 rea:
807 3707 989 3761 radens
1015 3711 1322 3765 committere
1359 3713 1543 3767 bellum
1571 3731 1683 3768 cum
1719 3718 1822 3770 alio
1854 3735 1986 3789 rege,
2017 3737 2117 3774 non

539 3798 756 3864 primunt
782 3799 938 3864 sedet,
968 3809 1014 3854 et
1038 3803 1220 3872 cogitat
1246 3805 1292 3857 si
1320 3814 1494 3874 potens
1523 3815 1591 3860 est
1613 3825 1726 3861 cum
1755 3810 1923 3864 decem
1964 3812 2120 3866 utilli-

537 3887 629 3940 bus
649 3888 693 3941 ei
711 3904 987 3952 occurrere.
1011 3894 1096 3962 qui
1117 3910 1229 3946 cuin
1253 3895 1427 3964 viginti
1451 3897 1670 3952 millibus
1690 3900 1820 3952 venit
1847 3901 1914 3953 ad
1935 3902 2117 3958 illum?

536 3977 780 4032 Caeterum
819 3980 940 4035 dum
967 3983 1133 4037 adhuc
1171 3985 1316 4055 longe
1353 3996 1446 4051 est,
1479 3989 1628 4042 mittit
1667 3990 1984 4060 legationem.
2025 4011 2114 4048 ro-

533 4087 659 4141 gans
686 4089 875 4142 pacem.
919 4073 1036 4141 Qun
1065 4086 1240 4132 autem
1283 4081 1608 4147 pertinerent
1652 4083 1767 4136 istm
1811 4085 2113 4141 similitudi-

533 4175 648 4226 nes,
702 4164 809 4232 ipsa
854 4167 1194 4223 conclusione
1239 4172 1369 4226 satis
1415 4175 1620 4242 aperuit
1653 4193 1666 4230 :
1696 4177 1768 4229 ait
1801 4178 1974 4242 enim,
2025 4179 2113 4234 Sic

530 4270 647 4322 ergo
673 4258 834 4310 omnis
864 4274 926 4311 ea:
946 4259 1079 4313 vobis
1098 4262 1184 4328 qui
1212 4279 1310 4316 non
1339 4266 1592 4318 renuntiat
1617 4268 1844 4321 omnibus
1863 4285 1974 4340 quae
1994 4281 2111 4325 sunt

459 4415 465 4420 ξ
531 4343 673 4412 ejus,
722 4363 822 4402 non
882 4359 1042 4419 potest
1096 4369 1236 4407 meus
1293 4371 1400 4408 esse
1448 4355 1726 4426 discipulus
1772 4358 1932 4429 (Luc.
1979 4377 2107 4430 xxv,

529 4434 737 4506 26.35).

605 4528 657 4582 5.
699 4529 877 4599 Itaque
918 4541 971 4587 et
1015 4546 1256 4605 sumptus
1299 4538 1362 4592 ad
1395 4540 1578 4595 turrim
1626 4543 2008 4612 aedificandam,
2057 4559 2110 4605 et

530 4617 835 4675 bellantium
869 4624 884 4654 ¹
918 4626 1141 4680 valentia
1181 4629 1363 4684 decem
1404 4633 1621 4688 millium
1648 4635 1900 4693 adversus
1929 4657 2106 4711 regem

526 4710 612 4779 qui
642 4712 824 4779 viginti
856 4713 1028 4779 habet,
1069 4719 1197 4774 nihil
1248 4731 1328 4775 est
1356 4723 1496 4778 aliud
1526 4741 1683 4795 quam
1731 4737 1792 4783 ut
1837 4710 2108 4789 renuntiet

526 4805 883 4874 unusquisque
909 4809 1154 4864 omnibus
1183 4815 1299 4880 quin
1344 4823 1467 4868 sunt
1497 4817 1632 4882 ejus.
1680 4819 1989 4877 Prmlncutio
2013 4841 2106 4878 au-

524 4901 629 4946 tem
657 4896 902 4965 superior
929 4914 1048 4954 cum
1075 4911 1308 4957 extrema
1331 4906 1671 4963 conclusione
1698 4915 2001 4970 concordat.
2047 4918 2104 4972 ln

522 4999 587 5038 eo
629 4987 767 5040 enim
798 4991 937 5055 quod
982 4994 1345 5064 unusquisque
1391 5001 1659 5055 renuntiat
1697 5004 1941 5060 omnibus
1986 5023 2104 5076 qua:

522 5084 645 5128 sunt
673 5076 807 5146 ejus,
855 5081 1015 5135 etiam
1063 5083 1188 5138 illud
1233 5088 1551 5156 continetur,
1583 5100 1642 5146 ut
1685 5093 1857 5149 oderit
1900 5105 2101 5166 patrem

522 5179 698 5232 suum,
729 5176 783 5223 et
809 5180 1054 5236 matrem,
1084 5182 1138 5229 et
1172 5191 1412 5245 uxorem,
1458 5176 1515 5236 et
1541 5182 1695 5251 filios,
1733 5193 1784 5239 et
1810 5184 2020 5250 fratres,
2050 5199 2104 5246 et

519 5270 750 5325 sorores,
778 5259 949 5316 adhuc
968 5265 1259 5320 etauimam
1277 5282 1448 5324 suam.
1481 5273 1667 5328 Omnia
1693 5277 1833 5331 enim
1853 5277 1963 5333 bzec
1977 5295 2100 5349 pro-

581 5394 596 5424 ί
624 5400 726 5444 MSS.
752 5393 920 5458 plures
939 5400 1180 5460 omittunt,
1203 5401 1493 5456 bellantium.

580 5476 650 5552 (μ)
671 5484 860 5552 Erasmo
883 5483 1037 5552 visum
1059 5491 1135 5533 est
1152 5483 1275 5536 hanc
1297 5488 1549 5552 Epistulam
1574 5490 1828 5552 plurimum
1851 5496 2100 5548 dissonare

515 5549 542 5584 a
568 5538 722 5608 phrasi
747 5543 1012 5608 Augustini,
1044 5557 1258 5608 esseque
1281 5538 1472 5601 Paulino
1495 5538 2099 5608 triiiueud-zit—uféui‘refra:

513 5606 688 5674 {rapitur
705 5607 719 5647 1
723 5599 1024 5674 ._ovanicnscs
1039 5599 1268 5674 frbeologi
1283 5624 1298 5668 ;
1316 5599 1959 5674 quij'me'cum't—ldssidiusjn

513 5658 639 5743 adp:
659 5663 1072 5743 ς’...ῖζεςρρέςςξιὶ
1085 5674 1214 5743 Laeto
1220 5658 1490 5743 tepisftﬁolaiu
1507 5658 1667 5743 iis“;
1679 5658 2098 5743 ξ’ὲῖιῖίᾷὖὲἘῖὦῶ

513 5721 639 5770 Beda
664 5721 894 5787 vulgatus
911 5726 959 5776 in
983 5735 996 5776 ι
1013 5728 1072 5778 ad
1089 5731 1210 5780 Tim.
1230 5721 1286 5796 5',
1323 5721 1704 5797 ingenuast
1721 5721 1970 5804 ﬁatut".

1767 312 1824 368 S.
1865 307 2226 368 AUGUSTINI
2264 309 2563 369 EPISCOPI

3689 330 3822 388 1036

2240 425 2352 493 pria
2378 426 2494 496 ejus
2517 437 2658 494 sunt,
2683 444 2802 500 quae
2829 431 3135 505 plerumque
3161 434 3431 506 implicant
3449 446 3503 494 et
3523 439 3820 512 impediunt

2239 516 2303 569 ad
2321 519 2626 585 obtinenda,
2657 537 2759 577 non
2784 523 2880 577 ista
2906 527 3110 596 propria
3131 531 3488 598 temporaliter
3507 536 3814 603 transitura,

2169 645 2171 647 -
2237 606 2332 661 sed
2365 608 2416 662 in
2445 618 2699 665 aeternum
2744 628 2990 669 mansura
3018 618 3336 672 communia.
3388 620 3506 688 Quo
3547 623 3692 678 enim
3726 626 3815 681 tibi

2238 713 2376 753 nunc
2403 703 2643 770 quzedam
2679 703 2871 758 mulier
2895 715 3064 760 mater
3085 716 3184 770 est,
3216 707 3315 762 hoe
3345 710 3458 778 ipso
3486 713 3670 782 utique
3700 731 3807 770 non

2235 799 2313 844 est
2345 799 2398 844 et
2435 792 2580 846 mihi.
2627 793 2958 865 Quapropter
2999 797 3099 852 hoc
3126 801 3420 869 temporale
3445 817 3507 857 ac
3551 806 3812 860 transito-

2235 879 2370 933 rium
2397 892 2478 936 est
2510 899 2525 936 :
2553 883 2687 937 sicut
2717 885 2968 941 transisse
2991 886 3100 957 jam
3129 889 3276 943 vides
3300 892 3436 960 quod
3469 901 3521 946 te
3545 897 3814 967 concepit,

2232 972 2373 1040 quod
2404 976 2628 1043 gestavit
2658 984 2824 1042 utero,
2859 979 2997 1046 quod
3036 983 3262 1050 peperit,
3309 985 3448 1054 quod
3479 985 3617 1042 lacte
3645 990 3813 1042 nutri-

2233 1063 2326 1115 vit.
2376 1064 2524 1130 Quod
2553 1074 2728 1122 autem
2773 1083 2926 1123 soror
2952 1069 3003 1124 in
3030 1070 3242 1126 Christo
3284 1083 3385 1139 est,
3416 1084 3470 1129 et
3499 1077 3592 1130 tibi
3633 1086 3718 1132 est
3762 1087 3816 1132 ct

2213 1152 2381 1216 mihi,
2409 1155 2468 1208 'et
2493 1157 2737 1211 omnibus
2765 1159 2957 1229 quibus
2992 1177 3092 1215 una
3139 1164 3370 1219 caelestis
3415 1164 3722 1233 litereditas,
3755 1179 3810 1225 et

2235 1254 2382 1311 pater
2423 1246 2582 1311 Dens,
2617 1256 2668 1304 et
2713 1249 2876 1305 frater
2917 1251 3179 1319 Christus,
3209 1255 3261 1308 in
3307 1256 3492 1310 eadem
3537 1257 3812 1314 charitatis

2231 1334 2484 1390 societate
2529 1340 2872 1406 promittitur.
2922 1342 3046 1397 llzec
3091 1355 3288 1399 aeterna
3316 1356 3479 1411 sunt;
3509 1347 3624 1402 haec
3672 1351 3812 1405 nulla

2209 1429 2486 1496 temporis
2510 1431 2627 1485 labe
2653 1432 2998 1500 deteruntur;
3033 1435 3144 1491 btec
3172 1446 3318 1492 tanto
3349 1439 3554 1493 firmius
3579 1440 3810 1496 tenenda

2230 1528 2530 1586 sperantur,
2551 1530 2746 1590 quanto
2772 1525 2945 1578 minus
2966 1526 3193 1595 privato,
3222 1528 3313 1584 sed
3339 1531 3611 1585 communi
3639 1533 3818 1602 potius

2225 1605 2345 1676 jure
2368 1609 2649 1667 obtinenda
2678 1615 3050 1682 prazdicantnr.

2297 1699 2353 1754 4.
2387 1699 2544 1756 Potes
2564 1702 2664 1758 hoc
2686 1703 2934 1762 facillime
2956 1708 3006 1761 in
3031 1708 3139 1776 ipsa
3165 1719 3248 1764 tua
3275 1720 3446 1768 matre
3461 1728 3812 1784 cognoscere.

2227 1788 2358 1844 Nam
2389 1792 2529 1849 unde
2569 1806 2620 1850 te
2662 1812 2802 1851 nunc
2831 1798 3086 1852 irretitum
3122 1799 3359 1868 involvit,
3399 1803 3546 1856 etab
3571 1803 3814 1860 instituto

2227 1895 2385 1938 cursu
2424 1886 2746 1942 retardatum
2794 1888 3018 1944 reflectit
3041 1901 3094 1946 et
3117 1903 3320 1958 curvat,
3349 1894 3450 1948 nisi
3481 1911 3545 1948 ex
3588 1911 3700 1965 quo
3727 1905 3814 1951 tua

2229 1977 2440 2047 propria
2470 1989 2640 2034 mater
2666 1981 2789 2035 est?
2813 1981 2943 2037 Nam
2973 1999 3039 2038 ex
3083 2000 3189 2054 quo
3234 1999 3388 2040 soror
3413 1996 3495 2041 est
3534 1989 3811 2053 omnium,

2227 2070 2420 2139 quibus
2443 2078 2525 2125 est
2566 2080 2714 2140 pater
2741 2074 2878 2129 Dens
2906 2084 2958 2129 et
2988 2085 3158 2131 mater
3185 2077 3442 2144 Ecclesia,
3485 2085 3595 2133 tam
3628 2089 3681 2133 te
3707 2095 3811 2136 non

2227 2160 2466 2229 impedit,
2508 2179 2664 2232 quam
2705 2180 2876 2234 neque
2917 2181 3022 2232 me,
3065 2183 3237 2237 neque
3266 2183 3453 2224 omnes
3481 2168 3674 2226 fratres
3715 2186 3813 2225 no-

2230 2260 2390 2319 stros,
2427 2254 2513 2322 qui
2544 2269 2659 2307 eam
2689 2272 2791 2308 non
2823 2257 3043 2325 privata,
3072 2259 3208 2312 sicut
3237 2268 3288 2312 tu
3320 2261 3374 2314 in
3404 2260 3565 2314 domo
3592 2272 3770 2317 vestra
3795 2305 3812 2329 ,

2229 2341 2319 2395 sed
2353 2342 2558 2410 publica
2603 2344 2654 2397 in
2681 2345 2842 2399 domo
2869 2347 2959 2401 Dei
3008 2347 3267 2403 cbaritate
3313 2349 3602 2418 diligimus.
3663 2354 3810 2420 Quod

2227 2448 2354 2502 ergo
2385 2443 2437 2487 tu
2473 2435 2545 2489 illi
2578 2437 2736 2490 etiam
2758 2439 2954 2491 carnali
2983 2441 3372 2494 necessitudine
3395 2443 3718 2508 auuecteris,
3746 2447 3810 2498 ad

2228 2535 2427 2580 sortem
2459 2527 2632 2582 valere
2657 2528 2816 2584 debet
2846 2529 3152 2585 familiarius
3191 2533 3546 2603 colloquendi,
3577 2546 3631 2590 et
3661 2551 3813 2604 aper-

2231 2615 2364 2671 tiore
2387 2618 2545 2685 janna
2572 2621 2881 2675 consulendi
2911 2631 2965 2676 ut
3002 2622 3104 2678 hoc
3133 2625 3326 2693 ipsum,
3356 2640 3460 2695 quo
3487 2633 3539 2680 te
3566 2627 3808 2695 privatim

2228 2706 2416 2777 diligit,
2461 2709 2808 2766 interficiatur
2851 2714 2901 2767 in
2931 2729 3014 2779 ea,
3066 2731 3134 2770 ne
3176 2716 3317 2785 quod
3354 2732 3418 2770 ex
3452 2725 3604 2770 utero
3635 2733 3732 2773 suo
3761 2728 3811 2774 te

2227 2799 2428 2866 genuit,
2459 2801 2622 2867 pluris
2661 2803 2878 2872 pendat,
2909 2820 3065 2875 quam
3109 2807 3248 2876 quod
3277 2823 3341 2862 ex
3372 2818 3524 2863 utero
3555 2809 3808 2865 Ecclesiae

2225 2889 2401 2957 genita
2429 2899 2510 2944 est
2539 2899 2731 2946 tecum.
2778 2894 2929 2961 Quod
2955 2905 3130 2949 autem
3156 2897 3224 2952 de
3265 2907 3432 2954 matre
3457 2899 3588 2964 dixi,
3618 2899 3722 2955 hoc
3747 2901 3810 2956 de

2227 2980 2317 3034 tali
2340 2990 2532 3037 caetera
2561 2984 2946 3054 propinquitate
2967 2987 3360 3058 intelligendum
3386 2998 3485 3044 est.
3517 2990 3632 3045 lloc
3651 2992 3808 3046 etiam

2225 3072 2446 3143 quisque
2474 3073 2542 3130 de
2565 3077 2738 3130 anima
2770 3092 2863 3132 sua
2893 3080 3106 3148 cogitet,
3141 3089 3198 3134 nt
3225 3081 3382 3136 etiam
3412 3082 3464 3135 in
3493 3082 3608 3152 ipsa
3638 3085 3810 3152 priva.

2227 3171 2336 3219 tum
2360 3166 2606 3222 an‘ectum
2634 3169 2822 3236 oderit,
2846 3171 2934 3240 qui
2960 3172 3140 3240 procul
3168 3173 3328 3228 dubio
3354 3177 3665 3244 temporalis
3693 3187 3805 3232 est:

2209 3259 2406 3330 .diligat
2461 3271 2638 3316 autem
2687 3263 2738 3316 in
2793 3280 2852 3317 ea
2909 3267 3338 3323 communionem
3391 3269 3809 3340 societatemque

2225 3349 2365 3402 illam
2391 3393 2406 3416 ,
2452 3351 2518 3406 de
2545 3368 2646 3422 qua
2689 3352 2884 3407 dictum
2914 3365 3016 3420 est,
3049 3354 3177 3410 Erat
3220 3357 3324 3411 illis
3367 3357 3417 3411 in
3447 3357 3610 3412 Deum
3639 3361 3808 3413 anima

2223 3457 2326 3494 una
2351 3451 2397 3495 et
2434 3459 2522 3496 cor
2559 3459 2715 3496 unum
2758 3445 2891 3514 (Act.
2937 3462 3010 3513 IV,
3058 3446 3170 3518 52).
3213 3447 3300 3502 Sic
3329 3449 3470 3503 enim
3510 3451 3687 3504 anima
3721 3461 3804 3504 tua

2222 3551 2328 3591 non
2355 3545 2436 3592 est
2465 3539 2693 3606 propria,
2721 3538 2814 3593 sed
2841 3541 3076 3594 omnium
3106 3541 3358 3604 fratrum;
3390 3558 3615 3610 quorum
3645 3545 3803 3598 etiam

2221 3631 2411 3682 animae
2443 3638 2544 3683 tum
2573 3640 2714 3696 sunt,
2763 3632 2844 3686 vel
2888 3634 3061 3701 potius
3099 3649 3320 3702 qnormn
3350 3635 3541 3689 anima:
3569 3651 3692 3690 cum
3723 3646 3802 3689 tua

2221 3734 2326 3772 non
2353 3719 2564 3782 animae,
2591 3721 2683 3775 sed
2715 3722 2888 3775 anima
2921 3737 3020 3776 una
3047 3733 3148 3790 est,
3175 3723 3369 3779 Christi
3397 3727 3573 3788 unica,
3601 3743 3722 3796 quae
3742 3727 3805 3781 de

2221 3824 2380 3863 manu
2407 3811 2554 3865 canis
2573 3819 2881 3878 utcruatur,
2903 3823 3148 3868 cantatur
3167 3816 3218 3869 in
3246 3817 3468 3872 Psalm’s
3496 3817 3670 3887 (Psal.
3697 3833 3800 3881 nt,

2218 3898 2346 3969 21).
2388 3898 2515 3954 lnde
2560 3900 2627 3955 ad
2668 3910 3030 3972 contemptum
3079 3906 3266 3959 mortis
3312 3906 3562 3962 facillime
3611 3923 3804 3978 perve-

2219 3992 2380 4045 nitur.

2289 4085 2343 4138 5.
2383 4084 2493 4140 Nec
2519 4097 2863 4143 succenseant
2891 4098 3138 4159 parentes
3168 4089 3267 4144 hoc
3301 4093 3589 4160 prmcipere
3615 4093 3802 4148 Domi-

2219 4191 2343 4230 num
2388 4185 2445 4231 ut
2471 4191 2565 4231 eos
2605 4178 2893 4246 oderimus,
2939 4182 3150 4250 quando
3195 4183 3346 4238 nobis
3390 4183 3491 4239 hoc
3528 4184 3597 4240 de
3625 4186 3800 4240 anima

2218 4279 2396 4324 nostra
2429 4272 2747 4340 prmcipilnr.
2777 4273 2906 4327 Nam
2938 4275 3070 4329 sicut
3100 4292 3238 4329 nunc
3264 4275 3331 4331 dc
3361 4278 3533 4331 anima
3559 4277 3798 4346 jubetur,

2219 4370 2274 4415 ut
2299 4377 2414 4416 eam
2447 4373 2661 4432 propter
2687 4364 2952 4420 Christum
2995 4382 3114 4420 cum
3147 4368 3447 4436 parentibus
3485 4369 3795 4434 oderimus;

2217 4452 2284 4506 ita
2323 4454 2463 4523 quod
2493 4456 2596 4509 alio
2627 4455 2742 4511 loco
2768 4457 2834 4511 de
2875 4458 3047 4512 anima
3086 4458 3225 4512 idem
3271 4460 3525 4514 Dominus
3564 4458 3714 4524 dicit,
3746 4461 3795 4514 in

2215 4555 2459 4612 parentes
2505 4561 2712 4616 quoque
2756 4555 2930 4617 potest
2958 4550 3430 4618 congruentissime
3461 4552 3751 4607 convenire
3780 4571 3793 4607 :

2217 4635 2314 4700 Qui
2343 4644 2498 4696 amat,
2530 4637 2716 4704 inquit,
2746 4639 2965 4692 animum
2986 4657 3147 4702 suam,
3177 4641 3347 4709 perdet
3367 4657 3477 4695 eam
3499 4641 3681 4708 (Joan.
3700 4660 3791 4710 xu,

2210 4723 2324 4792 25).
2360 4725 2535 4781 Dicam
2566 4726 2722 4781 etiam
2757 4729 2978 4784 fidenter
3009 4747 3022 4783 :
3051 4730 3149 4797 Qui
3181 4741 3320 4785 amat
3351 4743 3600 4801 parentes
3627 4749 3754 4787 suos
3777 4775 3790 4798 ,

2210 4815 2396 4886 perdet
2417 4833 2526 4872 eos.
2557 4819 2632 4873 De
2651 4819 2824 4874 anima
2847 4821 3040 4891 quippe
3066 4822 3165 4877 hoc
3187 4823 3255 4877 ibi
3277 4821 3428 4888 dixit,
3452 4825 3632 4888 oderit,
3652 4825 3792 4896 quod

2213 4907 2318 4968 hic.
2344 4910 2529 4978 perdet.
2563 4911 2711 4966 Sicut
2731 4922 2905 4967 autem
2937 4915 3037 4969 hoc
3061 4925 3402 4985 praeceptum,
3431 4931 3536 4985 quo
3564 4919 3788 4986 perdere

2205 4998 2454 5069 iubemur
2480 5001 2710 5057 animam
2737 5014 2993 5072 nostram,
3021 5022 3126 5061 non
3153 5007 3219 5062 ad
3247 5007 3298 5061 id
3328 5009 3466 5064 valet
3487 5017 3542 5062 ut
3563 5024 3622 5064 se
3643 5010 3792 5080 quis-

2209 5108 2314 5163 que
2342 5094 2629 5162 interimat,
2673 5098 2813 5165 quod
2858 5095 3174 5168 inexpiabile
3209 5099 3358 5155 nefas
3383 5109 3495 5165 est;
3528 5109 3583 5154 et
3612 5111 3788 5158 tamen

2208 5185 2348 5239 valet
2374 5193 2430 5239 ut
2473 5185 2740 5242 interimat
2786 5187 2838 5243 in
2876 5204 2933 5244 sc
2959 5190 3224 5245 carnalem
3268 5191 3458 5246 anima:
3498 5192 3747 5247 affectum
3772 5235 3786 5254 .

2207 5290 2316 5346 quo
2337 5291 2456 5331 cum
2499 5277 2878 5347 impedimento
2916 5279 3106 5336 futura:
3133 5282 3253 5337 vita:
3291 5297 3528 5352 praesens
3552 5285 3661 5338 vita
3699 5284 3789 5338 de-

2205 5366 2398 5432 lectat;
2432 5367 2531 5423 hoc
2561 5380 2643 5423 est
2666 5372 2806 5425 enim
2833 5371 2974 5442 quod
3013 5372 3209 5428 dictum
3238 5382 3340 5439 est,
3381 5375 3540 5429 oderit
3565 5377 3787 5430 animum

2205 5476 2370 5525 suam,
2424 5469 2497 5524 et,
2545 5462 2717 5530 perdet
2765 5480 2875 5517 eam
2907 5479 2927 5518 :
2965 5465 3106 5534 quod
3157 5474 3330 5521 tamen
3375 5466 3644 5537 diligendo
3687 5468 3784 5532 fit;

2205 5551 2628 5620 tptaudoquidem
2673 5555 3008 5622 apertissime
3053 5557 3276 5612 fructum
3323 5558 3564 5627 ejusdem
3595 5559 3785 5615 anima:

2205 5643 2556 5713 acquirendae,
2584 5644 2636 5698 in
2662 5645 2848 5700 eodem
2878 5656 3142 5717 praecepto
3170 5658 3554 5705 commemorat
3579 5649 3784 5714 dicens,

2208 5732 2309 5799 Qui
2353 5733 2625 5805 perdiderit
2654 5753 2764 5792 eam
2801 5738 2852 5792 in
2895 5736 2990 5792 isto
3025 5737 3229 5806 seculo,
3273 5738 3326 5794 in
3366 5739 3519 5796 vitam
3545 5750 3787 5796 attentam
