4084 6332
279 386 409 443 1057

279 499 490 558 inveniet
517 513 627 551 eam
654 510 671 550 :
696 495 767 550 ita
808 492 874 548 de
900 488 1206 563 parentibus
1247 487 1540 541 rectissime
1578 484 1768 538 dicitur
1797 493 1857 537 ut

278 592 368 662 qui
407 604 500 643 eos
546 596 709 652 amat,
757 583 941 653 perdat
980 594 1112 644 eos;
1146 592 1247 631 non
1286 591 1435 630 more
1478 574 1859 645 parricidarum

282 683 623 742 interﬁciens,
669 677 761 731 sed
788 673 1047 745 spirituali
1088 669 1264 740 gladio
1295 667 1442 722 verbi
1474 666 1560 719 Dei
1593 666 1859 719 carnalem

283 775 528 828 affectum
550 785 757 832 eorum,
781 783 884 835 quo
905 774 959 819 et
978 766 1200 832 seipsos,
1224 770 1276 814 et
1296 776 1391 815 eos
1411 772 1545 827 quos
1567 764 1864 825 genuerunt

284 862 688 934 implicameutis
742 858 897 928 hujus
943 855 1122 911 satculi
1170 854 1403 921 obligare
1449 857 1726 908 cooautur,
1780 847 1864 914 pie

286 958 612 1023 ﬁdenterque
639 951 937 1021 percutiens
963 957 1015 1001 et
1043 945 1310 1007 occidens,
1347 941 1471 995 illud
1502 942 1553 993 in
1576 941 1655 993 eis
1682 940 1862 992 vivere

286 1046 461 1109 faciat,
491 1057 596 1112 quo
623 1042 811 1095 fratres
852 1046 994 1102 sunt,
1026 1049 1129 1100 quo
1162 1049 1283 1088 cum
1311 1032 1432 1084 ﬁliis
1457 1031 1568 1083 suis
1596 1038 1864 1097 tempora-

286 1136 442 1199 libus,
491 1141 737 1202 pareutes
780 1137 1011 1183 teternos
1041 1125 1205 1178 Deum
1234 1120 1632 1188 Ecclesiamque
1670 1131 1868 1187 cogno-

287 1234 461 1280 scunt.

360 1315 413 1368 6.
458 1314 595 1367 Ecce
622 1310 759 1379 rapit
783 1317 833 1363 te
857 1305 1087 1361 studium
1114 1302 1375 1366 veritatis,
1403 1307 1456 1354 et
1481 1296 1865 1369 cognoscenda:

289 1414 448 1475 atque
470 1399 816 1473 percipienda:
843 1396 1124 1451 voluntatis
1153 1394 1244 1449 Dei
1271 1393 1321 1446 in
1338 1390 1625 1460 Scripturis
1646 1389 1863 1455 sanctis;

200 1532 205 1537 η
291 1496 427 1565 rapit
454 1492 771 1562 evangelica:
802 1485 1189 1559 przedieatiouis
1230 1483 1487 1539 ofﬁcimn.
1533 1482 1629 1535 Dat
1660 1482 1868 1551 signum

292 1586 546 1642 Dominus
564 1595 619 1637 ut
639 1582 910 1651 vigilemus
932 1579 984 1632 in
1007 1576 1216 1639 castris,
1242 1584 1298 1629 ut
1316 1573 1637 1628 andiﬁcemus
1659 1571 1867 1635 turrim,

292 1678 360 1733 de
388 1693 489 1747 qua
518 1676 721 1729 hostem
751 1673 1092 1741 sempiterna:
1117 1668 1238 1720 vitae
1263 1673 1317 1720 et
1346 1663 1645 1733 proSpicere
1672 1670 1724 1714 et
1750 1674 1872 1730 pro-

294 1770 496 1840 pellere
523 1766 809 1820 valeamus.
850 1762 1007 1839 ltapit
1032 1758 1250 1813 militem
1277 1753 1471 1809 Christi
1497 1753 1618 1806 tuba
1641 1750 1872 1805 cmlestis

295 1836 360 1915 ad
391 1860 648 1930 prirlium,
677 1867 731 1911 et
761 1836 951 1910 retinet
977 1861 1148 1905 mater
1173 1850 1188 1903 l
1218 1864 1320 1902 non
1348 1848 1504 1918 plane
1532 1845 1671 1909 talis,
1704 1843 1873 1913 qualis

296 1951 713 2008 Machaba‘orum
742 1948 856 2011 fuit,
888 1960 984 1998 nec
1025 1943 1212 1997 saltem
1239 1940 1427 1995 similis
1455 1935 1872 1991 Lacedaemoniis

299 2042 575 2105 matribus,
601 2040 666 2095 de
683 2040 874 2110 quibus
898 2034 1168 2090 memoria";
1191 2030 1452 2102 proditum
1470 2037 1551 2084 est
1576 2027 1715 2097 quod
1739 2027 1875 2081 ﬁlios

300 2150 445 2203 suos,
492 2143 548 2188 ut
593 2148 688 2202 pro
730 2141 937 2186 terrena
989 2125 1156 2196 patria
1197 2121 1507 2192 sanguinem
1556 2119 1872 2184 funderent,

299 2227 469 2281 multo
509 2223 734 2292 amplius
775 2229 932 2289 atque
957 2215 1229 2271 ardentius
1258 2214 1309 2266 in
1336 2211 1624 2267 certamina
1654 2209 1840 2263 bellica
1859 2247 1875 2274 ,

301 2332 460 2387 quam
478 2316 747 2386 signorum
774 2311 977 2366 sonitus
991 2307 1311 2364 excitabant.
1342 2304 1475 2360 Nam
1497 2311 1665 2357 mater
1684 2317 1801 2372 qua:
1826 2310 1878 2357 te

303 2410 370 2466 ad
391 2408 695 2465 discendam
726 2406 886 2461 vitam
908 2400 1168 2458 removeri
1192 2415 1221 2452 a
1249 2398 1391 2453 curis
1409 2394 1751 2451 saecularibus
1772 2407 1877 2447 non

307 2502 582 2574 permittit,
624 2498 753 2553 satis
792 2494 1023 2551 ostendit
1065 2488 1509 2563 quemadmodum
1555 2496 1624 2551 te,
1672 2485 1718 2539 si
1745 2499 1879 2554 opus

306 2602 467 2655 esset,
498 2592 564 2646 ad
593 2588 890 2646 obeundum
933 2594 1157 2641 mortem
1187 2583 1397 2653 penitus
1436 2580 1689 2635 smculum
1724 2593 1882 2648 repn—

307 2686 453 2742 diare
483 2684 825 2755 permitteret.

381 2778 434 2830 7.
472 2774 577 2831 Sed
619 2774 743 2844 quid
769 2771 915 2836 dicit,
958 2778 1048 2824 aut
1073 2767 1196 2839 quid
1226 2765 1459 2837 allegat?
1502 2764 1662 2819 Forte
1696 2762 1880 2818 decem

310 2869 431 2925 illos
460 2881 671 2921 menses
710 2864 901 2933 quibus
925 2861 1128 2915 viscera
1157 2859 1273 2928 ejus
1299 2857 1550 2923 onerasti,
1593 2865 1647 2909 et
1669 2855 1883 2910 dolores

312 2955 693 3029 parturitiouis,
720 2968 782 3007 ac
822 2952 1032 3006 labores
1058 2948 1401 3004 educationis.
1433 2946 1566 3013 Hoc,
1597 2945 1699 3000 hoc
1722 2946 1887 3000 inter-

314 3050 413 3104 tice
443 3047 602 3102 verbo
648 3043 904 3106 salutari;
948 3041 1051 3096 hoc
1091 3039 1253 3110 perde
1297 3038 1502 3101 matris,
1545 3048 1600 3091 ut
1628 3038 1681 3090 in
1724 3037 1885 3091 vitam

315 3150 567 3196 mternam
588 3137 825 3192 invenias
848 3149 985 3190 eam.
1018 3132 1131 3186 [loc
1157 3139 1423 3186 memento
1449 3138 1504 3182 ut
1527 3129 1704 3183 oderis
1725 3128 1778 3182 in
1798 3143 1882 3194 ca,

316 3230 361 3284 si
386 3228 563 3299 diligis
581 3243 716 3291 eam,
749 3226 795 3280 si
826 3226 926 3279 tiro
952 3222 1150 3278 Christi
1177 3236 1256 3286 es,
1286 3220 1330 3273 si
1362 3221 1521 3273 turris
1547 3217 1885 3273 fundamenta

319 3320 538 3392 posuisti
562 3337 576 3384 ;
606 3335 671 3375 ne
696 3318 873 3372 dicant
896 3322 1227 3371 transeuntes
1256 3330 1269 3365 :
1302 3312 1400 3365 llic
1421 3312 1569 3365 homo
1592 3313 1737 3381 cmpit
1757 3311 1884 3365 tedi-

318 3412 489 3481 ﬁcare,
534 3420 704 3464 etnon
732 3407 889 3477 potuit
937 3406 1193 3474 perﬁcere.
1242 3401 1477 3458 Carnalis
1503 3402 1643 3456 enim
1672 3401 1889 3456 affectus

319 3508 400 3555 est
428 3500 545 3565 istc,
573 3508 626 3552 et
649 3498 822 3551 adhuc
844 3503 1077 3550 veterem
1098 3492 1367 3547 hominem
1395 3500 1567 3546 sonat.
1600 3491 1749 3545 Hunc
1769 3505 1889 3544 car-

320 3593 492 3648 nalem
539 3591 802 3654 affectum,
853 3597 909 3643 et
946 3589 1000 3642 in
1046 3586 1199 3641 nobis
1237 3593 1292 3638 et
1334 3585 1385 3639 in
1435 3584 1650 3644 nostris,
1704 3582 1885 3636 militia

321 3685 603 3740 christiana
645 3690 703 3736 ut
731 3682 1051 3750 perimamus
1080 3677 1356 3741 hortatur;
1390 3688 1489 3729 nec
1534 3683 1707 3727 tamen
1736 3672 1808 3726 ita
1839 3681 1896 3725 ut

322 3780 555 3848 ingratus
582 3776 651 3829 sit
676 3775 899 3843 quisque
927 3770 1251 3841 parentibus,
1283 3774 1337 3821 et
1363 3765 1549 3820 eadem
1581 3764 1693 3833 ipsa
1729 3764 1893 3817 benc-

323 3871 441 3925 ﬁcia
467 3868 655 3939 quibus
698 3868 751 3921 in
791 3867 950 3919 vitam
999 3864 1133 3917 hanc
1179 3860 1373 3921 editus,
1420 3866 1697 3925 susceptus
1739 3864 1897 3924 atque

323 3964 551 4021 nutritus
591 3969 692 4024 est,
723 3966 1030 4013 enumerata
1059 3953 1314 4008 derideat.
1355 3950 1543 4004 Servet
1569 3947 1745 4018 potius
1786 3947 1901 4000 ubi-

324 4070 429 4126 que
471 4052 719 4124 pietatem
752 4066 764 4100 :
796 4047 1026 4102 habeant
1063 4045 1177 4098 haec
1214 4043 1387 4096 locum
1426 4040 1512 4093 ubi
1561 4038 1763 4106 majora
1794 4053 1897 4091 non

329 4153 537 4200 vocant.

398 4236 453 4293 8.
492 4235 659 4291 Mater
704 4228 959 4293 Ecclesia,
1011 4233 1181 4281 mater
1223 4230 1307 4279 est
1342 4222 1500 4277 etiam
1547 4218 1733 4297 matris
1776 4226 1899 4272 tuae.

328 4328 455 4384 Haec
475 4340 570 4381 vos
592 4324 662 4381 de
688 4321 898 4379 Christo
912 4315 1173 4387 concepit,
1201 4314 1317 4368 bene
1334 4322 1623 4382 martyrum
1644 4307 1899 4377 sanguine

331 4415 625 4488 parturivit,
669 4413 784 4467 haec
825 4412 876 4465 in
906 4408 1280 4479 sempiternam
1319 4404 1491 4458 lucem
1524 4399 1744 4470 peperit,
1791 4397 1907 4453 haze

334 4509 457 4564 ﬁdei
485 4508 619 4562 laete
648 4503 867 4560 nutrivit
903 4509 956 4556 et
982 4497 1168 4563 nutrit,
1208 4496 1462 4563 cibosque
1500 4491 1729 4558 majores
1769 4505 1905 4558 plic-

332 4613 547 4670 parans,
591 4594 733 4666 quod
760 4592 935 4647 adhuc
962 4588 1162 4660 parvuli
1207 4594 1261 4639 et
1298 4583 1413 4638 sine
1456 4580 1702 4636 dentibus
1731 4579 1908 4650 vagire
1968 4576 1969 4579 “

334 4669 515 4755 vultis,
546 4684 822 4740 horrescit.
871 4683 995 4736 Haec
1023 4686 1193 4733 mater
1238 4683 1348 4730 toto
1386 4672 1517 4727 orbe
1561 4669 1770 4735 diffusa,
1803 4677 1909 4722 tam

336 4782 496 4837 variis
532 4788 586 4836 et
624 4775 1001 4846 multiplicibus
1026 4784 1265 4827 errorum
1293 4762 1718 4822 infestationibus
1742 4762 1909 4830 agita-

340 4886 444 4938 tur,
474 4880 531 4926 ut
557 4869 776 4925 abortivi
817 4868 926 4936 jam
966 4863 1058 4918 lilii
1106 4863 1221 4932 ejus
1248 4859 1501 4914 adversus
1527 4870 1644 4909 eam
1688 4852 1910 4907 infrenis

341 4965 503 5019 armis
543 4962 856 5030 belligerare
884 4972 989 5011 non
1031 4954 1290 5009 dubitent.
1334 4948 1539 5018 Ignavia
1570 4946 1728 4999 etiam
1757 4953 1915 5014 atque

344 5067 557 5125 torpore
598 5049 947 5122 quorumdam
992 5060 1125 5115 quos
1150 5042 1354 5114 gremio
1391 5040 1646 5103 continet,
1677 5038 1915 5093 membra

342 5162 436 5200 sua
481 5143 773 5214 frigescere
826 5137 1067 5208 plurimis
1116 5133 1247 5187 locis
1297 5139 1351 5185 et
1392 5128 1633 5183 fovendis
1686 5127 1917 5197 parvulis

345 5238 518 5291 minus
544 5233 731 5289 idonea
760 5229 890 5283 ﬁeri
942 5227 1103 5281 dolet.
1143 5222 1297 5279 Unde
1342 5220 1441 5274 nisi
1482 5233 1576 5288 per
1600 5220 1732 5272 alios
1758 5218 1914 5283 ﬁlios,

345 5328 485 5383 unde
514 5325 614 5380 nisi
639 5338 734 5393 per
759 5321 860 5375 alia
888 5317 1146 5381 membra,
1176 5327 1396 5383 quorum
1425 5326 1456 5364 e
1484 5324 1706 5363 numero
1732 5324 1809 5372 es,
1833 5323 1918 5376 ju-

346 5428 485 5470 stum
512 5429 574 5469 ac
596 5411 830 5468 debitum
859 5407 1029 5477 poscit
1057 5401 1346 5459 auxilium?
1376 5398 1612 5467 Hujusne
1651 5409 1704 5452 tu
1729 5413 1913 5452 neces-

346 5509 530 5564 sitates
548 5505 819 5569 deserens,
841 5500 908 5555 ad
928 5497 1159 5555 carnalia
1181 5494 1337 5550 verba
1353 5489 1711 5547 converteris?
1733 5489 1919 5543 Nonne

350 5600 465 5653 haec
488 5594 820 5667 gravioribus
834 5589 1066 5661 querelis
1085 5587 1297 5641 insonat
1320 5581 1578 5638 auribus?
1608 5594 1784 5635 nonne
1807 5578 1921 5632 haec

348 5686 592 5743 cbariora
641 5687 863 5749 viscera,
895 5689 949 5737 et
981 5677 1215 5734 scelestia
1262 5675 1426 5730 ubera
1465 5670 1733 5727 ostentat?
1769 5668 1919 5725 Adde

353 5782 445 5838 viri
464 5781 575 5851 ejus
597 5777 989 5847 susceptionem
1004 5770 1205 5840 carnis,
1219 5782 1286 5824 ne
1300 5765 1594 5822 carnalibus
1611 5762 1918 5829 inbzereres,

1456 371 1923 427 EPISTOIARUM
1964 368 2234 425 CLASSiS
2274 368 2345 427 [Y-

3398 372 3531 427 1038

1964 493 2018 537 et
2035 482 2251 537 aVerbo
2272 489 2471 535 aeterno
2498 480 2738 535 universa
2758 495 2874 550 qua:
2893 480 2982 535 tibi
3004 488 3169 536 mater
3191 483 3533 551 improperat,

1966 592 2031 629 ne
2059 575 2140 628 his
2179 574 2521 643 implicareris
2544 582 2844 641 assumpta;
2872 574 3004 627 adde
3038 577 3405 643 contumelias,
3441 578 3534 631 ﬁa-

1966 668 2118 734 gella,
2158 679 2397 729 mortem,
2435 676 2657 719 mortem
2684 677 2859 720 autem
2887 667 3078 720 crucis.

2038 760 2089 814 9.
2131 760 2345 813 Talibus
2364 769 2615 828 concepte
2637 760 2943 823 seminibus,
2973 760 3167 829 talique
3193 760 3245 813 in
3264 760 3421 817 vitam
3443 775 3539 813 no-

1966 864 2084 903 vam
2113 850 2376 903 connubio
2407 859 2696 918 procreato,
2726 850 3017 917 lauguescis
3042 858 3095 903 et
3124 851 3450 904 centabescis
3485 851 3537 905 in

1968 955 2197 997 veterem
2213 942 2501 996 hominem!
2530 941 2668 995 Itane
2681 952 2900 996 matrem
2919 950 3180 994 terrenam
3195 957 3297 993 non
3314 940 3542 997 habebat

1969 1033 2259 1101 Imperator
2276 1032 2432 1086 tuus?
2461 1034 2588 1098 Quas
2611 1042 2784 1086 t:uueu
2802 1048 2921 1084 cum
2944 1036 2991 1084 ei
3014 1031 3344 1086 nuntiaretur
3364 1034 3540 1101 agenti

1968 1123 2225 1189 cmlestia,
2256 1123 2527 1193 respondit
2554 1140 2568 1177 :
2602 1122 2731 1187 Quae
2749 1122 2872 1175 milii
2897 1131 3077 1185 mater,
3104 1131 3187 1175 aut
3211 1123 3296 1192 qui
3323 1123 3503 1190 fratres
3520 1124 3545 1175 ?

1971 1215 2038 1269 Et
2065 1215 2354 1269 extendens
2395 1230 2606 1268 manum
2645 1215 2695 1267 in
2736 1214 3021 1283 discipulos
3070 1228 3211 1277 suos,
3259 1214 3391 1268 dixit
3438 1230 3548 1269 non

1971 1305 2234 1373 pertinere
2261 1304 2326 1358 ad
2354 1304 2721 1373 cognationem
2751 1318 2922 1370 suam,
2947 1304 3044 1357 nisi
3074 1304 3161 1373 qui
3189 1302 3425 1358 facerent
3450 1318 3548 1357 v0-

1972 1395 2225 1450 luntatem
2252 1395 2421 1449 Patris
2450 1397 2563 1463 ejus
2593 1394 2805 1462 (Manli.
2838 1411 2937 1459 ιιι,
2964 1395 3174 1466 48-50).
3217 1394 3270 1448 lu
3302 1410 3407 1465 quo
3444 1412 3547 1450 nu-

1974 1503 2122 1545 mero
2144 1488 2380 1559 profecto
2405 1489 2561 1542 etiam
2589 1488 2752 1557 ipsam
2779 1487 2995 1541 Mariam
3018 1488 3276 1558 benignus
3300 1488 3546 1552 inclusit;

1975 1581 2198 1636 faciebat
2222 1581 2362 1634 enim
2394 1588 2449 1635 et
2488 1580 2575 1634 illa
2601 1580 2922 1634 voluntatem
2966 1579 3159 1634 Patris.
3209 1579 3285 1633 Ita
3315 1580 3550 1650 optimus

1975 1670 2223 1739 Magister
2246 1680 2404 1740 atque
2427 1670 2662 1737 divinus,
2690 1679 2745 1726 et
2770 1680 3068 1725 maternum
3091 1684 3304 1733 nomen,
3336 1669 3475 1737 quod
3497 1670 3549 1723 ei

1976 1763 2123 1830 quasi
2148 1762 2405 1830 privatum
2436 1761 2807 1831 propriumque
2830 1761 3217 1826 nuntiaverant,
3242 1760 3366 1829 quia
3396 1769 3555 1814 terre-

1976 1868 2101 1906 num
2144 1864 2277 1919 erat,
2324 1853 2377 1907 in
2422 1854 2817 1923 comparatione
2858 1853 3089 1907 caelestis
3139 1852 3550 1921 propinquitatis

1978 1943 2171 2010 abjecit
2203 1962 2217 1997 :
2248 1953 2301 1998 et
2329 1944 2572 1999 eamdem
2601 1945 2870 1999 coalestcm
2903 1942 3346 2013 prOpinquitatem
3378 1942 3428 1995 in
3468 1941 3554 1995 di-

1978 2034 2196 2102 scipulis
2222 2034 2331 2088 suis
2360 2049 2799 2097 commemorans,
2830 2050 2934 2103 quo
2962 2034 3061 2088 sibi
3095 2049 3303 2087 rursum
3331 2046 3555 2085 consor-

1980 2126 2052 2179 tio
2078 2127 2288 2195 generis
2333 2142 2451 2180 cum
2478 2127 2685 2181 cancris
2709 2128 2905 2180 sanctis
2929 2127 3077 2196 virgo
3104 2124 3190 2179 illa
3229 2124 3556 2188 cohaereret,

1982 2219 2231 2272 ostendit.
2263 2219 2327 2272 Et
2354 2234 2420 2272 ne
2458 2220 2560 2272 isto
2585 2218 2933 2273 saluberrimo
2972 2216 3277 2286 magisterio
3303 2230 3408 2283 quo
3433 2230 3559 2267 con-

1984 2309 2147 2362 temni
2184 2309 2446 2362 carnalem
2475 2307 2720 2363 affectum
2749 2308 2800 2361 in
2829 2306 3133 2376 parentibus
3161 2305 3360 2370 docuit,
3391 2304 3561 2357 admi-

1980 2398 2213 2452 niculum
2267 2414 2419 2454 error
2463 2400 2758 2469 acciperet,
2813 2413 2918 2468 quo
2973 2406 3197 2453 matrem
3246 2395 3494 2449 habuisse
3530 2411 3564 2451 a

1984 2488 2298 2558 quibusdam
2327 2498 2565 2558 negatur,
2594 2490 2698 2542 alio
2729 2489 2846 2542 loco
2873 2487 3159 2557 discipulos
3185 2486 3387 2542 monuit
3413 2503 3480 2561 ne
3501 2500 3563 2543 se

1989 2588 2194 2649 patrem
2220 2579 2272 2633 in
2304 2580 2460 2634 terris
2483 2580 2660 2634 dicant
2686 2578 2881 2633 habere
2912 2576 3021 2650 (Id.
3050 2592 3200 2640 χχιιι,
3234 2577 3310 2647 9),
3340 2586 3398 2631 ut
3423 2592 3559 2646 quo-

1987 2670 2147 2726 modo
2174 2670 2293 2726 illos
2319 2671 2657 2726 manifestum
2684 2678 2767 2724 est
2790 2669 3037 2724 habuisse
3060 2677 3254 2739 patres,
3282 2669 3358 2722 sic
3383 2684 3441 2724 se
3470 2667 3566 2721 ha-

1988 2763 2168 2819 buisse
2215 2774 2440 2817 matrem
2488 2762 2888 2827 manifestaret,
2932 2763 3087 2830 cujus
3132 2770 3304 2815 tamen
3354 2768 3567 2815 terrena

1984 2853 2295 2921 cognatione
2341 2862 2664 2921 contempta,
2695 2851 3201 2907 contemnendarum
3232 2849 3415 2906 talium
3460 2864 3557 2905 nec

1989 2943 2370 2998 cessitudiuum
2400 2942 2672 3012 discipulis
2699 2943 2957 3012 praeberet
2994 2941 3317 3010 exeiuplum.

2061 3035 2148 3090 10.
2194 3036 2315 3089 Ηὶῐξῢ
2343 3050 2469 3105 ergo
2495 3034 2948 3102 interrumpuutur
2976 3031 3191 3086 vocibus
3228 3030 3411 3085 matris
3440 3039 3566 3097 ture,

1992 3138 2047 3185 et
2073 3130 2210 3183 inter
2234 3128 2347 3182 haec
2374 3130 2545 3183 locum
2574 3126 2773 3181 invenit
2792 3124 3226 3180 commemoratio
3246 3123 3565 3193 prmguantis

1989 3231 2148 3292 atque
2173 3221 2436 3286 laetantis,
2481 3230 2537 3273 ut
2564 3218 2632 3273 (le
2659 3218 2823 3272 Adam
2864 3228 2918 3272 et
2948 3216 3077 3282 Eva,
3119 3216 3252 3270 alius
3280 3216 3448 3270 Adam
3475 3230 3572 3269 na-

1994 3314 2219 3369 scereris
2244 3322 2296 3368 et
2325 3310 2642 3366 uutrireris?
2673 3308 2897 3378 Respice
2929 3309 3118 3377 potius,
3166 3307 3369 3376 reSpice
3398 3304 3566 3360 Adam

1992 3404 2280 3459 secundum
2307 3402 2374 3457 dc
2399 3402 2555 3466 coelo,
2587 3409 2642 3455 et
2667 3409 2813 3469 porta
2846 3400 2955 3467 jam
2984 3396 3217 3453 caelestis
3242 3396 3522 3466 imaginem
3551 3435 3567 3460 ,

1994 3495 2131 3548 sicut
2159 3493 2353 3548 terreni
2385 3492 2603 3562 portasti
2630 3489 2681 3561 (ι
2709 3488 2826 3543 Cor.
2869 3504 2959 3550 xv,
2987 3486 3202 3557 47-49).
3245 3487 3355 3541 lmo
3383 3494 3437 3540 et
3478 3484 3566 3540 hic

1998 3584 2226 3638 habeant
2274 3583 2445 3637 locum
2482 3592 2717 3636 materna
2766 3580 2877 3648 ipsa
2916 3578 3194 3641 beneﬁcia,
3227 3594 3343 3647 qure
3373 3578 3463 3632 tibi
3506 3577 3576 3633 ad

2000 3674 2393 3729 enervationem
2423 3672 2598 3727 cordis
2637 3679 3012 3725 enumerantur
3044 3686 3057 3722 :
3089 3669 3315 3721 habeant
3358 3681 3574 3736 prorsus

1999 3765 2213 3830 locum;
2264 3763 2370 3818 noli
2413 3778 2532 3816 esse
2574 3762 2831 3839 ingratus,
2879 3759 3110 3830 repende
3154 3759 3376 3828 gratiam
3421 3757 3576 3811 matri

2004 3863 2125 3917 tum,
2154 3852 2389 3923 repende
2414 3851 2703 3920 spiritualia
2734 3865 2828 3920 pro
2853 3849 3169 3910 carnalibus,
3200 3863 3293 3917 pro
3315 3856 3577 3916 tempora-

2004 3946 2142 3999 libus
2181 3946 2520 4013 sempiterna.
2554 3942 2658 3997 Sed
2690 3958 2793 3995 non
2818 3942 2928 3994 vult
2958 3940 3148 4008 sequi?
3175 3955 3278 3992 nou
3302 3937 3573 4007 impediat.

2004 4036 2119 4089 Non
2151 4036 2262 4089 vult
2292 4035 2527 4089 converti
2568 4034 2624 4088 in
2662 4032 2888 4086 melius?
2918 4048 3046 4086 cave
3076 4048 3140 4084 ne
3185 4040 3235 4084 te
3265 4031 3316 4084 in
3347 4029 3580 4084 deterius

2006 4133 2290 4194 pervertat,
2320 4133 2376 4178 et
2415 4132 2637 4178 evertat.
2668 4122 2804 4188 Quid
2834 4122 3053 4175 interest
3093 4130 3269 4173 utrum
3298 4121 3349 4172 iu
3380 4135 3576 4185 uxore,

2009 4228 2077 4268 an
2108 4215 2159 4268 in
2185 4223 2373 4278 matre,
2401 4212 2527 4267 dum
2557 4222 2731 4267 tamen
2761 4212 2868 4266 Eva
2897 4212 2948 4264 in
2977 4209 3212 4279 qualibet
3239 4209 3459 4264 muliere
3485 4225 3579 4264 ca-

2010 4306 2229 4361 veatur?
2257 4305 2388 4360 Nam
2418 4305 2518 4359 ista
2544 4304 2727 4360 umbra
2766 4303 2975 4373 pietatis
3003 4301 3069 4356 de
3094 4300 3232 4356 foliis
3257 4302 3395 4356 illius
3420 4301 3583 4356 arbo-

2015 4397 2092 4452 ris
2133 4396 2295 4462 venit,
2334 4395 2523 4465 quibus
2561 4410 2621 4449 se
2662 4393 2891 4465 primum
2922 4399 3165 4461 parentes
3204 4391 3367 4446 nostri
3414 4391 3468 4444 in
3498 4391 3581 4446 illa

2018 4486 2303 4542 damnabili
2330 4485 2566 4540 nuditate
2590 4491 2853 4540 texerunt.
2883 4481 2953 4536 Et
2974 4481 3224 4551 quidquid
3253 4480 3304 4534 in
3335 4480 3437 4535 illis
3462 4495 3584 4535 ver-

2012 4580 2093 4634 bis
2129 4588 2288 4646 atque
2331 4577 2667 4647 suggestione
2709 4574 2861 4644 quasi
2900 4573 3134 4628 ofﬁcium
3178 4572 3271 4627 tibi
3314 4571 3588 4628 charitatis

2015 4670 2276 4737 obtendit,
2297 4679 2353 4723 ut
2377 4685 2407 4723 a
2426 4668 2824 4738 germanissima
2848 4676 3005 4735 atque
3026 4666 3381 4721 sincerissima
3410 4665 3586 4719 Evan-

2014 4762 2136 4832 gelii
2178 4760 2433 4815 eharitate
2462 4770 2513 4814 te
2557 4760 2884 4828 detorqueat,
2919 4757 2994 4817 ad
3039 4758 3284 4812 astutiam
3329 4756 3590 4825 serpentis

2020 4852 2261 4921 pertinet,
2292 4860 2345 4905 et
2372 4850 2435 4905 ad
2460 4850 2819 4921 duplicitatem
2859 4849 3000 4919 regis
3026 4850 3166 4903 illius
3190 4848 3279 4918 qui
3316 4848 3476 4902 habet
3505 4847 3588 4901 vi-

2017 4945 2147 5014 ginti
2173 4944 2355 5010 millia,
2394 4957 2549 5012 quam
2579 4956 2676 4996 nos
2705 4941 2958 5001 docemur
2993 4940 3176 4996 decem
3206 4940 3453 5006 millium,
3486 4937 3589 4993 hoc

2019 5045 2122 5102 est,
2145 5035 2341 5102 cordis,
2383 5034 2433 5088 in
2476 5049 2577 5104 qua
2606 5033 2769 5088 Deum
2799 5032 3105 5104 quzerimus,
3138 5030 3469 5100 simplicitate
3493 5044 3588 5086 su-

2023 5142 2228 5198 perare.

2094 5217 2181 5271 11.
2202 5278 2205 5281 η
2223 5212 2511 5285 Ηίέροιίιιε
2533 5213 2765 5277 intende,
2791 5212 3121 5278 charissime,
3146 5219 3201 5266 et
3228 5211 3353 5266 tolle
3377 5224 3589 5265 crucem

2025 5315 2189 5373 tuam,
2215 5313 2267 5359 et
2308 5318 2531 5373 sequere
2573 5304 2872 5358 Dominum.
2918 5300 3049 5354 Nam
3100 5315 3219 5354 cum
3261 5307 3311 5352 te
3356 5312 3592 5367 prmsens

2025 5394 2496 5450 animadverterem
2524 5392 2826 5448 domesticis
2853 5390 2992 5445 curis
3015 5405 3045 5443 a
3087 5388 3267 5446 divino
3304 5388 3483 5443 studio
3508 5404 3595 5445 re-

2028 5486 2244 5549 tardari,
2277 5485 2397 5540 ferri
2428 5495 2479 5540 te
2521 5485 2693 5556 potius
2729 5492 2783 5536 et
2808 5480 2923 5535 duci
2950 5495 2979 5533 a
3010 5494 3169 5535 cruce
3207 5488 3312 5545 tua,
3348 5496 3452 5534 non
3476 5494 3592 5533 eam

2030 5586 2081 5631 te
2105 5576 2245 5631 ferre
2267 5590 2329 5631 ac
2352 5575 2543 5630 ducere
2563 5570 2875 5626 sentiebam.
2907 5571 3045 5624 Crux
3069 5570 3210 5625 enim
3241 5580 3419 5623 nostra
3436 5584 3593 5639 quam

2029 5670 2285 5725 Dominus
2310 5665 2501 5737 portari
2526 5679 2557 5718 a
2584 5663 2735 5717 nobis
2768 5661 2938 5731 jubet,
2969 5670 3028 5715 ut
3054 5676 3172 5714 eum
3212 5660 3594 5730 expeditissimi

2033 5774 2335 5832 sequamur,
2357 5755 2481 5828 quid
2508 5752 2649 5808 aliud
2674 5766 2829 5822 quam
2851 5750 3226 5829 mortalitatem
3249 5748 3424 5805 carnis
3446 5749 3598 5818 hujus
