4084 6332
506 350 644 409 1059

502 462 807 536 signiﬁcat?
837 460 954 533 Ipsa
983 459 1123 516 enim
1155 470 1252 512 nos
1279 453 1478 511 cruciat
1519 450 1690 507 donec
1729 449 2078 504 absorbeatur

503 571 650 610 mors
673 554 729 608 in
749 552 1021 607 victoriam
1050 545 1230 616 (lCor.
1256 559 1345 610 xv,
1367 543 1436 600 54
1452 542 1494 615 ).
1526 541 1668 596 Crux
1686 554 1814 608 ergo
1837 539 1949 593 lucc
1966 538 2075 606 ipsa

501 644 857 716 crucifigenda
901 649 1001 703 est.
1049 647 1105 694 et
1143 634 1494 707 transtigenda
1541 642 1623 690 est
1665 631 1828 687 clavis
1871 630 2078 685 timoris

503 737 619 800 Dei,
651 749 719 790 ne
756 733 941 788 solutis
964 738 1018 784 et
1060 730 1239 783 liberis
1281 725 1534 781 membris
1559 725 1908 779 reluctantem
1957 734 2081 790 por-

503 835 619 882 tare
645 840 748 880 non
777 822 968 894 possis.
997 820 1158 890 Sequi
1185 819 1328 875 enim
1357 817 1634 871 Dominum
1661 814 1762 869 nisi
1799 828 1915 868 eam
1959 827 2081 881 por—

505 924 646 981 tans,
668 913 884 968 omnino
909 926 1014 966 non
1032 911 1177 964 vales
1202 925 1215 961 :
1250 923 1370 962 nam
1392 905 1655 978 quomodo
1676 918 1797 960 eum
1817 902 2076 972 sequeris,

500 1007 545 1062 si
576 1021 681 1060 non
706 1018 766 1058 es
791 1002 948 1072 ejus?
976 1001 1076 1066 Qui
1107 1007 1282 1055 autem
1309 998 1434 1052 Iesu
1467 995 1652 1052 Christi
1677 1003 1812 1060 sunt,
1840 995 1912 1046 ait
1940 995 2082 1061 Apo-

500 1095 687 1160 stolus,
719 1109 920 1148 carnem
961 1107 1104 1144 suam
1147 1089 1501 1155 cruciﬁxerunt
1544 1102 1659 1140 cum
1696 1084 2006 1156 passionibus
2034 1090 2083 1136 et

500 1184 761 1239 desideriis
787 1181 982 1252 (Galat.
1002 1198 1056 1248 v,
1087 1180 1202 1251 21).

574 1277 660 1332 12.
704 1276 760 1332 Si
791 1275 917 1346 quid
959 1289 1087 1328 sane
1116 1271 1353 1342 pecunia:
1382 1284 1468 1325 res
1489 1278 1574 1323 tua
1607 1266 1877 1321 familiaris
1901 1264 2080 1330 habet,

503 1371 657 1441 cujus
687 1379 738 1425 te
779 1369 1037 1438 implicari
1068 1367 1278 1436 negotio
1306 1380 1403 1419 nee
1430 1371 1640 1433 oportet
1664 1378 1762 1416 nec
1790 1361 1960 1426 decet,
1993 1375 2083 1414 rc-

504 1474 629 1518 vera
660 1460 992 1516 tribuendum
1022 1467 1108 1514 est
1134 1457 1289 1512 matri
1317 1465 1372 1511 et
1399 1453 1703 1510 domesticis
1729 1453 1849 1506 tuis.
1883 1452 2082 1506 Horum

504 1555 700 1624 quippe
749 1552 1054 1622 indigentia,
1081 1552 1126 1606 si
1172 1548 1509 1620 pauperibus,
1557 1554 1615 1601 ut
1653 1545 1726 1601 sis
1774 1546 2080 1617 perfectus,

504 1644 778 1699 instituisti
802 1642 1120 1698 distribuere
1138 1641 1262 1695 talia
1283 1648 1394 1704 tua,
1421 1639 1646 1708 primum
1675 1635 1812 1706 apud
1839 1644 1890 1689 te
1911 1635 2083 1688 locum

505 1735 746 1790 obtinere
771 1734 928 1788 debet
957 1734 974 1764 ί
1002 1751 1017 1788 :
1046 1731 1104 1787 Si
1131 1731 1241 1802 quis
1261 1731 1394 1784 enim
1414 1729 1519 1782 suis
1544 1734 1590 1780 et
1617 1727 1834 1780 maxime
1851 1724 2088 1778 domesti-

505 1827 598 1894 cis,
641 1826 714 1879 ait
742 1825 1045 1894 Apostolus,
1075 1838 1175 1875 non
1214 1821 1458 1892 providet,
1496 1818 1648 1887 ﬁdem
1688 1816 1900 1887 negauit,
1939 1824 1985 1868 et
2015 1822 2086 1867 est

505 1916 703 1986 inﬁdeli
726 1915 942 1968 deterior
973 1913 1023 1985 (Ι
1056 1912 1187 1966 Tim.
1215 1927 1271 1977 v,
1316 1908 1410 1978 8).
1443 1908 1646 1975 Quibus
1672 1906 1978 1962 ordinandis
2003 1919 2088 1960 re-

509 2007 632 2070 bus,
674 2005 740 2072 si,
775 2013 830 2058 ut
849 2005 1044 2058 collum
1072 2017 1301 2057 exuercs
1326 2000 1649 2055 induendum
1671 1998 1943 2068 sapientiae
1968 1997 2086 2050 vin-

508 2097 661 2162 culis,
691 2096 954 2168 profectus
983 2110 1012 2149 a
1037 2095 1190 2150 nobis
1213 2110 1308 2159 es;
1352 2092 1478 2163 quid
1506 2092 1597 2146 tibi
1624 2097 1837 2156 nocent,
1867 2099 1958 2143 aut
1980 2103 2087 2158 quo

505 2199 667 2258 pacto
705 2197 756 2244 te
786 2187 1084 2257 pervellunt
1125 2185 1312 2239 matris
1347 2183 1594 2254 lacryma:
1635 2181 1860 2236 ﬂuentes
1885 2193 2043 2233 carne
2071 2217 2086 2244 ,

508 2288 604 2336 aut
628 2280 767 2336 servi
795 2280 934 2349 fuga,
959 2286 1052 2332 aut
1075 2293 1218 2331 mors
1232 2275 1566 2340 ancillarum,
1591 2283 1682 2327 aut
1705 2272 1926 2327 fratrum
1947 2286 2090 2325 moro

510 2371 641 2426 bosa
670 2369 949 2426 valetudo?
977 2369 1033 2424 Si
1075 2367 1240 2424 estin
1285 2376 1337 2422 te
1379 2366 1610 2420 Charitas
1653 2364 1915 2428 ordinata,
1955 2363 2092 2416 scias

517 2477 826 2534 prmponere
847 2461 1047 2531 majora
1069 2459 1380 2521 minoribus,
1409 2467 1462 2511 et
1481 2455 1839 2510 misericordia
1868 2453 2089 2518 moveri,

512 2562 572 2608 ut
601 2543 872 2623 pauperes
915 2549 1362 2619 evangelizeutur,
1395 2561 1462 2600 ne
1505 2546 1696 2600 messis
1741 2542 1951 2598 Domini
1995 2557 2093 2596 co-

512 2645 681 2713 piosa,
732 2641 1100 2712 operariorum
1145 2637 1352 2706 inopia,
1399 2637 1454 2691 in
1505 2635 1738 2706 praedam
1790 2633 2094 2688 volucribus

508 2733 703 2802 jaceat,
731 2740 783 2785 et
808 2739 1047 2799 paratum
1073 2728 1270 2782 habere
1309 2742 1404 2782 cor
1439 2726 1506 2780 ad
1533 2726 1857 2795 sequendum
1888 2723 2094 2778 Domini

512 2821 859 2885 voluntatem,
889 2819 944 2872 in
970 2833 1036 2872 eo
1075 2817 1214 2887 quod
1256 2816 1340 2872 vel
1367 2814 1680 2885 ﬂagellando
1721 2814 1800 2868 vel
1827 2812 2096 2884 parcendo

514 2925 674 2981 agere
699 2909 943 2964 statuerit
963 2924 1082 2962 cum
1109 2908 1274 2962 servis
1299 2909 1410 2961 suis
1439 2924 1451 2960 :
1487 2907 1600 2960 haec
1624 2906 1902 2971 meditare,
1931 2905 1984 2957 in
2015 2902 2097 2957 his

519 3012 658 3067 esto,
699 3009 757 3056 ut
797 3009 1076 3070 provectus
1124 3009 1244 3054 tuus
1291 2997 1600 3052 manifestus
1643 2997 1712 3050 sit
1752 2996 1807 3049 in
1853 2995 2098 3049 omnibus

516 3095 574 3166 (l
602 3094 732 3149 Tim.
771 3109 845 3160 tv,
891 3093 1016 3165 15).
1063 3091 1298 3148 Obsecro
1329 3101 1380 3145 te
1419 3099 1475 3145 ut
1513 3104 1701 3144 caveas
1748 3104 1814 3143 ne
1841 3087 2098 3157 majorem

519 3185 785 3240 tristitiam
821 3182 918 3239 des
948 3183 1102 3238 bonis
1128 3182 1374 3237 fratribus
1401 3189 1612 3251 torpore
1638 3188 1747 3244 tuo,
1778 3195 1935 3249 quam
1962 3178 2099 3232 laui-

518 3277 649 3331 tiam
692 3275 966 3330 alacritate
1003 3275 1112 3344 jam
1140 3273 1385 3329 dederas.
1420 3272 1807 3328 Commendare
1833 3280 1884 3326 te
1920 3280 2099 3327 autem

517 3370 711 3425 litteris
735 3368 925 3439 quibus
950 3367 1180 3434 voluisti,
1225 3376 1332 3421 tam
1358 3365 1682 3435 superﬂuum
1714 3364 1909 3433 putavi,
1941 3378 2100 3433 quam

518 3461 567 3516 si
591 3461 864 3530 quisquam
895 3466 948 3514 te
989 3457 1118 3512 mihi
1156 3456 1343 3512 eodem
1385 3455 1544 3510 modo
1587 3453 1960 3509 commendare
2005 3469 2096 3508 vo-

522 3551 728 3606 luisset.

948 3638 1275 3694 EPISTOLA
1296 3636 1540 3692 CCXLIV
1563 3640 1581 3659 ‘
1613 3634 1710 3708 (α).

526 3733 837 3803 Augustinus
865 3729 1131 3795 Clnisimo,
1168 3725 1432 3782 consolans
1459 3741 1520 3778 ne
1557 3725 1756 3795 deﬁciat
1785 3725 1836 3777 in
1862 3723 2097 3778 aduersis.

528 3822 753 3877 Domino
791 3837 916 3877 vere
950 3837 1014 3876 ac
1055 3822 1244 3876 merito
1289 3819 1622 3880 charissitno,
1670 3825 1722 3872 et
1767 3817 2102 3886 praedicando

597 3911 746 3966 fratri
774 3911 1025 3966 Cumsnro
1055 3912 1099 3977 ',
1124 3913 1476 3971 Aecusrnvus,
1518 3909 1569 3962 in
1602 3908 1824 3962 Domino
1854 3908 2098 3962 salutem.

598 4004 650 4057 1.
691 4003 894 4056 Rumor
921 4002 988 4057 ad
1029 4019 1114 4056 me
1140 4002 1329 4056 detulit
1373 4002 1548 4071 (Deus
1587 4001 1744 4054 faciat
1783 4008 1840 4053 ut
1869 4015 1971 4054 non
1999 3999 2101 4072 sit)

527 4096 605 4151 sic
629 4105 680 4150 te
705 4095 882 4148 animo
911 4094 1293 4163 perturbatum,
1341 4103 1397 4146 ut
1427 4093 1645 4146 multum
1673 4093 1835 4146 mirer
1876 4093 2104 4161 pruden-

528 4187 656 4241 tiam
696 4195 837 4239 tuam
880 4191 937 4239 et
973 4185 1319 4238 christianum
1361 4185 1594 4238 animum
1638 4197 1825 4253 parum
1872 4185 2104 4252 cogitare

527 4289 708 4335 rerum
750 4287 1079 4332 terrenarum
1120 4276 1476 4330 conditionem
1519 4275 1665 4328 nullo
1709 4274 1868 4329 modo
1906 4276 2103 4344 aequari

529 4383 687 4438 posse
709 4369 1036 4432 etelestibus,
1068 4368 1157 4421 ubi
1184 4379 1277 4421 cor
1301 4375 1537 4421 nostrum
1565 4373 1617 4420 et
1647 4381 1768 4435 spes
1795 4368 1971 4420 nostra
1997 4368 2105 4420 col-

529 4458 748 4513 locanda
773 4467 873 4512 est.
905 4457 997 4511 Vir
1021 4457 1256 4520 cordate,
1301 4457 1554 4526 numquid
1598 4465 1689 4509 aut
1719 4467 1881 4510 totum
1909 4458 2103 4511 bonum

532 4557 680 4603 tuum
712 4550 763 4602 in
796 4550 878 4603 bis
901 4550 1059 4603 rebus
1089 4558 1223 4616 erat,
1255 4564 1388 4619 quas
1417 4564 1556 4603 nunc
1583 4549 1776 4605 videris
1819 4551 2060 4606 amittere
2088 4568 2102 4615 ;

531 4647 622 4693 aut
650 4649 752 4693 tam
781 4655 1027 4710 magnum
1073 4641 1268 4694 bonum
1312 4641 1418 4695 illic
1442 4641 1748 4711 deputabas,
1789 4653 1843 4696 ut
1879 4657 1944 4698 eo
1983 4643 2109 4697 sub-

533 4739 699 4786 tracto
729 4731 806 4785 sic
849 4730 1181 4785 tenehreseat
1215 4746 1365 4786 mens
1392 4732 1548 4785 nimia
1587 4733 1815 4798 tristitia,
1847 4734 1994 4801 quasi
2024 4734 2106 4787 lu-

534 4840 657 4878 men
682 4824 816 4894 ejus,
857 4839 962 4878 non
986 4825 1144 4890 Deus,
1176 4823 1268 4878 sed
1295 4832 1429 4878 terra
1458 4825 1562 4878 sit?
1593 4825 1780 4878 Audivi
1807 4827 1946 4879 enim
1971 4825 2107 4896 (jam

532 4916 662 4983 dixi,
694 4917 834 4972 Deus
858 4916 1013 4971 faciat
1036 4924 1094 4970 ut
1122 4917 1308 4970 falsum
1329 4917 1584 4970 audierim
1605 4914 1623 4988 )
1644 4917 1779 4984 quod
1811 4917 1900 4970 tibi
1925 4933 2109 4974 manus

535 5008 692 5061 etiam
746 5008 911 5063 velles
958 5008 1190 5075 inferre;
1233 5008 1374 5078 quod
1420 5009 1611 5062 melius
1663 5024 1766 5075 non
1807 5009 1968 5062 credo
2018 5020 2110 5064 aut

535 5099 836 5154 ascendisse
865 5101 915 5153 in
961 5115 1057 5153 eor
1085 5109 1250 5162 tuum,
1282 5108 1375 5153 aut
1420 5099 1598 5153 exisse
1625 5099 1691 5152 de
1732 5114 1825 5152 ore
1855 5107 1962 5152 tuo.
2004 5099 2108 5154 Sed

536 5195 711 5246 tamen
741 5192 860 5261 quia
891 5193 959 5245 ita
992 5193 1326 5261 perturbatus
1368 5206 1446 5259 es,
1493 5201 1549 5246 ut
1573 5191 1672 5246 hoc
1711 5191 1777 5247 de
1809 5201 1860 5248 te
1883 5193 1986 5247 dici
2017 5209 2112 5264 po-

602 5321 766 5389 fEdd.,
778 5322 1060 5389 distribuere
1073 5323 1208 5386 talia,
1230 5325 1300 5389 tui
1313 5324 1518 5388 primum
1533 5326 1664 5389 apud
1677 5332 1722 5377 te
1739 5323 1893 5376 locum
1905 5327 2112 5378 obtinere

537 5385 720 5444 debent,
747 5385 1072 5452 quemlocum
1094 5385 1456 5452 emendavimus
1478 5402 1541 5438 ex
1561 5385 1668 5438 Mss.
1695 5394 1748 5437 et
1769 5389 1908 5438 Beda:
1931 5389 2112 5452 vulgati

536 5449 878 5497 conmentario
897 5448 946 5496 in
968 5449 1207 5498 l‘l‘imoth.
1229 5451 1278 5499 5.

601 5510 621 5540 ³
643 5507 777 5568 Edd,
801 5509 1048 5573 chrysino.
1074 5517 1128 5561 At
1150 5519 1275 5572 MSS.,
1297 5510 1549 5571 Chrisimo,
1572 5509 1652 5560 vel
1673 5511 1946 5564 clarissim.

539 5659 571 5700 ν
603 5592 874 5702 gadiis?
895 5593 954 5641 ad
976 5593 1025 5642 ll‘.
1050 5607 1132 5656 ες.
1155 5607 1198 5644 ι·.
1224 5607 1294 5645 vc.
1319 5595 1440 5645 duos
1452 5597 1529 5645 cb.
1553 5595 1674 5646 duos
1695 5597 1767 5646 sb.
1791 5599 1913 5648 duos
1932 5604 1968 5648 t.
1993 5596 2113 5647 duos

605 5733 677 5796 (a)
702 5734 826 5786 Alias
847 5736 934 5785 83:
955 5751 1065 5800 qua:
1087 5746 1247 5789 autem
1271 5739 1360 5789 2H
1386 5747 1507 5802 erat,
1529 5753 1654 5790 nunc
1675 5741 1754 5793 79.

1719 325 2181 404 saucusrm
2217 326 2521 390 EPISCOPI

3628 344 3773 401 1060

2186 446 2366 510 tuerit,
2396 445 2626 516 graviter
2661 443 2728 500 de
2759 453 2807 500 te
2834 445 3193 512 contristatus,
3221 448 3324 505 hoc
3351 449 3644 511 litterarum
3684 457 3769 510 al-

2186 535 2360 606 loquio
2400 535 2576 605 putavi
2605 535 2977 592 consolandam
3015 537 3340 595 Charitatem
3371 551 3548 608 tuam;
3580 560 3765 616 quan-

2184 642 2339 698 quam
2368 643 2471 681 non
2497 626 2731 682 dubitem
2757 628 3036 683 Dominum
3063 629 3228 684 Deum
3253 642 3490 688 nostrum
3517 635 3570 688 in
3596 637 3767 691 corde

2187 727 2278 772 tuo
2305 719 2448 789 loqui
2468 719 2685 773 meliora
2711 735 2724 772 :
2756 721 2877 775 novi
2894 721 3035 776 enim
3055 737 3211 794 quam
3236 724 3323 793 pio
3347 726 3520 781 studio
3543 742 3763 799 semper

2185 810 2418 865 audieris
2442 811 2660 865 verbum
2690 812 2828 881 ejus.

2255 902 2310 956 2.
2352 901 2508 971 Erige
2536 902 2713 972 itaque
2749 903 3004 970 animum,
3035 901 3200 959 frater
3235 904 3289 959 in
3314 905 3527 961 Christo
3553 908 3769 964 charis-

2187 992 2355 1058 sime;
2385 992 2524 1046 Deus
2553 1000 2734 1046 noster
2759 1007 2858 1047 nec
2887 994 3075 1062 perita
3102 995 3230 1058 suis,
3258 1009 3360 1050 nec
3386 997 3570 1064 perdet
3592 1013 3722 1054 suos
3748 1015 3767 1052 :

2187 1082 2299 1136 vult
2322 1090 2497 1136 autem
2526 1097 2742 1137 monere
2770 1097 2866 1137 nos
2890 1099 3046 1152 quam
3087 1086 3192 1138 sint
3218 1084 3332 1140 haec
3374 1087 3575 1157 fragilia
3599 1099 3654 1143 et
3684 1091 3770 1145 in-

2187 1182 2352 1239 certa,
2397 1189 2516 1242 qua:
2558 1173 2713 1229 nimis
2741 1174 2964 1243 diligunt
3005 1174 3267 1243 homines,
3302 1187 3361 1230 ut
3404 1179 3672 1233 solvamus
3699 1181 3771 1235 ab

2187 1265 2304 1318 eis'
2343 1265 2608 1318 vinculum
2656 1265 2975 1336 cupiditatis,
3019 1281 3114 1336 per
3154 1267 3294 1337 quod
3339 1269 3636 1338 implicatos
3665 1286 3768 1326 nos

2192 1355 2423 1423 trahunt,
2455 1364 2509 1410 ct
2555 1365 2720 1410 totum
2750 1372 2986 1411 amorem
3032 1365 3270 1412 nostrum
3311 1360 3772 1417 consuefaciamus

2191 1448 2241 1501 in
2273 1461 2395 1502 eum
2422 1461 2658 1515 currere,
2687 1448 2738 1502 in
2770 1463 2874 1518 quo
2914 1449 3056 1502 nulla
3087 1449 3276 1503 damna
3305 1453 3600 1505 timeamus.
3649 1453 3775 1523 Ipse

2194 1549 2242 1594 te
2271 1539 2510 1594 hortatur
2536 1555 2632 1610 per
2653 1540 3004 1595 ministerium
3029 1550 3292 1608 nostrum,
3320 1542 3542 1609 viriliter
3564 1545 3775 1616 cogites

2193 1640 2243 1688 te
2271 1633 2476 1688 fidelem
2504 1649 2623 1688 esse
2649 1633 2990 1688 christianum
3013 1675 3027 1700 ,
3068 1642 3122 1688 et
3149 1632 3263 1703 ejus
3289 1634 3618 1706 redemptum
3649 1649 3776 1692 esse

2191 1726 2464 1796 sanguine,
2497 1726 2584 1796 qui
2618 1741 2724 1780 non
2752 1726 2924 1781 solum
2950 1735 3148 1780 aeterna
3175 1728 3450 1796 sapientia,
3483 1728 3578 1782 sed
3605 1729 3773 1783 etiam

2192 1816 2420 1872 humana
2446 1815 2724 1886 praesentia
2753 1817 2775 1848 ³
2801 1815 2982 1871 docuit
3007 1831 3104 1871 nos
3134 1825 3492 1886 temperanter
3517 1833 3773 1890 prospera

2193 1906 2374 1961 szreuli
2404 1907 2558 1975 hujus
2578 1914 2938 1972 contemnere,
2965 1915 3018 1960 et
3044 1906 3247 1962 fortiter
3266 1908 3486 1963 adversa
3509 1909 3774 1972 tolerare;

2193 1998 2307 2067 ejus
2330 1998 2589 2052 felicitatis
2613 1998 2911 2052 mercedem
2944 1998 3216 2068 pollicens,
3239 2015 3394 2069 quam
3422 2016 3578 2055 nemo
3603 2004 3781 2070 possit

2194 2105 2222 2142 a
2262 2089 2415 2144 nobis
2444 2089 2669 2144 auferre.
2702 2088 2900 2159 Scripsi
2927 2105 3055 2145 sane
3093 2091 3250 2145 etiam
3280 2091 3344 2144 ad
3387 2090 3561 2146 virum
3587 2093 3777 2146 lauda-

2195 2179 2353 2234 bilem
2382 2181 2669 2245 comitem;
2701 2195 2858 2251 quam
2898 2181 3195 2250 epistolam,
3226 2183 3276 2236 in
3309 2191 3400 2236 tuo
3432 2185 3533 2238 erit
3554 2184 3780 2238 arbitrio

2195 2279 2374 2325 utrum
2404 2270 2520 2325 dari
2562 2271 2712 2326 velis.
2754 2270 2884 2325 Nam
2909 2287 3006 2342 per
3042 2287 3198 2341 quem
3227 2272 3402 2338 detur,
3447 2289 3553 2328 non
3591 2273 3781 2328 dubito

2195 2359 2385 2415 deesse
2412 2377 2514 2415 non
2543 2377 2720 2432 posse,
2748 2361 3028 2431 adjuvante
3060 2363 3302 2431 Domino,
3328 2364 3414 2418 vel
3439 2365 3777 2435 episcopum,

2197 2452 2281 2507 vel
2310 2453 2696 2522 presbyterum,
2729 2453 2810 2507 vel
2836 2453 3142 2522 quemlibet.

2566 2543 2896 2600 EPISTOLA
2934 2543 3158 2599 CCXLV
3179 2549 3198 2569 '
3223 2543 3319 2617 (ιι).

2199 2631 2507 2704 Augustinus
2549 2632 2805 2701 Possidio,
2833 2636 2894 2688 de
2927 2635 3084 2703 cultu,
3115 2637 3248 2707 fucis
3271 2648 3318 2691 et
3341 2638 3620 2704 inauribus,
3647 2646 3695 2692 et
3719 2638 3782 2693 de

2272 2739 2372 2778 non
2401 2725 2682 2778 ordinando
2715 2725 2931 2794 quodam
2958 2726 3011 2780 in
3042 2736 3182 2797 parte
3197 2727 3386 2781 Donati
3428 2730 3709 2800 baptizata.

2206 2817 2434 2871 Domino
2461 2815 2825 2884 dilectissimo,
2855 2825 2906 2871 et
2935 2818 3222 2872 venerabili
3253 2819 3396 2873 fratri
3421 2831 3473 2874 et
3499 2835 3783 2876 consacer-s

2273 2907 2381 2962 doti
2422 2908 2682 2974 Possrmo,
2709 2917 2763 2962 et
2798 2909 2887 2979 qui
2929 2915 3102 2963 tecum
3148 2919 3272 2964 sunt
3298 2909 3571 2977 fratribus,
3603 2913 3780 2968 Aecu-

2274 3020 2477 3071 srnsus,
2505 3015 2558 3059 et
2597 3005 2685 3075 qui
2713 3019 2921 3061 mecum
2953 3012 3076 3060 sunt
3117 3004 3329 3071 fratres,
3360 3005 3414 3059 in
3441 3006 3665 3060 Domino
3691 3023 3781 3062 sa-

2276 3096 2458 3150 lutem.

2276 3187 2302 3240 1
2315 3226 2328 3238 .
2369 3186 2530 3256 Magis
2551 3185 2675 3256 quid
2691 3200 2816 3257 agas
2839 3200 2959 3241 eum
2975 3186 3053 3241 eis
3068 3185 3156 3255 qui
3181 3185 3550 3256 obtemperare
3566 3185 3780 3252 nolunt,

2204 3278 2540 3349 cogitandum
2585 3288 2684 3341 est,
2715 3292 2873 3346 quam
2921 3276 3364 3347 quemadmodum
3413 3278 3493 3332 eis
3531 3277 3785 3333 ostendas

2205 3383 2310 3423 non
2339 3369 2499 3422 licere
2524 3366 2666 3438 quod
2693 3367 2907 3422 faciunt.
2939 3366 3045 3422 Sed
3069 3381 3208 3422 nunc
3231 3368 3449 3436 epistola
3472 3367 3784 3422 Sanetitatis

2207 3468 2329 3524 tum,
2353 3470 2406 3514 et
2431 3460 2896 3531 occupatissimum
2921 3475 3006 3514 me
3033 3459 3248 3529 reperit,
3280 3469 3333 3514 et
3358 3459 3664 3514 celerrimus
3687 3458 3787 3514 ba-

2201 3551 2298 3620 juli
2328 3551 2528 3605 reditus
2567 3566 2740 3621 neque
2776 3566 2881 3605 non
2923 3551 3215 3606 rescribere
3255 3550 3365 3615 tibi,
3411 3565 3582 3619 neque
3621 3548 3689 3603 ad
3716 3565 3780 3603 ea

2206 3658 2325 3712 quae
2350 3643 2682 3708 consuluisti,
2714 3644 2784 3697 ita
2812 3650 2867 3698 ut
2904 3651 3132 3712 oportet,
3165 3641 3489 3710 respondere
3515 3641 3778 3710 permisit.

2207 3735 2340 3790 Nolo
2367 3745 2540 3790 tamen
2569 3735 2636 3790 de
2663 3736 2988 3790 ornamentis
3016 3735 3128 3788 auri
3167 3735 3248 3788 vel
3274 3739 3442 3808 yestts
3480 3748 3787 3803 praepmpe-

2208 3842 2320 3880 ram
2352 3826 2548 3880 habeas
2575 3826 2626 3878 in
2655 3825 2984 3896 prohibendo
3006 3824 3342 3889 sententiam,
3367 3823 3468 3876 nisi
3496 3823 3547 3875 in
3579 3835 3672 3876 eos
3691 3819 3783 3888 qui

2208 3931 2382 3986 neque
2409 3915 2694 3986 conjugati,
2727 3931 2896 3985 neque
2919 3914 3188 3983 coniugari
3229 3915 3521 3983 cupientes,
3548 3912 3787 3982 cogitare

2208 4009 2402 4064 debent
2442 4007 2708 4079 quomodo
2748 4008 2990 4078 placeant
3030 4007 3158 4060 Deo.
3209 4005 3288 4059 Illi
3330 4015 3504 4059 autem
3551 4004 3788 4075 cogitant

2209 4115 2325 4170 qua:
2347 4108 2469 4154 sunt
2497 4099 2699 4165 mundi,
2721 4096 2986 4168 quomodo
3015 4097 3257 4166 placeant
3280 4097 3360 4150 vel
3387 4097 3485 4150 viri
3509 4095 3784 4160 uxoribus,

2210 4190 2291 4242 vel
2319 4189 2569 4244 mulieres
2605 4188 2808 4241 maritis
2838 4187 2856 4255 (
2875 4187 2892 4239 Ι
2931 4187 3047 4241 Cor.
3081 4203 3171 4252 vn,
3213 4185 3444 4257 32-54).
3491 4186 3604 4242 Nisi
3639 4184 3787 4257 quod

2209 4280 2430 4350 capillos
2450 4279 2649 4334 nudare
2673 4278 2916 4345 feminas,
2935 4291 3065 4346 quas
3084 4278 3243 4332 etiam
3271 4285 3427 4345 caput
3446 4277 3621 4330 velare
3641 4278 3789 4346 Apo-

2209 4374 2376 4427 stolus
2415 4371 2564 4441 jubet
2602 4369 2651 4441 (l
2679 4369 2795 4423 Cor.
2827 4381 2900 4434 x’t,
2934 4369 3124 4438 543),
3173 4383 3270 4422 nec
3300 4369 3569 4421 maritatas
3605 4367 3784 4421 decet.

2210 4465 2396 4520 Fucari
2426 4473 2600 4519 autem
2625 4465 2920 4534 pigmentis,
2945 4478 3050 4532 quo
3072 4461 3156 4516 vel
3185 4461 3524 4515 rubicundior
3543 4459 3628 4514 vel
3653 4473 3786 4514 can-

2211 4555 2385 4610 didior
2423 4564 2693 4626 appareat,
2723 4552 3015 4608 adulterina
3055 4552 3260 4605 fallacia
3288 4560 3390 4615 est,
3423 4566 3523 4620 qua
3549 4565 3657 4604 non
3685 4549 3788 4603 du-

2213 4646 2321 4700 bito
2345 4646 2506 4700 etiam
2531 4645 2674 4714 ipsos
2701 4644 2920 4698 maritos
2949 4659 3008 4698 se
3035 4643 3176 4697 nolle
3209 4641 3401 4710 decipi,
3443 4640 3632 4710 quibus
3654 4641 3785 4693 solis

2212 4735 2577 4807 permittenda:
2603 4744 2725 4790 sunt
2758 4735 2964 4788 femina:
3002 4733 3199 4798 ornari,
3231 4733 3518 4788 secundum
3549 4732 3781 4792 veniam,

2213 4845 2316 4882 non
2347 4827 2635 4884 secundum
2659 4827 2957 4896 imperium.
2986 4825 3118 4880 Nam
3141 4839 3296 4879 verus
3315 4832 3530 4878 ornatus
3555 4822 3789 4877 maxime

2213 4919 2628 4974 Christianorum
2655 4926 2709 4972 et
2736 4915 3170 4979 Christianarum,
3215 4929 3322 4968 non
3363 4922 3563 4967 tantum
3605 4911 3789 4966 nullus

2215 5011 2365 5065 fucus
2391 5011 2636 5071 mendax,
2663 5024 2845 5063 verum
2875 5024 2944 5063 ne
2967 5007 3083 5061 auri
3107 5006 3320 5077 quidem
3345 5005 3611 5074 vestisque
3635 5018 3781 5072 pom-

2214 5117 2301 5172 pa,
2325 5101 2416 5156 sed
2447 5115 2623 5155 mores
2646 5099 2772 5154 boni
2799 5107 2939 5153 sunt.
3772 5088 3775 5090 ’

2284 5193 2338 5246 2.
2379 5191 2716 5247 Exsecranda
2754 5199 2928 5244 autem
2976 5187 3281 5258 superstitio
3322 5187 3697 5257 ligaturarum,
3738 5184 3791 5237 in

2215 5283 2404 5353 quibus
2429 5282 2586 5335 etiam
2614 5282 2821 5334 inaures
2847 5281 3075 5333 virorum
3100 5279 3151 5333 in
3181 5279 3402 5333 summis
3425 5293 3490 5332 ex
3511 5291 3614 5330 una
3641 5284 3794 5344 parte

2278 5398 2296 5428 ι
2321 5403 2424 5444 Mss.
2447 5393 2542 5443 duo
2564 5398 2664 5441 vat.
2691 5396 2742 5440 et
2762 5389 2820 5439 ad
2842 5392 3108 5449 marginem
3127 5395 3256 5449 Lov.,
3279 5393 3330 5438 ut
3351 5386 3497 5449 solvat
3514 5398 3546 5436 α

2276 5457 2298 5488 ³
2320 5455 2453 5515 Edd.,
2476 5453 2560 5504 sed
2585 5453 2731 5504 etiam
2752 5465 2839 5516 per
2865 5447 2997 5516 nulla
3014 5447 3286 5516 prwsentia.
3310 5448 3608 5516 Praetulimus
3623 5447 3795 5516 lectio-

2215 5530 2331 5566 nem
2350 5509 2594 5579 repertam
2614 5516 2665 5564 in
2686 5509 2878 5564 vetusto
2898 5509 3062 5562 codice
3091 5514 3226 5564 Corb.
3253 5519 3304 5561 et
3325 5512 3375 5560 iu
3396 5524 3492 5560 uno
3513 5523 3544 5559 e
3564 5509 3698 5558 sorb.

2279 5598 2297 5615 ‘
2321 5597 2387 5647 ad
2409 5611 2456 5646 α.
2479 5595 2616 5659 bbe.
2641 5609 2710 5646 ec.
2735 5595 2783 5644 tl‘.
2810 5610 2858 5658 ε.
2883 5609 2965 5659 gv.
2983 5595 3024 5658 j.
3063 5608 3110 5643 n.
3139 5609 3181 5644 r.
3205 5608 3247 5645 s.
3273 5602 3306 5644 t.
3332 5607 3405 5644 vc.
3430 5592 3552 5641 duos
3573 5591 3648 5640 sb.
3673 5601 3795 5652 qua-

2216 5667 2340 5710 tuor.
2365 5673 2412 5708 ν.
2437 5665 2488 5709 et
2509 5657 2617 5706 Edd.
2988 5657 2991 5658 ⁷
3552 5667 3554 5670 '

2280 5739 2352 5802 (α)
2372 5738 2492 5790 Alias
2509 5739 2571 5789 73
2594 5748 2734 5800 :quse
2751 5745 2913 5789 autem
2935 5737 3027 5788 265
3049 5742 3154 5787 erat
3198 5750 3324 5788 mine
3338 5734 3387 5784 8.
