4084 6332
309 363 433 419 1061

303 477 552 534 auriculis
596 491 867 546 suspensa:
909 475 1261 546 deputantur,
1310 486 1415 528 non
1458 473 1523 528 ad
1565 473 1876 543 placendum

304 568 641 634 hominibus,
683 568 778 623 sed
823 567 890 622 ad
929 565 1265 622 serviendum
1303 562 1631 621 daemonibus
1660 565 1878 620 adhibe-

303 670 409 714 tur.
467 658 595 726 Quis
620 666 795 711 autem
840 658 1006 727 possit
1042 657 1296 727 speciales
1332 653 1650 711 nefariarum
1690 670 1875 724 super-

308 750 582 805 stitionum
616 748 999 819 prohibitiones
1041 749 1092 803 in
1133 748 1421 819 Scripturis
1448 748 1714 814 invenire,
1754 762 1874 801 cum

301 843 622 913 generaliter
654 842 941 911 Apostolus
967 841 1145 906 dicat,
1176 840 1313 895 Nolo
1338 857 1423 895 vos
1447 841 1607 893 socios
1632 840 1743 908 ﬁeri
1773 840 1878 891 dte-

301 935 581 996 moniorum
613 933 653 1003 (l
671 932 787 988 Cor.
819 950 853 987 χ
873 974 888 1000 ,
918 933 1051 1003 20)?
1080 943 1132 987 el
1158 933 1367 1000 iterum,
1398 934 1521 997 Qua:
1540 934 1670 985 enim
1695 947 1875 985 conso-

300 1025 475 1079 nantia
519 1023 710 1078 Christi
751 1024 819 1076 ad
854 1023 1020 1077 Belial
1064 1023 1126 1094 (ll
1155 1022 1273 1077 Cor.
1303 1038 1389 1084 vt,
1420 1019 1547 1092 κῆν
1596 1020 1707 1075 Nisl
1746 1020 1876 1076 forte

300 1115 421 1185 quia
446 1114 607 1170 Belial
635 1115 963 1180 nominavit,
1004 1122 1058 1169 et
1096 1113 1398 1183 generalem
1439 1112 1743 1166 societatem
1769 1112 1878 1165 dre-

300 1204 597 1259 moniorum
624 1203 913 1273 prohibuit,
948 1204 1070 1257 licet
1103 1202 1419 1257 Christianis
1447 1200 1747 1255 sacriﬁcare
1776 1201 1877 1255 Ne-

299 1304 499 1364 ptuno,
538 1295 659 1364 quia
703 1295 833 1349 nihil
877 1295 1089 1363 proprie
1117 1293 1183 1348 de
1211 1293 1454 1362 Neptuno
1493 1294 1708 1346 vetitum
1750 1294 1877 1363 legi-

298 1386 448 1440 mus!
498 1385 812 1440 Moneantur
862 1385 1071 1439 interim
1100 1385 1308 1452 miseri,
1352 1383 1482 1439 utsi
1510 1383 1875 1453 obtemperare

297 1476 482 1532 nolunt
507 1477 788 1546 praeceptis
812 1477 1197 1531 salubrioribus
1214 1516 1228 1541 ,
1255 1477 1442 1531 saltem
1482 1476 1755 1546 sacrilegia
1782 1492 1874 1531 sua

295 1584 401 1623 non
431 1568 718 1623 defendant
736 1611 750 1633 ,
783 1584 849 1623 ne
878 1570 1064 1638 majori
1094 1583 1153 1623 se
1178 1569 1378 1624 scelere
1406 1569 1694 1637 implicent.
1738 1568 1874 1635 Quid

295 1668 471 1714 autem
493 1674 612 1714 cum
635 1660 712 1713 eis
737 1659 994 1729 agendum
1024 1661 1111 1727 sit,
1134 1660 1177 1714 si
1205 1661 1409 1715 solvere
1430 1660 1640 1713 inaures
1668 1659 1871 1721 timent,

299 1758 354 1803 et
378 1764 571 1818 corpus
598 1748 794 1805 Christi
828 1765 946 1805 cum
979 1751 1128 1820 signo
1167 1750 1359 1803 diaboli
1395 1749 1637 1819 accipere
1674 1765 1777 1803 non
1806 1751 1873 1803 ti-

296 1841 479 1895 ment?
508 1841 582 1895 De
602 1841 892 1894 ordinando
916 1850 1091 1895 autem
1119 1841 1206 1912 qui
1232 1842 1283 1895 in
1310 1848 1463 1910 parte
1485 1840 1672 1895 Donati
1703 1840 1874 1909 bapti-

296 1942 442 1986 zatus
460 1941 562 1995 est,
584 1941 767 1987 auctor
794 1931 886 1986 tibi
907 1946 1025 1987 esse
1047 1948 1153 1986 non
1178 1946 1391 2002 possum
1426 1949 1440 1985 :
1470 1932 1609 1987 aliud
1630 1940 1712 1987 est
1729 1932 1872 1986 enim

294 2021 469 2077 facere
498 2022 542 2077 si
567 2023 771 2093 cogaris
792 2064 805 2086 ,
837 2023 980 2077 aliud
1010 2023 1285 2077 consulere
1316 2032 1369 2077 ut
1400 2022 1580 2079 facias.

698 2112 1019 2168 EPISTOLA
1047 2111 1295 2167 CCXLVI
1321 2118 1341 2137 '
1367 2113 1468 2183 (α).

292 2202 598 2273 Augustinus
626 2202 938 2273 Lampadio,
968 2204 1227 2258 ostendens
1254 2206 1414 2273 fatum
1438 2204 1491 2257 in
1522 2204 1735 2273 peccatis
1762 2219 1874 2274 per-

363 2308 535 2363 peram
568 2294 799 2347 ea'cusari
823 2335 838 2358 ,
885 2295 1069 2363 quippe
1108 2298 1251 2364 cujus
1289 2293 1367 2348 vel
1404 2295 1502 2365 ipsi
1538 2294 1874 2348 mathematici

372 2384 566 2438 nullam
590 2383 833 2437 rationem
858 2384 1069 2437 habeant
1094 2384 1146 2437 in
1171 2385 1380 2438 subditis
1405 2386 1729 2456 castigandis.

749 2476 1085 2537 Accusrtzvus
1121 2475 1410 2531 LAIIPADIO.

369 2567 421 2622 1.
451 2565 525 2622 De
554 2567 843 2637 quaestione
870 2568 962 2622 fati
986 2583 1049 2623 ac
1074 2568 1317 2633 fortuna,
1342 2585 1444 2639 qua
1471 2579 1616 2625 tuum
1638 2571 1871 2625 animum

294 2676 398 2715 non
426 2660 613 2715 leviter
633 2662 856 2727 moveri,
888 2669 941 2715 et
967 2677 1107 2740 cum.
1118 2676 1353 2730 praesens
1374 2678 1545 2717 essem
1565 2664 1786 2728 adverti,
1816 2673 1872 2718 et

297 2769 440 2808 nunc
467 2753 570 2807 tuis
607 2753 794 2807 litteris
820 2753 1020 2822 gratius
1045 2752 1344 2822 certiusque
1372 2755 1626 2823 cognovi,
1673 2755 1871 2808 rescri-

291 2852 440 2913 ptum
468 2844 561 2898 tibi
587 2858 690 2897 non
723 2844 868 2913 parvi
905 2844 1186 2897 voluminis
1214 2843 1382 2898 debeo
1407 2861 1421 2908 ;
1454 2845 1593 2913 quod
1620 2846 1874 2900 Dominus

290 2934 563 3005 praestabit
592 2943 649 2989 ut
677 2934 747 2989 ita
789 2934 1077 3004 explicem,
1117 2936 1556 3005 quemadmodum
1598 2939 1742 2992 novit
1781 2938 1873 2992 tibi

290 3040 585 3096 congruere
628 3025 693 3079 ad
724 3025 950 3079 salutem
990 3024 1110 3080 ﬁdei
1152 3035 1273 3080 tuze.
1319 3026 1433 3080 Non
1474 3028 1616 3082 enim
1649 3045 1866 3098 parvum

293 3118 491 3171 malum
513 3125 613 3181 est,
638 3117 903 3186 perversis
932 3116 1271 3185 opinionibus
1300 3134 1404 3172 non
1430 3118 1598 3172 solum
1628 3119 1693 3173 ad
1724 3135 1872 3174 com-

292 3207 608 3263 mittendum
638 3206 999 3261 blandimento
1028 3207 1309 3276 voluptatis
1336 3207 1553 3273 adduci,
1593 3209 1685 3263 sed
1712 3210 1870 3263 etiam

292 3300 358 3354 ad
408 3299 799 3355 defendendum
829 3308 1104 3368 peccatum
1152 3314 1181 3353 a
1226 3299 1611 3355 medicamento
1657 3301 1870 3355 confes-

291 3391 457 3446 sionis
482 3390 670 3446 averti.

360 3486 414 3539 2.
446 3484 577 3538 lllud
605 3499 731 3539 sane
756 3484 1069 3554 quantocius
1095 3500 1157 3539 ac
1179 3484 1408 3539 breviter
1423 3485 1655 3552 noveris,
1686 3500 1870 3543 omnes

292 3578 435 3648 leges
464 3587 622 3647 atque
648 3579 824 3631 omnia
856 3578 1091 3632 instituta
1121 3576 1415 3645 disciplinae
1436 3620 1451 3643 ,
1477 3577 1658 3632 laudes
1678 3620 1692 3642 ,
1728 3580 1868 3631 vitu—

290 3670 611 3740 perationes,
631 3668 1043 3731 exhortationes,
1066 3676 1319 3734 terrores,
1337 3670 1572 3736 praemia,
1589 3669 1866 3737 supplicia,

291 3772 586 3832 czeteraque
610 3762 784 3815 omnia
806 3761 996 3831 quibus
1032 3759 1319 3814 luunanum
1343 3773 1507 3828 genus
1531 3759 1869 3814 administra-

292 3862 377 3908 tur
418 3863 471 3907 et
510 3853 710 3922 regitur
735 3892 748 3916 ,
802 3852 1008 3920 penitus
1060 3849 1360 3904 labefactari
1406 3858 1567 3919 atque
1609 3849 1864 3914 subverti,

290 3945 530 4014 nihilque
560 3944 613 3996 in
641 3944 718 3997 eis
743 3942 958 3996 omnino
979 3941 1193 4010 justitia:
1220 3956 1524 4003 remanere,
1556 3941 1657 3994 nisi
1685 3942 1867 3995 volun-

290 4045 373 4090 tas
393 4036 632 4088 sitcausa
655 4033 922 4101 peccandi.
952 4033 1159 4098 Quanto
1182 4046 1308 4100 ergo
1334 4031 1576 4083 licentius
1591 4041 1645 4083 et
1663 4032 1866 4099 aequius

290 4124 784 4180 mathematicorum
816 4121 1174 4191 improbamus
1203 4134 1433 4186 errores,
1484 4135 1639 4189 quam
1665 4120 1867 4174 divinas

290 4216 453 4287 leges,
485 4216 567 4269 vel
594 4214 752 4269 etiam
776 4214 1055 4267 domorum
1084 4221 1382 4266 nostrarum
1409 4226 1587 4265 curam
1614 4212 1866 4266 damnare

289 4316 445 4377 atque
484 4305 711 4374 abjiccre
751 4304 1015 4373 cogimur;
1063 4302 1202 4372 quod
1242 4316 1340 4356 nec
1369 4301 1466 4371 ipsi
1508 4300 1863 4355 mathematici

290 4399 529 4455 faciunt?
566 4398 695 4452 Nam
726 4413 842 4452 cum
871 4396 1056 4465 aliquis
1080 4410 1262 4449 eorum
1294 4393 1593 4448 hominibus
1626 4410 1864 4446 numma-

292 4493 359 4547 tis
401 4491 538 4546 fatua
580 4491 683 4544 fata
729 4489 1061 4551 vendiderit;
1111 4502 1232 4541 mox
1263 4496 1322 4541 ut
1361 4486 1570 4539 oculum
1598 4501 1626 4538 a
1659 4486 1864 4539 tabellis

291 4583 537 4638 eburneis
559 4581 623 4635 ad
651 4582 839 4635 domus
860 4595 968 4634 suze
996 4578 1337 4633 moderamen
1359 4592 1421 4631 ac
1449 4575 1863 4631 sollicitudinem

298 4671 671 4735 revocaverit,
714 4686 817 4725 non
866 4669 1036 4723 solum
1075 4666 1327 4731 vocibus,
1372 4664 1465 4719 sed
1496 4665 1653 4720 etiam
1700 4664 1865 4733 plagis

290 4762 538 4817 emendat
567 4776 818 4825 uxorem;
866 4774 968 4813 non
1000 4758 1118 4813 dico
1151 4758 1193 4811 si
1225 4755 1539 4826 petulantius
1573 4756 1860 4823 jocnntetn,

290 4853 383 4908 sed
411 4852 453 4907 si
481 4851 877 4906 immoderatius
899 4866 989 4919 per
1009 4848 1292 4903 fenestram
1322 4847 1659 4916 aspicientem
1690 4847 1863 4900 anim-

288 4942 592 4997 adverterit.
641 4941 769 5008 Quze
820 4948 995 4993 tamen
1036 4938 1079 4992 si
1122 4939 1170 4992 ei
1195 4936 1515 5005 dicat,Quid
1545 4952 1629 4991 me
1659 4936 1860 4990 caedis?

291 5032 551 5087 Venerem
581 5030 724 5085 cmde
752 5030 795 5085 si
824 5038 991 5099 potes,
1019 5043 1048 5081 a
1078 5044 1177 5097 qua
1200 5042 1359 5098 cogor
1386 5028 1485 5081 hoc
1506 5026 1678 5081 facere
1707 5043 1721 5079 :
1752 5035 1863 5081 tum

288 5139 418 5178 vero
452 5123 540 5178 ille
567 5138 670 5176 non
702 5129 852 5176 curat
893 5135 1051 5190 quam
1089 5134 1223 5172 vana
1259 5119 1418 5172 verba
1446 5127 1727 5189 componat
1763 5119 1863 5172 fal-

291 5214 462 5271 lendis
502 5213 789 5276 extraneis,
842 5212 937 5266 sed
979 5226 1135 5282 quam
1171 5209 1311 5278 justa
1365 5209 1586 5264 verbera
1631 5211 1867 5280 imponat

289 5304 621 5375 cirrigendis
648 5304 778 5358 suis.

361 5398 414 5451 5.
440 5395 660 5463 Quando
688 5408 815 5464 ergo
844 5392 1098 5464 quisque,
1131 5406 1251 5446 cum
1283 5391 1597 5461 reprehendi
1623 5394 1861 5462 coeperit,

290 5502 504 5542 causam
552 5485 814 5542 convertit
856 5484 908 5539 in
951 5485 1114 5539 fatum
1138 5522 1155 5551 ,
1201 5490 1256 5537 et
1297 5484 1416 5538 ideo
1442 5498 1501 5540 se
1534 5485 1734 5555 culpari
1760 5501 1865 5541 non

288 5581 419 5645 vult,
446 5582 565 5650 quia
588 5580 694 5635 fato
718 5597 776 5637 se
798 5580 926 5636 dicit
963 5588 1205 5634 coactum
1234 5579 1420 5635 fecisse
1452 5581 1502 5636 id
1531 5583 1668 5653 quod
1693 5583 1866 5655 argui-

355 5692 375 5712 ⁹
393 5699 491 5741 Non
511 5701 707 5754 reperta
729 5694 778 5742 in
798 5700 904 5742 Mss.
931 5700 1138 5754 excepto
1156 5704 1255 5742 uno
1278 5694 1512 5743 vaticano.

352 5773 425 5836 (α)
445 5774 569 5823 Alias
588 5774 680 5823 345
700 5788 711 5823 :
730 5786 839 5836 qua:
854 5782 1016 5827 autem
1032 5774 1124 5825 216
1149 5782 1270 5838 erat,
1296 5788 1421 5826 nunc
1442 5776 1544 5827 l60.

1473 359 1947 417 EPISTULARUM
1986 360 2259 449 CLASSIS
2300 357 2384 418 IV.

3424 377 3558 434 106?.

1992 484 2109 541 tur;
2142 477 2321 532 redeat
2348 476 2413 531 ad
2441 478 2670 548 seipsum
2690 520 2703 545 ,
2735 490 2909 535 servet
2935 477 3034 537 hoc
3065 482 3117 536 in
3152 484 3291 551 suis,
3324 502 3428 543 non
3460 504 3552 544 αις

1984 566 2141 634 stiget
2169 580 2377 620 servum
2413 567 2579 623 furem
2600 611 2615 635 ,
2649 585 2752 624 non
2790 570 2855 625 de
2879 574 3257 628 contumelioso
3283 577 3391 630 tilio
3420 594 3552 633 eou-

1982 665 2262 725 queratur,
2302 658 2475 714 vicino
2522 660 2760 730 improbo
2796 676 2900 715 non
2938 662 3186 719 minetur.
3233 666 3367 734 Quid
3406 668 3550 725 enim

1983 745 2169 802 horum
2202 749 2418 817 faciens,
2444 750 2586 820 juste
2608 750 2751 818 facit,
2782 754 2828 808 si
2853 769 3039 809 omnes
3064 770 3094 809 a
3124 757 3314 826 quibus
3333 758 3549 827 injurias

1982 839 2193 909 patitur,
2215 857 2321 895 nou
2342 843 2494 912 culpa
2526 858 2638 907 sua,
2661 843 2755 899 sed
2772 844 2875 898 fato
2892 845 3230 914 impelluntur
3252 858 3306 903 ut
3322 849 3551 906 faciant?

1982 930 2039 985 Si
2080 941 2255 986 autem
2295 932 2415 1001 jure
2460 934 2673 1003 pr0prio
2715 943 2770 990 et
2815 936 3206 1005 patrisfamilias
3254 939 3548 1009 diligentia,

1981 1037 2343 1094 quoscumque
2364 1026 2604 1083 homines
2622 1042 2720 1098 pro
2737 1036 2973 1098 tempore
2995 1033 3047 1085 in
3078 1041 3338 1101 potestate
3363 1035 3546 1100 habet,

1981 1111 2221 1167 hortatur
2252 1113 2321 1169 ad
2369 1116 2598 1184 bonum,
2640 1118 2873 1173 deterret
2906 1135 2935 1173 a
2967 1121 3140 1185 malo,
3180 1122 3404 1191 imperat
3441 1142 3551 1181 sua:

1980 1202 2234 1258 voluntati
2286 1214 2340 1259 ut
2386 1194 2783 1277 obtemperent,
2831 1210 3055 1265 honorat
3098 1228 3191 1267 eos
3217 1215 3304 1282 qui
3334 1215 3433 1269 sibi
3484 1217 3550 1271 ad

1981 1300 2165 1347 nutum
2200 1295 2486 1364 obcdiunt,
2528 1299 2757 1354 vindicat
2785 1300 2833 1353 in
2874 1316 2966 1355 eos
2993 1301 3080 1371 qui
3102 1318 3160 1356 se
3186 1313 3548 1373 contemnunt,

1980 1388 2222 1456 rependit
2268 1390 2489 1459 gratiam
2556 1391 2834 1457 beneﬁcis,
2903 1393 3015 1447 odit
3064 1394 3331 1463 ingratos;
3385 1412 3553 1467 egone

1980 1479 2298 1547 exspectabo
2326 1490 2381 1534 ut
2412 1490 2592 1534 contra
2620 1480 2723 1536 fata
2753 1482 3015 1551 disputem
3041 1524 3055 1548 ,
3102 1500 3220 1538 cum
3254 1494 3394 1540 tanta
3428 1503 3550 1543 eum

1981 1582 2085 1620 non
2112 1569 2318 1634 verbis,
2351 1570 2441 1623 sed
2473 1570 2626 1625 factis
2665 1572 2840 1641 eloqui
2871 1573 3284 1642 deprehendam,
3308 1585 3364 1631 ut
3390 1593 3552 1647 prope

1980 1658 2223 1713 manibus
2255 1660 2364 1714 Suis
2389 1674 2575 1715 omnes
2605 1663 3100 1718 mathematicorum
3129 1666 3350 1735 capillos
3391 1682 3552 1738 super

1980 1752 2151 1819 capita
2178 1767 2362 1807 eorum
2390 1754 2630 1822 frangere
2656 1755 2936 1810 videatur?
2988 1756 3079 1811 liis
3101 1758 3275 1827 itaque
3304 1760 3479 1827 paucis
3506 1760 3551 1814 si
3586 1769 3589 1772 '

1979 1840 2207 1896 aviditas
2239 1850 2323 1896 tua
2359 1853 2607 1898 contenta
2635 1860 2739 1898 non
2768 1854 2878 1907 est,
2910 1854 2963 1898 et
3000 1845 3195 1901 librum
3232 1847 3459 1917 aliquem
3485 1848 3551 1901 de

1979 1930 2078 1985 hac
2107 1947 2193 1998 re,
2223 1949 2378 2001 quem
2407 1933 2603 1989 diutius
2630 1936 2804 2005 legat,
2834 1935 3130 2003 desiderat;
3176 1939 3433 2007 patienter
3460 1938 3550 1994 tibi

1977 2030 2099 2075 sunt
2138 2024 2512 2092 exspectanda:
2555 2026 2855 2081 vacationes
2904 2037 3137 2093 nostra},
3191 2037 3245 2081 et
3288 2029 3551 2098 rogandus

1978 2112 2117 2167 Deus
2139 2153 2153 2178 ,
2195 2116 2282 2183 qui
2310 2125 2364 2169 et
2391 2116 2553 2169 otium
2591 2125 2645 2171 et
2673 2116 2975 2172 facultatem
3001 2118 3240 2174 satiando
3272 2119 3337 2174 de
3367 2119 3465 2174 hac
3492 2135 3550 2175 re

1979 2202 2159 2255 animo
2191 2211 2279 2258 tuo
2314 2205 2545 2259 tribucre
2574 2206 2833 2276 dignetur.
2879 2207 2984 2261 Ero
3010 2217 3183 2263 tamen
3209 2209 3433 2263 alacrior
3458 2250 3472 2271 ,
3505 2209 3551 2262 si

1979 2302 2033 2345 et
2056 2306 2198 2363 saepe
2229 2309 2648 2349 commemorare
2678 2313 2763 2350 me
2800 2297 2986 2351 litteris
3028 2306 3167 2351 tuam
3198 2313 3299 2352 nou
3329 2298 3554 2367 piguerit

1975 2381 2306 2451 charitatem,
2334 2393 2388 2439 et
2407 2385 2530 2455 quid
2551 2385 2618 2441 de
2634 2386 2731 2439 hac
2753 2386 2972 2456 epistola
2992 2387 3188 2441 sentias
3211 2388 3550 2465 rescribendo

1977 2472 2239 2528 docueris.
3487 2487 3492 2491 '

2363 2585 2689 2643 EPISTOLA
2713 2585 2982 2643 CCXLVI]
3015 2592 3033 2612 ί
3061 2588 3159 2661 (α).

1976 2694 2284 2766 Augustinus
2296 2696 2565 2751 Romulum
2582 2708 2827 2767 potentem
2848 2700 3115 2768 hominem,
3131 2719 3275 2773 quem
3290 2704 3341 2757 in
3354 2704 3552 2759 Christo

2045 2794 2320 2855 genuerat,
2371 2787 2594 2841 obsecrat
2635 2804 2697 2841 ne
2746 2789 2954 2843 nimium
2999 2794 3207 2845 acerbus
3249 2803 3297 2847 et
3335 2795 3554 2864 injustas

2044 2886 2251 2930 exactor
2271 2878 2337 2930 sit
2371 2878 2671 2931 tributorum
2712 2879 3203 2935 administratoribus
3230 2876 3333 2936 suis
3357 2885 3552 2937 soluto-

2044 2981 2157 3018 rum
2190 2981 2209 3019 :
2236 2967 2474 3020 minitans
2499 2967 2564 3031 ei,
2595 2967 2640 3021 si
2663 2969 2920 3038 tyrannice
2944 2970 3139 3040 exigere
3165 2982 3356 3042 pergat,
3386 2983 3552 3026 extre-

2046 3075 2183 3112 mum
2202 3059 2472 3131 judicium.

1975 3169 2200 3225 Domino
2244 3170 2589 3225 dilectissimo
2632 3171 2852 3226 Βοιωιο
2895 3171 3034 3238 ﬁlio,
3082 3173 3453 3240 Aucusruvus,
3501 3176 3553 3231 in

2514 3262 2739 3315 Domino
2766 3262 3009 3317 salutem.

2045 3375 2096 3427 1.
2129 3372 2334 3429 Veritas
2368 3381 2421 3427 et
2458 3371 2627 3426 dulcis
2665 3381 2746 3427 est
2785 3380 2839 3426 et
2875 3388 3074 3425 amara.
3132 3373 3352 3439 Quando
3381 3374 3552 3429 dulcis

1973 3472 2080 3528 est,
2115 3464 2315 3533 parcit;
2345 3474 2397 3518 et
2430 3463 2639 3533 quando
2666 3478 2875 3531 amara,
2908 3476 3075 3519 curat.
3121 3466 3173 3520 Si
3202 3482 3305 3520 non
3337 3483 3550 3522 recusas

1972 3554 2155 3609 bibere
2176 3555 2314 3624 quod
2338 3555 2387 3608 in
2418 3555 2515 3608 hac
2536 3555 2756 3625 epistola
2778 3556 2963 3620 ofTero,
2997 3558 3240 3625 probabis
3261 3560 3399 3628 quod
3422 3559 3551 3615 dixi.

1976 3643 2183 3700 Utinam
2212 3645 2349 3699 sicut
2393 3646 2523 3699 mihi
2567 3662 2671 3699 non
2703 3646 2890 3712 obest,
2935 3648 3012 3701 sic
3056 3664 3155 3703 uec
3204 3650 3295 3702 tibi
3343 3651 3557 3705 obesset

1973 3736 2226 3806 quidquid
2257 3736 2703 3791 contumeliarum
2732 3737 2859 3789 mihi
2890 3737 3090 3807 irrOgas
3123 3757 3136 3788 ε
3166 3749 3217 3793 et
3245 3741 3442 3794 utinam
3474 3741 3556 3795 vel

1972 3835 2175 3881 tantum
2203 3826 2294 3882 tibi
2322 3827 2535 3881 obesset
2565 3827 2812 3896 iniquitas
2834 3843 2989 3896 quam
3014 3829 3220 3882 miseris
3247 3839 3299 3882 et
3321 3833 3558 3901 pauperi-

1972 3917 2069 3972 bus
2097 3918 2223 3971 facis
2249 3959 2264 3985 ,
2308 3927 2559 3988 quantum
2587 3918 2738 3972 obest
2765 3918 2892 3987 ipsis
2918 3918 3105 3987 quibus
3135 3936 3251 3974 eam
3286 3920 3432 3975 facis.
3478 3922 3555 3977 llli

1972 4010 2111 4062 enim
2150 4008 2214 4060 ad
2267 4016 2474 4076 tempus
2514 4008 2797 4070 laborant,
2849 4016 2903 4060 tu
2932 4018 3110 4062 autem
3150 4010 3268 4063 vide
3294 4011 3417 4078 quid
3460 4012 3554 4065 tibi

1973 4098 2297 4154 thesaurizes
2326 4097 2377 4151 in
2408 4097 2493 4151 die
2520 4097 2614 4151 ira:
2639 4106 2692 4152 et
2720 4098 3055 4152 rcvelatiouis
3078 4100 3202 4166 justi
3222 4099 3405 4169 judicii
3436 4102 3550 4167 Dei,

1970 4188 2059 4259 qui
2090 4187 2275 4241 reddet
2317 4186 2599 4255 unicuique
2632 4186 2920 4240 secundum
2960 4202 3119 4255 opera
3161 4202 3254 4241 sua
3283 4189 3457 4259 (Rom.
3486 4207 3546 4257 ιι,

1970 4280 2023 4343 5,
2055 4278 2130 4352 6).
2160 4277 2321 4348 Cujus
2351 4277 2764 4333 misericordiam
2789 4277 3047 4347 deprecor
3069 4289 3124 4331 ut
3152 4278 3235 4334 hic
3257 4287 3308 4335 te
3324 4282 3553 4352 corrigat

1970 4370 2234 4441 quomodo
2274 4371 2386 4439 ipse
2428 4368 2604 4435 novit,
2645 4368 2817 4437 potius
2856 4385 3012 4436 quam
3056 4382 3290 4425 reservet
3318 4373 3368 4426 in
3402 4373 3550 4427 illum

1970 4461 2107 4516 diem
2143 4460 2354 4530 quando
2390 4459 2563 4513 nullus
2602 4460 2710 4529 jam
2746 4459 2843 4513 erit
2879 4462 3222 4515 correctionis
3267 4463 3444 4529 locus;
3492 4474 3554 4520 ut

1970 4551 2057 4621 qui
2088 4551 2179 4605 tibi
2206 4549 2350 4604 dedit
2380 4550 2620 4603 timorem
2653 4565 2824 4611 suum,
2855 4558 3073 4619 propter
3092 4567 3247 4620 quem
3274 4551 3338 4605 de
3367 4561 3418 4606 te
3446 4570 3547 4607 non

1970 4643 2195 4711 despero
2215 4683 2229 4707 ,
2256 4640 2457 4709 aperiat
2485 4640 2575 4693 tibi
2605 4655 2820 4694 sensum
2839 4682 2852 4703 ,
2886 4648 2942 4693 ut
2967 4640 3148 4695 videas
3174 4654 3291 4711 qua“:
3322 4641 3468 4708 facis,
3500 4654 3554 4698 et

1968 4734 2261 4788 exhorreas
2285 4774 2299 4797 ,
2332 4739 2385 4786 et
2419 4729 2689 4785 emendes.
2744 4729 2910 4783 Parva
2951 4731 3090 4785 enim
3136 4742 3189 4786 et
3218 4733 3367 4801 quasi
3411 4736 3551 4789 nulla

1969 4825 2061 4879 tibi
2084 4823 2329 4879 videntur
2353 4863 2367 4888 ,
2401 4837 2517 4891 quae
2563 4830 2668 4875 tam
2693 4836 2881 4890 magna
2908 4822 3046 4875 mala
3074 4832 3228 4889 sunt,
3258 4832 3313 4876 ut
3338 4825 3551 4893 quando

1968 4922 2022 4969 te
2049 4914 2245 4968 domita
2274 4913 2535 4982 cupiditas
2561 4927 2621 4967 ea
2650 4912 2991 4967 considerare
3030 4914 3369 4983 permiserit,
3409 4915 3551 4984 riges

1970 5005 2218 5075 lacrymis
2257 5013 2450 5058 terram
2472 5044 2487 5068 ,
2518 5012 2575 5056 ut
2600 5003 2739 5056 Deus
2768 5004 3082 5057 misereatur
3110 5004 3203 5056 tui.
3248 5005 3352 5057 Aut
3381 5004 3423 5057 si
3450 5019 3550 5073 ego

1970 5097 2180 5167 iniquus
2205 5110 2318 5150 sum
2342 5137 2356 5161 ,
2398 5094 2488 5164 qui
2517 5094 2617 5148 hoc
2653 5104 2823 5148 tecum
2862 5110 2961 5164 ago
2999 5110 3065 5149 ne
3091 5094 3270 5149 miseri
3301 5104 3353 5151 et
3395 5097 3547 5166 egeni

1972 5186 2214 5242 homines
2234 5186 2317 5241 bis
2343 5184 2566 5240 reddant
2589 5185 2729 5255 quod
2755 5184 2985 5249 debent,
3028 5202 3147 5239 cum
3179 5186 3350 5241 coloni
3380 5187 3547 5242 actori

1970 5289 2067 5331 suo
2093 5276 2365 5341 dederint,
2394 5274 2604 5330 subdito
2628 5277 2643 5307 ¹
2677 5276 2958 5344 praeposito
2984 5283 3037 5329 et
3069 5274 3275 5345 jubenti
3304 5276 3546 5331 serviend

1970 5378 2084 5435 tes,
2132 5383 2231 5423 nec
2260 5368 2349 5423 ille
2391 5381 2448 5423 se
2488 5368 2753 5437 accepisse
2798 5382 2991 5437 negare
3037 5368 3265 5438 potuerit
3297 5385 3307 5423 :
3340 5370 3382 5423 si
3410 5385 3550 5440 ergo

1971 5475 2069 5531 ego
2109 5460 2317 5533 iniquus
2355 5473 2505 5527 sum,
2535 5461 2658 5530 quia
2693 5458 2821 5513 mihi
2859 5459 3066 5514 videtur
3100 5460 3351 5530 injustum
3382 5470 3439 5515 ut
3467 5461 3550 5517 bis

2037 5613 2053 5644 ί
2082 5613 2155 5661 sic
2172 5612 2223 5661 in
2244 5612 2466 5661 omnibus
2486 5619 2591 5661 Mss.
2616 5616 2672 5660 At
2692 5611 2741 5659 in
2766 5611 2979 5672 excusis,
3001 5610 3195 5662 subditi.

2035 5696 2053 5712 °
2072 5701 2199 5744 uane
2212 5696 2582 5757 reeognovimus
2602 5693 2663 5743 ad
2682 5692 2751 5742 bl.
2771 5693 2849 5743 cb.
2870 5707 2943 5744 vc.
2964 5694 3087 5744 duos
3108 5708 3154 5744 v.
3182 5702 3234 5745 et
3255 5701 3363 5747 ιον.

2034 5780 2105 5842 (a)
2134 5778 2254 5830 Alias
2270 5779 2354 5829 211
2380 5792 2391 5829 :
2414 5789 2521 5841 quae
2544 5784 2706 5826 autem
2728 5775 2819 5825 147
2845 5784 2967 5839 erat,
2986 5791 3112 5828 nunc
3140 5777 3241 5827 161.
