  <div class='ocr_page' id='page_1' title='image "/cluster/home/n/w/nwhite01/storage/ocr_20150623/33/hvd.32044015471451/537.png"; bbox 0 0 4070 6332; ppageno 0'>
   <div class='ocr_carea' id='block_1_1' title="bbox 499 335 635 392">
    <p class='ocr_par' dir='ltr' id='par_1_1' title="bbox 499 335 635 392">
     <span class='ocr_line' id='line_1_1' title="bbox 499 335 635 392; baseline 0 -1"><span class='ocrx_word' id='word_1_1' title='bbox 499 335 635 392; x_wconf 74' lang='grc'>1065</span> 
     </span>
    </p>
   </div>
   <div class='ocr_carea' id='block_1_2' title="bbox 493 407 2072 520">
    <p class='ocr_par' dir='ltr' id='par_1_2' title="bbox 493 407 2072 520">
     <span class='ocr_line' id='line_1_2' title="bbox 493 407 2072 520; baseline -0.018 -15"><span class='ocrx_word' id='word_1_2' title='bbox 493 451 791 520; x_wconf 75' lang='lat' dir='ltr'><strong>exigantur,</strong></span> <span class='ocrx_word' id='word_1_3' title='bbox 817 443 908 514; x_wconf 87' lang='lat' dir='ltr'><strong>qui</strong></span> <span class='ocrx_word' id='word_1_4' title='bbox 937 441 1024 497; x_wconf 86' lang='lat' dir='ltr'><strong>vix</strong></span> <span class='ocrx_word' id='word_1_5' title='bbox 1051 438 1217 496; x_wconf 84' lang='lat' dir='ltr'><strong>semel</strong></span> <span class='ocrx_word' id='word_1_6' title='bbox 1247 435 1472 492; x_wconf 78' lang='lat' dir='ltr'><strong>reddere</strong></span> <span class='ocrx_word' id='word_1_7' title='bbox 1494 429 1766 486; x_wconf 85' lang='lat' dir='ltr'><strong>sulliciunt</strong></span> <span class='ocrx_word' id='word_1_8' title='bbox 1788 445 1803 494; x_wconf 87' lang='lat'><strong>;</strong></span> <span class='ocrx_word' id='word_1_9' title='bbox 1826 407 1912 482; x_wconf 65' lang='lat' dir='ltr'><strong>iac</strong></span> <span class='ocrx_word' id='word_1_10' title='bbox 1932 425 2072 520; x_wconf 81' lang='lat' dir='ltr'><strong>quod</strong></span> 
     </span>
    </p>
   </div>
   <div class='ocr_carea' id='block_1_3' title="bbox 493 513 2074 597">
    <p class='ocr_par' dir='ltr' id='par_1_3' title="bbox 493 513 2074 597">
     <span class='ocr_line' id='line_1_3' title="bbox 493 513 2074 597; baseline -0.017 -2"><span class='ocrx_word' id='word_1_11' title='bbox 493 513 609 594; x_wconf 57' lang='lat' dir='ltr'><strong>vis:</strong></span> <span class='ocrx_word' id='word_1_12' title='bbox 650 538 704 594; x_wconf 88' lang='lat' dir='ltr'><strong>Si</strong></span> <span class='ocrx_word' id='word_1_13' title='bbox 743 513 921 592; x_wconf 83' lang='lat' dir='ltr'><strong>autem</strong></span> <span class='ocrx_word' id='word_1_14' title='bbox 949 543 1005 588; x_wconf 93' lang='lat' dir='ltr'><strong>tu</strong></span> <span class='ocrx_word' id='word_1_15' title='bbox 1043 531 1190 585; x_wconf 83' lang='lat' dir='ltr'><strong>vides</strong></span> <span class='ocrx_word' id='word_1_16' title='bbox 1229 527 1351 597; x_wconf 83' lang='lat' dir='ltr'><strong>quia</strong></span> <span class='ocrx_word' id='word_1_17' title='bbox 1393 525 1647 594; x_wconf 90' lang='lat' dir='ltr'><strong>iniustum</strong></span> <span class='ocrx_word' id='word_1_18' title='bbox 1679 530 1795 586; x_wconf 84' lang='lat' dir='ltr'><strong>est;</strong></span> <span class='ocrx_word' id='word_1_19' title='bbox 1829 519 1908 572; x_wconf 80' lang='lat' dir='ltr'><strong>iac</strong></span> <span class='ocrx_word' id='word_1_20' title='bbox 1932 513 2074 587; x_wconf 91' lang='lat' dir='ltr'><strong>quod</strong></span> 
     </span>
    </p>
   </div>
   <div class='ocr_carea' id='block_1_4' title="bbox 494 621 1698 698">
    <p class='ocr_par' dir='ltr' id='par_1_4' title="bbox 494 621 1698 698">
     <span class='ocr_line' id='line_1_4' title="bbox 494 621 1698 698; baseline -0.018 -9"><span class='ocrx_word' id='word_1_21' title='bbox 494 635 669 693; x_wconf 86' lang='lat' dir='ltr'><strong>decet.</strong></span> <span class='ocrx_word' id='word_1_22' title='bbox 701 630 781 684; x_wconf 78' lang='lat' dir='ltr'><strong>fac</strong></span> <span class='ocrx_word' id='word_1_23' title='bbox 808 627 946 698; x_wconf 90' lang='lat' dir='ltr'><strong>quod</strong></span> <span class='ocrx_word' id='word_1_24' title='bbox 977 628 1111 679; x_wconf 88' lang='lat' dir='ltr'><strong>Deus</strong></span> <span class='ocrx_word' id='word_1_25' title='bbox 1132 621 1281 690; x_wconf 91' lang='lat' dir='ltr'><strong>iubet</strong></span> <span class='ocrx_word' id='word_1_26' title='bbox 1303 662 1317 684; x_wconf 96' lang='lat'><strong>,</strong></span> <span class='ocrx_word' id='word_1_27' title='bbox 1348 627 1399 672; x_wconf 90' lang='lat' dir='ltr'><strong>et</strong></span> <span class='ocrx_word' id='word_1_28' title='bbox 1425 632 1526 686; x_wconf 86' lang='lat' dir='ltr'><strong>ego</strong></span> <span class='ocrx_word' id='word_1_29' title='bbox 1551 631 1698 685; x_wconf 88' lang='lat' dir='ltr'><strong>rogo.</strong></span> 
     </span>
    </p>
   </div>
   <div class='ocr_carea' id='block_1_5' title="bbox 573 718 2074 808">
    <p class='ocr_par' dir='ltr' id='par_1_5' title="bbox 573 718 2074 808">
     <span class='ocr_line' id='line_1_5' title="bbox 573 718 2074 808; baseline -0.017 -12"><span class='ocrx_word' id='word_1_30' title='bbox 573 743 626 796; x_wconf 70' lang='lat'><strong>9.</strong></span> <span class='ocrx_word' id='word_1_31' title='bbox 654 741 767 796; x_wconf 82' lang='lat' dir='ltr'><strong>Non</strong></span> <span class='ocrx_word' id='word_1_32' title='bbox 796 754 890 808; x_wconf 88' lang='lat' dir='ltr'><strong>pro</strong></span> <span class='ocrx_word' id='word_1_33' title='bbox 917 737 1018 790; x_wconf 89' lang='lat' dir='ltr'><strong>illis</strong></span> <span class='ocrx_word' id='word_1_34' title='bbox 1044 733 1206 802; x_wconf 84' lang='lat' dir='ltr'><strong>magis</strong></span> <span class='ocrx_word' id='word_1_35' title='bbox 1234 729 1420 803; x_wconf 87' lang='lat' dir='ltr'><strong>(novit</strong></span> <span class='ocrx_word' id='word_1_36' title='bbox 1445 728 1530 780; x_wconf 90' lang='lat' dir='ltr'><strong>ille</strong></span> <span class='ocrx_word' id='word_1_37' title='bbox 1555 739 1712 794; x_wconf 86' lang='lat' dir='ltr'><strong>quem</strong></span> <span class='ocrx_word' id='word_1_38' title='bbox 1743 720 1955 788; x_wconf 82' lang='lat' dir='ltr'><strong>timeo).</strong></span> <span class='ocrx_word' id='word_1_39' title='bbox 1983 718 2074 772; x_wconf 86' lang='lat' dir='ltr'><strong>sed</strong></span> 
     </span>
    </p>
   </div>
   <div class='ocr_carea' id='block_1_6' title="bbox 459 814 2074 906">
    <p class='ocr_par' dir='ltr' id='par_1_6' title="bbox 459 814 2074 906">
     <span class='ocr_line' id='line_1_6' title="bbox 459 814 2074 906; baseline -0.019 -15"><span class='ocrx_word' id='word_1_40' title='bbox 459 860 462 864; x_wconf 92' lang='grc'>·</span> <span class='ocrx_word' id='word_1_41' title='bbox 497 850 595 906; x_wconf 88' lang='lat' dir='ltr'><strong>pro</strong></span> <span class='ocrx_word' id='word_1_42' title='bbox 623 835 792 900; x_wconf 71' lang='lat' dir='ltr'><strong>teipso</strong></span> <span class='ocrx_word' id='word_1_43' title='bbox 821 831 1045 897; x_wconf 87' lang='lat' dir='ltr'><strong>teipsum</strong></span> <span class='ocrx_word' id='word_1_44' title='bbox 1075 840 1202 893; x_wconf 87' lang='lat' dir='ltr'><strong>rogo</strong></span> <span class='ocrx_word' id='word_1_45' title='bbox 1227 865 1242 887; x_wconf 93' lang='lat'><strong>,</strong></span> <span class='ocrx_word' id='word_1_46' title='bbox 1270 831 1323 874; x_wconf 89' lang='lat' dir='ltr'><strong>ut</strong></span> <span class='ocrx_word' id='word_1_47' title='bbox 1344 861 1356 882; x_wconf 88' lang='lat'><strong>,</strong></span> <span class='ocrx_word' id='word_1_48' title='bbox 1387 816 1655 889; x_wconf 88' lang='lat' dir='ltr'><strong>quomodo</strong></span> <span class='ocrx_word' id='word_1_49' title='bbox 1679 814 1932 881; x_wconf 84' lang='lat' dir='ltr'><strong>scriptum</strong></span> <span class='ocrx_word' id='word_1_50' title='bbox 1973 818 2074 873; x_wconf 87' lang='lat' dir='ltr'><strong>est,</strong></span> 
     </span>
    </p>
   </div>
   <div class='ocr_carea' id='block_1_7' title="bbox 501 902 2075 986">
    <p class='ocr_par' dir='ltr' id='par_1_7' title="bbox 501 902 2075 986">
     <span class='ocr_line' id='line_1_7' title="bbox 501 902 2075 986; baseline -0.02 -3"><span class='ocrx_word' id='word_1_51' title='bbox 501 902 790 982; x_wconf 58' lang='lat' dir='ltr'><strong>bliaerea&#39;ris</strong></span> <span class='ocrx_word' id='word_1_52' title='bbox 824 925 1008 974; x_wconf 79' lang='lat' dir='ltr'><strong>anima:</strong></span> <span class='ocrx_word' id='word_1_53' title='bbox 1044 927 1144 971; x_wconf 72' lang='lat' dir='ltr'><strong>tua:</strong></span> <span class='ocrx_word' id='word_1_54' title='bbox 1191 916 1392 986; x_wconf 81' lang='lat' dir='ltr'><strong>placens</strong></span> <span class='ocrx_word' id='word_1_55' title='bbox 1424 911 1528 964; x_wconf 85' lang='lat' dir='ltr'><strong>Deo</strong></span> <span class='ocrx_word' id='word_1_56' title='bbox 1563 907 1748 975; x_wconf 75' lang='lat' dir='ltr'><strong>(Ereti.</strong></span> <span class='ocrx_word' id='word_1_57' title='bbox 1782 919 1897 959; x_wconf 82' lang='lat' dir='ltr'><strong>xxx</strong></span> <span class='ocrx_word' id='word_1_58' title='bbox 1919 944 1932 966; x_wconf 92' lang='lat'><strong>,</strong></span> <span class='ocrx_word' id='word_1_59' title='bbox 1960 902 2075 968; x_wconf 68' lang='grc'><strong>24).</strong></span> 
     </span>
    </p>
   </div>
   <div class='ocr_carea' id='block_1_8' title="bbox 499 994 2076 1085">
    <p class='ocr_par' dir='ltr' id='par_1_8' title="bbox 499 994 2076 1085">
     <span class='ocr_line' id='line_1_8' title="bbox 499 994 2076 1085; baseline -0.018 -11"><span class='ocrx_word' id='word_1_60' title='bbox 499 1022 565 1074; x_wconf 76' lang='lat' dir='ltr'><strong>Et</strong></span> <span class='ocrx_word' id='word_1_61' title='bbox 594 1018 751 1072; x_wconf 88' lang='lat' dir='ltr'><strong>modo</strong></span> <span class='ocrx_word' id='word_1_62' title='bbox 780 1015 991 1085; x_wconf 79' lang='lat' dir='ltr'><strong>quidem</strong></span> <span class='ocrx_word' id='word_1_63' title='bbox 1020 1027 1122 1064; x_wconf 88' lang='lat' dir='ltr'><strong>non</strong></span> <span class='ocrx_word' id='word_1_64' title='bbox 1155 1005 1418 1077; x_wconf 78' lang='lat' dir='ltr'><strong>rogandus</strong></span> <span class='ocrx_word' id='word_1_65' title='bbox 1439 1037 1455 1068; x_wconf 86' lang='lat'><strong>,</strong></span> <span class='ocrx_word' id='word_1_66' title='bbox 1483 1001 1576 1056; x_wconf 84' lang='lat' dir='ltr'><strong>sed</strong></span> <span class='ocrx_word' id='word_1_67' title='bbox 1602 994 1959 1067; x_wconf 74' lang='lat' dir='ltr'><strong>obiurgandus</strong></span> <span class='ocrx_word' id='word_1_68' title='bbox 1981 1007 2039 1047; x_wconf 91' lang='lat' dir='ltr'><strong>cs</strong></span> <span class='ocrx_word' id='word_1_69' title='bbox 2063 1008 2076 1045; x_wconf 92' lang='lat'><strong>:</strong></span> 
     </span>
    </p>
   </div>
   <div class='ocr_carea' id='block_1_9' title="bbox 499 1085 2076 1169">
    <p class='ocr_par' dir='ltr' id='par_1_9' title="bbox 499 1085 2076 1169">
     <span class='ocr_line' id='line_1_9' title="bbox 499 1085 2076 1169; baseline -0.019 -5"><span class='ocrx_word' id='word_1_70' title='bbox 499 1125 620 1164; x_wconf 91' lang='lat' dir='ltr'><strong>nam</strong></span> <span class='ocrx_word' id='word_1_71' title='bbox 649 1117 702 1161; x_wconf 92' lang='lat' dir='ltr'><strong>et</strong></span> <span class='ocrx_word' id='word_1_72' title='bbox 747 1107 848 1159; x_wconf 90' lang='lat' dir='ltr'><strong>hoc</strong></span> <span class='ocrx_word' id='word_1_73' title='bbox 872 1103 1124 1169; x_wconf 85' lang='lat' dir='ltr'><strong>scriptum</strong></span> <span class='ocrx_word' id='word_1_74' title='bbox 1153 1107 1235 1151; x_wconf 85' lang='lat' dir='ltr'><strong>est</strong></span> <span class='ocrx_word' id='word_1_75' title='bbox 1259 1140 1272 1162; x_wconf 90' lang='lat'><strong>,</strong></span> <span class='ocrx_word' id='word_1_76' title='bbox 1315 1095 1425 1165; x_wconf 76' lang='lat' dir='ltr'><strong>Ego</strong></span> <span class='ocrx_word' id='word_1_77' title='bbox 1453 1108 1598 1162; x_wconf 83' lang='lat' dir='ltr'><strong>quem</strong></span> <span class='ocrx_word' id='word_1_78' title='bbox 1626 1105 1740 1142; x_wconf 88' lang='lat' dir='ltr'><strong>anto</strong></span> <span class='ocrx_word' id='word_1_79' title='bbox 1759 1129 1773 1150; x_wconf 89' lang='lat'><strong>,</strong></span> <span class='ocrx_word' id='word_1_80' title='bbox 1805 1085 2076 1154; x_wconf 80' lang='lat' dir='ltr'><strong><em>redarguo,</em></strong></span> 
     </span>
    </p>
   </div>
   <div class='ocr_carea' id='block_1_10' title="bbox 483 1184 2080 1270">
    <p class='ocr_par' dir='ltr' id='par_1_10' title="bbox 483 1184 2080 1270">
     <span class='ocr_line' id='line_1_10' title="bbox 483 1184 2080 1270; baseline -0.018 -14"><span class='ocrx_word' id='word_1_81' title='bbox 483 1211 543 1256; x_wconf 87' lang='lat' dir='ltr'><strong>et</strong></span> <span class='ocrx_word' id='word_1_82' title='bbox 565 1201 754 1270; x_wconf 86' lang='lat' dir='ltr'><strong>castigo</strong></span> <span class='ocrx_word' id='word_1_83' title='bbox 783 1197 964 1269; x_wconf 81' lang='lat' dir='ltr'><strong>(Apoc.</strong></span> <span class='ocrx_word' id='word_1_84' title='bbox 993 1209 1068 1255; x_wconf 85' lang='grc' dir='ltr'><strong>ιιι,</strong></span> <span class='ocrx_word' id='word_1_85' title='bbox 1104 1193 1214 1262; x_wconf 76' lang='grc'><strong>19).</strong></span> <span class='ocrx_word' id='word_1_86' title='bbox 1248 1190 1360 1258; x_wconf 81' lang='lat' dir='ltr'><strong>Ego</strong></span> <span class='ocrx_word' id='word_1_87' title='bbox 1385 1197 1561 1240; x_wconf 89' lang='lat' dir='ltr'><strong>tamen</strong></span> <span class='ocrx_word' id='word_1_88' title='bbox 1591 1184 1632 1238; x_wconf 87' lang='lat' dir='ltr'><strong>si</strong></span> <span class='ocrx_word' id='word_1_89' title='bbox 1662 1196 1757 1252; x_wconf 90' lang='lat' dir='ltr'><strong>pro</strong></span> <span class='ocrx_word' id='word_1_90' title='bbox 1777 1195 1862 1234; x_wconf 92' lang='lat' dir='ltr'><strong>me</strong></span> <span class='ocrx_word' id='word_1_91' title='bbox 1887 1193 2080 1246; x_wconf 87' lang='lat' dir='ltr'><strong>rogan-</strong></span> 
     </span>
    </p>
   </div>
   <div class='ocr_carea' id='block_1_11' title="bbox 496 1275 2084 1354">
    <p class='ocr_par' dir='ltr' id='par_1_11' title="bbox 496 1275 2084 1354">
     <span class='ocr_line' id='line_1_11' title="bbox 496 1275 2084 1354; baseline -0.018 -5"><span class='ocrx_word' id='word_1_92' title='bbox 496 1293 597 1349; x_wconf 87' lang='lat' dir='ltr'><strong>dus</strong></span> <span class='ocrx_word' id='word_1_93' title='bbox 622 1303 808 1354; x_wconf 79' lang='lat' dir='ltr'><strong>esses,</strong></span> <span class='ocrx_word' id='word_1_94' title='bbox 858 1287 993 1342; x_wconf 80' lang='lat' dir='ltr'><strong>forte</strong></span> <span class='ocrx_word' id='word_1_95' title='bbox 1032 1299 1135 1339; x_wconf 91' lang='lat' dir='ltr'><strong>non</strong></span> <span class='ocrx_word' id='word_1_96' title='bbox 1180 1291 1230 1336; x_wconf 92' lang='lat' dir='ltr'><strong>te</strong></span> <span class='ocrx_word' id='word_1_97' title='bbox 1269 1291 1508 1349; x_wconf 78' lang='lat' dir='ltr'><strong>rogarem</strong></span> <span class='ocrx_word' id='word_1_98' title='bbox 1542 1290 1554 1327; x_wconf 92' lang='lat'><strong>:</strong></span> <span class='ocrx_word' id='word_1_99' title='bbox 1586 1275 1707 1344; x_wconf 89' lang='lat' dir='ltr'><strong>quia</strong></span> <span class='ocrx_word' id='word_1_100' title='bbox 1742 1286 1868 1326; x_wconf 75' lang='lat' dir='ltr'><strong>vero</strong></span> <span class='ocrx_word' id='word_1_101' title='bbox 1905 1283 2002 1339; x_wconf 90' lang='lat' dir='ltr'><strong>pro</strong></span> <span class='ocrx_word' id='word_1_102' title='bbox 2032 1277 2084 1321; x_wconf 89' lang='lat' dir='ltr'><strong>te</strong></span> 
     </span>
    </p>
   </div>
   <div class='ocr_carea' id='block_1_12' title="bbox 499 1361 2084 1453">
    <p class='ocr_par' dir='ltr' id='par_1_12' title="bbox 499 1361 2084 1453">
     <span class='ocr_line' id='line_1_12' title="bbox 499 1361 2084 1453; baseline -0.016 -13"><span class='ocrx_word' id='word_1_103' title='bbox 499 1382 766 1453; x_wconf 73' lang='lat' dir='ltr'><strong>rogandus</strong></span> <span class='ocrx_word' id='word_1_104' title='bbox 789 1395 870 1444; x_wconf 87' lang='lat' dir='ltr'><strong>es,</strong></span> <span class='ocrx_word' id='word_1_105' title='bbox 902 1394 1030 1448; x_wconf 85' lang='lat' dir='ltr'><strong>rogo</strong></span> <span class='ocrx_word' id='word_1_106' title='bbox 1055 1387 1106 1432; x_wconf 94' lang='lat' dir='ltr'><strong>te</strong></span> <span class='ocrx_word' id='word_1_107' title='bbox 1134 1377 1322 1429; x_wconf 89' lang='lat' dir='ltr'><strong>iratum</strong></span> <span class='ocrx_word' id='word_1_108' title='bbox 1347 1380 1405 1426; x_wconf 85' lang='grc' dir='ltr'><strong>ιιι</strong></span> <span class='ocrx_word' id='word_1_109' title='bbox 1423 1384 1611 1439; x_wconf 85' lang='lat' dir='ltr'><strong>parcas</strong></span> <span class='ocrx_word' id='word_1_110' title='bbox 1632 1366 1746 1431; x_wconf 88' lang='lat' dir='ltr'><strong>tibi,</strong></span> <span class='ocrx_word' id='word_1_111' title='bbox 1776 1374 1832 1418; x_wconf 87' lang='grc' dir='ltr'><strong>ιιι</strong></span> <span class='ocrx_word' id='word_1_112' title='bbox 1860 1361 2084 1434; x_wconf 88' lang='lat' dir='ltr'><strong>placeris</strong></span> 
     </span>
    </p>
   </div>
   <div class='ocr_carea' id='block_1_13' title="bbox 499 1451 2084 1539">
    <p class='ocr_par' dir='ltr' id='par_1_13' title="bbox 499 1451 2084 1539">
     <span class='ocr_line' id='line_1_13' title="bbox 499 1451 2084 1539; baseline -0.015 -9"><span class='ocrx_word' id='word_1_113' title='bbox 499 1451 592 1530; x_wconf 82' lang='lat' dir='ltr'><strong>tibi</strong></span> <span class='ocrx_word' id='word_1_114' title='bbox 624 1475 664 1536; x_wconf 76' lang='grc'><strong>⁸,</strong></span> <span class='ocrx_word' id='word_1_115' title='bbox 697 1481 754 1526; x_wconf 94' lang='grc' dir='ltr'><strong>ιιι</strong></span> <span class='ocrx_word' id='word_1_116' title='bbox 775 1471 868 1524; x_wconf 88' lang='lat' dir='ltr'><strong>tibi</strong></span> <span class='ocrx_word' id='word_1_117' title='bbox 901 1469 1138 1539; x_wconf 74' lang='lat' dir='ltr'><strong>placetur</strong></span> <span class='ocrx_word' id='word_1_118' title='bbox 1163 1465 1250 1519; x_wconf 87' lang='lat' dir='ltr'><strong>ille</strong></span> <span class='ocrx_word' id='word_1_119' title='bbox 1276 1476 1438 1533; x_wconf 89' lang='lat' dir='ltr'><strong>quem</strong></span> <span class='ocrx_word' id='word_1_120' title='bbox 1474 1473 1648 1529; x_wconf 87' lang='lat' dir='ltr'><strong>rogas.</strong></span> <span class='ocrx_word' id='word_1_121' title='bbox 1681 1455 1795 1511; x_wconf 83' lang='lat' dir='ltr'><strong>Misi</strong></span> <span class='ocrx_word' id='word_1_122' title='bbox 1822 1454 1886 1508; x_wconf 90' lang='lat' dir='ltr'><strong>ad</strong></span> <span class='ocrx_word' id='word_1_123' title='bbox 1921 1463 1972 1507; x_wconf 92' lang='lat' dir='ltr'><strong>te</strong></span> <span class='ocrx_word' id='word_1_124' title='bbox 1998 1451 2084 1506; x_wconf 91' lang='lat' dir='ltr'><strong>die</strong></span> 
     </span>
    </p>
   </div>
   <div class='ocr_carea' id='block_1_14' title="bbox 501 1543 2084 1628">
    <p class='ocr_par' dir='ltr' id='par_1_14' title="bbox 501 1543 2084 1628">
     <span class='ocr_line' id='line_1_14' title="bbox 501 1543 2084 1628; baseline -0.016 -7"><span class='ocrx_word' id='word_1_125' title='bbox 501 1564 729 1628; x_wconf 75' lang='lat' dir='ltr'><strong>sabbati,</strong></span> <span class='ocrx_word' id='word_1_126' title='bbox 755 1577 876 1618; x_wconf 91' lang='lat' dir='ltr'><strong>cum</strong></span> <span class='ocrx_word' id='word_1_127' title='bbox 902 1560 1076 1614; x_wconf 89' lang='lat' dir='ltr'><strong>adhuc</strong></span> <span class='ocrx_word' id='word_1_128' title='bbox 1105 1555 1411 1627; x_wconf 86' lang='lat' dir='ltr'><strong>prauderes,</strong></span> <span class='ocrx_word' id='word_1_129' title='bbox 1438 1561 1623 1606; x_wconf 88' lang='lat' dir='ltr'><strong>utnon</strong></span> <span class='ocrx_word' id='word_1_130' title='bbox 1655 1543 2084 1618; x_wconf 81' lang='lat' dir='ltr'><strong>proliciseereris,</strong></span> 
     </span>
    </p>
   </div>
   <div class='ocr_carea' id='block_1_15' title="bbox 508 1637 2085 1715">
    <p class='ocr_par' dir='ltr' id='par_1_15' title="bbox 508 1637 2085 1715">
     <span class='ocr_line' id='line_1_15' title="bbox 508 1637 2085 1715; baseline -0.017 -1"><span class='ocrx_word' id='word_1_131' title='bbox 508 1659 612 1715; x_wconf 83' lang='lat' dir='ltr'><strong>nisi</strong></span> <span class='ocrx_word' id='word_1_132' title='bbox 649 1673 736 1712; x_wconf 93' lang='lat' dir='ltr'><strong>me</strong></span> <span class='ocrx_word' id='word_1_133' title='bbox 776 1655 1000 1709; x_wconf 86' lang='lat' dir='ltr'><strong>vidisses</strong></span> <span class='ocrx_word' id='word_1_134' title='bbox 1032 1669 1046 1708; x_wconf 88' lang='lat'><strong>:</strong></span> <span class='ocrx_word' id='word_1_135' title='bbox 1076 1645 1391 1704; x_wconf 89' lang='lat' dir='ltr'><strong>renuntiasti</strong></span> <span class='ocrx_word' id='word_1_136' title='bbox 1429 1645 1498 1698; x_wconf 92' lang='lat' dir='ltr'><strong>ita</strong></span> <span class='ocrx_word' id='word_1_137' title='bbox 1540 1651 1594 1696; x_wconf 93' lang='lat' dir='ltr'><strong>te</strong></span> <span class='ocrx_word' id='word_1_138' title='bbox 1638 1655 1759 1695; x_wconf 90' lang='lat' dir='ltr'><strong>esse</strong></span> <span class='ocrx_word' id='word_1_139' title='bbox 1801 1637 2085 1691; x_wconf 81' lang='lat' dir='ltr'><strong>facturum.</strong></span> 
     </span>
    </p>
   </div>
   <div class='ocr_carea' id='block_1_16' title="bbox 500 1726 2090 1807">
    <p class='ocr_par' dir='ltr' id='par_1_16' title="bbox 500 1726 2090 1807">
     <span class='ocr_line' id='line_1_16' title="bbox 500 1726 2090 1807; baseline -0.018 0"><span class='ocrx_word' id='word_1_140' title='bbox 500 1748 791 1807; x_wconf 78' lang='lat' dir='ltr'><strong>Surrexisti</strong></span> <span class='ocrx_word' id='word_1_141' title='bbox 809 1745 896 1801; x_wconf 91' lang='lat' dir='ltr'><strong>die</strong></span> <span class='ocrx_word' id='word_1_142' title='bbox 919 1742 1206 1803; x_wconf 86' lang='lat' dir='ltr'><strong>dominico.</strong></span> <span class='ocrx_word' id='word_1_143' title='bbox 1238 1747 1313 1806; x_wconf 90' lang='lat' dir='ltr'><strong>et,</strong></span> <span class='ocrx_word' id='word_1_144' title='bbox 1341 1745 1398 1791; x_wconf 91' lang='grc' dir='ltr'><strong>ιιι</strong></span> <span class='ocrx_word' id='word_1_145' title='bbox 1415 1734 1613 1800; x_wconf 82' lang='lat' dir='ltr'><strong>audivi,</strong></span> <span class='ocrx_word' id='word_1_146' title='bbox 1635 1731 1823 1786; x_wconf 89' lang='lat' dir='ltr'><strong>venisti</strong></span> <span class='ocrx_word' id='word_1_147' title='bbox 1846 1729 1896 1783; x_wconf 91' lang='lat' dir='ltr'><strong>in</strong></span> <span class='ocrx_word' id='word_1_148' title='bbox 1914 1726 2090 1783; x_wconf 90' lang='lat' dir='ltr'><strong>eccle-</strong></span> 
     </span>
    </p>
   </div>
   <div class='ocr_carea' id='block_1_17' title="bbox 503 1817 2087 1903">
    <p class='ocr_par' dir='ltr' id='par_1_17' title="bbox 503 1817 2087 1903">
     <span class='ocr_line' id='line_1_17' title="bbox 503 1817 2087 1903; baseline -0.017 -6"><span class='ocrx_word' id='word_1_149' title='bbox 503 1842 661 1903; x_wconf 84' lang='lat' dir='ltr'><strong>siam.</strong></span> <span class='ocrx_word' id='word_1_150' title='bbox 701 1848 757 1894; x_wconf 91' lang='lat' dir='ltr'><strong>et</strong></span> <span class='ocrx_word' id='word_1_151' title='bbox 780 1835 962 1899; x_wconf 90' lang='lat' dir='ltr'><strong>orasti,</strong></span> <span class='ocrx_word' id='word_1_152' title='bbox 989 1843 1043 1888; x_wconf 88' lang='lat' dir='ltr'><strong>et</strong></span> <span class='ocrx_word' id='word_1_153' title='bbox 1065 1830 1332 1902; x_wconf 81' lang='lat' dir='ltr'><strong>profectus</strong></span> <span class='ocrx_word' id='word_1_154' title='bbox 1352 1841 1432 1892; x_wconf 88' lang='lat' dir='ltr'><strong>es,</strong></span> <span class='ocrx_word' id='word_1_155' title='bbox 1461 1835 1515 1880; x_wconf 90' lang='lat' dir='ltr'><strong>et</strong></span> <span class='ocrx_word' id='word_1_156' title='bbox 1538 1838 1626 1878; x_wconf 92' lang='lat' dir='ltr'><strong>me</strong></span> <span class='ocrx_word' id='word_1_157' title='bbox 1645 1821 1828 1875; x_wconf 87' lang='lat' dir='ltr'><strong>videre</strong></span> <span class='ocrx_word' id='word_1_158' title='bbox 1850 1817 2087 1874; x_wconf 77' lang='lat' dir='ltr'><strong>noluisti.</strong></span> 
     </span>
    </p>
   </div>
   <div class='ocr_carea' id='block_1_18' title="bbox 503 1908 2091 1998">
    <p class='ocr_par' dir='ltr' id='par_1_18' title="bbox 503 1908 2091 1998">
     <span class='ocr_line' id='line_1_18' title="bbox 503 1908 2091 1998; baseline -0.017 -10"><span class='ocrx_word' id='word_1_159' title='bbox 503 1934 650 1988; x_wconf 83' lang='lat' dir='ltr'><strong>Deus</strong></span> <span class='ocrx_word' id='word_1_160' title='bbox 677 1930 768 1984; x_wconf 92' lang='lat' dir='ltr'><strong>tibi</strong></span> <span class='ocrx_word' id='word_1_161' title='bbox 814 1929 1071 1998; x_wconf 89' lang='lat' dir='ltr'><strong>ignoscat.</strong></span> <span class='ocrx_word' id='word_1_162' title='bbox 1113 1921 1251 1989; x_wconf 86' lang='lat' dir='ltr'><strong>Quid</strong></span> <span class='ocrx_word' id='word_1_163' title='bbox 1277 1920 1416 1973; x_wconf 85' lang='lat' dir='ltr'><strong>enim</strong></span> <span class='ocrx_word' id='word_1_164' title='bbox 1458 1915 1601 1971; x_wconf 87' lang='lat' dir='ltr'><strong>aliud</strong></span> <span class='ocrx_word' id='word_1_165' title='bbox 1627 1914 1719 1968; x_wconf 88' lang='lat' dir='ltr'><strong>tibi</strong></span> <span class='ocrx_word' id='word_1_166' title='bbox 1745 1911 1918 1966; x_wconf 90' lang='lat' dir='ltr'><strong>dicam</strong></span> <span class='ocrx_word' id='word_1_167' title='bbox 1942 1950 1958 1975; x_wconf 94' lang='lat'><strong>,</strong></span> <span class='ocrx_word' id='word_1_168' title='bbox 1989 1908 2091 1962; x_wconf 89' lang='lat' dir='ltr'><strong>nisi</strong></span> 
     </span>
    </p>
   </div>
   <div class='ocr_carea' id='block_1_19' title="bbox 503 2005 2094 2096">
    <p class='ocr_par' dir='ltr' id='par_1_19' title="bbox 503 2005 2094 2096">
     <span class='ocr_line' id='line_1_19' title="bbox 503 2005 2094 2096; baseline -0.016 -16"><span class='ocrx_word' id='word_1_169' title='bbox 503 2023 646 2096; x_wconf 91' lang='lat' dir='ltr'><strong>quod</strong></span> <span class='ocrx_word' id='word_1_170' title='bbox 677 2022 790 2092; x_wconf 83' lang='lat' dir='ltr'><strong>ipse</strong></span> <span class='ocrx_word' id='word_1_171' title='bbox 818 2019 964 2074; x_wconf 86' lang='lat' dir='ltr'><strong>novit</strong></span> <span class='ocrx_word' id='word_1_172' title='bbox 988 2017 1109 2088; x_wconf 88' lang='lat' dir='ltr'><strong>quia</strong></span> <span class='ocrx_word' id='word_1_173' title='bbox 1138 2013 1335 2082; x_wconf 88' lang='lat' dir='ltr'><strong>cupio?</strong></span> <span class='ocrx_word' id='word_1_174' title='bbox 1363 2009 1456 2064; x_wconf 89' lang='lat' dir='ltr'><strong>sed</strong></span> <span class='ocrx_word' id='word_1_175' title='bbox 1483 2010 1594 2063; x_wconf 89' lang='lat' dir='ltr'><strong>scio</strong></span> <span class='ocrx_word' id='word_1_176' title='bbox 1618 2007 1738 2078; x_wconf 83' lang='lat' dir='ltr'><strong>quia</strong></span> <span class='ocrx_word' id='word_1_177' title='bbox 1765 2005 1864 2059; x_wconf 89' lang='lat' dir='ltr'><strong>nisi</strong></span> <span class='ocrx_word' id='word_1_178' title='bbox 1895 2011 1948 2057; x_wconf 92' lang='lat' dir='ltr'><strong>te</strong></span> <span class='ocrx_word' id='word_1_179' title='bbox 1973 2016 2094 2056; x_wconf 89' lang='lat' dir='ltr'><strong>cor-</strong></span> 
     </span>
    </p>
   </div>
   <div class='ocr_carea' id='block_1_20' title="bbox 505 2093 2094 2180">
    <p class='ocr_par' dir='ltr' id='par_1_20' title="bbox 505 2093 2094 2180">
     <span class='ocr_line' id='line_1_20' title="bbox 505 2093 2094 2180; baseline -0.015 -9"><span class='ocrx_word' id='word_1_180' title='bbox 505 2093 734 2177; x_wconf 77' lang='lat' dir='ltr'><strong>rexeris,</strong></span> <span class='ocrx_word' id='word_1_181' title='bbox 768 2112 1044 2180; x_wconf 90' lang='lat' dir='ltr'><strong>illeiustus</strong></span> <span class='ocrx_word' id='word_1_182' title='bbox 1073 2117 1172 2162; x_wconf 87' lang='lat' dir='ltr'><strong>est.</strong></span> <span class='ocrx_word' id='word_1_183' title='bbox 1201 2106 1331 2160; x_wconf 91' lang='lat' dir='ltr'><strong>Cum</strong></span> <span class='ocrx_word' id='word_1_184' title='bbox 1350 2112 1526 2158; x_wconf 90' lang='lat' dir='ltr'><strong>autem</strong></span> <span class='ocrx_word' id='word_1_185' title='bbox 1549 2100 1642 2156; x_wconf 92' lang='lat' dir='ltr'><strong>tibi</strong></span> <span class='ocrx_word' id='word_1_186' title='bbox 1662 2099 1857 2170; x_wconf 90' lang='lat' dir='ltr'><strong>parcis,</strong></span> <span class='ocrx_word' id='word_1_187' title='bbox 1885 2105 1938 2152; x_wconf 89' lang='lat' dir='ltr'><strong>et</strong></span> <span class='ocrx_word' id='word_1_188' title='bbox 1963 2093 2094 2149; x_wconf 91' lang='lat' dir='ltr'><strong>mihi</strong></span> 
     </span>
    </p>
   </div>
   <div class='ocr_carea' id='block_1_21' title="bbox 506 2187 2097 2278">
    <p class='ocr_par' dir='ltr' id='par_1_21' title="bbox 506 2187 2097 2278">
     <span class='ocr_line' id='line_1_21' title="bbox 506 2187 2097 2278; baseline -0.013 -15"><span class='ocrx_word' id='word_1_189' title='bbox 506 2207 681 2278; x_wconf 89' lang='lat' dir='ltr'><strong>parcis</strong></span> <span class='ocrx_word' id='word_1_190' title='bbox 709 2223 722 2259; x_wconf 86' lang='lat'><strong>:</strong></span> <span class='ocrx_word' id='word_1_191' title='bbox 754 2219 926 2274; x_wconf 81' lang='lat' dir='ltr'><strong>neque</strong></span> <span class='ocrx_word' id='word_1_192' title='bbox 949 2203 1092 2257; x_wconf 90' lang='lat' dir='ltr'><strong>enim</strong></span> <span class='ocrx_word' id='word_1_193' title='bbox 1111 2210 1217 2254; x_wconf 90' lang='lat' dir='ltr'><strong>tam</strong></span> <span class='ocrx_word' id='word_1_194' title='bbox 1239 2199 1400 2252; x_wconf 91' lang='lat' dir='ltr'><strong>miser</strong></span> <span class='ocrx_word' id='word_1_195' title='bbox 1420 2211 1535 2249; x_wconf 91' lang='lat' dir='ltr'><strong>sum</strong></span> <span class='ocrx_word' id='word_1_196' title='bbox 1563 2204 1616 2247; x_wconf 84' lang='lat' dir='ltr'><strong>et</strong></span> <span class='ocrx_word' id='word_1_197' title='bbox 1643 2193 1847 2247; x_wconf 86' lang='lat' dir='ltr'><strong>alienus</strong></span> <span class='ocrx_word' id='word_1_198' title='bbox 1871 2205 1901 2242; x_wconf 93' lang='lat' dir='ltr'><strong>a</strong></span> <span class='ocrx_word' id='word_1_199' title='bbox 1927 2187 2097 2242; x_wconf 85' lang='lat' dir='ltr'><strong>visce-</strong></span> 
     </span>
    </p>
   </div>
   <div class='ocr_carea' id='block_1_22' title="bbox 508 2281 2097 2360">
    <p class='ocr_par' dir='ltr' id='par_1_22' title="bbox 508 2281 2097 2360">
     <span class='ocr_line' id='line_1_22' title="bbox 508 2281 2097 2360; baseline -0.013 -7"><span class='ocrx_word' id='word_1_200' title='bbox 508 2299 661 2353; x_wconf 86' lang='lat' dir='ltr'><strong>ribus</strong></span> <span class='ocrx_word' id='word_1_201' title='bbox 685 2295 914 2359; x_wconf 89' lang='lat' dir='ltr'><strong>Christi,</strong></span> <span class='ocrx_word' id='word_1_202' title='bbox 957 2303 1014 2346; x_wconf 92' lang='lat' dir='ltr'><strong>ut</strong></span> <span class='ocrx_word' id='word_1_203' title='bbox 1041 2306 1145 2346; x_wconf 90' lang='lat' dir='ltr'><strong>non</strong></span> <span class='ocrx_word' id='word_1_204' title='bbox 1175 2287 1488 2360; x_wconf 82' lang='lat' dir='ltr'><strong>gravissimo</strong></span> <span class='ocrx_word' id='word_1_205' title='bbox 1518 2285 1736 2338; x_wconf 80' lang='lat' dir='ltr'><strong>vulnere</strong></span> <span class='ocrx_word' id='word_1_206' title='bbox 1763 2281 1979 2336; x_wconf 81' lang='lat' dir='ltr'><strong>feriatur</strong></span> <span class='ocrx_word' id='word_1_207' title='bbox 2001 2293 2097 2333; x_wconf 92' lang='lat' dir='ltr'><strong>cor</strong></span> 
     </span>
    </p>
   </div>
   <div class='ocr_carea' id='block_1_23' title="bbox 509 2371 2094 2455">
    <p class='ocr_par' dir='ltr' id='par_1_23' title="bbox 509 2371 2094 2455">
     <span class='ocr_line' id='line_1_23' title="bbox 509 2371 2094 2455; baseline -0.013 -12"><span class='ocrx_word' id='word_1_208' title='bbox 509 2403 729 2452; x_wconf 91' lang='lat' dir='ltr'><strong>meum,</strong></span> <span class='ocrx_word' id='word_1_209' title='bbox 785 2383 999 2455; x_wconf 89' lang='lat' dir='ltr'><strong>quando</strong></span> <span class='ocrx_word' id='word_1_210' title='bbox 1049 2382 1128 2436; x_wconf 90' lang='lat' dir='ltr'><strong>sic</strong></span> <span class='ocrx_word' id='word_1_211' title='bbox 1172 2388 1366 2450; x_wconf 86' lang='lat' dir='ltr'><strong>agunt,</strong></span> <span class='ocrx_word' id='word_1_212' title='bbox 1412 2391 1546 2447; x_wconf 89' lang='lat' dir='ltr'><strong>quos</strong></span> <span class='ocrx_word' id='word_1_213' title='bbox 1587 2375 1638 2429; x_wconf 92' lang='lat' dir='ltr'><strong>in</strong></span> <span class='ocrx_word' id='word_1_214' title='bbox 1686 2374 1802 2443; x_wconf 83' lang='lat' dir='ltr'><strong>ejus</strong></span> <span class='ocrx_word' id='word_1_215' title='bbox 1849 2371 2094 2441; x_wconf 89' lang='lat' dir='ltr'><strong>Evange-</strong></span> 
     </span>
    </p>
   </div>
   <div class='ocr_carea' id='block_1_24' title="bbox 510 2477 786 2547">
    <p class='ocr_par' dir='ltr' id='par_1_24' title="bbox 510 2477 786 2547">
     <span class='ocr_line' id='line_1_24' title="bbox 510 2477 786 2547; baseline -0.018 -15"><span class='ocrx_word' id='word_1_216' title='bbox 510 2477 583 2533; x_wconf 89' lang='lat' dir='ltr'><strong>Iio</strong></span> <span class='ocrx_word' id='word_1_217' title='bbox 607 2477 786 2547; x_wconf 88' lang='lat' dir='ltr'><strong>genui.</strong></span> 
     </span>
    </p>
   </div>
   <div class='ocr_carea' id='block_1_25' title="bbox 579 2555 2099 2628">
    <p class='ocr_par' dir='ltr' id='par_1_25' title="bbox 579 2555 2099 2628">
     <span class='ocr_line' id='line_1_25' title="bbox 579 2555 2099 2628; baseline -0.011 -2"><span class='ocrx_word' id='word_1_218' title='bbox 579 2571 634 2626; x_wconf 72' lang='grc' dir='ltr'><strong>ὅ.</strong></span> <span class='ocrx_word' id='word_1_219' title='bbox 662 2569 857 2624; x_wconf 90' lang='lat' dir='ltr'><strong>Iterum</strong></span> <span class='ocrx_word' id='word_1_220' title='bbox 882 2565 1119 2620; x_wconf 84' lang='lat' dir='ltr'><strong>dicturus</strong></span> <span class='ocrx_word' id='word_1_221' title='bbox 1142 2579 1202 2619; x_wconf 90' lang='lat' dir='ltr'><strong>es</strong></span> <span class='ocrx_word' id='word_1_222' title='bbox 1227 2580 1240 2617; x_wconf 89' lang='lat'><strong>:</strong></span> <span class='ocrx_word' id='word_1_223' title='bbox 1266 2560 1382 2616; x_wconf 87' lang='lat' dir='ltr'><strong>Non</strong></span> <span class='ocrx_word' id='word_1_224' title='bbox 1409 2560 1486 2614; x_wconf 92' lang='lat' dir='ltr'><strong>eis</strong></span> <span class='ocrx_word' id='word_1_225' title='bbox 1510 2558 1645 2628; x_wconf 89' lang='lat' dir='ltr'><strong>iussi</strong></span> <span class='ocrx_word' id='word_1_226' title='bbox 1668 2565 1726 2612; x_wconf 93' lang='lat' dir='ltr'><strong>ut</strong></span> <span class='ocrx_word' id='word_1_227' title='bbox 1743 2556 1935 2612; x_wconf 88' lang='lat' dir='ltr'><strong>darent</strong></span> <span class='ocrx_word' id='word_1_228' title='bbox 1962 2555 2099 2610; x_wconf 89' lang='lat' dir='ltr'><strong>Pon-</strong></span> 
     </span>
    </p>
   </div>
   <div class='ocr_carea' id='block_1_26' title="bbox 507 2647 2101 2727">
    <p class='ocr_par' dir='ltr' id='par_1_26' title="bbox 507 2647 2101 2727">
     <span class='ocr_line' id='line_1_26' title="bbox 507 2647 2101 2727; baseline -0.01 -10"><span class='ocrx_word' id='word_1_229' title='bbox 507 2662 705 2717; x_wconf 87' lang='lat' dir='ltr'><strong>ticano.</strong></span> <span class='ocrx_word' id='word_1_230' title='bbox 755 2655 1122 2727; x_wconf 78' lang='lat' dir='ltr'><strong>Respondetur</strong></span> <span class='ocrx_word' id='word_1_231' title='bbox 1166 2652 1259 2708; x_wconf 86' lang='lat' dir='ltr'><strong>tibi</strong></span> <span class='ocrx_word' id='word_1_232' title='bbox 1290 2669 1302 2706; x_wconf 90' lang='lat'>:</span> <span class='ocrx_word' id='word_1_233' title='bbox 1331 2649 1438 2706; x_wconf 87' lang='lat' dir='ltr'><strong>Sed</strong></span> <span class='ocrx_word' id='word_1_234' title='bbox 1486 2649 1692 2720; x_wconf 91' lang='lat' dir='ltr'><strong>iussisti</strong></span> <span class='ocrx_word' id='word_1_235' title='bbox 1734 2657 1792 2703; x_wconf 93' lang='lat' dir='ltr'><strong>ut</strong></span> <span class='ocrx_word' id='word_1_236' title='bbox 1833 2647 2101 2703; x_wconf 78' lang='lat' dir='ltr'><strong>servirent</strong></span> 
     </span>
    </p>
   </div>
   <div class='ocr_carea' id='block_1_27' title="bbox 509 2739 2098 2816">
    <p class='ocr_par' dir='ltr' id='par_1_27' title="bbox 509 2739 2098 2816">
     <span class='ocr_line' id='line_1_27' title="bbox 509 2739 2098 2816; baseline -0.009 -9"><span class='ocrx_word' id='word_1_237' title='bbox 509 2751 798 2808; x_wconf 89' lang='lat' dir='ltr'><strong>Ponticano</strong></span> <span class='ocrx_word' id='word_1_238' title='bbox 820 2765 837 2815; x_wconf 91' lang='lat'><strong>;</strong></span> <span class='ocrx_word' id='word_1_239' title='bbox 859 2762 956 2803; x_wconf 90' lang='lat' dir='ltr'><strong>nec</strong></span> <span class='ocrx_word' id='word_1_240' title='bbox 972 2742 1517 2816; x_wconf 85' lang='lat' dir='ltr'><strong>possentdistinguere</strong></span> <span class='ocrx_word' id='word_1_241' title='bbox 1531 2754 1804 2811; x_wconf 90' lang='lat' dir='ltr'><strong>quousque</strong></span> <span class='ocrx_word' id='word_1_242' title='bbox 1818 2739 2098 2804; x_wconf 88' lang='lat' dir='ltr'><strong>servirent,</strong></span> 
     </span>
    </p>
   </div>
   <div class='ocr_carea' id='block_1_28' title="bbox 513 2833 2101 2913">
    <p class='ocr_par' dir='ltr' id='par_1_28' title="bbox 513 2833 2101 2913">
     <span class='ocr_line' id='line_1_28' title="bbox 513 2833 2101 2913; baseline -0.008 -15"><span class='ocrx_word' id='word_1_243' title='bbox 513 2853 572 2899; x_wconf 93' lang='lat' dir='ltr'><strong>et</strong></span> <span class='ocrx_word' id='word_1_244' title='bbox 608 2855 885 2913; x_wconf 89' lang='lat' dir='ltr'><strong>quousque</strong></span> <span class='ocrx_word' id='word_1_245' title='bbox 929 2854 1036 2894; x_wconf 92' lang='lat' dir='ltr'><strong>non</strong></span> <span class='ocrx_word' id='word_1_246' title='bbox 1084 2837 1347 2892; x_wconf 79' lang='lat' dir='ltr'><strong>servirent</strong></span> <span class='ocrx_word' id='word_1_247' title='bbox 1365 2876 1379 2898; x_wconf 87' lang='lat'><strong>,</strong></span> <span class='ocrx_word' id='word_1_248' title='bbox 1408 2833 1638 2888; x_wconf 82' lang='lat' dir='ltr'><strong>maxime</strong></span> <span class='ocrx_word' id='word_1_249' title='bbox 1662 2846 1782 2886; x_wconf 92' lang='lat' dir='ltr'><strong>cum</strong></span> <span class='ocrx_word' id='word_1_250' title='bbox 1809 2847 1869 2886; x_wconf 89' lang='lat' dir='ltr'><strong>ea</strong></span> <span class='ocrx_word' id='word_1_251' title='bbox 1899 2839 2101 2901; x_wconf 86' lang='lat' dir='ltr'><strong>peteret</strong></span> 
     </span>
    </p>
   </div>
   <div class='ocr_carea' id='block_1_29' title="bbox 516 2921 2102 3005">
    <p class='ocr_par' dir='ltr' id='par_1_29' title="bbox 516 2921 2102 3005">
     <span class='ocr_line' id='line_1_29' title="bbox 516 2921 2102 3005; baseline -0.009 -15"><span class='ocrx_word' id='word_1_252' title='bbox 516 2950 636 3005; x_wconf 75' lang='lat' dir='ltr'><strong>qua:</strong></span> <span class='ocrx_word' id='word_1_253' title='bbox 664 2949 724 2988; x_wconf 90' lang='lat' dir='ltr'><strong>sc</strong></span> <span class='ocrx_word' id='word_1_254' title='bbox 762 2931 960 2987; x_wconf 87' lang='lat' dir='ltr'><strong>debere</strong></span> <span class='ocrx_word' id='word_1_255' title='bbox 987 2928 1243 2984; x_wconf 86' lang='lat' dir='ltr'><strong>sciebant.</strong></span> <span class='ocrx_word' id='word_1_256' title='bbox 1289 2924 1433 2980; x_wconf 85' lang='lat' dir='ltr'><strong>Tuas</strong></span> <span class='ocrx_word' id='word_1_257' title='bbox 1460 2932 1635 2978; x_wconf 89' lang='lat' dir='ltr'><strong>autem</strong></span> <span class='ocrx_word' id='word_1_258' title='bbox 1675 2921 1880 2978; x_wconf 82' lang='lat' dir='ltr'><strong>litteras</strong></span> <span class='ocrx_word' id='word_1_259' title='bbox 1907 2921 2102 2976; x_wconf 88' lang='lat' dir='ltr'><strong>habere</strong></span> 
     </span>
    </p>
   </div>
   <div class='ocr_carea' id='block_1_30' title="bbox 512 3012 2102 3089">
    <p class='ocr_par' dir='ltr' id='par_1_30' title="bbox 512 3012 2102 3089">
     <span class='ocr_line' id='line_1_30' title="bbox 512 3012 2102 3089; baseline -0.009 -8"><span class='ocrx_word' id='word_1_260' title='bbox 512 3024 849 3087; x_wconf 90' lang='lat' dir='ltr'><strong>debuerunt,</strong></span> <span class='ocrx_word' id='word_1_261' title='bbox 906 3034 1038 3089; x_wconf 89' lang='lat' dir='ltr'><strong>quas</strong></span> <span class='ocrx_word' id='word_1_262' title='bbox 1075 3016 1376 3088; x_wconf 82' lang='lat' dir='ltr'><strong>proferrent</strong></span> <span class='ocrx_word' id='word_1_263' title='bbox 1418 3013 1586 3068; x_wconf 90' lang='lat' dir='ltr'><strong>actori</strong></span> <span class='ocrx_word' id='word_1_264' title='bbox 1612 3013 1667 3078; x_wconf 77' lang='lat'><strong>&#39;,</strong></span> <span class='ocrx_word' id='word_1_265' title='bbox 1719 3013 1764 3067; x_wconf 91' lang='lat' dir='ltr'><strong>si</strong></span> <span class='ocrx_word' id='word_1_266' title='bbox 1809 3021 1859 3068; x_wconf 91' lang='lat' dir='ltr'><strong>te</strong></span> <span class='ocrx_word' id='word_1_267' title='bbox 1890 3012 2102 3068; x_wconf 90' lang='lat' dir='ltr'><strong>nolente</strong></span> 
     </span>
    </p>
   </div>
   <div class='ocr_carea' id='block_1_31' title="bbox 516 3104 2102 3182">
    <p class='ocr_par' dir='ltr' id='par_1_31' title="bbox 516 3104 2102 3182">
     <span class='ocr_line' id='line_1_31' title="bbox 516 3104 2102 3182; baseline -0.008 -11"><span class='ocrx_word' id='word_1_268' title='bbox 516 3115 798 3182; x_wconf 74' lang='lat' dir='ltr'><strong>exigebat,</strong></span> <span class='ocrx_word' id='word_1_269' title='bbox 839 3121 894 3167; x_wconf 93' lang='lat' dir='ltr'><strong>et</strong></span> <span class='ocrx_word' id='word_1_270' title='bbox 937 3111 1236 3180; x_wconf 79' lang='lat' dir='ltr'><strong>relegerent</strong></span> <span class='ocrx_word' id='word_1_271' title='bbox 1263 3106 1313 3161; x_wconf 93' lang='lat' dir='ltr'><strong>ei</strong></span> <span class='ocrx_word' id='word_1_272' title='bbox 1344 3120 1448 3160; x_wconf 93' lang='lat' dir='ltr'><strong>non</strong></span> <span class='ocrx_word' id='word_1_273' title='bbox 1477 3119 1536 3160; x_wconf 89' lang='lat' dir='ltr'><strong>se</strong></span> <span class='ocrx_word' id='word_1_274' title='bbox 1573 3104 1771 3159; x_wconf 83' lang='lat' dir='ltr'><strong>debere</strong></span> <span class='ocrx_word' id='word_1_275' title='bbox 1809 3105 1969 3168; x_wconf 91' lang='lat' dir='ltr'><strong>dare,</strong></span> <span class='ocrx_word' id='word_1_276' title='bbox 2002 3104 2102 3158; x_wconf 89' lang='lat' dir='ltr'><strong>nisi</strong></span> 
     </span>
    </p>
   </div>
   <div class='ocr_carea' id='block_1_32' title="bbox 520 3197 2102 3272">
    <p class='ocr_par' dir='ltr' id='par_1_32' title="bbox 520 3197 2102 3272">
     <span class='ocr_line' id='line_1_32' title="bbox 520 3197 2102 3272; baseline -0.007 -9"><span class='ocrx_word' id='word_1_277' title='bbox 520 3224 640 3263; x_wconf 90' lang='lat' dir='ltr'><strong>eum</strong></span> <span class='ocrx_word' id='word_1_278' title='bbox 660 3217 775 3262; x_wconf 91' lang='lat' dir='ltr'><strong>tuas</strong></span> <span class='ocrx_word' id='word_1_279' title='bbox 801 3205 1004 3259; x_wconf 88' lang='lat' dir='ltr'><strong>litteras</strong></span> <span class='ocrx_word' id='word_1_280' title='bbox 1029 3203 1382 3272; x_wconf 90' lang='lat' dir='ltr'><strong>accepissent.</strong></span> <span class='ocrx_word' id='word_1_281' title='bbox 1410 3199 1540 3252; x_wconf 79' lang='lat' dir='ltr'><strong>Nam</strong></span> <span class='ocrx_word' id='word_1_282' title='bbox 1565 3198 1610 3252; x_wconf 90' lang='lat' dir='ltr'><strong>si</strong></span> <span class='ocrx_word' id='word_1_283' title='bbox 1633 3197 1796 3252; x_wconf 84' lang='lat' dir='ltr'><strong>verbo</strong></span> <span class='ocrx_word' id='word_1_284' title='bbox 1817 3197 2102 3267; x_wconf 83' lang='lat' dir='ltr'><strong>aliquando</strong></span> 
     </span>
    </p>
   </div>
   <div class='ocr_carea' id='block_1_33' title="bbox 525 3286 2102 3370">
    <p class='ocr_par' dir='ltr' id='par_1_33' title="bbox 525 3286 2102 3370">
     <span class='ocr_line' id='line_1_33' title="bbox 525 3286 2102 3370; baseline -0.008 -15"><span class='ocrx_word' id='word_1_285' title='bbox 525 3298 726 3370; x_wconf 86' lang='lat' dir='ltr'><strong>iussisti</strong></span> <span class='ocrx_word' id='word_1_286' title='bbox 755 3313 821 3352; x_wconf 94' lang='lat' dir='ltr'><strong>ue</strong></span> <span class='ocrx_word' id='word_1_287' title='bbox 843 3294 1011 3350; x_wconf 90' lang='lat' dir='ltr'><strong>actori</strong></span> <span class='ocrx_word' id='word_1_288' title='bbox 1040 3286 1238 3363; x_wconf 81' lang='lat' dir='ltr'><strong>aliquid</strong></span> <span class='ocrx_word' id='word_1_289' title='bbox 1275 3291 1502 3355; x_wconf 90' lang='lat' dir='ltr'><strong>darent,</strong></span> <span class='ocrx_word' id='word_1_290' title='bbox 1549 3288 1770 3342; x_wconf 90' lang='lat' dir='ltr'><strong>multum</strong></span> <span class='ocrx_word' id='word_1_291' title='bbox 1800 3297 1881 3342; x_wconf 90' lang='lat' dir='ltr'><strong>est</strong></span> <span class='ocrx_word' id='word_1_292' title='bbox 1906 3296 1962 3342; x_wconf 93' lang='lat' dir='ltr'><strong>ut</strong></span> <span class='ocrx_word' id='word_1_293' title='bbox 1987 3304 2102 3343; x_wconf 89' lang='lat' dir='ltr'><strong>me-</strong></span> 
     </span>
    </p>
   </div>
   <div class='ocr_carea' id='block_1_34' title="bbox 525 3382 2106 3457">
    <p class='ocr_par' dir='ltr' id='par_1_34' title="bbox 525 3382 2106 3457">
     <span class='ocr_line' id='line_1_34' title="bbox 525 3382 2106 3457; baseline -0.009 -9"><span class='ocrx_word' id='word_1_294' title='bbox 525 3393 808 3457; x_wconf 87' lang='lat' dir='ltr'><strong>minerint;</strong></span> <span class='ocrx_word' id='word_1_295' title='bbox 851 3391 1077 3446; x_wconf 90' lang='lat' dir='ltr'><strong>multum</strong></span> <span class='ocrx_word' id='word_1_296' title='bbox 1106 3396 1188 3443; x_wconf 90' lang='lat' dir='ltr'><strong>est</strong></span> <span class='ocrx_word' id='word_1_297' title='bbox 1217 3395 1275 3442; x_wconf 92' lang='lat' dir='ltr'><strong>ut</strong></span> <span class='ocrx_word' id='word_1_298' title='bbox 1304 3393 1360 3441; x_wconf 92' lang='lat' dir='ltr'><strong>tu</strong></span> <span class='ocrx_word' id='word_1_299' title='bbox 1406 3382 1520 3456; x_wconf 88' lang='lat' dir='ltr'><strong>ipse</strong></span> <span class='ocrx_word' id='word_1_300' title='bbox 1550 3383 1858 3440; x_wconf 90' lang='lat' dir='ltr'><strong>memineris</strong></span> <span class='ocrx_word' id='word_1_301' title='bbox 1887 3397 1954 3435; x_wconf 90' lang='lat' dir='ltr'><strong>an</strong></span> <span class='ocrx_word' id='word_1_302' title='bbox 1979 3395 2106 3435; x_wconf 87' lang='lat' dir='ltr'><strong>vere</strong></span> 
     </span>
    </p>
   </div>
   <div class='ocr_carea' id='block_1_35' title="bbox 523 3475 2103 3556">
    <p class='ocr_par' dir='ltr' id='par_1_35' title="bbox 523 3475 2103 3556">
     <span class='ocr_line' id='line_1_35' title="bbox 523 3475 2103 3556; baseline -0.009 -15"><span class='ocrx_word' id='word_1_303' title='bbox 523 3483 783 3556; x_wconf 83' lang='lat' dir='ltr'><strong>iusseris,</strong></span> <span class='ocrx_word' id='word_1_304' title='bbox 826 3499 892 3538; x_wconf 90' lang='lat' dir='ltr'><strong>an</strong></span> <span class='ocrx_word' id='word_1_305' title='bbox 946 3481 1076 3554; x_wconf 83' lang='lat' dir='ltr'><strong>ipsis</strong></span> <span class='ocrx_word' id='word_1_306' title='bbox 1120 3477 1382 3552; x_wconf 82' lang='lat' dir='ltr'><strong>iusseris,</strong></span> <span class='ocrx_word' id='word_1_307' title='bbox 1409 3495 1476 3534; x_wconf 91' lang='lat' dir='ltr'><strong>an</strong></span> <span class='ocrx_word' id='word_1_308' title='bbox 1517 3476 1668 3544; x_wconf 89' lang='lat' dir='ltr'><strong>aliis,</strong></span> <span class='ocrx_word' id='word_1_309' title='bbox 1713 3493 1779 3531; x_wconf 91' lang='lat' dir='ltr'><strong>an</strong></span> <span class='ocrx_word' id='word_1_310' title='bbox 1819 3475 2103 3530; x_wconf 90' lang='lat' dir='ltr'><strong>omnibus:</strong></span> 
     </span>
    </p>
   </div>
   <div class='ocr_carea' id='block_1_36' title="bbox 528 3562 2106 3644">
    <p class='ocr_par' dir='ltr' id='par_1_36' title="bbox 528 3562 2106 3644">
     <span class='ocr_line' id='line_1_36' title="bbox 528 3562 2106 3644; baseline -0.008 -15"><span class='ocrx_word' id='word_1_311' title='bbox 528 3576 757 3629; x_wconf 82' lang='lat' dir='ltr'><strong>maxime</strong></span> <span class='ocrx_word' id='word_1_312' title='bbox 790 3573 912 3644; x_wconf 89' lang='lat' dir='ltr'><strong>quia</strong></span> <span class='ocrx_word' id='word_1_313' title='bbox 943 3573 1101 3628; x_wconf 91' lang='lat' dir='ltr'><strong>etiam</strong></span> <span class='ocrx_word' id='word_1_314' title='bbox 1137 3585 1277 3625; x_wconf 89' lang='lat' dir='ltr'><strong>nunc</strong></span> <span class='ocrx_word' id='word_1_315' title='bbox 1309 3569 1464 3624; x_wconf 90' lang='lat' dir='ltr'><strong>alteri</strong></span> <span class='ocrx_word' id='word_1_316' title='bbox 1501 3567 1665 3622; x_wconf 89' lang='lat' dir='ltr'><strong>actori</strong></span> <span class='ocrx_word' id='word_1_317' title='bbox 1709 3562 1898 3619; x_wconf 90' lang='lat' dir='ltr'><strong>audisti</strong></span> <span class='ocrx_word' id='word_1_318' title='bbox 1929 3564 2106 3617; x_wconf 83' lang='lat' dir='ltr'><strong>datam</strong></span> 
     </span>
    </p>
   </div>
   <div class='ocr_carea' id='block_1_37' title="bbox 527 3654 2109 3732">
    <p class='ocr_par' dir='ltr' id='par_1_37' title="bbox 527 3654 2109 3732">
     <span class='ocr_line' id='line_1_37' title="bbox 527 3654 2109 3732; baseline -0.009 -10"><span class='ocrx_word' id='word_1_319' title='bbox 527 3675 583 3722; x_wconf 90' lang='lat' dir='ltr'><strong>et</strong></span> <span class='ocrx_word' id='word_1_320' title='bbox 599 3665 800 3720; x_wconf 87' lang='lat' dir='ltr'><strong>salvam</strong></span> <span class='ocrx_word' id='word_1_321' title='bbox 830 3677 948 3718; x_wconf 91' lang='lat' dir='ltr'><strong>esse</strong></span> <span class='ocrx_word' id='word_1_322' title='bbox 976 3663 1145 3732; x_wconf 89' lang='lat' dir='ltr'><strong>ipsam</strong></span> <span class='ocrx_word' id='word_1_323' title='bbox 1176 3661 1476 3730; x_wconf 88' lang='lat' dir='ltr'><strong>pecuniam,</strong></span> <span class='ocrx_word' id='word_1_324' title='bbox 1506 3669 1561 3713; x_wconf 91' lang='lat' dir='ltr'><strong>et</strong></span> <span class='ocrx_word' id='word_1_325' title='bbox 1589 3673 1693 3711; x_wconf 92' lang='lat' dir='ltr'><strong>non</strong></span> <span class='ocrx_word' id='word_1_326' title='bbox 1721 3654 1811 3710; x_wconf 90' lang='lat' dir='ltr'><strong>tibi</strong></span> <span class='ocrx_word' id='word_1_327' title='bbox 1838 3655 2109 3724; x_wconf 80' lang='lat' dir='ltr'><strong>diSplicuit</strong></span> 
     </span>
    </p>
   </div>
   <div class='ocr_carea' id='block_1_38' title="bbox 521 3744 2108 3823">
    <p class='ocr_par' dir='ltr' id='par_1_38' title="bbox 521 3744 2108 3823">
     <span class='ocr_line' id='line_1_38' title="bbox 521 3744 2108 3823; baseline -0.006 -14"><span class='ocrx_word' id='word_1_328' title='bbox 521 3752 644 3823; x_wconf 87' lang='lat' dir='ltr'><strong>quia</strong></span> <span class='ocrx_word' id='word_1_329' title='bbox 673 3753 954 3808; x_wconf 90' lang='lat' dir='ltr'><strong>dederunt.</strong></span> <span class='ocrx_word' id='word_1_330' title='bbox 986 3751 1093 3806; x_wconf 88' lang='lat' dir='ltr'><strong>Sed</strong></span> <span class='ocrx_word' id='word_1_331' title='bbox 1124 3766 1244 3804; x_wconf 91' lang='lat' dir='ltr'><strong>cum</strong></span> <span class='ocrx_word' id='word_1_332' title='bbox 1264 3764 1362 3818; x_wconf 93' lang='lat' dir='ltr'><strong>ego</strong></span> <span class='ocrx_word' id='word_1_333' title='bbox 1388 3748 1659 3811; x_wconf 87' lang='lat' dir='ltr'><strong>dixissem,</strong></span> <span class='ocrx_word' id='word_1_334' title='bbox 1689 3744 1825 3812; x_wconf 89' lang='lat' dir='ltr'><strong>Quid</strong></span> <span class='ocrx_word' id='word_1_335' title='bbox 1857 3747 1900 3800; x_wconf 88' lang='lat' dir='ltr'><strong>si</strong></span> <span class='ocrx_word' id='word_1_336' title='bbox 1931 3751 1984 3799; x_wconf 85' lang='lat' dir='ltr'><strong>et</strong></span> <span class='ocrx_word' id='word_1_337' title='bbox 2011 3746 2108 3800; x_wconf 90' lang='lat' dir='ltr'><strong>iste</strong></span> 
     </span>
    </p>
   </div>
   <div class='ocr_carea' id='block_1_39' title="bbox 525 3838 2110 3911">
    <p class='ocr_par' dir='ltr' id='par_1_39' title="bbox 525 3838 2110 3911">
     <span class='ocr_line' id='line_1_39' title="bbox 525 3838 2110 3911; baseline -0.004 -12"><span class='ocrx_word' id='word_1_338' title='bbox 525 3844 929 3907; x_wconf 83' lang='lat' dir='ltr'><strong>intervertisset,</strong></span> <span class='ocrx_word' id='word_1_339' title='bbox 956 3840 1022 3896; x_wconf 88' lang='lat' dir='ltr'><strong>ab</strong></span> <span class='ocrx_word' id='word_1_340' title='bbox 1049 3840 1177 3911; x_wconf 89' lang='lat' dir='ltr'><strong>ipsis</strong></span> <span class='ocrx_word' id='word_1_341' title='bbox 1198 3841 1386 3894; x_wconf 82' lang='lat' dir='ltr'><strong>iterum</strong></span> <span class='ocrx_word' id='word_1_342' title='bbox 1409 3838 1724 3909; x_wconf 86' lang='lat' dir='ltr'><strong>exigendum</strong></span> <span class='ocrx_word' id='word_1_343' title='bbox 1752 3838 1903 3892; x_wconf 85' lang='lat' dir='ltr'><strong>erat?</strong></span> <span class='ocrx_word' id='word_1_344' title='bbox 1929 3853 2110 3892; x_wconf 86' lang='lat' dir='ltr'><strong>rursus</strong></span> 
     </span>
    </p>
   </div>
   <div class='ocr_carea' id='block_1_40' title="bbox 527 3927 2111 4004">
    <p class='ocr_par' dir='ltr' id='par_1_40' title="bbox 527 3927 2111 4004">
     <span class='ocr_line' id='line_1_40' title="bbox 527 3927 2111 4004; baseline -0.004 -14"><span class='ocrx_word' id='word_1_345' title='bbox 527 3932 619 3991; x_wconf 88' lang='lat' dir='ltr'><strong>tibi</strong></span> <span class='ocrx_word' id='word_1_346' title='bbox 639 3934 800 4004; x_wconf 67' lang='lat' dir='ltr'><strong>coepit</strong></span> <span class='ocrx_word' id='word_1_347' title='bbox 823 3932 1105 4001; x_wconf 62' lang='lat' dir='ltr'><strong>disiilicere</strong></span> <span class='ocrx_word' id='word_1_348' title='bbox 1129 3932 1252 4002; x_wconf 93' lang='lat' dir='ltr'><strong>quia</strong></span> <span class='ocrx_word' id='word_1_349' title='bbox 1273 3927 1534 3985; x_wconf 90' lang='lat' dir='ltr'><strong>dederunt</strong></span> <span class='ocrx_word' id='word_1_350' title='bbox 1561 3947 1573 3983; x_wconf 90' lang='lat'><strong>:</strong></span> <span class='ocrx_word' id='word_1_351' title='bbox 1599 3936 1794 3984; x_wconf 89' lang='lat' dir='ltr'><strong>etcum</strong></span> <span class='ocrx_word' id='word_1_352' title='bbox 1817 3927 1942 3982; x_wconf 88' lang='lat' dir='ltr'><strong>mihi</strong></span> <span class='ocrx_word' id='word_1_353' title='bbox 1969 3944 2111 3998; x_wconf 55' lang='lat' dir='ltr'><strong>saepe</strong></span> 
     </span>
    </p>
   </div>
   <div class='ocr_carea' id='block_1_41' title="bbox 531 4017 2111 4095">
    <p class='ocr_par' dir='ltr' id='par_1_41' title="bbox 531 4017 2111 4095">
     <span class='ocr_line' id='line_1_41' title="bbox 531 4017 2111 4095; baseline -0.005 -13"><span class='ocrx_word' id='word_1_354' title='bbox 531 4025 779 4091; x_wconf 73' lang='lat' dir='ltr'><strong>dixisses,</strong></span> <span class='ocrx_word' id='word_1_355' title='bbox 811 4041 1079 4095; x_wconf 87' lang='lat' dir='ltr'><strong>nunquam</strong></span> <span class='ocrx_word' id='word_1_356' title='bbox 1110 4033 1162 4079; x_wconf 87' lang='lat' dir='ltr'><strong>te</strong></span> <span class='ocrx_word' id='word_1_357' title='bbox 1190 4018 1480 4092; x_wconf 79' lang='lat' dir='ltr'><strong>iniunxisse</strong></span> <span class='ocrx_word' id='word_1_358' title='bbox 1503 4021 1644 4075; x_wconf 87' lang='lat' dir='ltr'><strong>vices</strong></span> <span class='ocrx_word' id='word_1_359' title='bbox 1663 4031 1777 4075; x_wconf 89' lang='lat' dir='ltr'><strong>tuas</strong></span> <span class='ocrx_word' id='word_1_360' title='bbox 1795 4021 1880 4075; x_wconf 90' lang='lat' dir='ltr'><strong>vel</strong></span> <span class='ocrx_word' id='word_1_361' title='bbox 1899 4017 2111 4074; x_wconf 80' lang='lat' dir='ltr'><strong>Valerio</strong></span> 
     </span>
    </p>
   </div>
   <div class='ocr_carea' id='block_1_42' title="bbox 527 4111 2112 4188">
    <p class='ocr_par' dir='ltr' id='par_1_42' title="bbox 527 4111 2112 4188">
     <span class='ocr_line' id='line_1_42' title="bbox 527 4111 2112 4188; baseline -0.004 -17"><span class='ocrx_word' id='word_1_362' title='bbox 527 4119 610 4173; x_wconf 75' lang='lat' dir='ltr'><strong>Vel</strong></span> <span class='ocrx_word' id='word_1_363' title='bbox 637 4117 852 4188; x_wconf 75' lang='lat' dir='ltr'><strong>Aginesi</strong></span> <span class='ocrx_word' id='word_1_364' title='bbox 885 4115 906 4148; x_wconf 85' lang='grc'>³</span> <span class='ocrx_word' id='word_1_365' title='bbox 929 4157 943 4180; x_wconf 89' lang='grc'><em>,</em></span> <span class='ocrx_word' id='word_1_366' title='bbox 975 4111 1150 4170; x_wconf 88' lang='lat' dir='ltr'><strong>subito</strong></span> <span class='ocrx_word' id='word_1_367' title='bbox 1179 4129 1297 4168; x_wconf 91' lang='lat' dir='ltr'><strong>cum</strong></span> <span class='ocrx_word' id='word_1_368' title='bbox 1320 4113 1386 4167; x_wconf 88' lang='lat' dir='ltr'><strong>de</strong></span> <span class='ocrx_word' id='word_1_369' title='bbox 1413 4112 1540 4167; x_wconf 89' lang='lat' dir='ltr'><strong>vino</strong></span> <span class='ocrx_word' id='word_1_370' title='bbox 1566 4121 1811 4182; x_wconf 77' lang='lat' dir='ltr'><strong>ageretur</strong></span> <span class='ocrx_word' id='word_1_371' title='bbox 1830 4154 1844 4179; x_wconf 92' lang='lat'><strong>,</strong></span> <span class='ocrx_word' id='word_1_372' title='bbox 1875 4112 1994 4182; x_wconf 88' lang='lat' dir='ltr'><strong>quia</strong></span> <span class='ocrx_word' id='word_1_373' title='bbox 2019 4111 2112 4165; x_wconf 91' lang='lat' dir='ltr'><strong>dc-</strong></span> 
     </span>
    </p>
   </div>
   <div class='ocr_carea' id='block_1_43' title="bbox 532 4204 2114 4275">
    <p class='ocr_par' dir='ltr' id='par_1_43' title="bbox 532 4204 2114 4275">
     <span class='ocr_line' id='line_1_43' title="bbox 532 4204 2114 4275; baseline -0.007 -8"><span class='ocrx_word' id='word_1_374' title='bbox 532 4209 759 4267; x_wconf 89' lang='lat' dir='ltr'><strong>buerunt</strong></span> <span class='ocrx_word' id='word_1_375' title='bbox 800 4207 1081 4264; x_wconf 88' lang='lat' dir='ltr'><strong>ostendere</strong></span> <span class='ocrx_word' id='word_1_376' title='bbox 1107 4207 1151 4262; x_wconf 91' lang='lat' dir='ltr'><strong>si</strong></span> <span class='ocrx_word' id='word_1_377' title='bbox 1178 4221 1424 4261; x_wconf 89' lang='lat' dir='ltr'><strong>acescere</strong></span> <span class='ocrx_word' id='word_1_378' title='bbox 1457 4213 1720 4275; x_wconf 59' lang='lat' dir='ltr'><strong>coeperat,</strong></span> <span class='ocrx_word' id='word_1_379' title='bbox 1757 4213 1811 4259; x_wconf 90' lang='lat' dir='ltr'><strong>et</strong></span> <span class='ocrx_word' id='word_1_380' title='bbox 1849 4204 2114 4259; x_wconf 87' lang='lat' dir='ltr'><strong>diceretur</strong></span> 
     </span>
    </p>
   </div>
   <div class='ocr_carea' id='block_1_44' title="bbox 533 4288 2113 4372">
    <p class='ocr_par' dir='ltr' id='par_1_44' title="bbox 533 4288 2113 4372">
     <span class='ocr_line' id='line_1_44' title="bbox 533 4288 2113 4372; baseline -0.004 -18"><span class='ocrx_word' id='word_1_381' title='bbox 533 4296 627 4356; x_wconf 87' lang='lat' dir='ltr'><strong>tibi</strong></span> <span class='ocrx_word' id='word_1_382' title='bbox 654 4299 793 4372; x_wconf 89' lang='lat' dir='ltr'><strong>quod</strong></span> <span class='ocrx_word' id='word_1_383' title='bbox 818 4294 1014 4354; x_wconf 86' lang='lat' dir='ltr'><strong>absens</strong></span> <span class='ocrx_word' id='word_1_384' title='bbox 1041 4301 1186 4364; x_wconf 90' lang='lat' dir='ltr'><strong>erat;</strong></span> <span class='ocrx_word' id='word_1_385' title='bbox 1234 4291 1432 4363; x_wconf 91' lang='lat' dir='ltr'><strong>credo,</strong></span> <span class='ocrx_word' id='word_1_386' title='bbox 1469 4293 1667 4350; x_wconf 88' lang='lat' dir='ltr'><strong>excidit.</strong></span> <span class='ocrx_word' id='word_1_387' title='bbox 1711 4288 1801 4348; x_wconf 89' lang='lat' dir='ltr'><strong>tibi</strong></span> <span class='ocrx_word' id='word_1_388' title='bbox 1829 4293 1952 4364; x_wconf 90' lang='lat' dir='ltr'><strong>quid</strong></span> <span class='ocrx_word' id='word_1_389' title='bbox 1984 4292 2113 4347; x_wconf 88' lang='lat' dir='ltr'><strong>mihi</strong></span> 
     </span>
    </p>
   </div>
   <div class='ocr_carea' id='block_1_45' title="bbox 533 4381 2113 4457">
    <p class='ocr_par' dir='ltr' id='par_1_45' title="bbox 533 4381 2113 4457">
     <span class='ocr_line' id='line_1_45' title="bbox 533 4381 2113 4457; baseline -0.005 -12"><span class='ocrx_word' id='word_1_390' title='bbox 533 4391 692 4447; x_wconf 85' lang='lat' dir='ltr'><strong>toties</strong></span> <span class='ocrx_word' id='word_1_391' title='bbox 730 4386 982 4457; x_wconf 81' lang='lat' dir='ltr'><strong>dixeras,</strong></span> <span class='ocrx_word' id='word_1_392' title='bbox 1039 4397 1092 4444; x_wconf 89' lang='lat' dir='ltr'><strong>et</strong></span> <span class='ocrx_word' id='word_1_393' title='bbox 1141 4382 1352 4450; x_wconf 86' lang='lat' dir='ltr'><strong>dixisti,</strong></span> <span class='ocrx_word' id='word_1_394' title='bbox 1400 4386 1520 4456; x_wconf 89' lang='lat' dir='ltr'><strong>quia</strong></span> <span class='ocrx_word' id='word_1_395' title='bbox 1562 4381 1858 4440; x_wconf 87' lang='lat' dir='ltr'><strong>habuerunt</strong></span> <span class='ocrx_word' id='word_1_396' title='bbox 1896 4381 2113 4454; x_wconf 86' lang='lat' dir='ltr'><strong>Aginesi</strong></span> 
     </span>
    </p>
   </div>
   <div class='ocr_carea' id='block_1_46' title="bbox 530 4475 2112 4548">
    <p class='ocr_par' dir='ltr' id='par_1_46' title="bbox 530 4475 2112 4548">
     <span class='ocr_line' id='line_1_46' title="bbox 530 4475 2112 4548; baseline -0.004 -13"><span class='ocrx_word' id='word_1_397' title='bbox 530 4479 849 4547; x_wconf 87' lang='lat' dir='ltr'><strong>ostendere,</strong></span> <span class='ocrx_word' id='word_1_398' title='bbox 894 4487 949 4534; x_wconf 92' lang='lat' dir='ltr'><strong>et</strong></span> <span class='ocrx_word' id='word_1_399' title='bbox 986 4494 1052 4534; x_wconf 82' lang='lat' dir='ltr'><strong>ex</strong></span> <span class='ocrx_word' id='word_1_400' title='bbox 1083 4479 1247 4548; x_wconf 90' lang='lat' dir='ltr'><strong>ipsius</strong></span> <span class='ocrx_word' id='word_1_401' title='bbox 1277 4493 1432 4548; x_wconf 87' lang='lat' dir='ltr'><strong>agere</strong></span> <span class='ocrx_word' id='word_1_402' title='bbox 1455 4477 1694 4531; x_wconf 85' lang='lat' dir='ltr'><strong>arbitrio.</strong></span> <span class='ocrx_word' id='word_1_403' title='bbox 1743 4475 1816 4530; x_wconf 91' lang='lat' dir='ltr'><strong>lbi</strong></span> <span class='ocrx_word' id='word_1_404' title='bbox 1856 4491 1955 4546; x_wconf 85' lang='lat' dir='ltr'><strong>ego</strong></span> <span class='ocrx_word' id='word_1_405' title='bbox 1992 4490 2112 4531; x_wconf 91' lang='lat' dir='ltr'><strong>cum</strong></span> 
     </span>
    </p>
   </div>
   <div class='ocr_carea' id='block_1_47' title="bbox 531 4555 2112 4640">
    <p class='ocr_par' dir='ltr' id='par_1_47' title="bbox 531 4555 2112 4640">
     <span class='ocr_line' id='line_1_47' title="bbox 531 4555 2112 4640; baseline -0.006 -9"><span class='ocrx_word' id='word_1_406' title='bbox 531 4570 783 4631; x_wconf 79' lang='lat' dir='ltr'><strong>dixissem</strong></span> <span class='ocrx_word' id='word_1_407' title='bbox 807 4614 822 4640; x_wconf 84' lang='lat'><strong>,</strong></span> <span class='ocrx_word' id='word_1_408' title='bbox 859 4572 1017 4628; x_wconf 89' lang='lat' dir='ltr'><strong>Certe</strong></span> <span class='ocrx_word' id='word_1_409' title='bbox 1039 4573 1181 4626; x_wconf 83' lang='lat' dir='ltr'><strong>vices</strong></span> <span class='ocrx_word' id='word_1_410' title='bbox 1209 4577 1328 4625; x_wconf 89' lang='lat' dir='ltr'><strong>tuas</strong></span> <span class='ocrx_word' id='word_1_411' title='bbox 1356 4570 1472 4624; x_wconf 88' lang='lat' dir='ltr'><strong>istis</strong></span> <span class='ocrx_word' id='word_1_412' title='bbox 1497 4585 1601 4625; x_wconf 93' lang='lat' dir='ltr'><strong>non</strong></span> <span class='ocrx_word' id='word_1_413' title='bbox 1632 4570 1774 4625; x_wconf 86' lang='lat' dir='ltr'><strong>soles</strong></span> <span class='ocrx_word' id='word_1_414' title='bbox 1804 4555 2112 4640; x_wconf 73' lang='lat' dir='ltr'><strong>iniungere;</strong></span> 
     </span>
    </p>
   </div>
   <div class='ocr_carea' id='block_1_48' title="bbox 534 4656 2115 4735">
    <p class='ocr_par' dir='ltr' id='par_1_48' title="bbox 534 4656 2115 4735">
     <span class='ocr_line' id='line_1_48' title="bbox 534 4656 2115 4735; baseline -0.003 -15"><span class='ocrx_word' id='word_1_415' title='bbox 534 4663 879 4735; x_wconf 88' lang='lat' dir='ltr'><strong>respondisti,</strong></span> <span class='ocrx_word' id='word_1_416' title='bbox 912 4656 1017 4718; x_wconf 85' lang='lat' dir='ltr'><strong>Sed</strong></span> <span class='ocrx_word' id='word_1_417' title='bbox 1040 4663 1230 4716; x_wconf 84' lang='lat' dir='ltr'><strong>litteras</strong></span> <span class='ocrx_word' id='word_1_418' title='bbox 1254 4677 1387 4714; x_wconf 83' lang='lat' dir='ltr'><strong>meas</strong></span> <span class='ocrx_word' id='word_1_419' title='bbox 1411 4658 1619 4714; x_wconf 81' lang='lat' dir='ltr'><strong>habebat</strong></span> <span class='ocrx_word' id='word_1_420' title='bbox 1657 4660 1884 4732; x_wconf 79' lang='lat' dir='ltr'><strong>Aginesis</strong></span> <span class='ocrx_word' id='word_1_421' title='bbox 1917 4677 1935 4714; x_wconf 94' lang='lat'><em>:</em></span> <span class='ocrx_word' id='word_1_422' title='bbox 1963 4662 2115 4732; x_wconf 88' lang='lat' dir='ltr'><strong>quasi</strong></span> 
     </span>
    </p>
   </div>
   <div class='ocr_carea' id='block_1_49' title="bbox 537 4749 2117 4825">
    <p class='ocr_par' dir='ltr' id='par_1_49' title="bbox 537 4749 2117 4825">
     <span class='ocr_line' id='line_1_49' title="bbox 537 4749 2117 4825; baseline -0.002 -15"><span class='ocrx_word' id='word_1_423' title='bbox 537 4771 752 4825; x_wconf 88' lang='lat' dir='ltr'><strong>semper</strong></span> <span class='ocrx_word' id='word_1_424' title='bbox 779 4751 853 4810; x_wconf 91' lang='lat' dir='ltr'><strong>illi</strong></span> <span class='ocrx_word' id='word_1_425' title='bbox 883 4753 1076 4824; x_wconf 90' lang='lat' dir='ltr'><strong>quibus</strong></span> <span class='ocrx_word' id='word_1_426' title='bbox 1101 4749 1294 4822; x_wconf 87' lang='lat' dir='ltr'><strong>aliquid</strong></span> <span class='ocrx_word' id='word_1_427' title='bbox 1327 4751 1574 4821; x_wconf 84' lang='lat' dir='ltr'><strong>iniungis,</strong></span> <span class='ocrx_word' id='word_1_428' title='bbox 1601 4751 1804 4806; x_wconf 87' lang='lat' dir='ltr'><strong>litteras</strong></span> <span class='ocrx_word' id='word_1_429' title='bbox 1830 4761 1945 4806; x_wconf 89' lang='lat' dir='ltr'><strong>tuas</strong></span> <span class='ocrx_word' id='word_1_430' title='bbox 1975 4753 2117 4808; x_wconf 80' lang='lat' dir='ltr'><strong>reci-</strong></span> 
     </span>
    </p>
   </div>
   <div class='ocr_carea' id='block_1_50' title="bbox 539 4840 2113 4914">
    <p class='ocr_par' dir='ltr' id='par_1_50' title="bbox 539 4840 2113 4914">
     <span class='ocr_line' id='line_1_50' title="bbox 539 4840 2113 4914; baseline -0.003 -11"><span class='ocrx_word' id='word_1_431' title='bbox 539 4855 654 4904; x_wconf 89' lang='lat' dir='ltr'><strong>tent</strong></span> <span class='ocrx_word' id='word_1_432' title='bbox 678 4845 960 4902; x_wconf 89' lang='lat' dir='ltr'><strong>rusticanis</strong></span> <span class='ocrx_word' id='word_1_433' title='bbox 987 4840 1312 4910; x_wconf 88' lang='lat' dir='ltr'><strong>hominibus,</strong></span> <span class='ocrx_word' id='word_1_434' title='bbox 1345 4854 1402 4898; x_wconf 90' lang='lat' dir='ltr'><strong>ut</strong></span> <span class='ocrx_word' id='word_1_435' title='bbox 1427 4843 1646 4898; x_wconf 89' lang='lat' dir='ltr'><strong>credant</strong></span> <span class='ocrx_word' id='word_1_436' title='bbox 1669 4844 1789 4913; x_wconf 86' lang='lat' dir='ltr'><strong>quia</strong></span> <span class='ocrx_word' id='word_1_437' title='bbox 1814 4852 1864 4897; x_wconf 92' lang='lat' dir='ltr'><strong>tu</strong></span> <span class='ocrx_word' id='word_1_438' title='bbox 1886 4843 2113 4914; x_wconf 87' lang='lat' dir='ltr'><strong>iussisti.</strong></span> 
     </span>
    </p>
   </div>
   <div class='ocr_carea' id='block_1_51' title="bbox 534 4930 2117 5009">
    <p class='ocr_par' dir='ltr' id='par_1_51' title="bbox 534 4930 2117 5009">
     <span class='ocr_line' id='line_1_51' title="bbox 534 4930 2117 5009; baseline -0.003 -14"><span class='ocrx_word' id='word_1_439' title='bbox 534 4937 637 4995; x_wconf 88' lang='lat' dir='ltr'><strong>Sed</strong></span> <span class='ocrx_word' id='word_1_440' title='bbox 666 4939 787 5009; x_wconf 89' lang='lat' dir='ltr'><strong>quia</strong></span> <span class='ocrx_word' id='word_1_441' title='bbox 829 4951 923 4992; x_wconf 88' lang='lat' dir='ltr'><strong>eos</strong></span> <span class='ocrx_word' id='word_1_442' title='bbox 949 4935 1130 4990; x_wconf 88' lang='lat' dir='ltr'><strong>vident</strong></span> <span class='ocrx_word' id='word_1_443' title='bbox 1157 4930 1246 4989; x_wconf 87' lang='lat' dir='ltr'><strong>tibi</strong></span> <span class='ocrx_word' id='word_1_444' title='bbox 1275 4935 1351 4988; x_wconf 92' lang='lat' dir='ltr'><strong>sic</strong></span> <span class='ocrx_word' id='word_1_445' title='bbox 1370 4935 1518 5004; x_wconf 85' lang='lat' dir='ltr'><strong>iungi</strong></span> <span class='ocrx_word' id='word_1_446' title='bbox 1551 4933 1573 4965; x_wconf 74' lang='grc'><strong>⁸</strong></span> <span class='ocrx_word' id='word_1_447' title='bbox 1593 4977 1608 5000; x_wconf 88' lang='grc'><em>,</em></span> <span class='ocrx_word' id='word_1_448' title='bbox 1652 4950 1755 4988; x_wconf 91' lang='lat' dir='ltr'><strong>non</strong></span> <span class='ocrx_word' id='word_1_449' title='bbox 1793 4935 1972 5006; x_wconf 80' lang='lat' dir='ltr'><strong>tuique</strong></span> <span class='ocrx_word' id='word_1_450' title='bbox 1997 4950 2117 4991; x_wconf 86' lang='lat' dir='ltr'><strong>cre-</strong></span> 
     </span>
    </p>
   </div>
   <div class='ocr_carea' id='block_1_52' title="bbox 537 5027 2116 5098">
    <p class='ocr_par' dir='ltr' id='par_1_52' title="bbox 537 5027 2116 5098">
     <span class='ocr_line' id='line_1_52' title="bbox 537 5027 2116 5098; baseline -0.006 -10"><span class='ocrx_word' id='word_1_451' title='bbox 537 5034 667 5088; x_wconf 89' lang='lat' dir='ltr'><strong>dunt</strong></span> <span class='ocrx_word' id='word_1_452' title='bbox 695 5042 895 5087; x_wconf 89' lang='lat' dir='ltr'><strong>temere</strong></span> <span class='ocrx_word' id='word_1_453' title='bbox 925 5030 1046 5086; x_wconf 85' lang='lat' dir='ltr'><strong>illos</strong></span> <span class='ocrx_word' id='word_1_454' title='bbox 1089 5027 1289 5098; x_wconf 86' lang='lat' dir='ltr'><strong>aliquid</strong></span> <span class='ocrx_word' id='word_1_455' title='bbox 1329 5027 1523 5082; x_wconf 88' lang='lat' dir='ltr'><strong>audere</strong></span> <span class='ocrx_word' id='word_1_456' title='bbox 1553 5042 1874 5097; x_wconf 50' lang='lat' dir='ltr'><strong>praesumere</strong></span> <span class='ocrx_word' id='word_1_457' title='bbox 1898 5069 1914 5093; x_wconf 92' lang='lat'><strong>,</strong></span> <span class='ocrx_word' id='word_1_458' title='bbox 1962 5028 2059 5081; x_wconf 88' lang='lat' dir='ltr'><strong>nisi</strong></span> <span class='ocrx_word' id='word_1_459' title='bbox 2087 5043 2116 5080; x_wconf 92' lang='lat' dir='ltr'><strong>a</strong></span> 
     </span>
    </p>
   </div>
   <div class='ocr_carea' id='block_1_53' title="bbox 539 5107 2120 5193">
    <p class='ocr_par' dir='ltr' id='par_1_53' title="bbox 539 5107 2120 5193">
     <span class='ocr_line' id='line_1_53' title="bbox 539 5107 2120 5193; baseline -0.008 -11"><span class='ocrx_word' id='word_1_460' title='bbox 539 5135 591 5182; x_wconf 88' lang='lat' dir='ltr'><strong>te</strong></span> <span class='ocrx_word' id='word_1_461' title='bbox 610 5123 730 5180; x_wconf 89' lang='lat' dir='ltr'><strong>data</strong></span> <span class='ocrx_word' id='word_1_462' title='bbox 762 5131 1040 5193; x_wconf 74' lang='lat' dir='ltr'><strong>potestate.</strong></span> <span class='ocrx_word' id='word_1_463' title='bbox 1093 5119 1322 5189; x_wconf 86' lang='lat' dir='ltr'><strong>Ideoque</strong></span> <span class='ocrx_word' id='word_1_464' title='bbox 1366 5119 1502 5173; x_wconf 87' lang='lat' dir='ltr'><strong>inter</strong></span> <span class='ocrx_word' id='word_1_465' title='bbox 1541 5120 1636 5173; x_wconf 85' lang='lat' dir='ltr'><strong>ista</strong></span> <span class='ocrx_word' id='word_1_466' title='bbox 1666 5119 1862 5174; x_wconf 86' lang='lat' dir='ltr'><strong>incerta</strong></span> <span class='ocrx_word' id='word_1_467' title='bbox 1893 5107 1995 5173; x_wconf 90' lang='lat' dir='ltr'><strong>non</strong></span> <span class='ocrx_word' id='word_1_468' title='bbox 2026 5135 2120 5189; x_wconf 80' lang='lat' dir='ltr'><strong>ap-</strong></span> 
     </span>
    </p>
   </div>
   <div class='ocr_carea' id='block_1_54' title="bbox 538 5201 2116 5288">
    <p class='ocr_par' dir='ltr' id='par_1_54' title="bbox 538 5201 2116 5288">
     <span class='ocr_line' id='line_1_54' title="bbox 538 5201 2116 5288; baseline -0.004 -18"><span class='ocrx_word' id='word_1_469' title='bbox 538 5225 688 5288; x_wconf 84' lang='lat' dir='ltr'><strong>paret</strong></span> <span class='ocrx_word' id='word_1_470' title='bbox 703 5214 826 5285; x_wconf 93' lang='lat' dir='ltr'><strong>quid</strong></span> <span class='ocrx_word' id='word_1_471' title='bbox 839 5213 1048 5284; x_wconf 87' lang='lat' dir='ltr'><strong>iubeas,</strong></span> <span class='ocrx_word' id='word_1_472' title='bbox 1069 5225 1164 5264; x_wconf 83' lang='lat' dir='ltr'><strong>nec</strong></span> <span class='ocrx_word' id='word_1_473' title='bbox 1187 5221 1405 5281; x_wconf 74' lang='lat' dir='ltr'><strong>possunt</strong></span> <span class='ocrx_word' id='word_1_474' title='bbox 1427 5211 1630 5263; x_wconf 87' lang='lat' dir='ltr'><strong>lirnunn</strong></span> <span class='ocrx_word' id='word_1_475' title='bbox 1649 5201 1844 5278; x_wconf 85' lang='lat' dir='ltr'><strong>aliquid</strong></span> <span class='ocrx_word' id='word_1_476' title='bbox 1864 5210 2116 5274; x_wconf 88' lang='lat' dir='ltr'><strong>retinere,</strong></span> 
     </span>
    </p>
   </div>
   <div class='ocr_carea' id='block_1_55' title="bbox 539 5285 2164 5370">
    <p class='ocr_par' dir='ltr' id='par_1_55' title="bbox 539 5285 2164 5370">
     <span class='ocr_line' id='line_1_55' title="bbox 539 5285 2164 5370; baseline -0.006 -6"><span class='ocrx_word' id='word_1_477' title='bbox 539 5285 640 5366; x_wconf 75' lang='lat' dir='ltr'><strong>nisi</strong></span> <span class='ocrx_word' id='word_1_478' title='bbox 665 5306 868 5362; x_wconf 86' lang='lat' dir='ltr'><strong>litteras</strong></span> <span class='ocrx_word' id='word_1_479' title='bbox 897 5313 1018 5359; x_wconf 87' lang='lat' dir='ltr'><strong>tuas</strong></span> <span class='ocrx_word' id='word_1_480' title='bbox 1040 5301 1349 5368; x_wconf 84' lang='lat' dir='ltr'><strong>habuerint,</strong></span> <span class='ocrx_word' id='word_1_481' title='bbox 1394 5315 1525 5370; x_wconf 90' lang='lat' dir='ltr'><strong>quas</strong></span> <span class='ocrx_word' id='word_1_482' title='bbox 1554 5301 1801 5355; x_wconf 89' lang='lat' dir='ltr'><strong>omnibus</strong></span> <span class='ocrx_word' id='word_1_483' title='bbox 1830 5301 2117 5370; x_wconf 77' lang='lat' dir='ltr'><strong>proferant,</strong></span> <span class='ocrx_word' id='word_1_484' title='bbox 2161 5285 2164 5288; x_wconf 39' lang='grc'><strong>’</strong></span> 
     </span>
    </p>
   </div>
   <div class='ocr_carea' id='block_1_56' title="bbox 613 5473 2119 5543">
    <p class='ocr_par' dir='ltr' id='par_1_56' title="bbox 613 5473 2119 5543">
     <span class='ocr_line' id='line_1_56' title="bbox 613 5473 2119 5543; baseline -0.001 -12"><span class='ocrx_word' id='word_1_485' title='bbox 613 5487 629 5517; x_wconf 74' lang='grc' dir='ltr'><strong>ι</strong></span> <span class='ocrx_word' id='word_1_486' title='bbox 647 5481 758 5531; x_wconf 76' lang='lat' dir='ltr'><strong>edd.</strong></span> <span class='ocrx_word' id='word_1_487' title='bbox 783 5481 1026 5539; x_wconf 84' lang='lat' dir='ltr'><strong>omittunt,</strong></span> <span class='ocrx_word' id='word_1_488' title='bbox 1041 5483 1092 5530; x_wconf 86' lang='lat' dir='ltr'><strong>ut</strong></span> <span class='ocrx_word' id='word_1_489' title='bbox 1109 5473 1314 5543; x_wconf 65' lang='lat' dir='ltr'><strong>placaris</strong></span> <span class='ocrx_word' id='word_1_490' title='bbox 1329 5474 1434 5543; x_wconf 46' lang='lat' dir='ltr'><strong>tibi:</strong></span> <span class='ocrx_word' id='word_1_491' title='bbox 1455 5475 1642 5543; x_wconf 59' lang='lat' dir='ltr'><strong>tiabent</strong></span> <span class='ocrx_word' id='word_1_492' title='bbox 1661 5489 1782 5527; x_wconf 89' lang='lat' dir='ltr'><strong>vero</strong></span> <span class='ocrx_word' id='word_1_493' title='bbox 1804 5485 1907 5543; x_wconf 76' lang='lat' dir='ltr'><strong>Mss.</strong></span> <span class='ocrx_word' id='word_1_494' title='bbox 1933 5491 2119 5530; x_wconf 88' lang='lat' dir='ltr'><strong>omnes.</strong></span> 
     </span>
    </p>
   </div>
   <div class='ocr_carea' id='block_1_57' title="bbox 611 5538 2122 5606">
    <p class='ocr_par' dir='ltr' id='par_1_57' title="bbox 611 5538 2122 5606">
     <span class='ocr_line' id='line_1_57' title="bbox 611 5538 2122 5606; baseline 0.011 -29"><span class='ocrx_word' id='word_1_495' title='bbox 611 5547 632 5577; x_wconf 82' lang='lat' dir='ltr'><strong>s</strong></span> <span class='ocrx_word' id='word_1_496' title='bbox 647 5549 752 5594; x_wconf 62' lang='grc' dir='ltr'><strong>ωε,</strong></span> <span class='ocrx_word' id='word_1_497' title='bbox 773 5538 1066 5606; x_wconf 46' lang='lat' dir='ltr'><strong>magis,</strong></span> <span class='ocrx_word' id='word_1_498' title='bbox 1089 5538 1255 5606; x_wconf 67' lang='lat' dir='ltr'><strong>actori.</strong></span> <span class='ocrx_word' id='word_1_499' title='bbox 1275 5548 1328 5606; x_wconf 59' lang='lat' dir='ltr'><strong>at</strong></span> <span class='ocrx_word' id='word_1_500' title='bbox 1344 5539 1453 5588; x_wconf 66' lang='grc' dir='ltr'><strong>ωδ.</strong></span> <span class='ocrx_word' id='word_1_501' title='bbox 1474 5538 1564 5606; x_wconf 77' lang='lat' dir='ltr'><strong>hoc</strong></span> <span class='ocrx_word' id='word_1_502' title='bbox 1581 5545 1632 5589; x_wconf 92' lang='lat' dir='ltr'><strong>et</strong></span> <span class='ocrx_word' id='word_1_503' title='bbox 1648 5543 1866 5602; x_wconf 80' lang='lat' dir='ltr'><strong>proximo</strong></span> <span class='ocrx_word' id='word_1_504' title='bbox 1881 5539 1987 5594; x_wconf 88' lang='lat' dir='ltr'><strong>loco</strong></span> <span class='ocrx_word' id='word_1_505' title='bbox 2001 5556 2122 5606; x_wconf 78' lang='lat' dir='ltr'><strong>prte-</strong></span> 
     </span>
    </p>
   </div>
   <div class='ocr_carea' id='block_1_58' title="bbox 545 5599 1539 5665">
    <p class='ocr_par' dir='ltr' id='par_1_58' title="bbox 545 5599 1539 5665">
     <span class='ocr_line' id='line_1_58' title="bbox 545 5599 1539 5665; baseline -0.004 -11"><span class='ocrx_word' id='word_1_506' title='bbox 545 5603 722 5665; x_wconf 77' lang='lat' dir='ltr'><strong>terunt,</strong></span> <span class='ocrx_word' id='word_1_507' title='bbox 745 5601 960 5655; x_wconf 76' lang='lat' dir='ltr'><strong>exactori</strong></span> <span class='ocrx_word' id='word_1_508' title='bbox 979 5616 996 5652; x_wconf 92' lang='lat'><strong><em>:</em></strong></span> <span class='ocrx_word' id='word_1_509' title='bbox 1022 5599 1074 5652; x_wconf 86' lang='lat' dir='ltr'><strong>et</strong></span> <span class='ocrx_word' id='word_1_510' title='bbox 1093 5601 1200 5652; x_wconf 85' lang='lat' dir='ltr'><strong>aliis</strong></span> <span class='ocrx_word' id='word_1_511' title='bbox 1217 5599 1539 5665; x_wconf 76' lang='lat' dir='ltr'><strong>loci_s,actori.</strong></span> 
     </span>
    </p>
   </div>
   <div class='ocr_carea' id='block_1_59' title="bbox 616 5661 1662 5728">
    <p class='ocr_par' dir='ltr' id='par_1_59' title="bbox 616 5661 1662 5728">
     <span class='ocr_line' id='line_1_59' title="bbox 616 5661 1662 5728; baseline 0.003 -18"><span class='ocrx_word' id='word_1_512' title='bbox 616 5667 637 5697; x_wconf 84' lang='grc'><strong><em>³</em></strong></span> <span class='ocrx_word' id='word_1_513' title='bbox 655 5661 802 5716; x_wconf 77' lang='lat' dir='ltr'><strong>vetns</strong></span> <span class='ocrx_word' id='word_1_514' title='bbox 820 5665 926 5728; x_wconf 77' lang='lat' dir='ltr'><strong>cod.</strong></span> <span class='ocrx_word' id='word_1_515' title='bbox 948 5666 1109 5724; x_wconf 78' lang='lat' dir='ltr'><strong>Oorh.,</strong></span> <span class='ocrx_word' id='word_1_516' title='bbox 1129 5661 1432 5728; x_wconf 30' lang='lat' dir='ltr'><strong>Agmesithic</strong></span> <span class='ocrx_word' id='word_1_517' title='bbox 1452 5667 1506 5728; x_wconf 80' lang='lat' dir='ltr'><strong>et</strong></span> <span class='ocrx_word' id='word_1_518' title='bbox 1525 5661 1662 5728; x_wconf 72' lang='lat' dir='ltr'><strong>intra.</strong></span> 
     </span>
    </p>
   </div>
   <div class='ocr_carea' id='block_1_60' title="bbox 617 5723 1732 5791">
    <p class='ocr_par' dir='ltr' id='par_1_60' title="bbox 617 5723 1732 5791">
     <span class='ocr_line' id='line_1_60' title="bbox 617 5723 1732 5791; baseline 0.002 -18"><span class='ocrx_word' id='word_1_519' title='bbox 617 5730 636 5760; x_wconf 74' lang='grc' dir='ltr'>δ</span> <span class='ocrx_word' id='word_1_520' title='bbox 655 5735 756 5775; x_wconf 59' lang='lat' dir='ltr'><strong>una.</strong></span> <span class='ocrx_word' id='word_1_521' title='bbox 781 5725 940 5776; x_wconf 71' lang='lat' dir='ltr'><strong>(zatlic.</strong></span> <span class='ocrx_word' id='word_1_522' title='bbox 962 5734 1014 5777; x_wconf 83' lang='lat' dir='ltr'><strong>et</strong></span> <span class='ocrx_word' id='word_1_523' title='bbox 1034 5723 1235 5776; x_wconf 72' lang='lat' dir='ltr'><strong>ututs&#39;et</strong></span> <span class='ocrx_word' id='word_1_524' title='bbox 1253 5724 1421 5781; x_wconf 63' lang='lat' dir='ltr'><strong>vatio,</strong></span> <span class='ocrx_word' id='word_1_525' title='bbox 1443 5723 1511 5775; x_wconf 85' lang='lat' dir='ltr'><strong>sic</strong></span> <span class='ocrx_word' id='word_1_526' title='bbox 1530 5723 1732 5791; x_wconf 60' lang='lat' dir='ltr'><strong>iniungi.</strong></span> 
     </span>
    </p>
   </div>
   <div class='ocr_carea' id='block_1_61' title="bbox 1765 307 2562 370">
    <p class='ocr_par' dir='ltr' id='par_1_61' title="bbox 1765 307 2562 370">
     <span class='ocr_line' id='line_1_61' title="bbox 1765 307 2562 370; baseline -0.01 0"><span class='ocrx_word' id='word_1_527' title='bbox 1765 314 1822 370; x_wconf 85' lang='lat' dir='ltr'><strong>S.</strong></span> <span class='ocrx_word' id='word_1_528' title='bbox 1868 309 2224 368; x_wconf 56' lang='lat' dir='ltr'><strong>AUGITSTINI</strong></span> <span class='ocrx_word' id='word_1_529' title='bbox 2267 307 2562 365; x_wconf 80' lang='lat' dir='ltr'><strong>EPISCOPI</strong></span> 
     </span>
    </p>
   </div>
   <div class='ocr_carea' id='block_1_62' title="bbox 3627 305 3770 361">
    <p class='ocr_par' dir='ltr' id='par_1_62' title="bbox 3627 305 3770 361">
     <span class='ocr_line' id='line_1_62' title="bbox 3627 305 3770 361; baseline 0.007 -1"><span class='ocrx_word' id='word_1_530' title='bbox 3627 305 3770 361; x_wconf 73' lang='grc' dir='ltr'>ιοδι</span> 
     </span>
    </p>
   </div>
   <div class='ocr_carea' id='block_1_63' title="bbox 2179 418 3768 491">
    <p class='ocr_par' dir='ltr' id='par_1_63' title="bbox 2179 418 3768 491">
     <span class='ocr_line' id='line_1_63' title="bbox 2179 418 3768 491; baseline 0 -15"><span class='ocrx_word' id='word_1_531' title='bbox 2179 431 2233 476; x_wconf 90' lang='lat' dir='ltr'><strong>et</strong></span> <span class='ocrx_word' id='word_1_532' title='bbox 2259 422 2468 477; x_wconf 84' lang='lat' dir='ltr'><strong>nonnisi</strong></span> <span class='ocrx_word' id='word_1_533' title='bbox 2495 421 2598 476; x_wconf 88' lang='lat' dir='ltr'><strong>tuis</strong></span> <span class='ocrx_word' id='word_1_534' title='bbox 2625 418 2817 476; x_wconf 89' lang='lat' dir='ltr'><strong>litteris</strong></span> <span class='ocrx_word' id='word_1_535' title='bbox 2857 419 3076 490; x_wconf 89' lang='lat' dir='ltr'><strong>prolatis</strong></span> <span class='ocrx_word' id='word_1_536' title='bbox 3105 420 3517 491; x_wconf 86' lang='lat' dir='ltr'><strong>obtemperent,</strong></span> <span class='ocrx_word' id='word_1_537' title='bbox 3549 422 3768 491; x_wconf 84' lang='lat' dir='ltr'><strong>quando</strong></span> 
     </span>
    </p>
   </div>
   <div class='ocr_carea' id='block_1_64' title="bbox 2181 513 2869 583">
    <p class='ocr_par' dir='ltr' id='par_1_64' title="bbox 2181 513 2869 583">
     <span class='ocr_line' id='line_1_64' title="bbox 2181 513 2869 583; baseline -0.001 -14"><span class='ocrx_word' id='word_1_538' title='bbox 2181 515 2258 569; x_wconf 84' lang='lat' dir='ltr'><strong>eis</strong></span> <span class='ocrx_word' id='word_1_539' title='bbox 2284 513 2481 583; x_wconf 89' lang='lat' dir='ltr'><strong>aliquid</strong></span> <span class='ocrx_word' id='word_1_540' title='bbox 2506 513 2735 568; x_wconf 89' lang='lat' dir='ltr'><strong>dandum</strong></span> <span class='ocrx_word' id='word_1_541' title='bbox 2765 521 2869 568; x_wconf 90' lang='lat' dir='ltr'><strong>est.</strong></span> 
     </span>
    </p>
   </div>
   <div class='ocr_carea' id='block_1_65' title="bbox 2249 603 3772 675">
    <p class='ocr_par' dir='ltr' id='par_1_65' title="bbox 2249 603 3772 675">
     <span class='ocr_line' id='line_1_65' title="bbox 2249 603 3772 675; baseline 0 -15"><span class='ocrx_word' id='word_1_542' title='bbox 2249 607 2303 660; x_wconf 77' lang='grc'><strong>4.</strong></span> <span class='ocrx_word' id='word_1_543' title='bbox 2345 605 2449 660; x_wconf 89' lang='lat' dir='ltr'><strong>Sed</strong></span> <span class='ocrx_word' id='word_1_544' title='bbox 2486 605 2611 674; x_wconf 91' lang='lat' dir='ltr'><strong>quid</strong></span> <span class='ocrx_word' id='word_1_545' title='bbox 2639 620 2771 675; x_wconf 91' lang='lat' dir='ltr'><strong>opus</strong></span> <span class='ocrx_word' id='word_1_546' title='bbox 2806 613 2887 658; x_wconf 90' lang='lat' dir='ltr'><strong>est</strong></span> <span class='ocrx_word' id='word_1_547' title='bbox 2912 612 3019 659; x_wconf 91' lang='lat' dir='ltr'><strong>tam</strong></span> <span class='ocrx_word' id='word_1_548' title='bbox 3049 603 3139 658; x_wconf 91' lang='lat' dir='ltr'><strong>diu</strong></span> <span class='ocrx_word' id='word_1_549' title='bbox 3168 613 3340 660; x_wconf 90' lang='lat' dir='ltr'><strong>tecum</strong></span> <span class='ocrx_word' id='word_1_550' title='bbox 3364 605 3642 674; x_wconf 79' lang='lat' dir='ltr'><strong>disputare</strong></span> <span class='ocrx_word' id='word_1_551' title='bbox 3663 649 3676 670; x_wconf 87' lang='lat'><strong>.</strong></span> <span class='ocrx_word' id='word_1_552' title='bbox 3715 617 3772 662; x_wconf 89' lang='lat' dir='ltr'><strong>et</strong></span> 
     </span>
    </p>
   </div>
   <div class='ocr_carea' id='block_1_66' title="bbox 2180 695 3779 764">
    <p class='ocr_par' dir='ltr' id='par_1_66' title="bbox 2180 695 3779 764">
     <span class='ocr_line' id='line_1_66' title="bbox 2180 695 3779 764; baseline 0.001 -13"><span class='ocrx_word' id='word_1_553' title='bbox 2180 711 2402 751; x_wconf 85' lang='lat' dir='ltr'><strong>onerare</strong></span> <span class='ocrx_word' id='word_1_554' title='bbox 2424 697 2599 749; x_wconf 87' lang='lat' dir='ltr'><strong>verbis</strong></span> <span class='ocrx_word' id='word_1_555' title='bbox 2625 697 2999 764; x_wconf 87' lang='lat' dir='ltr'><strong>occupationes</strong></span> <span class='ocrx_word' id='word_1_556' title='bbox 3026 705 3170 759; x_wconf 88' lang='lat' dir='ltr'><strong>tuas,</strong></span> <span class='ocrx_word' id='word_1_557' title='bbox 3196 705 3253 749; x_wconf 91' lang='lat' dir='ltr'><strong>ut</strong></span> <span class='ocrx_word' id='word_1_558' title='bbox 3273 695 3407 750; x_wconf 79' lang='lat' dir='ltr'><strong>forte</strong></span> <span class='ocrx_word' id='word_1_559' title='bbox 3433 713 3554 750; x_wconf 91' lang='lat' dir='ltr'><strong>cum</strong></span> <span class='ocrx_word' id='word_1_560' title='bbox 3579 697 3779 752; x_wconf 83' lang='lat' dir='ltr'><strong>irasce-</strong></span> 
     </span>
    </p>
   </div>
   <div class='ocr_carea' id='block_1_67' title="bbox 2183 787 3774 852">
    <p class='ocr_par' dir='ltr' id='par_1_67' title="bbox 2183 787 3774 852">
     <span class='ocr_line' id='line_1_67' title="bbox 2183 787 3774 852; baseline 0 -9"><span class='ocrx_word' id='word_1_561' title='bbox 2183 789 2259 843; x_wconf 90' lang='lat' dir='ltr'><strong>ris</strong></span> <span class='ocrx_word' id='word_1_562' title='bbox 2286 789 2463 842; x_wconf 83' lang='lat' dir='ltr'><strong>verbis</strong></span> <span class='ocrx_word' id='word_1_563' title='bbox 2492 788 2645 852; x_wconf 90' lang='lat' dir='ltr'><strong>meis,</strong></span> <span class='ocrx_word' id='word_1_564' title='bbox 2669 789 2800 841; x_wconf 83' lang='lat' dir='ltr'><strong>velis</strong></span> <span class='ocrx_word' id='word_1_565' title='bbox 2821 787 3006 842; x_wconf 66' lang='lat' dir='ltr'><strong>saavire</strong></span> <span class='ocrx_word' id='word_1_566' title='bbox 3030 788 3082 841; x_wconf 91' lang='lat' dir='ltr'><strong>in</strong></span> <span class='ocrx_word' id='word_1_567' title='bbox 3105 788 3347 841; x_wconf 83' lang='lat' dir='ltr'><strong>homines</strong></span> <span class='ocrx_word' id='word_1_568' title='bbox 3376 788 3636 841; x_wconf 85' lang='lat' dir='ltr'><strong>miseros?</strong></span> <span class='ocrx_word' id='word_1_569' title='bbox 3665 789 3774 843; x_wconf 90' lang='lat' dir='ltr'><strong>Illis</strong></span> 
     </span>
    </p>
   </div>
   <div class='ocr_carea' id='block_1_68' title="bbox 2183 879 3755 948">
    <p class='ocr_par' dir='ltr' id='par_1_68' title="bbox 2183 879 3755 948">
     <span class='ocr_line' id='line_1_68' title="bbox 2183 879 3755 948; baseline -0.002 -14"><span class='ocrx_word' id='word_1_570' title='bbox 2183 879 2523 948; x_wconf 85' lang='lat' dir='ltr'><strong>imputabitur</strong></span> <span class='ocrx_word' id='word_1_571' title='bbox 2551 879 2616 934; x_wconf 89' lang='lat' dir='ltr'><strong>ad</strong></span> <span class='ocrx_word' id='word_1_572' title='bbox 2639 879 2884 932; x_wconf 86' lang='lat' dir='ltr'><strong>meritum</strong></span> <span class='ocrx_word' id='word_1_573' title='bbox 2914 879 3108 932; x_wconf 91' lang='lat' dir='ltr'><strong>bonum</strong></span> <span class='ocrx_word' id='word_1_574' title='bbox 3133 918 3148 945; x_wconf 90' lang='lat'><strong>,</strong></span> <span class='ocrx_word' id='word_1_575' title='bbox 3177 879 3295 948; x_wconf 80' lang='lat' dir='ltr'><strong>quia</strong></span> <span class='ocrx_word' id='word_1_576' title='bbox 3329 895 3422 947; x_wconf 88' lang='lat' dir='ltr'><strong>pro</strong></span> <span class='ocrx_word' id='word_1_577' title='bbox 3446 879 3615 932; x_wconf 82' lang='lat' dir='ltr'><strong>salute</strong></span> <span class='ocrx_word' id='word_1_578' title='bbox 3645 889 3755 942; x_wconf 86' lang='lat' dir='ltr'><strong>tua,</strong></span> 
     </span>
    </p>
   </div>
   <div class='ocr_carea' id='block_1_69' title="bbox 2184 972 3772 1042">
    <p class='ocr_par' dir='ltr' id='par_1_69' title="bbox 2184 972 3772 1042">
     <span class='ocr_line' id='line_1_69' title="bbox 2184 972 3772 1042; baseline -0.001 -16"><span class='ocrx_word' id='word_1_579' title='bbox 2184 982 2400 1042; x_wconf 89' lang='lat' dir='ltr'><strong>propter</strong></span> <span class='ocrx_word' id='word_1_580' title='bbox 2429 987 2585 1042; x_wconf 90' lang='lat' dir='ltr'><strong>quam</strong></span> <span class='ocrx_word' id='word_1_581' title='bbox 2609 972 2700 1024; x_wconf 92' lang='lat' dir='ltr'><strong>tibi</strong></span> <span class='ocrx_word' id='word_1_582' title='bbox 2733 981 2876 1026; x_wconf 89' lang='lat' dir='ltr'><strong>tanta</strong></span> <span class='ocrx_word' id='word_1_583' title='bbox 2909 973 3096 1042; x_wconf 90' lang='lat' dir='ltr'><strong>loquor</strong></span> <span class='ocrx_word' id='word_1_584' title='bbox 3118 1012 3134 1036; x_wconf 94' lang='lat'><strong>,</strong></span> <span class='ocrx_word' id='word_1_585' title='bbox 3165 981 3216 1026; x_wconf 88' lang='lat' dir='ltr'><strong>te</strong></span> <span class='ocrx_word' id='word_1_586' title='bbox 3245 972 3512 1039; x_wconf 88' lang='lat' dir='ltr'><strong>patiuntur</strong></span> <span class='ocrx_word' id='word_1_587' title='bbox 3537 972 3732 1025; x_wconf 90' lang='lat' dir='ltr'><strong>iratum</strong></span> <span class='ocrx_word' id='word_1_588' title='bbox 3758 989 3772 1025; x_wconf 91' lang='lat'>:</span> 
     </span>
    </p>
   </div>
   <div class='ocr_carea' id='block_1_70' title="bbox 2186 1060 3778 1130">
    <p class='ocr_par' dir='ltr' id='par_1_70' title="bbox 2186 1060 3778 1130">
     <span class='ocr_line' id='line_1_70' title="bbox 2186 1060 3778 1130; baseline -0.001 -13"><span class='ocrx_word' id='word_1_589' title='bbox 2186 1064 2278 1118; x_wconf 89' lang='lat' dir='ltr'><strong>tibi</strong></span> <span class='ocrx_word' id='word_1_590' title='bbox 2309 1071 2485 1116; x_wconf 91' lang='lat' dir='ltr'><strong>autem</strong></span> <span class='ocrx_word' id='word_1_591' title='bbox 2529 1061 2653 1115; x_wconf 92' lang='lat' dir='ltr'><strong>nolo</strong></span> <span class='ocrx_word' id='word_1_592' title='bbox 2679 1061 2873 1130; x_wconf 89' lang='lat' dir='ltr'><strong>aliquid</strong></span> <span class='ocrx_word' id='word_1_593' title='bbox 2915 1061 3126 1130; x_wconf 82' lang='lat' dir='ltr'><strong>gravius</strong></span> <span class='ocrx_word' id='word_1_594' title='bbox 3154 1060 3362 1126; x_wconf 90' lang='lat' dir='ltr'><strong>dicere,</strong></span> <span class='ocrx_word' id='word_1_595' title='bbox 3395 1075 3462 1114; x_wconf 91' lang='lat' dir='ltr'><strong>ne</strong></span> <span class='ocrx_word' id='word_1_596' title='bbox 3507 1070 3659 1129; x_wconf 88' lang='lat' dir='ltr'><strong>putes</strong></span> <span class='ocrx_word' id='word_1_597' title='bbox 3689 1077 3778 1116; x_wconf 88' lang='lat' dir='ltr'><strong>me</strong></span> 
     </span>
    </p>
   </div>
   <div class='ocr_carea' id='block_1_71' title="bbox 2187 1143 3774 1221">
    <p class='ocr_par' dir='ltr' id='par_1_71' title="bbox 2187 1143 3774 1221">
     <span class='ocr_line' id='line_1_71' title="bbox 2187 1143 3774 1221; baseline -0.001 -12"><span class='ocrx_word' id='word_1_598' title='bbox 2187 1172 2290 1209; x_wconf 91' lang='lat' dir='ltr'><strong>nou</strong></span> <span class='ocrx_word' id='word_1_599' title='bbox 2337 1153 2604 1219; x_wconf 87' lang='lat' dir='ltr'><strong>timendo,</strong></span> <span class='ocrx_word' id='word_1_600' title='bbox 2646 1153 2741 1208; x_wconf 90' lang='lat' dir='ltr'><strong>sed</strong></span> <span class='ocrx_word' id='word_1_601' title='bbox 2769 1152 2907 1206; x_wconf 90' lang='lat' dir='ltr'><strong>male</strong></span> <span class='ocrx_word' id='word_1_602' title='bbox 2953 1151 3184 1220; x_wconf 89' lang='lat' dir='ltr'><strong>optando</strong></span> <span class='ocrx_word' id='word_1_603' title='bbox 3212 1151 3317 1205; x_wconf 91' lang='lat' dir='ltr'><strong>tale</strong></span> <span class='ocrx_word' id='word_1_604' title='bbox 3363 1143 3561 1221; x_wconf 89' lang='lat' dir='ltr'><strong>aliquid</strong></span> <span class='ocrx_word' id='word_1_605' title='bbox 3607 1154 3774 1221; x_wconf 89' lang='lat' dir='ltr'><strong>loqui.</strong></span> 
     </span>
    </p>
   </div>
   <div class='ocr_carea' id='block_1_72' title="bbox 2186 1242 3780 1311">
    <p class='ocr_par' dir='ltr' id='par_1_72' title="bbox 2186 1242 3780 1311">
     <span class='ocr_line' id='line_1_72' title="bbox 2186 1242 3780 1311; baseline -0.001 -11"><span class='ocrx_word' id='word_1_606' title='bbox 2186 1245 2336 1300; x_wconf 91' lang='lat' dir='ltr'><strong>Time</strong></span> <span class='ocrx_word' id='word_1_607' title='bbox 2366 1245 2533 1299; x_wconf 89' lang='lat' dir='ltr'><strong>Deum</strong></span> <span class='ocrx_word' id='word_1_608' title='bbox 2578 1243 2621 1297; x_wconf 93' lang='lat' dir='ltr'><strong>si</strong></span> <span class='ocrx_word' id='word_1_609' title='bbox 2655 1257 2758 1298; x_wconf 91' lang='lat' dir='ltr'><strong>non</strong></span> <span class='ocrx_word' id='word_1_610' title='bbox 2787 1243 2865 1298; x_wconf 91' lang='lat' dir='ltr'><strong>vis</strong></span> <span class='ocrx_word' id='word_1_611' title='bbox 2901 1242 3075 1311; x_wconf 88' lang='lat' dir='ltr'><strong>decipi</strong></span> <span class='ocrx_word' id='word_1_612' title='bbox 3107 1261 3122 1297; x_wconf 90' lang='lat'><strong>:</strong></span> <span class='ocrx_word' id='word_1_613' title='bbox 3153 1242 3323 1309; x_wconf 90' lang='lat' dir='ltr'><strong>ipsum</strong></span> <span class='ocrx_word' id='word_1_614' title='bbox 3356 1252 3544 1297; x_wconf 90' lang='lat' dir='ltr'><strong>testem</strong></span> <span class='ocrx_word' id='word_1_615' title='bbox 3586 1243 3780 1298; x_wconf 87' lang='lat' dir='ltr'><strong>invoco</strong></span> 
     </span>
    </p>
   </div>
   <div class='ocr_carea' id='block_1_73' title="bbox 2187 1332 3781 1408">
    <p class='ocr_par' dir='ltr' id='par_1_73' title="bbox 2187 1332 3781 1408">
     <span class='ocr_line' id='line_1_73' title="bbox 2187 1332 3781 1408; baseline -0.002 -18"><span class='ocrx_word' id='word_1_616' title='bbox 2187 1351 2349 1408; x_wconf 85' lang='lat' dir='ltr'><strong>super</strong></span> <span class='ocrx_word' id='word_1_617' title='bbox 2384 1335 2615 1390; x_wconf 90' lang='lat' dir='ltr'><strong>animam</strong></span> <span class='ocrx_word' id='word_1_618' title='bbox 2645 1349 2854 1400; x_wconf 91' lang='lat' dir='ltr'><strong>meam,</strong></span> <span class='ocrx_word' id='word_1_619' title='bbox 2898 1333 3015 1402; x_wconf 88' lang='lat' dir='ltr'><strong>plus</strong></span> <span class='ocrx_word' id='word_1_620' title='bbox 3043 1347 3128 1387; x_wconf 91' lang='lat' dir='ltr'><strong>me</strong></span> <span class='ocrx_word' id='word_1_621' title='bbox 3158 1332 3252 1386; x_wconf 90' lang='lat' dir='ltr'><strong>tibi</strong></span> <span class='ocrx_word' id='word_1_622' title='bbox 3293 1332 3479 1387; x_wconf 90' lang='lat' dir='ltr'><strong>timere</strong></span> <span class='ocrx_word' id='word_1_623' title='bbox 3507 1349 3630 1386; x_wconf 90' lang='lat' dir='ltr'><strong>cum</strong></span> <span class='ocrx_word' id='word_1_624' title='bbox 3663 1333 3781 1387; x_wconf 68' lang='lat' dir='ltr'><strong>hate</strong></span> 
     </span>
    </p>
   </div>
   <div class='ocr_carea' id='block_1_74' title="bbox 2188 1423 3781 1497">
    <p class='ocr_par' dir='ltr' id='par_1_74' title="bbox 2188 1423 3781 1497">
     <span class='ocr_line' id='line_1_74' title="bbox 2188 1423 3781 1497; baseline -0.001 -15"><span class='ocrx_word' id='word_1_625' title='bbox 2188 1427 2342 1494; x_wconf 91' lang='lat' dir='ltr'><strong>dico,</strong></span> <span class='ocrx_word' id='word_1_626' title='bbox 2391 1441 2551 1496; x_wconf 88' lang='lat' dir='ltr'><strong>quam</strong></span> <span class='ocrx_word' id='word_1_627' title='bbox 2581 1425 2686 1480; x_wconf 91' lang='lat' dir='ltr'><strong>illis</strong></span> <span class='ocrx_word' id='word_1_628' title='bbox 2715 1440 2811 1497; x_wconf 88' lang='lat' dir='ltr'><strong>pro</strong></span> <span class='ocrx_word' id='word_1_629' title='bbox 2841 1425 3032 1494; x_wconf 88' lang='lat' dir='ltr'><strong>quibus</strong></span> <span class='ocrx_word' id='word_1_630' title='bbox 3077 1423 3216 1494; x_wconf 90' lang='lat' dir='ltr'><strong>apud</strong></span> <span class='ocrx_word' id='word_1_631' title='bbox 3245 1433 3297 1479; x_wconf 89' lang='lat' dir='ltr'><strong>te</strong></span> <span class='ocrx_word' id='word_1_632' title='bbox 3337 1424 3669 1480; x_wconf 89' lang='lat' dir='ltr'><strong>intercedere</strong></span> <span class='ocrx_word' id='word_1_633' title='bbox 3696 1425 3781 1480; x_wconf 89' lang='lat' dir='ltr'><strong>vi-</strong></span> 
     </span>
    </p>
   </div>
   <div class='ocr_carea' id='block_1_75' title="bbox 2187 1514 3779 1585">
    <p class='ocr_par' dir='ltr' id='par_1_75' title="bbox 2187 1514 3779 1585">
     <span class='ocr_line' id='line_1_75' title="bbox 2187 1514 3779 1585; baseline -0.003 -12"><span class='ocrx_word' id='word_1_634' title='bbox 2187 1519 2338 1574; x_wconf 91' lang='lat' dir='ltr'><strong>deor.</strong></span> <span class='ocrx_word' id='word_1_635' title='bbox 2367 1517 2425 1573; x_wconf 91' lang='lat' dir='ltr'><strong>Si</strong></span> <span class='ocrx_word' id='word_1_636' title='bbox 2465 1515 2672 1583; x_wconf 88' lang='lat' dir='ltr'><strong>credis,</strong></span> <span class='ocrx_word' id='word_1_637' title='bbox 2705 1517 2813 1570; x_wconf 90' lang='lat' dir='ltr'><strong>Deo</strong></span> <span class='ocrx_word' id='word_1_638' title='bbox 2853 1515 3087 1585; x_wconf 87' lang='lat' dir='ltr'><strong>gratias:</strong></span> <span class='ocrx_word' id='word_1_639' title='bbox 3119 1514 3163 1570; x_wconf 92' lang='lat' dir='ltr'><strong>si</strong></span> <span class='ocrx_word' id='word_1_640' title='bbox 3191 1525 3368 1568; x_wconf 91' lang='lat' dir='ltr'><strong>autem</strong></span> <span class='ocrx_word' id='word_1_641' title='bbox 3415 1531 3518 1568; x_wconf 90' lang='lat' dir='ltr'><strong>non</strong></span> <span class='ocrx_word' id='word_1_642' title='bbox 3563 1514 3779 1584; x_wconf 87' lang='lat' dir='ltr'><strong>credis,</strong></span> 
     </span>
    </p>
   </div>
   <div class='ocr_carea' id='block_1_76' title="bbox 2189 1604 3782 1679">
    <p class='ocr_par' dir='ltr' id='par_1_76' title="bbox 2189 1604 3782 1679">
     <span class='ocr_line' id='line_1_76' title="bbox 2189 1604 3782 1679; baseline -0.005 -13"><span class='ocrx_word' id='word_1_643' title='bbox 2189 1612 2492 1666; x_wconf 89' lang='lat' dir='ltr'><strong>consolatur</strong></span> <span class='ocrx_word' id='word_1_644' title='bbox 2545 1625 2632 1665; x_wconf 91' lang='lat' dir='ltr'><strong>me</strong></span> <span class='ocrx_word' id='word_1_645' title='bbox 2666 1608 2806 1679; x_wconf 90' lang='lat' dir='ltr'><strong>quod</strong></span> <span class='ocrx_word' id='word_1_646' title='bbox 2853 1608 3104 1662; x_wconf 86' lang='lat' dir='ltr'><strong>Dominus</strong></span> <span class='ocrx_word' id='word_1_647' title='bbox 3133 1607 3238 1670; x_wconf 90' lang='lat' dir='ltr'><strong>ait,</strong></span> <span class='ocrx_word' id='word_1_648' title='bbox 3268 1605 3466 1672; x_wconf 80' lang='lat' dir='ltr'><strong>Dicite,</strong></span> <span class='ocrx_word' id='word_1_649' title='bbox 3517 1604 3633 1659; x_wconf 73' lang='lat' dir='ltr'><strong>Pax</strong></span> <span class='ocrx_word' id='word_1_650' title='bbox 3661 1608 3782 1660; x_wconf 78' lang='lat' dir='ltr'><strong>huic</strong></span> 
     </span>
    </p>
   </div>
   <div class='ocr_carea' id='block_1_77' title="bbox 2191 1696 3780 1769">
    <p class='ocr_par' dir='ltr' id='par_1_77' title="bbox 2191 1696 3780 1769">
     <span class='ocr_line' id='line_1_77' title="bbox 2191 1696 3780 1769; baseline -0.004 -13"><span class='ocrx_word' id='word_1_651' title='bbox 2191 1703 2407 1757; x_wconf 87' lang='lat' dir='ltr'><strong>domui:</strong></span> <span class='ocrx_word' id='word_1_652' title='bbox 2433 1711 2480 1756; x_wconf 87' lang='lat' dir='ltr'><strong>et</strong></span> <span class='ocrx_word' id='word_1_653' title='bbox 2505 1701 2550 1755; x_wconf 91' lang='lat' dir='ltr'><strong>si</strong></span> <span class='ocrx_word' id='word_1_654' title='bbox 2575 1709 2646 1754; x_wconf 85' lang='lat' dir='ltr'><strong>est</strong></span> <span class='ocrx_word' id='word_1_655' title='bbox 2681 1699 2769 1753; x_wconf 89' lang='lat' dir='ltr'><strong>tibi</strong></span> <span class='ocrx_word' id='word_1_656' title='bbox 2797 1697 2936 1767; x_wconf 81' lang='lat' dir='ltr'><strong>ﬁlius</strong></span> <span class='ocrx_word' id='word_1_657' title='bbox 2965 1698 3104 1769; x_wconf 86' lang='lat' dir='ltr'><strong>pacis</strong></span> <span class='ocrx_word' id='word_1_658' title='bbox 3123 1737 3138 1762; x_wconf 91' lang='lat'><strong>,</strong></span> <span class='ocrx_word' id='word_1_659' title='bbox 3181 1696 3449 1765; x_wconf 75' lang='lat' dir='ltr'><strong>requiescet</strong></span> <span class='ocrx_word' id='word_1_660' title='bbox 3475 1713 3628 1767; x_wconf 87' lang='lat' dir='ltr'><strong>super</strong></span> <span class='ocrx_word' id='word_1_661' title='bbox 3663 1714 3780 1750; x_wconf 82' lang='lat' dir='ltr'><strong>eum</strong></span> 
     </span>
    </p>
   </div>
   <div class='ocr_carea' id='block_1_78' title="bbox 2193 1786 3778 1867">
    <p class='ocr_par' dir='ltr' id='par_1_78' title="bbox 2193 1786 3778 1867">
     <span class='ocr_line' id='line_1_78' title="bbox 2193 1786 3778 1867; baseline -0.004 -19"><span class='ocrx_word' id='word_1_662' title='bbox 2193 1813 2295 1867; x_wconf 71' lang='lat' dir='ltr'><strong>pas:</strong></span> <span class='ocrx_word' id='word_1_663' title='bbox 2329 1804 2528 1859; x_wconf 82' lang='lat' dir='ltr'><strong>vestra;</strong></span> <span class='ocrx_word' id='word_1_664' title='bbox 2552 1793 2596 1847; x_wconf 89' lang='lat' dir='ltr'><strong>si</strong></span> <span class='ocrx_word' id='word_1_665' title='bbox 2622 1808 2720 1861; x_wconf 85' lang='lat' dir='ltr'><strong>quo</strong></span> <span class='ocrx_word' id='word_1_666' title='bbox 2741 1792 2906 1845; x_wconf 87' lang='lat' dir='ltr'><strong>minus</strong></span> <span class='ocrx_word' id='word_1_667' title='bbox 2924 1832 2940 1857; x_wconf 93' lang='lat'><strong>,</strong></span> <span class='ocrx_word' id='word_1_668' title='bbox 2968 1788 3036 1842; x_wconf 88' lang='lat' dir='ltr'><strong>ad</strong></span> <span class='ocrx_word' id='word_1_669' title='bbox 3056 1805 3142 1843; x_wconf 76' lang='lat' dir='ltr'><strong>vos</strong></span> <span class='ocrx_word' id='word_1_670' title='bbox 3169 1798 3437 1842; x_wconf 79' lang='lat' dir='ltr'><strong>revertetur</strong></span> <span class='ocrx_word' id='word_1_671' title='bbox 3465 1786 3680 1858; x_wconf 76' lang='lat' dir='ltr'><strong>(Matth.</strong></span> <span class='ocrx_word' id='word_1_672' title='bbox 3709 1804 3778 1851; x_wconf 76' lang='grc' dir='ltr'>ι.</span> 
     </span>
    </p>
   </div>
   <div class='ocr_carea' id='block_1_79' title="bbox 2195 1879 3785 1956">
    <p class='ocr_par' dir='ltr' id='par_1_79' title="bbox 2195 1879 3785 1956">
     <span class='ocr_line' id='line_1_79' title="bbox 2195 1879 3785 1956; baseline -0.006 -14"><span class='ocrx_word' id='word_1_673' title='bbox 2195 1885 2281 1953; x_wconf 74' lang='grc'><strong>12,</strong></span> <span class='ocrx_word' id='word_1_674' title='bbox 2313 1887 2424 1956; x_wconf 78' lang='lat' dir='ltr'><strong>l3).</strong></span> <span class='ocrx_word' id='word_1_675' title='bbox 2454 1884 2550 1941; x_wconf 89' lang='lat' dir='ltr'><strong>Dei</strong></span> <span class='ocrx_word' id='word_1_676' title='bbox 2574 1881 2940 1939; x_wconf 87' lang='lat' dir='ltr'><strong>misericordia</strong></span> <span class='ocrx_word' id='word_1_677' title='bbox 2963 1890 3014 1936; x_wconf 90' lang='lat' dir='ltr'><strong>te</strong></span> <span class='ocrx_word' id='word_1_678' title='bbox 3035 1889 3274 1946; x_wconf 88' lang='lat' dir='ltr'><strong>tueatur,</strong></span> <span class='ocrx_word' id='word_1_679' title='bbox 3301 1879 3516 1936; x_wconf 90' lang='lat' dir='ltr'><strong>domine</strong></span> <span class='ocrx_word' id='word_1_680' title='bbox 3543 1879 3785 1936; x_wconf 79' lang='lat' dir='ltr'><strong>dilectis-</strong></span> 
     </span>
    </p>
   </div>
   <div class='ocr_carea' id='block_1_80' title="bbox 2194 1973 2451 2030">
    <p class='ocr_par' dir='ltr' id='par_1_80' title="bbox 2194 1973 2451 2030">
     <span class='ocr_line' id='line_1_80' title="bbox 2194 1973 2451 2030; baseline -0.016 0"><span class='ocrx_word' id='word_1_681' title='bbox 2194 1977 2329 2030; x_wconf 84' lang='lat' dir='ltr'><strong>sime</strong></span> <span class='ocrx_word' id='word_1_682' title='bbox 2357 1973 2451 2028; x_wconf 84' lang='lat' dir='ltr'><strong>ﬁli.</strong></span> 
     </span>
    </p>
   </div>
   <div class='ocr_carea' id='block_1_81' title="bbox 2548 2057 3399 2131">
    <p class='ocr_par' dir='ltr' id='par_1_81' title="bbox 2548 2057 3399 2131">
     <span class='ocr_line' id='line_1_81' title="bbox 2548 2057 3399 2131; baseline -0.006 -14"><span class='ocrx_word' id='word_1_683' title='bbox 2548 2060 2882 2117; x_wconf 79' lang='lat' dir='ltr'><strong>EPISTULA</strong></span> <span class='ocrx_word' id='word_1_684' title='bbox 2926 2058 3222 2116; x_wconf 81' lang='lat' dir='ltr'><strong>CCXLVIII</strong></span> <span class='ocrx_word' id='word_1_685' title='bbox 3254 2063 3270 2083; x_wconf 81' lang='grc'><strong>’</strong></span> <span class='ocrx_word' id='word_1_686' title='bbox 3301 2057 3399 2131; x_wconf 90' lang='lat' dir='ltr'><strong>(a).</strong></span> 
     </span>
    </p>
   </div>
   <div class='ocr_carea' id='block_1_82' title="bbox 2196 2150 3785 2228">
    <p class='ocr_par' dir='ltr' id='par_1_82' title="bbox 2196 2150 3785 2228">
     <span class='ocr_line' id='line_1_82' title="bbox 2196 2150 3785 2228; baseline -0.004 -17"><span class='ocrx_word' id='word_1_687' title='bbox 2196 2156 2505 2228; x_wconf 79' lang='lat' dir='ltr'><strong>Augustinus</strong></span> <span class='ocrx_word' id='word_1_688' title='bbox 2529 2153 2847 2219; x_wconf 82' lang='lat' dir='ltr'><strong>Sebastiano,</strong></span> <span class='ocrx_word' id='word_1_689' title='bbox 2875 2153 2937 2206; x_wconf 86' lang='lat' dir='ltr'><strong>de</strong></span> <span class='ocrx_word' id='word_1_690' title='bbox 2966 2153 3049 2224; x_wconf 91' lang='lat' dir='ltr'><strong>pia</strong></span> <span class='ocrx_word' id='word_1_691' title='bbox 3078 2152 3279 2206; x_wconf 83' lang='lat' dir='ltr'><strong>tristitia</strong></span> <span class='ocrx_word' id='word_1_692' title='bbox 3301 2167 3450 2220; x_wconf 85' lang='lat' dir='ltr'><strong>quant</strong></span> <span class='ocrx_word' id='word_1_693' title='bbox 3479 2150 3598 2204; x_wconf 86' lang='lat' dir='ltr'><strong>boni</strong></span> <span class='ocrx_word' id='word_1_694' title='bbox 3617 2150 3785 2218; x_wconf 75' lang='lat' dir='ltr'><strong>{eruat</strong></span> 
     </span>
    </p>
   </div>
   <div class='ocr_carea' id='block_1_83' title="bbox 2267 2243 3782 2317">
    <p class='ocr_par' dir='ltr' id='par_1_83' title="bbox 2267 2243 3782 2317">
     <span class='ocr_line' id='line_1_83' title="bbox 2267 2243 3782 2317; baseline -0.005 -14"><span class='ocrx_word' id='word_1_695' title='bbox 2267 2265 2331 2303; x_wconf 81' lang='lat' dir='ltr'><strong>ea:</strong></span> <span class='ocrx_word' id='word_1_696' title='bbox 2370 2248 2624 2317; x_wconf 85' lang='lat' dir='ltr'><strong>impietate</strong></span> <span class='ocrx_word' id='word_1_697' title='bbox 2669 2246 2939 2301; x_wconf 86' lang='lat' dir='ltr'><strong>malorum.</strong></span> <span class='ocrx_word' id='word_1_698' title='bbox 2995 2244 3132 2299; x_wconf 81' lang='lat' dir='ltr'><strong>Huic</strong></span> <span class='ocrx_word' id='word_1_699' title='bbox 3196 2244 3421 2316; x_wconf 71' lang='lat' dir='ltr'><strong>epistola:</strong></span> <span class='ocrx_word' id='word_1_700' title='bbox 3487 2243 3782 2312; x_wconf 78' lang='lat' dir='ltr'><strong>subscripsit</strong></span> 
     </span>
    </p>
   </div>
   <div class='ocr_carea' id='block_1_84' title="bbox 2271 2339 2505 2410">
    <p class='ocr_par' dir='ltr' id='par_1_84' title="bbox 2271 2339 2505 2410">
     <span class='ocr_line' id='line_1_84' title="bbox 2271 2339 2505 2410; baseline -0.009 -17"><span class='ocrx_word' id='word_1_701' title='bbox 2271 2339 2505 2410; x_wconf 78' lang='lat' dir='ltr'><strong>Alypius.</strong></span> 
     </span>
    </p>
   </div>
   <div class='ocr_carea' id='block_1_85' title="bbox 2201 2423 3787 2493">
    <p class='ocr_par' dir='ltr' id='par_1_85' title="bbox 2201 2423 3787 2493">
     <span class='ocr_line' id='line_1_85' title="bbox 2201 2423 3787 2493; baseline -0.007 -8"><span class='ocrx_word' id='word_1_702' title='bbox 2201 2430 2428 2486; x_wconf 90' lang='lat' dir='ltr'><strong>Domino</strong></span> <span class='ocrx_word' id='word_1_703' title='bbox 2451 2438 2635 2484; x_wconf 89' lang='lat' dir='ltr'><strong>sancto</strong></span> <span class='ocrx_word' id='word_1_704' title='bbox 2659 2426 2998 2484; x_wconf 81' lang='lat' dir='ltr'><strong>desiderabili</strong></span> <span class='ocrx_word' id='word_1_705' title='bbox 3020 2467 3035 2493; x_wconf 93' lang='lat'><strong>,</strong></span> <span class='ocrx_word' id='word_1_706' title='bbox 3065 2435 3120 2481; x_wconf 89' lang='lat' dir='ltr'><strong>et</strong></span> <span class='ocrx_word' id='word_1_707' title='bbox 3143 2427 3196 2481; x_wconf 92' lang='lat' dir='ltr'><strong>in</strong></span> <span class='ocrx_word' id='word_1_708' title='bbox 3216 2425 3411 2480; x_wconf 87' lang='lat' dir='ltr'><strong>Christi</strong></span> <span class='ocrx_word' id='word_1_709' title='bbox 3435 2423 3638 2478; x_wconf 87' lang='lat' dir='ltr'><strong>honore</strong></span> <span class='ocrx_word' id='word_1_710' title='bbox 3664 2437 3787 2476; x_wconf 79' lang='lat' dir='ltr'><strong>saa-</strong></span> 
     </span>
    </p>
   </div>
   <div class='ocr_carea' id='block_1_86' title="bbox 2271 2513 3785 2582">
    <p class='ocr_par' dir='ltr' id='par_1_86' title="bbox 2271 2513 3785 2582">
     <span class='ocr_line' id='line_1_86' title="bbox 2271 2513 3785 2582; baseline -0.005 -6"><span class='ocrx_word' id='word_1_711' title='bbox 2271 2521 2490 2576; x_wconf 88' lang='lat' dir='ltr'><strong>vissimo</strong></span> <span class='ocrx_word' id='word_1_712' title='bbox 2513 2519 2659 2574; x_wconf 77' lang='lat' dir='ltr'><strong>fratri</strong></span> <span class='ocrx_word' id='word_1_713' title='bbox 2687 2519 3018 2574; x_wconf 69' lang='lat' dir='ltr'><strong>SEBASTIANO</strong></span> <span class='ocrx_word' id='word_1_714' title='bbox 3037 2518 3054 2549; x_wconf 74' lang='grc'>³</span> <span class='ocrx_word' id='word_1_715' title='bbox 3084 2518 3440 2582; x_wconf 73' lang='lat' dir='ltr'><strong>Aususrtsus,</strong></span> <span class='ocrx_word' id='word_1_716' title='bbox 3471 2515 3524 2568; x_wconf 89' lang='lat' dir='ltr'><strong>in</strong></span> <span class='ocrx_word' id='word_1_717' title='bbox 3557 2513 3785 2570; x_wconf 85' lang='lat' dir='ltr'><strong>Domino</strong></span> 
     </span>
    </p>
   </div>
   <div class='ocr_carea' id='block_1_87' title="bbox 2272 2613 2518 2668">
    <p class='ocr_par' dir='ltr' id='par_1_87' title="bbox 2272 2613 2518 2668">
     <span class='ocr_line' id='line_1_87' title="bbox 2272 2613 2518 2668; baseline -0.008 0"><span class='ocrx_word' id='word_1_718' title='bbox 2272 2613 2518 2668; x_wconf 87' lang='lat' dir='ltr'><strong>salutem.</strong></span> 
     </span>
    </p>
   </div>
   <div class='ocr_carea' id='block_1_88' title="bbox 2274 2685 3787 2772">
    <p class='ocr_par' dir='ltr' id='par_1_88' title="bbox 2274 2685 3787 2772">
     <span class='ocr_line' id='line_1_88' title="bbox 2274 2685 3787 2772; baseline -0.005 -13"><span class='ocrx_word' id='word_1_719' title='bbox 2274 2703 2325 2759; x_wconf 75' lang='grc' dir='ltr'><strong>Ι.</strong></span> <span class='ocrx_word' id='word_1_720' title='bbox 2352 2701 2602 2772; x_wconf 85' lang='lat' dir='ltr'><strong>Quamvis</strong></span> <span class='ocrx_word' id='word_1_721' title='bbox 2629 2701 2696 2756; x_wconf 86' lang='lat' dir='ltr'><strong>ab</strong></span> <span class='ocrx_word' id='word_1_722' title='bbox 2724 2701 2902 2756; x_wconf 90' lang='lat' dir='ltr'><strong>animo</strong></span> <span class='ocrx_word' id='word_1_723' title='bbox 2925 2685 3110 2755; x_wconf 62' lang='lat' dir='ltr'><strong>no&#39;stro</strong></span> <span class='ocrx_word' id='word_1_724' title='bbox 3137 2698 3284 2754; x_wconf 89' lang='lat' dir='ltr'><strong>nullo</strong></span> <span class='ocrx_word' id='word_1_725' title='bbox 3307 2696 3466 2752; x_wconf 92' lang='lat' dir='ltr'><strong>modo</strong></span> <span class='ocrx_word' id='word_1_726' title='bbox 3492 2705 3543 2752; x_wconf 91' lang='lat' dir='ltr'><strong>te</strong></span> <span class='ocrx_word' id='word_1_727' title='bbox 3561 2712 3787 2766; x_wconf 82' lang='lat' dir='ltr'><strong>separa-</strong></span> 
     </span>
    </p>
   </div>
   <div class='ocr_carea' id='block_1_89' title="bbox 2203 2789 3787 2863">
    <p class='ocr_par' dir='ltr' id='par_1_89' title="bbox 2203 2789 3787 2863">
     <span class='ocr_line' id='line_1_89' title="bbox 2203 2789 3787 2863; baseline -0.005 -11"><span class='ocrx_word' id='word_1_728' title='bbox 2203 2804 2314 2852; x_wconf 90' lang='lat' dir='ltr'><strong>tum</strong></span> <span class='ocrx_word' id='word_1_729' title='bbox 2343 2809 2463 2850; x_wconf 88' lang='lat' dir='ltr'><strong>esse</strong></span> <span class='ocrx_word' id='word_1_730' title='bbox 2489 2793 2757 2863; x_wconf 85' lang='lat' dir='ltr'><strong>permittat</strong></span> <span class='ocrx_word' id='word_1_731' title='bbox 2770 2792 2923 2848; x_wconf 91' lang='lat' dir='ltr'><strong>dulce</strong></span> <span class='ocrx_word' id='word_1_732' title='bbox 2943 2791 3208 2846; x_wconf 90' lang='lat' dir='ltr'><strong>vinculum</strong></span> <span class='ocrx_word' id='word_1_733' title='bbox 3231 2789 3525 2856; x_wconf 87' lang='lat' dir='ltr'><strong>charitalis,</strong></span> <span class='ocrx_word' id='word_1_734' title='bbox 3553 2798 3611 2844; x_wconf 93' lang='lat' dir='ltr'><strong>et</strong></span> <span class='ocrx_word' id='word_1_735' title='bbox 3635 2789 3787 2844; x_wconf 89' lang='lat' dir='ltr'><strong>inde-</strong></span> 
     </span>
    </p>
   </div>
   <div class='ocr_carea' id='block_1_90' title="bbox 2204 2880 3786 2951">
    <p class='ocr_par' dir='ltr' id='par_1_90' title="bbox 2204 2880 3786 2951">
     <span class='ocr_line' id='line_1_90' title="bbox 2204 2880 3786 2951; baseline -0.006 -9"><span class='ocrx_word' id='word_1_736' title='bbox 2204 2887 2441 2942; x_wconf 86' lang='lat' dir='ltr'><strong>sinenter</strong></span> <span class='ocrx_word' id='word_1_737' title='bbox 2470 2893 2590 2939; x_wconf 93' lang='lat' dir='ltr'><strong>tuos</strong></span> <span class='ocrx_word' id='word_1_738' title='bbox 2630 2891 2844 2938; x_wconf 90' lang='lat' dir='ltr'><strong>sanctos</strong></span> <span class='ocrx_word' id='word_1_739' title='bbox 2869 2897 3046 2937; x_wconf 88' lang='lat' dir='ltr'><strong>mores</strong></span> <span class='ocrx_word' id='word_1_740' title='bbox 3088 2891 3247 2951; x_wconf 89' lang='lat' dir='ltr'><strong>atque</strong></span> <span class='ocrx_word' id='word_1_741' title='bbox 3276 2881 3536 2950; x_wconf 88' lang='lat' dir='ltr'><strong>colloquia</strong></span> <span class='ocrx_word' id='word_1_742' title='bbox 3587 2880 3786 2935; x_wconf 77' lang='lat' dir='ltr'><strong>recola-</strong></span> 
     </span>
    </p>
   </div>
   <div class='ocr_carea' id='block_1_91' title="bbox 2207 2969 3790 3042">
    <p class='ocr_par' dir='ltr' id='par_1_91' title="bbox 2207 2969 3790 3042">
     <span class='ocr_line' id='line_1_91' title="bbox 2207 2969 3790 3042; baseline -0.004 -13"><span class='ocrx_word' id='word_1_743' title='bbox 2207 2990 2356 3040; x_wconf 89' lang='lat' dir='ltr'><strong>mus;</strong></span> <span class='ocrx_word' id='word_1_744' title='bbox 2380 2983 2556 3030; x_wconf 90' lang='lat' dir='ltr'><strong>tamen</strong></span> <span class='ocrx_word' id='word_1_745' title='bbox 2579 2974 2714 3028; x_wconf 89' lang='lat' dir='ltr'><strong>bene</strong></span> <span class='ocrx_word' id='word_1_746' title='bbox 2730 2972 2897 3028; x_wconf 81' lang='lat' dir='ltr'><strong>fecisti</strong></span> <span class='ocrx_word' id='word_1_747' title='bbox 2913 3013 2928 3037; x_wconf 95' lang='lat'><strong>,</strong></span> <span class='ocrx_word' id='word_1_748' title='bbox 2951 2980 3005 3026; x_wconf 92' lang='lat' dir='ltr'><strong>et</strong></span> <span class='ocrx_word' id='word_1_749' title='bbox 3022 2972 3219 3042; x_wconf 87' lang='lat' dir='ltr'><strong>gratias</strong></span> <span class='ocrx_word' id='word_1_750' title='bbox 3242 2972 3448 3041; x_wconf 88' lang='lat' dir='ltr'><strong>agimus</strong></span> <span class='ocrx_word' id='word_1_751' title='bbox 3471 2969 3615 3040; x_wconf 82' lang='lat' dir='ltr'><strong>quod</strong></span> <span class='ocrx_word' id='word_1_752' title='bbox 3637 2969 3790 3024; x_wconf 84' lang='lat' dir='ltr'><strong>nobis</strong></span> 
     </span>
    </p>
   </div>
   <div class='ocr_carea' id='block_1_92' title="bbox 2205 3062 3787 3136">
    <p class='ocr_par' dir='ltr' id='par_1_92' title="bbox 2205 3062 3787 3136">
     <span class='ocr_line' id='line_1_92' title="bbox 2205 3062 3787 3136; baseline -0.005 -13"><span class='ocrx_word' id='word_1_753' title='bbox 2205 3068 2365 3124; x_wconf 90' lang='lat' dir='ltr'><strong>etiam</strong></span> <span class='ocrx_word' id='word_1_754' title='bbox 2393 3066 2685 3136; x_wconf 89' lang='lat' dir='ltr'><strong>corporalis</strong></span> <span class='ocrx_word' id='word_1_755' title='bbox 2713 3065 2897 3120; x_wconf 88' lang='lat' dir='ltr'><strong>salutis</strong></span> <span class='ocrx_word' id='word_1_756' title='bbox 2926 3073 3028 3118; x_wconf 67' lang='lat' dir='ltr'><strong>tute</strong></span> <span class='ocrx_word' id='word_1_757' title='bbox 3050 3063 3266 3118; x_wconf 90' lang='lat' dir='ltr'><strong>nuntios</strong></span> <span class='ocrx_word' id='word_1_758' title='bbox 3285 3064 3464 3132; x_wconf 89' lang='lat' dir='ltr'><strong>apices</strong></span> <span class='ocrx_word' id='word_1_759' title='bbox 3491 3062 3753 3116; x_wconf 85' lang='lat' dir='ltr'><strong>mittendo</strong></span> <span class='ocrx_word' id='word_1_760' title='bbox 3771 3101 3787 3124; x_wconf 89' lang='lat'><strong><em>.</em></strong></span> 
     </span>
    </p>
   </div>
   <div class='ocr_carea' id='block_1_93' title="bbox 2206 3154 3789 3228">
    <p class='ocr_par' dir='ltr' id='par_1_93' title="bbox 2206 3154 3789 3228">
     <span class='ocr_line' id='line_1_93' title="bbox 2206 3154 3789 3228; baseline -0.004 -13"><span class='ocrx_word' id='word_1_761' title='bbox 2206 3175 2304 3215; x_wconf 91' lang='lat' dir='ltr'><strong>nos</strong></span> <span class='ocrx_word' id='word_1_762' title='bbox 2331 3159 2614 3228; x_wconf 88' lang='lat' dir='ltr'><strong>plurimum</strong></span> <span class='ocrx_word' id='word_1_763' title='bbox 2641 3157 2963 3212; x_wconf 88' lang='lat' dir='ltr'><strong>exhilarasti.</strong></span> <span class='ocrx_word' id='word_1_764' title='bbox 2994 3155 3338 3212; x_wconf 85' lang='lat' dir='ltr'><strong>Sensiautetn</strong></span> <span class='ocrx_word' id='word_1_765' title='bbox 3370 3155 3422 3209; x_wconf 93' lang='lat' dir='ltr'><strong>in</strong></span> <span class='ocrx_word' id='word_1_766' title='bbox 3454 3154 3678 3225; x_wconf 88' lang='lat' dir='ltr'><strong>epistola</strong></span> <span class='ocrx_word' id='word_1_767' title='bbox 3702 3162 3789 3208; x_wconf 85' lang='lat' dir='ltr'><strong>tua</strong></span> 
     </span>
    </p>
   </div>
   <div class='ocr_carea' id='block_1_94' title="bbox 2207 3245 3792 3322">
    <p class='ocr_par' dir='ltr' id='par_1_94' title="bbox 2207 3245 3792 3322">
     <span class='ocr_line' id='line_1_94' title="bbox 2207 3245 3792 3322; baseline -0.006 -16"><span class='ocrx_word' id='word_1_768' title='bbox 2207 3250 2348 3322; x_wconf 92' lang='lat' dir='ltr'><strong>quod</strong></span> <span class='ocrx_word' id='word_1_769' title='bbox 2374 3249 2587 3305; x_wconf 83' lang='lat' dir='ltr'><strong>taedium</strong></span> <span class='ocrx_word' id='word_1_770' title='bbox 2614 3259 2664 3304; x_wconf 92' lang='lat' dir='ltr'><strong>te</strong></span> <span class='ocrx_word' id='word_1_771' title='bbox 2689 3247 2976 3303; x_wconf 90' lang='lat' dir='ltr'><strong>detinuerit</strong></span> <span class='ocrx_word' id='word_1_772' title='bbox 2998 3262 3028 3300; x_wconf 91' lang='lat' dir='ltr'><strong>a</strong></span> <span class='ocrx_word' id='word_1_773' title='bbox 3061 3245 3424 3317; x_wconf 90' lang='lat' dir='ltr'><strong>peccatoribus</strong></span> <span class='ocrx_word' id='word_1_774' title='bbox 3445 3245 3792 3313; x_wconf 79' lang='lat' dir='ltr'><strong>relinquenti-</strong></span> 
     </span>
    </p>
   </div>
   <div class='ocr_carea' id='block_1_95' title="bbox 2207 3335 3792 3411">
    <p class='ocr_par' dir='ltr' id='par_1_95' title="bbox 2207 3335 3792 3411">
     <span class='ocr_line' id='line_1_95' title="bbox 2207 3335 3792 3411; baseline -0.006 -14"><span class='ocrx_word' id='word_1_775' title='bbox 2207 3343 2308 3398; x_wconf 91' lang='lat' dir='ltr'><strong>bus</strong></span> <span class='ocrx_word' id='word_1_776' title='bbox 2330 3342 2501 3411; x_wconf 86' lang='lat' dir='ltr'><strong>legem</strong></span> <span class='ocrx_word' id='word_1_777' title='bbox 2549 3340 2638 3394; x_wconf 90' lang='lat' dir='ltr'><strong>Dei</strong></span> <span class='ocrx_word' id='word_1_778' title='bbox 2666 3357 2682 3396; x_wconf 89' lang='lat'><strong>:</strong></span> <span class='ocrx_word' id='word_1_779' title='bbox 2713 3339 2806 3394; x_wconf 92' lang='lat' dir='ltr'><strong>illo</strong></span> <span class='ocrx_word' id='word_1_780' title='bbox 2845 3339 2986 3394; x_wconf 92' lang='lat' dir='ltr'><strong>enim</strong></span> <span class='ocrx_word' id='word_1_781' title='bbox 3015 3337 3200 3407; x_wconf 86' lang='lat' dir='ltr'><strong>spiritu</strong></span> <span class='ocrx_word' id='word_1_782' title='bbox 3228 3335 3387 3402; x_wconf 86' lang='lat' dir='ltr'><strong>vivis,</strong></span> <span class='ocrx_word' id='word_1_783' title='bbox 3419 3335 3560 3406; x_wconf 93' lang='lat' dir='ltr'><strong>quod</strong></span> <span class='ocrx_word' id='word_1_784' title='bbox 3590 3335 3792 3389; x_wconf 72' lang='lat' dir='ltr'><strong>dictum</strong></span> 
     </span>
    </p>
   </div>
   <div class='ocr_carea' id='block_1_96' title="bbox 2209 3424 3791 3499">
    <p class='ocr_par' dir='ltr' id='par_1_96' title="bbox 2209 3424 3791 3499">
     <span class='ocr_line' id='line_1_96' title="bbox 2209 3424 3791 3499; baseline -0.003 -12"><span class='ocrx_word' id='word_1_785' title='bbox 2209 3440 2290 3488; x_wconf 90' lang='lat' dir='ltr'><strong>est</strong></span> <span class='ocrx_word' id='word_1_786' title='bbox 2307 3472 2324 3499; x_wconf 91' lang='lat'><strong>,</strong></span> <span class='ocrx_word' id='word_1_787' title='bbox 2362 3430 2478 3485; x_wconf 84' lang='lat' dir='ltr'><strong>Vidi</strong></span> <span class='ocrx_word' id='word_1_788' title='bbox 2503 3431 2781 3484; x_wconf 84' lang='lat' dir='ltr'><strong>insensatos</strong></span> <span class='ocrx_word' id='word_1_789' title='bbox 2799 3469 2815 3492; x_wconf 93' lang='lat'><strong>,</strong></span> <span class='ocrx_word' id='word_1_790' title='bbox 2857 3438 2904 3482; x_wconf 85' lang='lat' dir='ltr'><strong>et</strong></span> <span class='ocrx_word' id='word_1_791' title='bbox 2933 3425 3238 3481; x_wconf 85' lang='lat' dir='ltr'><strong>tabescebam</strong></span> <span class='ocrx_word' id='word_1_792' title='bbox 3265 3424 3431 3495; x_wconf 86' lang='lat' dir='ltr'><strong>(Psal.</strong></span> <span class='ocrx_word' id='word_1_793' title='bbox 3455 3441 3622 3481; x_wconf 83' lang='lat' dir='ltr'><strong>cxvut</strong></span> <span class='ocrx_word' id='word_1_794' title='bbox 3641 3468 3655 3489; x_wconf 84' lang='lat'><strong>,</strong></span> <span class='ocrx_word' id='word_1_795' title='bbox 3686 3426 3756 3482; x_wconf 81' lang='lat'><strong>53</strong></span> <span class='ocrx_word' id='word_1_796' title='bbox 3775 3464 3791 3490; x_wconf 86' lang='lat'><strong>,</strong></span> 
     </span>
    </p>
   </div>
   <div class='ocr_carea' id='block_1_97' title="bbox 2211 3517 3793 3595">
    <p class='ocr_par' dir='ltr' id='par_1_97' title="bbox 2211 3517 3793 3595">
     <span class='ocr_line' id='line_1_97' title="bbox 2211 3517 3793 3595; baseline -0.008 -15"><span class='ocrx_word' id='word_1_797' title='bbox 2211 3525 2361 3595; x_wconf 74' lang='grc'><strong>158).</strong></span> <span class='ocrx_word' id='word_1_798' title='bbox 2413 3523 2505 3578; x_wconf 90' lang='lat' dir='ltr'><strong>Pia</strong></span> <span class='ocrx_word' id='word_1_799' title='bbox 2531 3531 2613 3577; x_wconf 90' lang='lat' dir='ltr'><strong>est</strong></span> <span class='ocrx_word' id='word_1_800' title='bbox 2641 3522 2738 3576; x_wconf 90' lang='lat' dir='ltr'><strong>ista</strong></span> <span class='ocrx_word' id='word_1_801' title='bbox 2767 3520 2973 3575; x_wconf 89' lang='lat' dir='ltr'><strong>tristitia</strong></span> <span class='ocrx_word' id='word_1_802' title='bbox 2995 3560 3010 3584; x_wconf 92' lang='lat'><strong>,</strong></span> <span class='ocrx_word' id='word_1_803' title='bbox 3042 3527 3096 3574; x_wconf 92' lang='lat' dir='ltr'><strong>et</strong></span> <span class='ocrx_word' id='word_1_804' title='bbox 3119 3559 3133 3584; x_wconf 93' lang='lat'><strong>,</strong></span> <span class='ocrx_word' id='word_1_805' title='bbox 3165 3519 3210 3572; x_wconf 92' lang='lat' dir='ltr'><strong>si</strong></span> <span class='ocrx_word' id='word_1_806' title='bbox 3247 3517 3348 3572; x_wconf 88' lang='lat' dir='ltr'><strong>dici</strong></span> <span class='ocrx_word' id='word_1_807' title='bbox 3388 3526 3600 3588; x_wconf 89' lang='lat' dir='ltr'><strong>potest,</strong></span> <span class='ocrx_word' id='word_1_808' title='bbox 3639 3517 3793 3572; x_wconf 84' lang='lat' dir='ltr'><strong>beata</strong></span> 
     </span>
    </p>
   </div>
   <div class='ocr_carea' id='block_1_98' title="bbox 2211 3609 3794 3679">
    <p class='ocr_par' dir='ltr' id='par_1_98' title="bbox 2211 3609 3794 3679">
     <span class='ocr_line' id='line_1_98' title="bbox 2211 3609 3794 3679; baseline -0.003 -10"><span class='ocrx_word' id='word_1_809' title='bbox 2211 3613 2423 3669; x_wconf 88' lang='lat' dir='ltr'><strong>miseria</strong></span> <span class='ocrx_word' id='word_1_810' title='bbox 2443 3653 2459 3679; x_wconf 97' lang='lat'><strong>,</strong></span> <span class='ocrx_word' id='word_1_811' title='bbox 2487 3612 2628 3666; x_wconf 90' lang='lat' dir='ltr'><strong>vitiis</strong></span> <span class='ocrx_word' id='word_1_812' title='bbox 2651 3609 2838 3665; x_wconf 90' lang='lat' dir='ltr'><strong>alienis</strong></span> <span class='ocrx_word' id='word_1_813' title='bbox 2866 3609 3100 3664; x_wconf 88' lang='lat' dir='ltr'><strong>tribulari</strong></span> <span class='ocrx_word' id='word_1_814' title='bbox 3119 3651 3134 3676; x_wconf 91' lang='lat'><strong>,</strong></span> <span class='ocrx_word' id='word_1_815' title='bbox 3184 3625 3290 3663; x_wconf 92' lang='lat' dir='ltr'><strong>non</strong></span> <span class='ocrx_word' id='word_1_816' title='bbox 3317 3609 3608 3678; x_wconf 88' lang='lat' dir='ltr'><strong>implicari;</strong></span> <span class='ocrx_word' id='word_1_817' title='bbox 3654 3623 3794 3664; x_wconf 69' lang='lat' dir='ltr'><strong>mua-</strong></span> 
     </span>
    </p>
   </div>
   <div class='ocr_carea' id='block_1_99' title="bbox 2213 3699 3792 3769">
    <p class='ocr_par' dir='ltr' id='par_1_99' title="bbox 2213 3699 3792 3769">
     <span class='ocr_line' id='line_1_99' title="bbox 2213 3699 3792 3769; baseline -0.005 -9"><span class='ocrx_word' id='word_1_818' title='bbox 2213 3720 2366 3769; x_wconf 91' lang='lat' dir='ltr'><strong>rere,</strong></span> <span class='ocrx_word' id='word_1_819' title='bbox 2418 3719 2523 3758; x_wconf 91' lang='lat' dir='ltr'><strong>non</strong></span> <span class='ocrx_word' id='word_1_820' title='bbox 2567 3702 2803 3766; x_wconf 63' lang='lat' dir='ltr'><strong>htcrere;</strong></span> <span class='ocrx_word' id='word_1_821' title='bbox 2836 3700 3019 3755; x_wconf 90' lang='lat' dir='ltr'><strong>dolore</strong></span> <span class='ocrx_word' id='word_1_822' title='bbox 3045 3699 3318 3765; x_wconf 82' lang='lat' dir='ltr'><strong>contrahi,</strong></span> <span class='ocrx_word' id='word_1_823' title='bbox 3351 3715 3456 3753; x_wconf 87' lang='lat' dir='ltr'><strong>non</strong></span> <span class='ocrx_word' id='word_1_824' title='bbox 3486 3714 3670 3754; x_wconf 90' lang='lat' dir='ltr'><strong>amore</strong></span> <span class='ocrx_word' id='word_1_825' title='bbox 3712 3707 3792 3753; x_wconf 86' lang='lat' dir='ltr'><strong>at-</strong></span> 
     </span>
    </p>
   </div>
   <div class='ocr_carea' id='block_1_100' title="bbox 2212 3784 3788 3863">
    <p class='ocr_par' dir='ltr' id='par_1_100' title="bbox 2212 3784 3788 3863">
     <span class='ocr_line' id='line_1_100' title="bbox 2212 3784 3788 3863; baseline -0.003 -13"><span class='ocrx_word' id='word_1_826' title='bbox 2212 3795 2371 3850; x_wconf 86' lang='lat' dir='ltr'><strong>trahi.</strong></span> <span class='ocrx_word' id='word_1_827' title='bbox 2401 3795 2526 3850; x_wconf 75' lang='lat' dir='ltr'><strong>llzee</strong></span> <span class='ocrx_word' id='word_1_828' title='bbox 2551 3802 2632 3848; x_wconf 88' lang='lat' dir='ltr'><strong>est</strong></span> <span class='ocrx_word' id='word_1_829' title='bbox 2660 3791 2957 3863; x_wconf 88' lang='lat' dir='ltr'><strong>persecutio</strong></span> <span class='ocrx_word' id='word_1_830' title='bbox 2982 3784 3141 3862; x_wconf 87' lang='lat' dir='ltr'><strong>quam</strong></span> <span class='ocrx_word' id='word_1_831' title='bbox 3187 3793 3457 3862; x_wconf 87' lang='lat' dir='ltr'><strong>patiuntur</strong></span> <span class='ocrx_word' id='word_1_832' title='bbox 3481 3806 3670 3846; x_wconf 87' lang='lat' dir='ltr'><strong>omnes</strong></span> <span class='ocrx_word' id='word_1_833' title='bbox 3699 3793 3788 3861; x_wconf 89' lang='lat' dir='ltr'><strong>qui</strong></span> 
     </span>
    </p>
   </div>
   <div class='ocr_carea' id='block_1_101' title="bbox 2213 3880 3795 3952">
    <p class='ocr_par' dir='ltr' id='par_1_101' title="bbox 2213 3880 3795 3952">
     <span class='ocr_line' id='line_1_101' title="bbox 2213 3880 3795 3952; baseline -0.003 -13"><span class='ocrx_word' id='word_1_834' title='bbox 2213 3885 2397 3939; x_wconf 90' lang='lat' dir='ltr'><strong>volunt</strong></span> <span class='ocrx_word' id='word_1_835' title='bbox 2425 3884 2475 3937; x_wconf 91' lang='lat' dir='ltr'><strong>in</strong></span> <span class='ocrx_word' id='word_1_836' title='bbox 2501 3883 2710 3937; x_wconf 89' lang='lat' dir='ltr'><strong>Christo</strong></span> <span class='ocrx_word' id='word_1_837' title='bbox 2749 3883 2834 3952; x_wconf 92' lang='lat' dir='ltr'><strong>pie</strong></span> <span class='ocrx_word' id='word_1_838' title='bbox 2870 3881 3082 3948; x_wconf 87' lang='lat' dir='ltr'><strong>vivere,</strong></span> <span class='ocrx_word' id='word_1_839' title='bbox 3113 3880 3401 3936; x_wconf 88' lang='lat' dir='ltr'><strong>secundum</strong></span> <span class='ocrx_word' id='word_1_840' title='bbox 3447 3881 3795 3950; x_wconf 88' lang='lat' dir='ltr'><strong>apostolicam</strong></span> 
     </span>
    </p>
   </div>
   <div class='ocr_carea' id='block_1_102' title="bbox 2214 3971 3796 4044">
    <p class='ocr_par' dir='ltr' id='par_1_102' title="bbox 2214 3971 3796 4044">
     <span class='ocr_line' id='line_1_102' title="bbox 2214 3971 3796 4044; baseline -0.004 -12"><span class='ocrx_word' id='word_1_841' title='bbox 2214 3976 2518 4032; x_wconf 89' lang='lat' dir='ltr'><strong>mordacem</strong></span> <span class='ocrx_word' id='word_1_842' title='bbox 2567 3989 2914 4044; x_wconf 84' lang='lat' dir='ltr'><strong>veracemquc</strong></span> <span class='ocrx_word' id='word_1_843' title='bbox 2957 3973 3276 4028; x_wconf 90' lang='lat' dir='ltr'><strong>sententiam</strong></span> <span class='ocrx_word' id='word_1_844' title='bbox 3307 3971 3374 4042; x_wconf 91' lang='lat' dir='ltr'><strong>(Il</strong></span> <span class='ocrx_word' id='word_1_845' title='bbox 3406 3971 3537 4026; x_wconf 86' lang='lat' dir='ltr'><strong>Tim.</strong></span> <span class='ocrx_word' id='word_1_846' title='bbox 3568 3987 3652 4038; x_wconf 84' lang='grc' dir='ltr'>ιιι,</span> <span class='ocrx_word' id='word_1_847' title='bbox 3681 3973 3796 4040; x_wconf 62' lang='grc' dir='ltr'>ιιι).</span> 
     </span>
    </p>
   </div>
   <div class='ocr_carea' id='block_1_103' title="bbox 2219 4063 3790 4135">
    <p class='ocr_par' dir='ltr' id='par_1_103' title="bbox 2219 4063 3790 4135">
     <span class='ocr_line' id='line_1_103' title="bbox 2219 4063 3790 4135; baseline -0.004 -13"><span class='ocrx_word' id='word_1_848' title='bbox 2219 4067 2355 4135; x_wconf 86' lang='lat' dir='ltr'><strong>Quid</strong></span> <span class='ocrx_word' id='word_1_849' title='bbox 2401 4068 2544 4122; x_wconf 89' lang='lat' dir='ltr'><strong>enim</strong></span> <span class='ocrx_word' id='word_1_850' title='bbox 2595 4065 2681 4121; x_wconf 91' lang='lat' dir='ltr'><strong>hic</strong></span> <span class='ocrx_word' id='word_1_851' title='bbox 2724 4064 2891 4135; x_wconf 89' lang='lat' dir='ltr'><strong>magis</strong></span> <span class='ocrx_word' id='word_1_852' title='bbox 2934 4064 3268 4134; x_wconf 88' lang='lat' dir='ltr'><strong>persequitur</strong></span> <span class='ocrx_word' id='word_1_853' title='bbox 3292 4064 3452 4117; x_wconf 89' lang='lat' dir='ltr'><strong>vitam</strong></span> <span class='ocrx_word' id='word_1_854' title='bbox 3503 4063 3790 4127; x_wconf 87' lang='lat' dir='ltr'><strong>bonorum,</strong></span> 
     </span>
    </p>
   </div>
   <div class='ocr_carea' id='block_1_104' title="bbox 2215 4153 3799 4228">
    <p class='ocr_par' dir='ltr' id='par_1_104' title="bbox 2215 4153 3799 4228">
     <span class='ocr_line' id='line_1_104' title="bbox 2215 4153 3799 4228; baseline -0.003 -16"><span class='ocrx_word' id='word_1_855' title='bbox 2215 4175 2373 4228; x_wconf 90' lang='lat' dir='ltr'><strong>quam</strong></span> <span class='ocrx_word' id='word_1_856' title='bbox 2405 4159 2508 4212; x_wconf 91' lang='lat' dir='ltr'><strong>vita</strong></span> <span class='ocrx_word' id='word_1_857' title='bbox 2549 4157 2879 4226; x_wconf 89' lang='lat' dir='ltr'><strong>iniquorum;</strong></span> <span class='ocrx_word' id='word_1_858' title='bbox 2908 4169 3016 4210; x_wconf 89' lang='lat' dir='ltr'><strong>non</strong></span> <span class='ocrx_word' id='word_1_859' title='bbox 3065 4170 3184 4209; x_wconf 90' lang='lat' dir='ltr'><strong>cum</strong></span> <span class='ocrx_word' id='word_1_860' title='bbox 3231 4153 3373 4223; x_wconf 90' lang='lat' dir='ltr'><strong>cogit</strong></span> <span class='ocrx_word' id='word_1_861' title='bbox 3424 4154 3619 4208; x_wconf 84' lang='lat' dir='ltr'><strong>imitari</strong></span> <span class='ocrx_word' id='word_1_862' title='bbox 3659 4154 3799 4224; x_wconf 86' lang='lat' dir='ltr'><strong>quod</strong></span> 
     </span>
    </p>
   </div>
   <div class='ocr_carea' id='block_1_105' title="bbox 2217 4243 3800 4319">
    <p class='ocr_par' dir='ltr' id='par_1_105' title="bbox 2217 4243 3800 4319">
     <span class='ocr_line' id='line_1_105' title="bbox 2217 4243 3800 4319; baseline -0.003 -16"><span class='ocrx_word' id='word_1_863' title='bbox 2217 4248 2492 4319; x_wconf 90' lang='lat' dir='ltr'><strong>displicet,</strong></span> <span class='ocrx_word' id='word_1_864' title='bbox 2519 4247 2614 4302; x_wconf 91' lang='lat' dir='ltr'><strong>sed</strong></span> <span class='ocrx_word' id='word_1_865' title='bbox 2642 4261 2762 4300; x_wconf 92' lang='lat' dir='ltr'><strong>cum</strong></span> <span class='ocrx_word' id='word_1_866' title='bbox 2791 4246 2931 4315; x_wconf 86' lang='lat' dir='ltr'><strong>cogit</strong></span> <span class='ocrx_word' id='word_1_867' title='bbox 2956 4244 3137 4301; x_wconf 90' lang='lat' dir='ltr'><strong>dolere</strong></span> <span class='ocrx_word' id='word_1_868' title='bbox 3161 4244 3301 4315; x_wconf 92' lang='lat' dir='ltr'><strong>quod</strong></span> <span class='ocrx_word' id='word_1_869' title='bbox 3330 4243 3510 4298; x_wconf 85' lang='lat' dir='ltr'><strong>videt?</strong></span> <span class='ocrx_word' id='word_1_870' title='bbox 3539 4243 3800 4310; x_wconf 78' lang='lat' dir='ltr'><strong>Quoniam</strong></span> 
     </span>
    </p>
   </div>
   <div class='ocr_carea' id='block_1_106' title="bbox 2220 4336 3800 4413">
    <p class='ocr_par' dir='ltr' id='par_1_106' title="bbox 2220 4336 3800 4413">
     <span class='ocr_line' id='line_1_106' title="bbox 2220 4336 3800 4413; baseline -0.005 -15"><span class='ocrx_word' id='word_1_871' title='bbox 2220 4358 2400 4398; x_wconf 89' lang='lat' dir='ltr'><strong>coram</strong></span> <span class='ocrx_word' id='word_1_872' title='bbox 2429 4344 2516 4413; x_wconf 93' lang='lat' dir='ltr'><strong>pio</strong></span> <span class='ocrx_word' id='word_1_873' title='bbox 2543 4341 2732 4396; x_wconf 89' lang='lat' dir='ltr'><strong>vivens</strong></span> <span class='ocrx_word' id='word_1_874' title='bbox 2757 4339 2916 4409; x_wconf 88' lang='lat' dir='ltr'><strong>impie</strong></span> <span class='ocrx_word' id='word_1_875' title='bbox 2935 4378 2952 4406; x_wconf 87' lang='lat'><strong>,</strong></span> <span class='ocrx_word' id='word_1_876' title='bbox 2975 4338 3074 4394; x_wconf 86' lang='lat' dir='ltr'><strong>etsi</strong></span> <span class='ocrx_word' id='word_1_877' title='bbox 3101 4353 3205 4392; x_wconf 92' lang='lat' dir='ltr'><strong>non</strong></span> <span class='ocrx_word' id='word_1_878' title='bbox 3234 4336 3434 4406; x_wconf 87' lang='lat' dir='ltr'><strong>obligat</strong></span> <span class='ocrx_word' id='word_1_879' title='bbox 3459 4337 3800 4391; x_wconf 83' lang='lat' dir='ltr'><strong>consentien-</strong></span> 
     </span>
    </p>
   </div>
   <div class='ocr_carea' id='block_1_107' title="bbox 2220 4425 3800 4500">
    <p class='ocr_par' dir='ltr' id='par_1_107' title="bbox 2220 4425 3800 4500">
     <span class='ocr_line' id='line_1_107' title="bbox 2220 4425 3800 4500; baseline -0.004 -11"><span class='ocrx_word' id='word_1_880' title='bbox 2220 4443 2345 4500; x_wconf 92' lang='lat' dir='ltr'><strong>tem,</strong></span> <span class='ocrx_word' id='word_1_881' title='bbox 2375 4433 2581 4490; x_wconf 87' lang='lat' dir='ltr'><strong>cruciat</strong></span> <span class='ocrx_word' id='word_1_882' title='bbox 2604 4432 2940 4487; x_wconf 87' lang='lat' dir='ltr'><strong>sentientem.</strong></span> <span class='ocrx_word' id='word_1_883' title='bbox 2971 4429 3101 4485; x_wconf 85' lang='lat' dir='ltr'><strong>Nam</strong></span> <span class='ocrx_word' id='word_1_884' title='bbox 3124 4444 3266 4498; x_wconf 66' lang='lat' dir='ltr'><strong>saepe</strong></span> <span class='ocrx_word' id='word_1_885' title='bbox 3290 4437 3345 4483; x_wconf 91' lang='lat' dir='ltr'><strong>et</strong></span> <span class='ocrx_word' id='word_1_886' title='bbox 3368 4427 3459 4483; x_wconf 92' lang='lat' dir='ltr'><strong>diu</strong></span> <span class='ocrx_word' id='word_1_887' title='bbox 3479 4425 3800 4499; x_wconf 78' lang='lat' dir='ltr'><strong>impiorum‘</strong></span> 
     </span>
    </p>
   </div>
   <div class='ocr_carea' id='block_1_108' title="bbox 2217 4518 3804 4595">
    <p class='ocr_par' dir='ltr' id='par_1_108' title="bbox 2217 4518 3804 4595">
     <span class='ocr_line' id='line_1_108' title="bbox 2217 4518 3804 4595; baseline -0.005 -14"><span class='ocrx_word' id='word_1_888' title='bbox 2217 4524 2530 4595; x_wconf 82' lang='lat' dir='ltr'><strong>corporibus</strong></span> <span class='ocrx_word' id='word_1_889' title='bbox 2549 4538 2579 4577; x_wconf 87' lang='lat' dir='ltr'><strong>a</strong></span> <span class='ocrx_word' id='word_1_890' title='bbox 2607 4520 2952 4576; x_wconf 71' lang='lat' dir='ltr'><strong>smcularibus</strong></span> <span class='ocrx_word' id='word_1_891' title='bbox 2977 4519 3324 4590; x_wconf 85' lang='lat' dir='ltr'><strong>potestatibus</strong></span> <span class='ocrx_word' id='word_1_892' title='bbox 3340 4560 3356 4586; x_wconf 93' lang='lat'><strong>,</strong></span> <span class='ocrx_word' id='word_1_893' title='bbox 3370 4527 3425 4573; x_wconf 91' lang='lat' dir='ltr'><strong>et</strong></span> <span class='ocrx_word' id='word_1_894' title='bbox 3446 4518 3804 4589; x_wconf 87' lang='lat' dir='ltr'><strong>quorumlibet</strong></span> 
     </span>
    </p>
   </div>
   <div class='ocr_carea' id='block_1_109' title="bbox 2219 4609 3802 4684">
    <p class='ocr_par' dir='ltr' id='par_1_109' title="bbox 2219 4609 3802 4684">
     <span class='ocr_line' id='line_1_109' title="bbox 2219 4609 3802 4684; baseline -0.004 -14"><span class='ocrx_word' id='word_1_895' title='bbox 2219 4613 2585 4671; x_wconf 88' lang='lat' dir='ltr'><strong>vexationibus</strong></span> <span class='ocrx_word' id='word_1_896' title='bbox 2603 4610 2865 4682; x_wconf 77' lang='lat' dir='ltr'><strong>parcitur;</strong></span> <span class='ocrx_word' id='word_1_897' title='bbox 2893 4613 3095 4684; x_wconf 88' lang='lat' dir='ltr'><strong>piorum</strong></span> <span class='ocrx_word' id='word_1_898' title='bbox 3120 4618 3297 4664; x_wconf 90' lang='lat' dir='ltr'><strong>autem</strong></span> <span class='ocrx_word' id='word_1_899' title='bbox 3321 4609 3571 4664; x_wconf 86' lang='lat' dir='ltr'><strong>cordibus</strong></span> <span class='ocrx_word' id='word_1_900' title='bbox 3589 4624 3621 4664; x_wconf 91' lang='lat' dir='ltr'><strong>a</strong></span> <span class='ocrx_word' id='word_1_901' title='bbox 3651 4611 3802 4669; x_wconf 86' lang='lat' dir='ltr'><strong>malis</strong></span> 
     </span>
    </p>
   </div>
   <div class='ocr_carea' id='block_1_110' title="bbox 2221 4702 3804 4774">
    <p class='ocr_par' dir='ltr' id='par_1_110' title="bbox 2221 4702 3804 4774">
     <span class='ocr_line' id='line_1_110' title="bbox 2221 4702 3804 4774; baseline -0.006 -8"><span class='ocrx_word' id='word_1_902' title='bbox 2221 4709 2492 4766; x_wconf 89' lang='lat' dir='ltr'><strong>hominum</strong></span> <span class='ocrx_word' id='word_1_903' title='bbox 2524 4707 2762 4762; x_wconf 89' lang='lat' dir='ltr'><strong>moribus</strong></span> <span class='ocrx_word' id='word_1_904' title='bbox 2806 4719 3071 4774; x_wconf 90' lang='lat' dir='ltr'><strong>nunquam</strong></span> <span class='ocrx_word' id='word_1_905' title='bbox 3112 4717 3280 4774; x_wconf 88' lang='lat' dir='ltr'><strong>usque</strong></span> <span class='ocrx_word' id='word_1_906' title='bbox 3323 4702 3390 4756; x_wconf 91' lang='lat' dir='ltr'><strong>ad</strong></span> <span class='ocrx_word' id='word_1_907' title='bbox 3436 4702 3597 4772; x_wconf 89' lang='lat' dir='ltr'><strong>huius</strong></span> <span class='ocrx_word' id='word_1_908' title='bbox 3623 4702 3804 4757; x_wconf 72' lang='lat' dir='ltr'><strong>steculi</strong></span> 
     </span>
    </p>
   </div>
   <div class='ocr_carea' id='block_1_111' title="bbox 2222 4791 3805 4868">
    <p class='ocr_par' dir='ltr' id='par_1_111' title="bbox 2222 4791 3805 4868">
     <span class='ocr_line' id='line_1_111' title="bbox 2222 4791 3805 4868; baseline -0.006 -12"><span class='ocrx_word' id='word_1_909' title='bbox 2222 4801 2405 4857; x_wconf 86' lang='lat' dir='ltr'><strong>ﬁnem.</strong></span> <span class='ocrx_word' id='word_1_910' title='bbox 2434 4799 2525 4856; x_wconf 90' lang='lat' dir='ltr'><strong>Sic</strong></span> <span class='ocrx_word' id='word_1_911' title='bbox 2557 4813 2685 4868; x_wconf 88' lang='lat' dir='ltr'><strong>ergo</strong></span> <span class='ocrx_word' id='word_1_912' title='bbox 2711 4796 2888 4867; x_wconf 91' lang='lat' dir='ltr'><strong>potius</strong></span> <span class='ocrx_word' id='word_1_913' title='bbox 2923 4793 3172 4863; x_wconf 86' lang='lat' dir='ltr'><strong>impletur</strong></span> <span class='ocrx_word' id='word_1_914' title='bbox 3200 4792 3341 4863; x_wconf 91' lang='lat' dir='ltr'><strong>quod</strong></span> <span class='ocrx_word' id='word_1_915' title='bbox 3389 4791 3805 4847; x_wconf 83' lang='lat' dir='ltr'><strong>commemoravi</strong></span> 
     </span>
    </p>
   </div>
   <div class='ocr_carea' id='block_1_112' title="bbox 2221 4884 3805 4961">
    <p class='ocr_par' dir='ltr' id='par_1_112' title="bbox 2221 4884 3805 4961">
     <span class='ocr_line' id='line_1_112' title="bbox 2221 4884 3805 4961; baseline -0.005 -15"><span class='ocrx_word' id='word_1_916' title='bbox 2221 4893 2420 4947; x_wconf 80' lang='lat' dir='ltr'><strong>dixisse</strong></span> <span class='ocrx_word' id='word_1_917' title='bbox 2463 4891 2803 4961; x_wconf 84' lang='lat' dir='ltr'><strong>Apostolum,</strong></span> <span class='ocrx_word' id='word_1_918' title='bbox 2850 4886 2982 4952; x_wconf 86' lang='lat' dir='ltr'><strong>Quia</strong></span> <span class='ocrx_word' id='word_1_919' title='bbox 3005 4901 3177 4940; x_wconf 86' lang='lat' dir='ltr'><strong>omnes</strong></span> <span class='ocrx_word' id='word_1_920' title='bbox 3216 4886 3301 4955; x_wconf 84' lang='lat' dir='ltr'><strong>qui</strong></span> <span class='ocrx_word' id='word_1_921' title='bbox 3331 4885 3508 4957; x_wconf 23' lang='lat' dir='ltr'><strong>uolunt.</strong></span> <span class='ocrx_word' id='word_1_922' title='bbox 3527 4884 3577 4937; x_wconf 89' lang='lat' dir='ltr'><strong>in</strong></span> <span class='ocrx_word' id='word_1_923' title='bbox 3607 4884 3805 4938; x_wconf 79' lang='lat' dir='ltr'><strong>Christo</strong></span> 
     </span>
    </p>
   </div>
   <div class='ocr_carea' id='block_1_113' title="bbox 2224 4974 3807 5056">
    <p class='ocr_par' dir='ltr' id='par_1_113' title="bbox 2224 4974 3807 5056">
     <span class='ocr_line' id='line_1_113' title="bbox 2224 4974 3807 5056; baseline -0.008 -17"><span class='ocrx_word' id='word_1_924' title='bbox 2224 4986 2303 5056; x_wconf 84' lang='lat' dir='ltr'><strong>pie</strong></span> <span class='ocrx_word' id='word_1_925' title='bbox 2327 4985 2486 5038; x_wconf 78' lang='lat' dir='ltr'><strong>vivere</strong></span> <span class='ocrx_word' id='word_1_926' title='bbox 2505 5023 2520 5049; x_wconf 94' lang='lat'><strong>,</strong></span> <span class='ocrx_word' id='word_1_927' title='bbox 2569 4978 2963 5053; x_wconf 83' lang='lat' dir='ltr'><strong>persecutionem</strong></span> <span class='ocrx_word' id='word_1_928' title='bbox 3001 4977 3291 5048; x_wconf 86' lang='lat' dir='ltr'><strong>patientur;</strong></span> <span class='ocrx_word' id='word_1_929' title='bbox 3320 4984 3374 5030; x_wconf 92' lang='lat' dir='ltr'><strong>et</strong></span> <span class='ocrx_word' id='word_1_930' title='bbox 3400 4983 3544 5028; x_wconf 89' lang='lat' dir='ltr'><strong>tanto</strong></span> <span class='ocrx_word' id='word_1_931' title='bbox 3572 4974 3807 5029; x_wconf 87' lang='lat' dir='ltr'><strong>amarius</strong></span> 
     </span>
    </p>
   </div>
   <div class='ocr_carea' id='block_1_114' title="bbox 2223 5067 3807 5148">
    <p class='ocr_par' dir='ltr' id='par_1_114' title="bbox 2223 5067 3807 5148">
     <span class='ocr_line' id='line_1_114' title="bbox 2223 5067 3807 5148; baseline -0.006 -17"><span class='ocrx_word' id='word_1_932' title='bbox 2223 5087 2422 5148; x_wconf 89' lang='lat' dir='ltr'><strong>quanto</strong></span> <span class='ocrx_word' id='word_1_933' title='bbox 2453 5074 2672 5130; x_wconf 89' lang='lat' dir='ltr'><strong>interius</strong></span> <span class='ocrx_word' id='word_1_934' title='bbox 2694 5113 2710 5137; x_wconf 89' lang='lat'><strong>,</strong></span> <span class='ocrx_word' id='word_1_935' title='bbox 2740 5072 2911 5126; x_wconf 92' lang='lat' dir='ltr'><strong>donec</strong></span> <span class='ocrx_word' id='word_1_936' title='bbox 2935 5070 3191 5124; x_wconf 87' lang='lat' dir='ltr'><strong>diluvium</strong></span> <span class='ocrx_word' id='word_1_937' title='bbox 3238 5075 3510 5134; x_wconf 84' lang='lat' dir='ltr'><strong>transeat,</strong></span> <span class='ocrx_word' id='word_1_938' title='bbox 3551 5067 3641 5121; x_wconf 80' lang='lat' dir='ltr'><strong>tibi</strong></span> <span class='ocrx_word' id='word_1_939' title='bbox 3682 5081 3807 5122; x_wconf 80' lang='lat' dir='ltr'><strong>ares</strong></span> 
     </span>
    </p>
   </div>
   <div class='ocr_carea' id='block_1_115' title="bbox 2225 5163 3134 5227">
    <p class='ocr_par' dir='ltr' id='par_1_115' title="bbox 2225 5163 3134 5227">
     <span class='ocr_line' id='line_1_115' title="bbox 2225 5163 3134 5227; baseline -0.013 0"><span class='ocrx_word' id='word_1_940' title='bbox 2225 5169 2458 5227; x_wconf 90' lang='lat' dir='ltr'><strong>continet</strong></span> <span class='ocrx_word' id='word_1_941' title='bbox 2488 5181 2705 5226; x_wconf 83' lang='lat' dir='ltr'><strong>corvum</strong></span> <span class='ocrx_word' id='word_1_942' title='bbox 2734 5173 2791 5220; x_wconf 89' lang='lat' dir='ltr'><strong>et</strong></span> <span class='ocrx_word' id='word_1_943' title='bbox 2817 5163 3134 5218; x_wconf 88' lang='lat' dir='ltr'><strong>columbam.</strong></span> 
     </span>
    </p>
   </div>
   <div class='ocr_carea' id='block_1_116' title="bbox 2295 5250 3804 5324">
    <p class='ocr_par' dir='ltr' id='par_1_116' title="bbox 2295 5250 3804 5324">
     <span class='ocr_line' id='line_1_116' title="bbox 2295 5250 3804 5324; baseline -0.006 -7"><span class='ocrx_word' id='word_1_944' title='bbox 2295 5263 2350 5316; x_wconf 82' lang='grc'><strong>9..</strong></span> <span class='ocrx_word' id='word_1_945' title='bbox 2391 5261 2493 5316; x_wconf 91' lang='lat' dir='ltr'><strong>Sed</strong></span> <span class='ocrx_word' id='word_1_946' title='bbox 2525 5259 2760 5324; x_wconf 64' lang='lat' dir='ltr'><strong>inhtere,</strong></span> <span class='ocrx_word' id='word_1_947' title='bbox 2791 5256 2984 5321; x_wconf 79' lang='lat' dir='ltr'><strong>frater,</strong></span> <span class='ocrx_word' id='word_1_948' title='bbox 3015 5254 3141 5307; x_wconf 91' lang='lat' dir='ltr'><strong>illia</strong></span> <span class='ocrx_word' id='word_1_949' title='bbox 3163 5267 3267 5322; x_wconf 89' lang='lat' dir='ltr'><strong>quo</strong></span> <span class='ocrx_word' id='word_1_950' title='bbox 3295 5251 3524 5318; x_wconf 85' lang='lat' dir='ltr'><strong>audisti,</strong></span> <span class='ocrx_word' id='word_1_951' title='bbox 3568 5250 3671 5315; x_wconf 85' lang='lat' dir='ltr'><strong>Qui</strong></span> <span class='ocrx_word' id='word_1_952' title='bbox 3688 5267 3804 5320; x_wconf 69' lang='lat' dir='ltr'><strong>pett—</strong></span> 
     </span>
    </p>
   </div>
   <div class='ocr_carea' id='block_1_117' title="bbox 2289 5362 3809 5432">
    <p class='ocr_par' dir='ltr' id='par_1_117' title="bbox 2289 5362 3809 5432">
     <span class='ocr_line' id='line_1_117' title="bbox 2289 5362 3809 5432; baseline -0.008 -9"><span class='ocrx_word' id='word_1_953' title='bbox 2289 5377 2306 5408; x_wconf 78' lang='grc' dir='ltr'>ί</span> <span class='ocrx_word' id='word_1_954' title='bbox 2331 5372 2484 5422; x_wconf 80' lang='lat' dir='ltr'><strong>Hicin</strong></span> <span class='ocrx_word' id='word_1_955' title='bbox 2505 5378 2612 5420; x_wconf 74' lang='lat' dir='ltr'><strong>Mss.</strong></span> <span class='ocrx_word' id='word_1_956' title='bbox 2638 5371 2805 5432; x_wconf 74' lang='lat' dir='ltr'><strong>Regio,</strong></span> <span class='ocrx_word' id='word_1_957' title='bbox 2825 5365 3176 5426; x_wconf 86' lang='lat' dir='ltr'><strong>Corb.,Germ.,</strong></span> <span class='ocrx_word' id='word_1_958' title='bbox 3201 5369 3298 5414; x_wconf 89' lang='lat' dir='ltr'><strong>etc.</strong></span> <span class='ocrx_word' id='word_1_959' title='bbox 3315 5362 3470 5413; x_wconf 52' lang='lat' dir='ltr'><strong>abbas</strong></span> <span class='ocrx_word' id='word_1_960' title='bbox 3503 5371 3734 5414; x_wconf 80' lang='lat' dir='ltr'><strong>vocatur:</strong></span> <span class='ocrx_word' id='word_1_961' title='bbox 3761 5362 3809 5412; x_wconf 87' lang='lat' dir='ltr'><strong>in</strong></span> 
     </span>
    </p>
   </div>
   <div class='ocr_carea' id='block_1_118' title="bbox 2225 5430 2990 5494">
    <p class='ocr_par' dir='ltr' id='par_1_118' title="bbox 2225 5430 2990 5494">
     <span class='ocr_line' id='line_1_118' title="bbox 2225 5430 2990 5494; baseline -0.01 -6"><span class='ocrx_word' id='word_1_962' title='bbox 2225 5430 2872 5494; x_wconf 74' lang='lat' dir='ltr'><strong>indic.,moriarh_as</strong></span> <span class='ocrx_word' id='word_1_963' title='bbox 2936 5486 2990 5494; x_wconf 22' lang='grc' dir='ltr'><strong>,ν</strong></span> 
     </span>
    </p>
   </div>
   <div class='ocr_carea' id='block_1_119' title="bbox 2287 5483 3805 5557">
    <p class='ocr_par' dir='ltr' id='par_1_119' title="bbox 2287 5483 3805 5557">
     <span class='ocr_line' id='line_1_119' title="bbox 2287 5483 3805 5557; baseline -0.008 -11"><span class='ocrx_word' id='word_1_964' title='bbox 2287 5483 2437 5546; x_wconf 51' lang='lat' dir='ltr'><strong>nisi.</strong></span> <span class='ocrx_word' id='word_1_965' title='bbox 2462 5483 2642 5557; x_wconf 64' lang='lat' dir='ltr'><strong>aliqu&#39;ot</strong></span> <span class='ocrx_word' id='word_1_966' title='bbox 2665 5500 2716 5542; x_wconf 89' lang='lat' dir='ltr'><strong>ct</strong></span> <span class='ocrx_word' id='word_1_967' title='bbox 2733 5491 2855 5541; x_wconf 85' lang='lat' dir='ltr'><strong>Beda</strong></span> <span class='ocrx_word' id='word_1_968' title='bbox 2873 5486 3096 5552; x_wconf 80' lang='lat' dir='ltr'><strong>vulgatus</strong></span> <span class='ocrx_word' id='word_1_969' title='bbox 3117 5494 3150 5537; x_wconf 84' lang='lat' dir='ltr'><strong>tt</strong></span> <span class='ocrx_word' id='word_1_970' title='bbox 3169 5488 3288 5536; x_wconf 72' lang='lat' dir='ltr'><strong>Tim;</strong></span> <span class='ocrx_word' id='word_1_971' title='bbox 3307 5487 3354 5546; x_wconf 76' lang='lat'><strong>5,</strong></span> <span class='ocrx_word' id='word_1_972' title='bbox 3378 5485 3582 5545; x_wconf 88' lang='lat' dir='ltr'><strong>habent,</strong></span> <span class='ocrx_word' id='word_1_973' title='bbox 3599 5483 3805 5548; x_wconf 75' lang='lat' dir='ltr'><strong>piorum.</strong></span> 
     </span>
    </p>
   </div>
   <div class='ocr_carea' id='block_1_120' title="bbox 2286 5567 3806 5635">
    <p class='ocr_par' dir='ltr' id='par_1_120' title="bbox 2286 5567 3806 5635">
     <span class='ocr_line' id='line_1_120' title="bbox 2286 5567 3806 5635; baseline -0.009 -7"><span class='ocrx_word' id='word_1_974' title='bbox 2286 5579 2307 5599; x_wconf 83' lang='lat'><strong>&#39;</strong></span> <span class='ocrx_word' id='word_1_975' title='bbox 2330 5582 2554 5627; x_wconf 87' lang='lat' dir='ltr'><strong>Correcta</strong></span> <span class='ocrx_word' id='word_1_976' title='bbox 2577 5573 2634 5623; x_wconf 89' lang='lat' dir='ltr'><strong>ad</strong></span> <span class='ocrx_word' id='word_1_977' title='bbox 2654 5587 2699 5624; x_wconf 89' lang='lat' dir='ltr'><strong>a.</strong></span> <span class='ocrx_word' id='word_1_978' title='bbox 2719 5575 2800 5635; x_wconf 81' lang='lat' dir='ltr'><strong>bg.</strong></span> <span class='ocrx_word' id='word_1_979' title='bbox 2824 5583 2960 5635; x_wconf 79' lang='lat' dir='ltr'><strong>c._cc.</strong></span> <span class='ocrx_word' id='word_1_980' title='bbox 2986 5571 3062 5621; x_wconf 90' lang='lat' dir='ltr'><strong>ch.</strong></span> <span class='ocrx_word' id='word_1_981' title='bbox 3084 5569 3132 5619; x_wconf 78' lang='grc' dir='ltr'>ιι.</span> <span class='ocrx_word' id='word_1_982' title='bbox 3163 5582 3212 5632; x_wconf 88' lang='lat' dir='ltr'><strong>g.</strong></span> <span class='ocrx_word' id='word_1_983' title='bbox 3243 5583 3324 5632; x_wconf 86' lang='lat' dir='ltr'><strong>gg.</strong></span> <span class='ocrx_word' id='word_1_984' title='bbox 3351 5582 3432 5630; x_wconf 88' lang='lat' dir='ltr'><strong>gv.</strong></span> <span class='ocrx_word' id='word_1_985' title='bbox 3453 5568 3491 5630; x_wconf 91' lang='lat' dir='ltr'><strong>i.</strong></span> <span class='ocrx_word' id='word_1_986' title='bbox 3527 5582 3576 5616; x_wconf 83' lang='grc' dir='ltr'>ιι.</span> <span class='ocrx_word' id='word_1_987' title='bbox 3602 5580 3646 5616; x_wconf 88' lang='lat' dir='ltr'><strong>r.</strong></span> <span class='ocrx_word' id='word_1_988' title='bbox 3671 5567 3744 5616; x_wconf 88' lang='lat' dir='ltr'><strong>sh.</strong></span> <span class='ocrx_word' id='word_1_989' title='bbox 3770 5573 3806 5615; x_wconf 74' lang='grc' dir='ltr'><strong>ιι</strong></span> 
     </span>
    </p>
   </div>
   <div class='ocr_carea' id='block_1_121' title="bbox 2225 5633 3734 5701">
    <p class='ocr_par' dir='ltr' id='par_1_121' title="bbox 2225 5633 3734 5701">
     <span class='ocr_line' id='line_1_121' title="bbox 2225 5633 3734 5701; baseline -0.015 -9"><span class='ocrx_word' id='word_1_990' title='bbox 2225 5640 2350 5692; x_wconf 83' lang='lat' dir='ltr'><strong>duos</strong></span> <span class='ocrx_word' id='word_1_991' title='bbox 2365 5651 2438 5689; x_wconf 92' lang='lat' dir='ltr'><strong>vc.</strong></span> <span class='ocrx_word' id='word_1_992' title='bbox 2463 5644 2668 5701; x_wconf 87' lang='lat' dir='ltr'><strong>quatuor</strong></span> <span class='ocrx_word' id='word_1_993' title='bbox 2690 5649 2734 5685; x_wconf 92' lang='lat' dir='ltr'><strong>v.</strong></span> <span class='ocrx_word' id='word_1_994' title='bbox 2757 5633 2808 5684; x_wconf 83' lang='lat' dir='ltr'><strong>et</strong></span> <span class='ocrx_word' id='word_1_995' title='bbox 2826 5633 2939 5681; x_wconf 80' lang='lat' dir='ltr'><strong>Edd.</strong></span> <span class='ocrx_word' id='word_1_996' title='bbox 3727 5665 3734 5670; x_wconf 93' lang='lat'><strong>.</strong></span> 
     </span>
    </p>
   </div>
   <div class='ocr_carea' id='block_1_122' title="bbox 2294 5713 3494 5786">
    <p class='ocr_par' dir='ltr' id='par_1_122' title="bbox 2294 5713 3494 5786">
     <span class='ocr_line' id='line_1_122' title="bbox 2294 5713 3494 5786; baseline -0.009 -13"><span class='ocrx_word' id='word_1_997' title='bbox 2294 5725 2368 5786; x_wconf 91' lang='lat' dir='ltr'><strong>(a)</strong></span> <span class='ocrx_word' id='word_1_998' title='bbox 2384 5722 2506 5772; x_wconf 74' lang='lat' dir='ltr'><strong>Alias</strong></span> <span class='ocrx_word' id='word_1_999' title='bbox 2529 5721 2618 5770; x_wconf 74' lang='grc'><strong>145</strong></span> <span class='ocrx_word' id='word_1_1000' title='bbox 2637 5735 2647 5770; x_wconf 92' lang='lat'><strong>:</strong></span> <span class='ocrx_word' id='word_1_1001' title='bbox 2667 5732 2773 5782; x_wconf 59' lang='lat' dir='ltr'><strong>qua</strong></span> <span class='ocrx_word' id='word_1_1002' title='bbox 2795 5725 2958 5769; x_wconf 76' lang='lat' dir='ltr'><strong>autem</strong></span> <span class='ocrx_word' id='word_1_1003' title='bbox 2980 5714 3072 5766; x_wconf 74' lang='grc'><strong>248</strong></span> <span class='ocrx_word' id='word_1_1004' title='bbox 3095 5723 3218 5776; x_wconf 84' lang='lat' dir='ltr'><strong>erat,</strong></span> <span class='ocrx_word' id='word_1_1005' title='bbox 3243 5727 3366 5764; x_wconf 87' lang='lat' dir='ltr'><strong>nunc</strong></span> 
     </span>
    </p>
   </div>
  </div>
