4084 6332
278 400 420 459 1065

279 519 571 574 severaverit
588 535 743 590 usque
769 518 822 573 in
847 517 1018 589 ﬁnem,
1051 516 1129 570 hic
1154 514 1319 569 salvus
1344 513 1437 568 erit
1463 511 1675 583 (Matth.
1700 523 1854 573 xxxv,

283 612 407 682 i3):
438 612 760 683 conjungere
808 611 1176 679 Domino,'ut
1226 615 1433 663 crescat
1461 607 1512 661 in
1555 603 1858 660 novissimis

280 704 388 758 vita
431 713 537 758 tua.
572 704 695 760 Scio
737 704 877 757 cnim
917 717 1023 756 non
1060 702 1247 756 deesse
1272 697 1654 754 recreationem
1685 692 1861 749 cordis

281 793 353 850 do
376 792 626 848 fratribus
654 793 826 848 bonis.
860 793 973 848 lluc
998 792 1223 863 adjunge
1249 789 1627 861 promissiones
1658 785 1751 841 Dei
1796 784 1860 838 fi-

283 885 434 942 deles
452 928 468 954 ,
500 901 718 956 magnas
738 927 753 951 ,
780 895 953 941 certas
973 926 986 949 ,
1015 885 1363 954 sempiternas
1382 925 1397 950 ,
1429 882 1695 952 ipsiusque
1724 878 1861 933 tole-

282 979 471 1032 rantize
493 976 977 1045 imperturbabilem
1000 975 1422 1043 ineffabilcmque
1440 971 1737 1027 mercedem
1768 988 1781 1024 :
1809 977 1863 1024 et

282 1068 404 1123 vide
430 1083 588 1138 quam
621 1084 806 1123 verum
831 1068 1052 1123 Domino
1077 1077 1278 1131 cantes,
1312 1065 1602 1121 Secundum
1631 1064 1863 1118 multitu-

284 1162 453 1216 dinem
474 1162 707 1216 dolorum
726 1178 950 1216 meorum
969 1162 1021 1214 in
1043 1159 1193 1213 corde
1214 1176 1321 1213 meo
1341 1201 1356 1225 ,
1384 1158 1747 1213 consolationes
1766 1165 1866 1210 tua

276 1252 689 1324 jucundaverunt
716 1250 939 1305 animant
983 1267 1146 1304 meant
1173 1248 1342 1321 (Psal.
1387 1264 1514 1303 xcm
1534 1289 1549 1315 ,
1582 1247 1692 1317 19).
1718 1247 1864 1300 Mitte

284 1343 434 1399 fratri
463 1343 643 1398 Firmo
667 1343 869 1398 litteras
894 1352 1122 1397 nostras.
1171 1341 1512 1397 Sanctitatem
1543 1346 1687 1393 tuam
1713 1346 1766 1393 et
1790 1337 1866 1395 fa-

285 1437 486 1490 miliam
517 1436 644 1502 Dei,
676 1451 796 1507 qua:
834 1446 925 1490 tuo
952 1435 1246 1491 ministerio
1282 1434 1629 1501 gubernatur,
1675 1431 1865 1485 fratres

286 1533 342 1582 et
387 1540 600 1581 sorores
639 1542 755 1597 quae
794 1526 933 1597 apud
958 1541 1057 1581 nos
1078 1536 1199 1581 sunt
1224 1526 1528 1589 nobiscum,
1560 1525 1617 1578 in
1642 1522 1865 1577 Domino

288 1615 695 1689 resalutant.(Et
711 1618 813 1671 alia
830 1634 982 1671 manu
1000 1633 1018 1671 :
1035 1616 1365 1687 )Incolumes
1389 1631 1484 1687 pro
1506 1614 1660 1669 nobis
1679 1612 1862 1679 oretis,

288 1709 619 1765 dilectissimi
650 1720 702 1765 et
727 1711 894 1764 sancti
922 1709 1130 1765 fratres.

361 1799 472 1870 Ego
501 1799 713 1871 Alypius
740 1802 1103 1870 impensissime
1120 1802 1283 1854 saluto
1313 1798 1662 1854 Sinceritatem
1689 1806 1826 1850 tuam
1846 1839 1861 1864 ,

288 1884 552 1962 omnesque
578 1892 663 1946 tibi
691 1894 743 1946 in
762 1891 978 1947 Domino
999 1893 1323 1963 conjunctos;
1345 1901 1492 1958 atque
1516 1900 1568 1944 ut
1594 1890 1726 1943 Itane
1750 1900 1867 1943 tan-

289 1999 441 2054 quam
479 2000 638 2037 nteant
667 1986 927 2054 epistolam
956 1986 1191 2055 deputes,
1234 1994 1345 2055 peto
1376 2001 1395 2038 :
1424 1984 1517 2038 etsi
1553 1984 1683 2037 enim
1711 1983 1869 2037 aliam

292 2077 548 2146 .tropriant
566 2078 756 2131 mittere
771 2080 1058 2148 potuissem,
1083 2087 1247 2132 tamen
1272 2078 1425 2131 ntalui
1442 2077 1557 2130 huic
1571 2076 1865 2143 suscribere,

291 2175 345 2222 ut
372 2167 751 2221 unanimitatem
777 2176 997 2222 nostram
1018 2186 1121 2223 una
1157 2170 1307 2223 etiam
1332 2169 1517 2239 pagina
1547 2175 1829 2222 testaretur.

706 2278 1033 2335 EPISTOLA
1068 2277 1320 2335 CCXLIX
1346 2282 1363 2303 ⁶
1386 2279 1480 2353 (α).

379 2389 689 2463 Augustinus
714 2391 967 2447 Restituto
988 2435 1003 2460 ,
1034 2403 1278 2463 quatenus
1302 2394 1425 2448 ntali
1451 2392 1700 2449 tolerandi
1722 2392 1775 2446 in

958 2483 1204 2539 Ecclesia.

292 2597 518 2653 Domino
563 2597 1083 2665 desiderantissimo,
1132 2606 1187 2654 et
1232 2597 1520 2654 honorifica
1565 2595 1871 2652 sinceritate

360 2691 674 2747 charissimo
702 2692 886 2759 fratri,
930 2701 984 2747 et
1010 2691 1336 2748 condiacono
1380 2691 1719 2754 Rssrtruro,
1764 2692 1872 2746 AU-

361 2796 640 2846 ous'rnvus,
666 2782 717 2834 in
744 2781 965 2836 Domino
990 2782 1235 2837 salutem.

363 2891 550 2947 Estus
575 2891 866 2947 indicantes
890 2893 1030 2963 piam
1050 2892 1317 2948 flammam
1344 2893 1522 2949 cordis
1544 2894 1638 2961 tui,
1668 2893 1872 2948 indica-

294 2982 373 3036 vit
392 2984 521 3036 mihi
545 2983 878 3040 fidelissimus
904 3027 919 3052 ,
948 2993 1006 3040 ut
1030 2986 1163 3052 scis,
1191 2987 1454 3057 particeps
1483 3001 1688 3053 eorum,
1713 2987 1874 3041 frater

292 3074 622 3144 Deogratias.
646 3075 789 3147 Lege
807 3076 985 3148 itaque
1008 3077 1338 3150 Tychonium
1367 3094 1523 3150 quem
1548 3079 1685 3135 bene
1709 3080 1871 3145 nosti,

294 3180 401 3219 non
426 3166 639 3236 quidem
666 3166 844 3222 omnia
884 3168 1232 3239 probaturus;
1270 3185 1394 3225 nam
1420 3184 1539 3240 quat
1576 3170 1627 3224 in
1655 3170 1745 3223 illo
1785 3184 1875 3223 ca-

296 3256 466 3312 venda
494 3257 635 3323 sint,
689 3258 839 3313 bene
868 3260 1029 3314 nosti.
1064 3260 1211 3315 Hanc
1260 3271 1438 3317 tamen
1483 3262 1829 3331 quaestionem
1854 3303 1871 3329 ,

298 3346 566 3416 quomodo
610 3348 662 3401 in
709 3344 945 3405 Ecclesia
972 3350 1067 3405 Dei
1095 3352 1140 3404 si
1184 3366 1287 3421 qua
1316 3351 1452 3406 forte
1495 3366 1747 3421 perversa
1790 3352 1875 3407 vel

297 3437 456 3492 etiam
486 3437 740 3493 scelerata
778 3439 1044 3511 corrigere
1085 3450 1177 3496 aut
1201 3443 1539 3512 exstinguere
1578 3458 1685 3497 non
1728 3443 1873 3497 vale-

296 3544 444 3595 mus,
484 3530 635 3584 salvo
661 3532 875 3586 unitatis
914 3532 1124 3588 vinculo
1164 3534 1432 3589 toleranda
1477 3534 1617 3601 sint,
1660 3544 1876 3609 strenue

299 3619 506 3674 videtur
528 3620 657 3676 mihi
686 3622 989 3678 tractavisse
1012 3634 1171 3693 atque
1198 3625 1441 3680 solvisse.
1469 3624 1780 3695 Quanquam
1822 3627 1876 3682 in

296 3711 414 3782 ejus
475 3713 664 3768 litteris
721 3716 1085 3770 tantummodo
1137 3716 1428 3772 intentione
1481 3726 1719 3785 correcta
1742 3760 1757 3786 ,
1810 3719 1875 3773 ad

298 3804 442 3873 ipsos
465 3804 759 3859 divinarum
806 3805 1196 3876 Scripturarum
1241 3807 1413 3864 fontes
1459 3824 1735 3866 recurrere
1778 3826 1877 3867 nos

301 3906 541 3968 oportet,
568 3906 629 3952 ut
656 3898 727 3953 ibi
748 3899 1022 3955 videamus
1049 3916 1208 3971 quam
1236 3917 1400 3972 pauca
1436 3902 1503 3957 de
1526 3902 1625 3959 hac
1648 3918 1707 3959 re
1728 3904 1878 3959 testi-

296 3992 473 4044 monia
502 3991 916 4057 sententiarum,
958 3992 1041 4047 vel
1084 3994 1326 4063 exempla
1353 4003 1621 4064 gestorum
1662 3997 1873 4065 posuit,

296 4087 352 4134 et
379 4093 537 4148 quam
563 4094 721 4134 nemo
765 4083 932 4150 possit
972 4082 1149 4136 omnia
1195 4099 1426 4153 ponere,
1478 4085 1580 4139 nisi
1622 4087 1711 4155 qui
1742 4102 1879 4155 pene

298 4184 486 4224 omnes
513 4178 816 4225 sanctorum
846 4170 1125 4227 Librorum
1176 4174 1394 4243 paginas
1442 4174 1496 4229 in
1543 4189 1639 4229 sua
1678 4177 1876 4246 scripta

298 4261 585 4316 transferre
623 4263 849 4317 voluerit
874 4280 888 4318 :
917 4263 986 4318 ita
1015 4274 1180 4334 prope
1204 4265 1347 4320 nulla
1385 4274 1469 4322 est
1494 4282 1613 4336 quae
1642 4283 1741 4324 nos
1769 4284 1877 4326 non

299 4352 615 4421 admoneat,
656 4354 797 4410 intus
842 4356 895 4410 in
948 4356 1061 4426 ipsa
1111 4359 1366 4415 societate
1415 4360 1877 4419 Sacramentorum

298 4443 489 4513 quibus
515 4444 800 4500 imbuimur
819 4446 884 4501 ad
909 4447 1069 4502 vitam
1090 4458 1364 4518 aeternam,
1393 4465 1512 4505 cum
1539 4452 1621 4508 his
1645 4455 1735 4524 qui
1753 4455 1879 4511 ode-

296 4544 424 4589 runt
448 4550 630 4605 pacem
646 4552 766 4593 esse
779 4537 975 4594 debere
995 4540 1263 4609 pacificos,
1289 4542 1459 4598 donec
1484 4544 1879 4614 ingemiscendo

300 4635 480 4680 nostra
503 4627 783 4698 longinqua
815 4632 1165 4701 peregrinatio
1187 4641 1423 4689 transeat
1450 4634 1621 4708 (Psal.
1649 4653 1791 4704 cxrx,
1826 4640 1881 4695 5-

301 4718 378 4788 7);
404 4725 563 4788 atque
599 4719 653 4773 in
690 4720 884 4775 virtute
912 4721 1206 4779 Jerusalem
1251 4727 1436 4781 matris
1461 4736 1676 4783 aeternae
1722 4744 1879 4785 secu-

301 4809 510 4863 rissima
532 4824 659 4877 pace
675 4810 1037 4879 perfruamur,
1067 4815 1193 4869 etin
1216 4816 1449 4872 turribus
1468 4818 1585 4887 ejus
1608 4819 1881 4877 abundan-

302 4902 373 4955 tia
406 4916 651 4956 vcrorum
677 4902 896 4957 fratrum
920 4903 1086 4975 (Psal.
1120 4909 1291 4983 ωειλ),
1324 4925 1548 4979 quorum
1578 4927 1719 4967 nunc
1742 4914 1882 4969 inter

303 4993 496 5047 multos
517 4992 676 5048 falsos
695 4996 955 5065 gemimus
972 5000 1308 5067 paucitatem.
1335 5002 1462 5069 Quae
1484 5013 1566 5059 est
1584 5014 1758 5061 autem
1777 5007 1882 5061 vir-

303 5091 389 5138 tus
415 5084 559 5138 illius
581 5085 837 5154 civitatis,
868 5089 969 5142 nisi
1000 5090 1138 5145 Deus
1170 5091 1287 5161 ejus
1312 5094 1451 5149 Deus
1470 5097 1695 5152 noster?
1725 5098 1881 5155 Vides

303 5178 462 5247 igitur
483 5178 536 5231 in
565 5193 670 5247 quo
695 5179 809 5233 solo
837 5182 925 5234 fiat
948 5197 1046 5250 pax
1064 5223 1078 5246 ,
1106 5191 1161 5237 et
1188 5185 1408 5254 singulis
1431 5187 1730 5244 hominibus
1750 5232 1766 5258 ,
1790 5192 1881 5262 qui

301 5282 483 5322 secum
511 5268 626 5323 sine
643 5268 734 5322 illo
760 5269 952 5324 bellum
964 5282 1172 5341 gerunt,
1195 5275 1354 5329 etiam
1384 5278 1530 5332 nullo
1553 5281 1883 5339 extrinsecus

304 5356 494 5411 oborto
512 5357 796 5425 seandalo;
827 5367 881 5413 et
903 5361 1146 5416 omnibus
1172 5363 1363 5432 simul,
1395 5366 1485 5435 qui
1504 5383 1799 5440 quanquam
1828 5372 1883 5430 in

306 5447 407 5503 hac
429 5462 487 5504 se
508 5449 614 5504 vita
634 5450 882 5521 diligant,
910 5459 964 5506 et
989 5453 1234 5509 amicitiae
1263 5455 1379 5511 ﬁdae
1407 5459 1631 5517 nexibus
1660 5470 1882 5519 tenean-

306 5546 420 5606 tur,
451 5546 627 5595 tamen
652 5555 751 5596 nec
792 5543 1075 5610 praesentia
1103 5548 1342 5616 corporis
1390 5564 1491 5605 nec
1532 5554 1884 5615 consensione

304 5671 664 5785 “‘Egdecenﬁu
681 5675 742 5726 ad
759 5675 829 5727 bl.
864 5677 942 5728 ch.
966 5677 1018 5728 ff.
1042 5692 1126 5743 gg.
1150 5692 1195 5730 r.
1216 5682 1292 5732 sb.
1315 5697 1392 5734 vc.
1413 5685 1536 5738 duos
1554 5695 1592 5739 t.
1616 5689 1738 5741 duos
1756 5704 1805 5743 ν.
1830 5700 1883 5746 et

366 5815 443 5880 (α)
462 5816 588 5869 Alias
604 5817 667 5870 69
691 5831 835 5884 :quat
854 5829 1018 5874 autem
1034 5822 1128 5874 249
1150 5832 1273 5888 erat,
1295 5840 1424 5880 nunc
1442 5829 1523 5881 94.

662 5900 885 5967 Sacr.
920 5907 1200 5971 AUGUST.
1242 5911 1322 5973 Π.

1468 384 1947 451 EPISTOLARUM
1982 385 2107 443 CLA
2117 386 2255 444 SSlS
2291 387 2377 444 IV.

1966 502 2127 559 animi
2153 519 2361 559 summe
2387 504 2723 577 perfecteque
2746 504 3078 576 copulantur.
3105 505 3443 565 Conforfetur
3455 525 3550 567 cor

1968 602 2116 648 tuum
2142 595 2195 649 in
2226 595 2480 662 Domino,
2515 612 2722 652 memor
2746 597 2933 651 nostri.

2425 688 2755 744 EPISTOLA
2792 688 2920 744 CCL
2941 691 2963 713 "
2989 688 3087 755 (α).

1967 776 2278 850 Augustinus
2303 796 2455 834 senea:
2486 781 2690 836 Auxilio
2711 783 2943 853 episcopo
2959 782 3135 853 juveni
3158 824 3173 850 ,
3209 793 3267 838 ut
3292 793 3382 840 aut
3421 802 3550 841 ana-

2040 872 2271 926 thematis
2299 876 2597 928 sententiam
2621 876 2869 929 rescindat
2891 916 2907 942 ,
2939 884 3027 930 aut
3050 876 3225 931 doceat
3249 880 3427 949 quibus
3454 880 3553 934 ad-

2042 964 2222 1019 ductus
2242 968 2405 1027 causis
2422 976 2559 1038 putet
2580 967 2639 1021 ob
2668 969 2820 1022 unius
2848 977 3109 1039 peccatum
3128 978 3282 1024 totam
3304 971 3553 1042 familiam

2043 1061 2464 1114 excommunicari
2494 1077 2658 1131 posse.
3618 1134 3621 1137 ἢ

1972 1149 2199 1204 Domino
2225 1150 2570 1207 dilectissimo
2589 1194 2603 1219 ,
2634 1161 2688 1207 et
2710 1153 3000 1209 venerabili
3029 1153 3181 1211 fratri
3200 1164 3255 1212 et
3271 1171 3555 1215 consacer-

2056 1239 2166 1293 doti
2196 1242 2420 1297 Amuuo
2445 1284 2461 1310 ,
2490 1245 2852 1310 AUGUSTINUS,
2886 1246 2939 1299 in
2968 1246 3194 1301 Domino
3220 1249 3466 1304 salutem.
3602 1320 3607 1331 ι

2043 1334 2095 1387 1.
2136 1333 2230 1388 Vir
2249 1336 2550 1403 spectabilis
2572 1336 2710 1392 filius
2739 1348 2921 1393 noster
2958 1339 3310 1396 Classicianus
3336 1343 3354 1374 ί
3384 1345 3557 1413 gravi-

1973 1431 2057 1479 ter
2073 1424 2213 1495 apud
2245 1441 2331 1481 me
2359 1426 2548 1482 litteris
2567 1437 2786 1497 questus
2809 1437 2926 1495 est,
2950 1430 3090 1500 quod
3116 1431 3185 1485 sit
3203 1433 3555 1489 anathematis

1972 1512 2218 1586 injnriam
2258 1532 2289 1572 a
2337 1527 2423 1575 tua
2451 1519 2741 1576 Sanctitate
2784 1537 3068 1593 perpessus
3099 1542 3113 1578 :
3142 1541 3366 1581 narrans
3414 1529 3555 1597 quod

1972 1608 2177 1662 venerit
2203 1607 2269 1663 ad
2296 1610 2575 1665 ecclesiam
2596 1613 2927 1681 apparitione
2950 1629 3240 1683 paucorum
3266 1632 3380 1672 suae
3399 1628 3555 1687 pote-

1972 1700 2093 1753 stati
2130 1714 2365 1770 congrua
2411 1702 2693 1757 comitatus
2712 1746 2727 1770 ,
2758 1713 2813 1759 et
2840 1705 3008 1775 egerit
3035 1715 3206 1761 tecum
3231 1750 3245 1773 ,
3273 1724 3342 1763 ne
3373 1718 3557 1763 contra

1972 1793 2199 1847 salutem
2228 1794 2377 1847 suam
2414 1795 2616 1851 faveres
2642 1797 2718 1851 eis
2746 1798 2833 1867 qui
2864 1813 2958 1867 per
2983 1798 3327 1868 Evangelium
3355 1802 3375 1833 ¹
3406 1801 3556 1871 peje-

1973 1883 2143 1938 rando
2162 1926 2177 1949 ,
2223 1885 2541 1953 adjutorium
2571 1887 2829 1942 violandae
2860 1888 2980 1943 fidei
3011 1889 3063 1943 in
3104 1890 3217 1960 ipsa
3246 1890 3369 1946 ﬁdei
3396 1892 3557 1946 domo

1973 1975 2344 2043 requirebant;
2377 1992 2512 2046 quos
2538 1988 2713 2033 tamen
2744 1980 3143 2037 considerantes
3168 1983 3292 2052 quid
3330 1984 3450 2038 mali
3476 1983 3559 2039 fe-

1974 2065 2173 2131 cerint,
2208 2081 2313 2120 non
2345 2067 2466 2122 inde
2496 2069 2752 2124 violenter
2780 2071 3064 2137 abductos,
3092 2073 3185 2128 sed
3212 2084 3399 2144 sponte
3427 2076 3560 2131 dicit

1974 2169 2247 2224 egressos,
2278 2170 2434 2228 atque
2456 2160 2579 2215 hinc
2605 2160 3015 2218 Venerationem
3042 2174 3187 2219 tuam
3210 2166 3279 2221 ita
3310 2167 3409 2222 sibi
3430 2183 3555 2222 suc-

1974 2247 2246 2302 censuisse
2270 2290 2283 2313 ,
2314 2258 2369 2303 ut
2399 2251 2878 2307 ecclesiasticorum
2909 2255 3244 2311 confectione
3272 2256 3556 2314 Gestorum

1975 2351 2095 2392 cum
2124 2340 2266 2393 omni
2299 2340 2458 2395 domo
2485 2357 2577 2396 sua
2616 2344 2969 2401 anathematis
2998 2349 3259 2403 sententia
3290 2348 3558 2406 feriretur.

1976 2427 2177 2495 Quibus
2207 2431 2395 2487 litteris
2421 2433 2534 2501 ejus
2563 2434 2713 2490 lectis
2734 2476 2747 2499 ,
2777 2451 2885 2490 non
2928 2437 3268 2494 mediocriter
3295 2449 3527 2497 aestuans
3545 2485 3561 2509 ,

1976 2521 2385 2590 cogitationibus
2412 2538 2603 2595 magna
2623 2525 2799 2580 cordis
2825 2534 3137 2597 tempestate
3162 2528 3558 2600 fluctuantibus,

1975 2612 2115 2681 apud
2148 2612 2472 2668 Charitatem
2512 2624 2655 2669 tuam
2686 2625 2863 2671 tacere
2891 2633 2997 2673 non
3023 2620 3203 2689 potui;
3243 2623 3370 2677 utsi
3400 2623 3564 2681 habes

1978 2703 2044 2757 de
2073 2703 2173 2758 hac
2214 2720 2273 2759 re
2312 2709 2628 2760 sententiam
2649 2708 2809 2762 certis
2838 2708 3131 2765 rationibus
3152 2711 3233 2765 vel
3262 2710 3565 2783 Scriptura-

1980 2809 2099 2847 rum
2131 2795 2450 2850 testimoniis
2478 2798 2803 2866 exploratam
2824 2839 2841 2864 ,
2890 2813 2988 2853 nos
3013 2814 3223 2872 quoque
3266 2802 3460 2860 docere
3484 2806 3567 2860 di-

1977 2884 2157 2954 gneris
2181 2886 2448 2955 quomodo
2472 2896 2617 2943 recte
2645 2888 3017 2945 anathemetur
3034 2906 3130 2960 pro
3149 2894 3314 2963 patris
3344 2908 3564 2966 peccato

1980 2974 2157 3042 ﬁlius,
2187 2985 2278 3031 aut
2300 2992 2399 3047 pro
2423 2979 2597 3033 mariti
2628 2995 2795 3047 uxor,
2845 2990 2937 3035 aut
2983 2997 3081 3052 pro
3111 2983 3313 3039 domini
3342 3000 3562 3056 servus,

1979 3074 2069 3121 aut
2090 3066 2368 3138 quisquam
2396 3069 2447 3123 in
2474 3070 2634 3125 domo
2654 3073 2813 3127 etiam
2842 3073 3076 3129 nondum
3105 3084 3279 3143 natus,
3308 3079 3351 3134 si
3375 3081 3564 3138 eodem

1981 3164 2253 3228 tempore,
2282 3174 2389 3228 quo
2435 3161 2677 3217 universa
2707 3162 2896 3218 domus
2941 3174 3023 3219 est
3046 3167 3384 3225 anathemafe
3425 3171 3564 3226 obli-

1980 3257 2099 3318 gata
2124 3290 2139 3315 ,
2170 3258 2418 3305 nascatur
2436 3292 2452 3318 ,
2482 3266 2582 3307 nec
2610 3252 2659 3307 ei
2682 3255 2851 3324 possit
2870 3270 2965 3325 per
2992 3256 3259 3314 lavacrum
3279 3276 3566 3332 regenera-

1983 3338 2140 3394 tionis
2166 3341 2219 3394 in
2246 3343 2432 3396 mortis
2460 3343 2697 3412 periculo
2725 3346 3014 3403 subveniri.
3060 3349 3241 3421 Neque
3279 3355 3421 3408 enim
3450 3354 3565 3412 haec

1981 3431 2272 3498 corporalis
2302 3441 2384 3487 est
2411 3448 2565 3503 paena
2587 3451 2691 3505 qua
2714 3437 2937 3508 legimus
2959 3442 3215 3510 quosdam
3235 3455 3566 3517 contempto-

1982 3538 2073 3578 res
2103 3524 2193 3578 Dei
2225 3540 2348 3580 cum
2385 3528 2495 3581 suis
2522 3530 2796 3600 omnibus,
2850 3535 2941 3604 qni
2988 3535 3226 3607 ejusdem
3277 3541 3564 3613 impietatis

1984 3614 2271 3684 participes
2301 3632 2410 3671 non
2438 3617 2673 3689 fuerunt,
2705 3624 2906 3692 pariter
2925 3625 3250 3684 interfectos.
3280 3631 3430 3688 Tunc
3448 3636 3567 3704 qui-

1982 3703 2105 3759 dem
2132 3705 2198 3759 ad
2220 3714 2481 3762 terrorem
2506 3710 2793 3766 viventium
2825 3716 3069 3771 mortalia
3087 3733 3312 3790 corpora
3337 3725 3567 3793 perime-

1982 3794 2208 3863 bantur,
2244 3799 2560 3871 quandoque
2599 3804 2779 3874 utique
2822 3808 3077 3865 moritura
3107 3828 3122 3863 :
3153 3813 3443 3882 spiritualis
3472 3832 3569 3873 au-

1984 3897 2090 3943 tem
2131 3904 2288 3960 poena
2307 3933 2320 3955 ,
2350 3907 2452 3961 qua
2483 3895 2541 3947 fit
2563 3895 2705 3963 quod
2732 3897 2987 3967 scriptum
3012 3911 3129 3969 est,
3180 3903 3306 3969 Qua:
3335 3905 3568 3977 ligaveris

1982 3984 2036 4036 in
2062 3992 2195 4037 terra
2214 4025 2228 4051 ,
2262 3996 2406 4038 erunt
2435 3988 2593 4057 ligata
2618 3998 2664 4042 et
2682 3991 2735 4043 in
2766 3992 2890 4045 caelo
2919 3992 3130 4064 (Matth.
3158 4013 3271 4064 xvr,
3306 3999 3420 4069 l9),
3445 4003 3566 4055 ani-

1982 4088 2097 4128 mas
2118 4074 2348 4144 obligat,
2380 4076 2447 4131 de
2472 4078 2663 4146 quibus
2686 4081 2887 4136 dictum
2916 4094 3033 4151 est,
3061 4086 3245 4140 Anima
3269 4091 3427 4159 patris
3455 4109 3568 4148 mea

1982 4172 2094 4228 est,
2123 4174 2171 4218 et
2195 4168 2366 4218 anima
2381 4168 2475 4234 ﬁlii
2504 4185 2615 4222 mea
2639 4179 2712 4224 est
2744 4187 2764 4226 :
2791 4173 2964 4227 anima
2985 4191 3100 4245 quas
3123 4181 3397 4247 peccaverit
3414 4222 3430 4248 ,
3455 4186 3567 4254 ipsa

1983 4256 2221 4311 morietur
2239 4255 2453 4326 (Ezech.
2484 4275 2633 4327 xvm,
2665 4263 2741 4331 4).

2052 4347 2108 4400 2.
2136 4348 2345 4403 Audisti
2373 4350 2596 4408 fortasse
2617 4354 2823 4424 aliquos
2846 4359 3024 4428 magni
3053 4363 3284 4419 nominis
3311 4367 3562 4422 sacerdo-

1983 4445 2066 4493 tes
2091 4453 2211 4493 cum
2241 4439 2400 4495 domo
2441 4457 2535 4497 sua
2573 4446 2873 4514 quempiam
2923 4451 3297 4512 anathemasse
3343 4468 3567 4528 peccan-

1986 4529 2116 4583 tiun
2148 4548 2162 4583 :
2195 4530 2291 4586 sed
2340 4531 2477 4589 forte
2517 4534 2562 4589 si
2613 4547 2793 4591 essent
2821 4539 3169 4613 interrogati,
3201 4551 3569 4618 reperirentur

1988 4620 2165 4676 idonei
2193 4622 2417 4678 reddere
2443 4625 2567 4681 inde
2592 4627 2875 4684 rationem.
2932 4632 3044 4703 Ego
3067 4644 3245 4692 autem
3264 4681 3280 4707 ,
3313 4643 3566 4711 quoniam

1984 4712 2028 4766 si
2051 4713 2169 4782 quis
2194 4728 2260 4767 ex
2289 4730 2376 4770 me
2399 4726 2790 4785 quaeratutrum
2818 4732 2961 4778 recte
2980 4726 3230 4798 fiat,quid
3259 4732 3309 4785 ei
3340 4748 3566 4804 respon-

1984 4800 2140 4856 deam
2168 4817 2274 4859 non
2311 4804 2558 4873 invenio;
2590 4825 2858 4880 nunquam
2903 4813 3006 4870 hoc
3043 4816 3220 4875 facere
3242 4838 3406 4879 ausus
3426 4800 3565 4895 sum,

1985 4907 2104 4947 cum
2132 4894 2200 4949 de
2214 4897 2564 4965 quorumdam
2597 4899 2919 4959 facinoribus
2961 4907 3265 4967 immaniter
3310 4894 3567 4974 adversus

1988 4985 2281 5042 Ecclesiam
2311 4991 2646 5058 perpetratis,
2670 4993 2982 5062 gravissime
3007 5014 3363 5068 permoverer.
3396 5007 3502 5064 Sed
3519 5010 3566 5066 si

1989 5076 2083 5131 tibi
2109 5078 2248 5133 forte
2277 5080 2526 5149 quoniam
2553 5082 2695 5151 jusfe
2721 5084 2836 5153 fiat,
2866 5087 3120 5145 Dominus
3166 5096 3420 5152 revelavit
3470 5115 3569 5156 ne—

1987 5182 2251 5237 quaquam
2293 5169 2585 5239 juvenilem
2624 5183 2833 5231 aetatem
2885 5186 3049 5247 tuam,
3078 5190 3133 5236 et
3158 5183 3376 5241 honoris
3398 5191 3570 5246 eccle-

1990 5259 2194 5314 siastici
2214 5260 2513 5317 rudimenta
2549 5274 2833 5322 contemno
2862 5286 2876 5323 :
2907 5284 2972 5324 en
3003 5271 3213 5341 adsum,
3235 5291 3401 5333 senex
3428 5294 3457 5333 a
3482 5280 3571 5351 ju-

1988 5366 2123 5407 vene
2169 5360 2223 5407 et
2270 5353 2553 5426 episcopus
2606 5366 2682 5412 tot
2716 5374 2973 5416 annorum
3014 5378 3045 5417 a
3090 5366 3294 5438 collega
3342 5373 3568 5431 necdum

1987 5442 2233 5497 anniculo
2259 5452 2473 5514 paratus
2502 5461 2619 5501 sum
2655 5449 2879 5519 discere,
2908 5455 3177 5522 quomodo
3204 5459 3287 5514 vel
3335 5461 3448 5518 Deo
3486 5465 3568 5521 vel

2051 5553 2070 5628 ξ
2094 5554 2232 5628 apud
2248 5557 2521 5628 Anselmum
2542 5567 2803 5611 Lucensem
2817 5561 3033 5628 legium,
3055 5579 3211 5620 mes
3226 5568 3567 5628 Classicianus,

2048 5617 2070 5647 ³
2092 5616 2345 5670 Anselmus
2363 5627 2492 5682 Luc.,
2514 5634 2600 5686 per
2622 5616 2891 5688 Evangelia:

2050 5697 2068 5774 ᾖ
2088 5700 2353 5774 emendata
2366 5703 2427 5753 ad
2446 5703 2515 5753 bl.
2530 5704 2580 5753 ff.
2604 5717 2680 5755 vc.
2697 5712 2803 5757 tres
2817 5722 2867 5758 v.
2883 5709 2943 5759 ad
2964 5710 3077 5761 ωα.
3099 5718 3155 5765 et
3170 5713 3232 5765 ad
3251 5715 3463 5770 Anselmi
3482 5727 3569 5774 Lu—

1986 5761 2148 5811 censis
2167 5760 2521 5814 collectionem.

2048 5841 2120 5906 (a)
2144 5844 2266 5894 Alias
2279 5847 2343 5897 75
2357 5861 2369 5895 :
2384 5861 2495 5911 qua:
2526 5856 2691 5899 autem
2711 5851 2804 5901 250
2827 5860 2951 5915 erat,
2974 5868 3102 5907 nunc
3119 5857 3198 5909 95.

2716 5937 3227 6021 (Trente-quatre
3236 5949 3279 6024 .)
