4084 6332
328 342 471 409 Ιυῐῖθ

400 468 623 525 fcrendo
669 466 819 523 fratri
873 452 1102 532 Ferret,
1166 462 1533 527 Auuusrnvus,
1586 458 1641 513 in
1694 456 1919 512 Domino

401 564 621 617 Quiritem
632 603 645 615 .

400 654 557 707 Novit
577 654 781 724 optime
805 651 1009 721 Religio
1038 658 1127 704 tua
1151 661 1313 720 quam
1335 660 1518 703 curam
1557 643 1769 700 tuendis
1798 654 1918 697 cum

331 750 581 803 munibus
631 748 953 811 hominibus,
1006 752 1113 799 tum
1155 744 1391 797 maxime
1422 739 1635 811 pupillis
1679 736 1919 791 Ecclesia

331 842 415 895 vel
464 840 701 911 episcopi
740 840 988 893 debeant.
1034 832 1195 892 Unde
1231 835 1459 905 receptis
1486 832 1678 886 litteris
1709 830 1833 893 tuis,
1867 836 1921 884 et

337 934 591 1002 exemplo
620 933 916 985 litterarum
943 930 1037 982 viri
1084 927 1387 997 spectabilis
1412 925 1586 978 fratris
1625 922 1791 977 nostri
1818 919 1914 991 (n)‘,

330 1040 430 1079 nec
461 1026 602 1094 potui
625 1039 721 1078 nec
751 1023 909 1077 debui
932 1021 1124 1091 passim
1158 1020 1383 1089 puellam
1408 1017 1653 1086 cuiquam
1675 1012 1920 1069 committ-

330 1125 481 1180 terc;
515 1116 807 1184 pratsertim
845 1114 964 1183 quia
1013 1126 1130 1165 eam
1186 1110 1440 1165 Ecclesiae
1488 1105 1914 1169 commendavit,

328 1207 547 1261 domine
570 1206 910 1260 dilectissime
934 1205 1229 1272 meritoque
1260 1201 1609 1264 honorabilis,
1641 1206 1697 1253 et
1722 1194 1914 1268 prtefe-

329 1299 496 1353 rende
541 1297 722 1352 frater.
758 1297 988 1351 Proinde
1020 1295 1302 1347 adventum
1333 1294 1449 1364 ejus
1491 1299 1759 1361 exspecto,
1791 1286 1914 1343 utsi

327 1389 452 1461 Quid
478 1391 593 1445 fieri
620 1397 882 1460 oporteat,
927 1389 1042 1457 eius
1072 1387 1357 1457 prmsentia
1397 1385 1719 1451 deliberem,
1756 1391 1809 1438 et
1836 1382 1915 1437 fa-

325 1486 461 1540 ciam
492 1484 633 1555 quod
659 1480 1237 1538 Dominus'litcicud‘um
1266 1494 1384 1536 esse
1412 1478 1770 1551 ins‘piraverit.

764 1590 1089 1669 EPISTOLA
1128 1594 1327 1657 CCLIlI
1347 1595 1370 1621 "

325 1712 637 1787 Augustinus
657 1711 727 1769 ad
746 1711 1077 1775 Damnatum,
1096 1712 1160 1769 de
1177 1710 1353 1767 eadem
1385 1708 1553 1779 puella
1578 1708 1672 1779 (ut
1694 1705 1913 1781 videtur)

421 1806 479 1861 in
506 1804 884 1860 matrimonium
907 1819 1007 1858 non
1030 1802 1276 1857 tradenda
1299 1803 1393 1856 nisi
1420 1803 1527 1855 vim
1548 1801 1820 1855 catholico.

334 1894 563 1957 Domino
591 1894 920 1959 beatissimo,
943 1901 997 1951 et
1022 1893 1309 1951 venerabili
1348 1908 1411 1951 ac
1436 1892 1774 1950 desiderabili
1803 1890 1913 1947 fra-

397 1987 464 2047 tri
489 1986 797 2051 Bassum,
820 1992 874 2041 et
896 1985 984 2056 qui
1010 1993 1185 2041 tecum
1202 1992 1327 2043 sunt
1345 1984 1625 2051 fratribus.
1641 1983 1909 2043 AUGIJS’EI-

392 2095 509 2149 nus,
539 2079 593 2134 in
619 2080 841 2137 Domino
860 2078 1107 2135 salutem.

394 2194 497 2250 Pu
524 2209 684 2264 quem
712 2193 889 2247 saluto
910 2191 1259 2249 Sanetitalem
1287 2200 1454 2253 tuam,
1480 2190 1548 2245 de
1580 2189 1820 2259 ﬁdeejns
1846 2199 1901 2245 et

319 2290 465 2349 hmo
490 2289 635 2343 circa
652 2287 948 2342 Ecclesium
965 2285 1141 2340 studio
1162 2285 1511 2355 gratulamur.
1531 2283 1712 2339 Voluit
1734 2292 1915 2338 autem

320 2381 395 2434 ad!
428 2389 570 2433 tuam
614 2376 1001 2447 Benignitatem
1029 2388 1153 2431 eum
1194 2375 1387 2429 litteris
1413 2375 1549 2430 meis
1576 2375 1778 2440 venire,
1817 2374 1916 2428 do-

324 2473 471 2528 urbe
872 2484 937 2524 ao
967 2468 1288 2525 venerabilis
1313 2467 1496 2523 frater.
1546 2465 1616 2522 Et
1656 2467 1917 2537 quoniam

325 2564 503 2619 audivi
545 2564 695 2635 quod.
730 2563 801 2618 do
823 2562 1039 2633 negotio
1062 2561 1153 2616 illo
1180 2559 1477 2630 transigere
1498 2559 1721 2629 cogitas,
1750 2559 1795 2612 si
1821 2572 1915 2612 ve-

325 2671 444 2711 l.
468 2664 549 2710 est
574 2654 756 2727 (quod
787 2655 970 2720 mlror,
1004 2653 1048 2707 si
1073 2666 1260 2707 verum
1305 2659 1389 2705 est
1414 2650 1462 2722 ),
1496 2651 1633 2704 nosti
1658 2648 1917 2719 quemad-

320 2746 538 2801 meiuu
559 2743 1061 2813 dcte-sopiacopali
1088 2742 1407 2812 puer-nitate
1432 2741 1709 2796 catholicae
1728 2741 1917 2795 Eccle-

322 2838 418 2891 siae
437 2834 761 2905 pmidore;
789 2843 845 2893 It
864 2849 973 2887 non
991 2848 1115 2887 eum
1135 2833 1373 2902 quolibet
1392 2831 1446 2885 id
1469 2846 1615 2902 agas,
1640 2833 1688 2885 si
1707 2840 1907 2897 tamen,

325 2936 391 2980 ut
414 2926 551 2991 dixi,
570 2940 761 2980 verum
788 2933 871 2980 est
891 2924 1246 2995 quodaudivi,
1276 2923 1370 2979 sed
1395 2923 1575 2993 potius
1601 2937 1727 2977 eum
1750 2922 1919 2978 domo

322 3021 623 3086 (tabulina,
670 3021 825 3089 cujus
880 3036 983 3076 non
1037 3023 1210 3075 eodem
1267 3021 1466 3076 nullam
1507 3020 1906 3084 adversitatem,

318 3131 503 3171 verum
523 3117 688 3171 etiam
706 3115 862 3170 fidele
877 3115 1197 3185 adiutorium
1222 3114 1421 3170 habere
1446 3114 1617 3184 possit
1642 3114 1905 3170 Ecclesia.

764 3244 1096 3311 EPISTOLA
1135 3247 1333 3305 CCLIV
1367 3249 1462 3320 (c).

320 3364 629 3436 Augustinus
656 3364 724 3429 ad
750 3365 979 3420 eumdem
1008 3363 1340 3430 Ramnetum,
1370 3362 1657 3433 plon
1680 3369 1912 3432 agentem

938 3457 1143 3513 Rustici
1163 3456 1294 3524 ﬁlio.

320 3568 889 3635 Domino-beatissimo,
920 3578 975 3623 et
999 3568 1291 3623 venerabili
1310 3580 1377 3621 ao
1393 3566 1733 3623 desiderabili
1760 3565 1911 3620 fratri

387 3670 446 3717 et
481 3662 847 3718 consaeerdoti
888 3663 1208 3725 Rauenna,
1250 3669 1305 3715 et
1333 3662 1423 3730 qui
1451 3671 1627 3715 tecum
1650 3667 1773 3715 sum
1799 3658 1910 3713 fras-

388 3752 591 3821 tribus,
626 3756 954 3810 Auens'rtnus
982 3764 1039 3809 et
1063 3754 1154 3824 qui
1188 3767 1405 3809 mecum
1440 3763 1563 3809 sum
1599 3754 1820 3819 fratres,
1857 3753 1907 3807 in

388 3846 613 3900 Domino
638 3847 884 3903 salutem.

390 3956 570 4010 Puella
598 3957 663 4010 de
692 3973 791 4026 qua
822 3957 948 4011 mihi
976 3957 1188 4026 scripsit
1210 3955 1473 4012 Sanctitas
1498 3965 1606 4021 tua,
1644 3957 1696 4013 in
1724 3971 1784 4012 ea
1811 3970 1908 4010 vo-

316 4050 531 4105 luntate
563 4060 645 4104 est
666 4093 680 4115 ,
716 4058 771 4105 ut
798 4052 843 4104 si
867 4061 995 4104 tetas
1021 4051 1067 4104 ei
1096 4052 1203 4120 jam
1246 4059 1449 4103 matura
1489 4060 1663 4116 esset,
1698 4050 1827 4104 nulli
1858 4051 1908 4105 in

318 4142 519 4211 noptiis
546 4142 871 4195 conveniret.
906 4140 962 4194 in
990 4157 1050 4195 ea
1076 4157 1201 4195 vero
1229 4150 1383 4195 rotate
1411 4149 1519 4204 est,
1562 4149 1617 4195 ut
1646 4142 1688 4194 si
1720 4142 1909 4195 volun-

318 4242 482 4288 tatem
516 4234 743 4287 nubendi
773 4233 1017 4297 haberet,
1052 4233 1176 4287 nulli
1207 4232 1383 4287 adhuc
1411 4232 1526 4286 dari
1568 4233 1646 4286 vel
1673 4232 1910 4302 promitti

321 4326 558 4382 deberet.
592 4325 705 4381 Huc
743 4326 947 4380 accedit
985 4327 1104 4397 quia
1142 4342 1257 4380 eam
1299 4326 1440 4380 Deus
1476 4325 1529 4378 in
1566 4325 1801 4380 Ecclesia
1834 4327 1912 4383 sic

322 4428 518 4479 tuetur,
546 4424 597 4473 ut
620 4427 803 4472 contra
827 4419 1097 4487 improbos
1120 4427 1354 4482 tueatur;
1382 4434 1486 4472 non
1512 4427 1568 4471 ut
1587 4419 1669 4473 cui
1692 4421 1911 4474 voluero

324 4510 455 4563 tradi
478 4512 666 4581 possit,
698 4509 791 4563 sed
815 4520 917 4563 uta
945 4527 1047 4579 quo
1074 4525 1176 4563 non
1200 4518 1430 4579 oportet,
1459 4510 1571 4580 rapi
1593 4526 1698 4564 non
1720 4511 1908 4581 possit,

320 4602 536 4658 domine
577 4601 844 4657 Benenate
887 4601 1231 4659 dilectissime
1270 4611 1327 4656 et
1364 4601 1683 4657 venerabilis
1723 4599 1907 4657 frater.

322 4695 570 4751 Conditio
598 4695 773 4765 itaque
800 4712 955 4766 quam
985 4696 1251 4751 insinuare
1277 4694 1518 4765 dignatus
1543 4709 1621 4761 es,
1649 4710 1754 4748 non
1781 4694 1910 4749 mihi

331 4787 604 4857 .liSplicet,
637 4788 680 4843 si
710 4796 933 4856 nuptura
960 4794 1081 4841 est:
1114 4798 1293 4845 utrum
1331 4797 1508 4842 autem
1558 4795 1783 4856 nuptura
1820 4788 1911 4851 sit,

322 4880 422 4935 etsi
468 4878 594 4933 illud
641 4879 781 4953 quod
828 4879 878 4931 in
925 4894 1017 4932 ore
1056 4878 1215 4933 habet
1258 4881 1426 4950 magis
1467 4889 1739 4951 optamus,
1773 4892 1923 4939 nunci

325 4984 501 5026 tamen
545 4971 883 5043 ignoramus;
915 4970 1036 5041 quia
1077 4971 1127 5024 in
1169 4971 1251 5023 his
1280 4971 1429 5027 annis
1457 4982 1565 5039 est,
1595 4984 1652 5025 ut
1681 4981 1734 5026 et
1771 4971 1914 5043 quod

323 5081 381 5118 se
420 5064 549 5118 dicit
589 5064 722 5118 velle
760 5079 879 5116 esse
919 5062 1407 5127 Sanetimouialem,
1446 5066 1599 5133 jocus
1637 5067 1704 5119 sit
1740 5068 1921 5136 potius.

324 5154 641 5223 garrientis,
689 5170 844 5223 quam
892 5153 1108 5225 sponsio
1151 5155 1464 5222 proliteutis.
1516 5155 1712 5211 Deinde
1757 5157 1915 5212 habet

326 5256 691 5308 materteram,
724 5245 873 5313 cujus
897 5245 977 5298 vir
1003 5243 1326 5299 honorabilis
1353 5244 1514 5300 frater
1542 5257 1720 5301 noster
1744 5248 1910 5315 Felix,

325 5337 451 5392 dum
474 5338 542 5393 de
567 5336 668 5393 hac
690 5352 749 5391 re
773 5334 1114 5391 contulissent
1141 5352 1260 5393 cum
1290 5336 1377 5391 illo
1410 5335 1603 5410 (neque
1628 5340 1768 5392 enim
1794 5354 1915 5410 pos-

391 5552 408 5571 '
432 5557 603 5615 Enim.
621 5556 833 5603 tumet
864 5555 1127 5604 curvum
1141 5558 1355 5614 repente
1376 5552 1427 5601 in
1448 5557 1554 5599 Mes.
1576 5551 1671 5600 nisi
1688 5551 1765 5601 cl).
1794 5558 1849 5603 et;
1868 5567 1925 5604 v.

372 5638 467 5697 (α)
483 5645 625 5687 Fonte
644 5636 836 5697 Rustici,
861 5637 941 5688 uti
958 5638 1189 5689 scribitur
1210 5636 1416 5697 epistola
1748 5694 1755 5697 Α
1870 5680 1873 5683 η

483 5645 625 5687 Forte
644 5638 836 5697 Rustici,
861 5638 941 5688 uti
958 5638 1189 5689 scribitur
1210 5638 1416 5697 epistola
1870 5680 1873 5683 η

393 5638 467 5763 δὲ
488 5698 613 5763 alias
633 5698 724 5747 232
746 5713 887 5763 {quae
910 5706 1075 5750 autem
1204 5700 1369 5763 prima
1416 5705 1540 5758 erat,
1565 5711 1691 5748 nunc
1712 5694 1820 5761 257,
1868 5700 1923 5751 et

331 5776 441 5825 qum
478 5762 571 5825 255
599 5762 812 5825 secunda
835 5768 956 5821 erat,
982 5776 1109 5825 nunc
1128 5762 1230 5825 105.

396 5824 465 5888 (ε)
490 5823 613 5874 Alias
632 5822 880 5887 mutuae
906 5832 1068 5875 autem
1208 5830 1329 5885 erat,
1356 5836 1481 5872 nunc
1502 5824 1602 5872 104.

1496 328 1975 401 EPBTULARM
2000 336 2134 395 ‘Clni
2146 336 2284 396 SSiS
2314 334 2401 398 Ν.

2027 462 2140 507 sem
2168 452 2340 521 aliter,
2372 453 2459 510 vel
2482 448 2758 527 deberent)
2783 440 2893 511 non
2921 455 3137 527 quidem
3163 457 3361 515 invitus
3383 465 3607 533 aceepit,

2016 545 2135 600 imo
2163 546 2321 600 etiam
2350 547 2643 616 gratulatus
2668 556 2779 613 est;
2822 548 2915 603 sed
2946 550 3064 618 jure
3094 550 3337 606 amicitiae
3368 566 3477 609 non
3505 556 3608 610 int-

2016 647 2257 709 pmmne
2277 636 2442 693 doluit
2480 638 2619 710 quod
2649 642 2727 695 eis
2756 640 2887 696 nihil
2920 642 3040 697 inde
3071 642 3139 698 sit
3167 644 3442 715 scripturn.
3470 645 3607 702 For-

2020 730 2191 784 tassis
2201 731 2341 785 enim
2363 744 2483 802 qua:
2500 745 2641 787 nunc
2664 746 2768 788 non
2789 747 3027 803 apparet,
3048 737 3321 806 apparebit
3339 748 3393 794 et
3414 747 3606 812 mater,

2016 824 2179 898 ‘ctrjns
2216 825 2542 880 voluntatem
2584 827 2637 880 in
2677 826 2935 881 tradenda
2959 826 3096 891 ﬁlia,
3129 831 3403 899 omnibus,
3434 842 3490 888 ut
3517 844 3606 888 ar-

2022 916 2212 982 bitror,
2244 927 2431 973 natura
2461 919 2755 988 praeponit;
2785 918 2886 973 nisi
2917 920 3101 975 eadem
3126 922 3297 991 puella
3330 924 3381 978 in
3411 939 3473 981 ea
3496 924 3607 996 jam
3641 904 3649 931 δ

2022 1016 2180 1064 astate
2222 1006 2413 1075 literit,
2447 1018 2503 1064 ut
2526 1010 2644 1079 jure
2673 1010 2949 1067 licentiore
2978 1012 3079 1067 sibi
3118 1014 3277 1085 eligat
3314 1015 3426 1085 ipsa
3466 1019 3607 1089 quod

2021 1100 2171 1156 velit.
2202 1100 2330 1158 illud
2357 1116 2566 1174 quoque
2591 1103 2788 1174 cogitet
2810 1103 3101 1160 Sinceritas
3129 1113 3233 1173 tua,
3261 1107 3381 1178 quia
3407 1109 3455 1164 si
3479 1109 3609 1165 mihi

2020 1192 2090 1248 de
2118 1194 2317 1266 nuptiis
2343 1196 2456 1264 ejus
2486 1200 2718 1266 potestas
2744 1210 2951 1252 summa
2978 1212 3039 1253 ac
3068 1208 3175 1253 tota
3198 1199 3460 1257 tribuatur
3478 1246 3492 1271 ,
3526 1212 3610 1259 at-

2023 1302 2124 1359 que
2168 1288 2280 1358 ipsa
2324 1302 2533 1359 quoque
2573 1290 2679 1359 jam
2723 1299 2928 1345 matura
2966 1298 3019 1346 ct
3049 1291 3250 1347 nubere
3277 1294 3496 1361 volens,
3525 1298 3608 1351 cui

2025 1380 2246 1435 voluero
2274 1394 2331 1435 se
2366 1379 2674 1435 tradendam
2718 1379 2815 1436 sub
2855 1382 2962 1437 Deo
2997 1382 3173 1453 judice
3207 1384 3335 1439 mihi
3363 1374 3611 1442 commit-

2023 1480 2132 1539 tat;
2164 1472 2240 1527 sic
2267 1472 2404 1538 dico,
2436 1480 2490 1527 et
2516 1486 2700 1528 verum
2731 1474 2873 1541 dico,
2904 1474 3034 1529 mihi
3063 1476 3269 1545 placere
3298 1478 3450 1534 istam
3481 1495 3609 1536 con-

2021 1564 2311 1632 ditionem,
2358 1575 2416 1620 ut
2468 1574 2687 1637 propter
2740 1566 2909 1622 Deum
2961 1567 3190 1638 iudicem
3249 1586 3355 1626 non
3408 1574 3607 1643 possim

2017 1673 2274 1729 respuere
2297 1659 2571 1717 maiorem
2597 1678 2611 1716 :
2636 1675 2755 1731 qua:
2781 1670 2957 1717 utrum
2983 1661 3273 1719 adventura
3307 1666 3395 1733 sit,
3425 1667 3610 1737 utique

2022 1751 2283 1837 incertum
2330 1763 2431 1810 est.
2476 1755 2807 1826 Quapropter
2847 1756 2991 1812 videt
3018 1756 3261 1813 Charitas
3289 1766 3380 1814 tua
3411 1770 3608 1830 quanta

2020 1847 2403 1903 consideranda
2428 1858 2774 1916 concurrant,
2810 1857 2867 1904 ιιι
2891 1864 3033 1905 nunc
3055 1864 3086 1904 a
3110 1866 3195 1905 me
3217 1856 3460 1922 cuiquam
3484 1867 3610 1923 pro-

2019 1939 2155 1995 mitti
2185 1940 2401 1998 omnino
2430 1956 2535 1996 non
2568 1942 2752 2011 possit.

2443 2050 2777 2109 EPISTULA
2816 2051 3033 2108 CCLV‘
3064 2054 3165 2125 (a).

2019 2162 2331 2235 Augustinus
2353 2163 2422 2219 ad
2447 2163 2741 2231 Win,
2773 2164 2835 2219 de
2863 2167 3031 2236 puella
3068 2167 3123 2221 in
3158 2168 3464 2223 cum
3496 2171 3608 2241 ejus

2651 2258 2761 2326 ﬁlio
2792 2259 2969 2329 petita.

2018 2368 2244 2425 Domino
2270 2369 2645 2435 dilectissimo,
2679 2378 2732 2424 et
2766 2371 2955 2425 merito
2993 2370 3315 2440 prtedicabili
3342 2387 3408 2429 ac
3435 2372 3610 2444 suspi.

2088 2460 2280 2517 ciendo
2312 2460 2422 2515 ﬁlio
2462 2462 2725 2530 Rus-nco,
2756 2462 3094 2518 Ancus'rmus
3114 2502 3128 2529 ,
3162 2462 3214 2517 in
3254 2463 3483 2520 Domino
3517 2480 3606 2520 sa-

2087 2554 2269 2609 intem.

2088 2663 2340 2732 Quamvis
2378 2664 2471 2721 tibi
2509 2674 2563 2721 et
2602 2666 2863 2721 universa:
2900 2666 3081 2722 domui
3119 2675 3221 2721 tuae
3260 2667 3437 2722 omnia
3468 2666 3609 2725 bona

2016 2769 2231 2831 optem,
2264 2775 2363 2815 nec
2406 2767 2609 2814 tantum
2653 2758 2720 2813 ad
2766 2756 3073 2814 felicitatem
3115 2762 3390 2829 przesentis
3429 2759 3611 2819 sazculi

2016 2853 2356 2923 pertinentia,
2380 2868 2563 2908 verum
2587 2852 2745 2907 etiam
2772 2850 2836 2905 ad
2861 2853 3020 2906 vitam
3044 2850 3273 2906 futuram
3294 2861 3454 2924 atque
3475 2868 3610 2909 sem-

2015 2944 2276 3013 piternam
2299 2985 2312 3010 ,
2345 2959 2464 3013 quze
2508 2942 2601 2997 tibi
2646 2940 2882 2997 nondum
2918 2941 3182 2996 credenda
3211 2957 3462 3011 persuasa
3489 2953 3605 3011 est;

2016 3038 2193 3089 tamen
2234 3050 2352 3105 quae
2382 3050 2466 3089 me
2507 3042 2783 3102 moveant,
2819 3043 2876 3087 ut
2912 3033 2978 3088 de
3024 3034 3198 3105 puella
3244 3050 3403 3105 quam
3446 3036 3607 3107 petis,

2015 3126 2147 3180 nihil
2167 3126 2340 3180 adhuc
2364 3126 2586 3181 audeam
2609 3126 2869 3198 polliceri,
2890 3136 3144 3197 quantum
3167 3126 3413 3181 sufficere
3432 3128 3607 3182 visum

2015 3226 2125 3281 est.
2156 3227 2340 3277 sancto
2368 3218 2514 3274 fratri
2546 3228 2598 3273 et
2624 3218 2939 3289 coepiscopo
2970 3234 3090 3274 meo
3116 3219 3386 3275 Benenato
3413 3221 3608 3276 rescri-

2014 3314 2117 3384 psi,
2146 3312 2360 3368 domine
2380 3310 2725 3368 dilectissime
2745 3323 2797 3369 et
2816 3313 3133 3369 venerabilis
3156 3315 3248 3368 ﬁli.
3278 3314 3335 3371 Si
3360 3316 3503 3370 enim
3525 3325 3609 3386 tu,

2015 3420 2135 3461 cum
2174 3404 2470 3460 certissime
2507 3406 2743 3472 noveris,
2775 3406 2981 3461 etiamsi
3024 3416 3220 3462 nostra:
3253 3407 3510 3463 absoluta:
3536 3410 3608 3465 sit

2015 3499 2291 3567 potestatis
2325 3497 2621 3569 quamlibet
2658 3498 2885 3569 puellam
2928 3498 2979 3553 in
3024 3498 3326 3569 conjugium
3370 3500 3601 3567 tradere,

2018 3588 2151 3642 tradi
2184 3605 2212 3642 a
2241 3589 2393 3643 nobis
2427 3590 2771 3643 christianam
2812 3591 2912 3645 nisi
2951 3591 3240 3647 christiano
3269 3608 3374 3647 non
3404 3607 3563 3662 posse
3586 3610 3611 3661 ί

2016 3682 2146 3738 nihil
2179 3693 2355 3740 tamen
2385 3685 2511 3740 mihi
2547 3687 2649 3739 tale
2676 3684 2741 3739 de
2774 3687 2889 3739 lilio
2910 3695 3028 3752 tuo,
3057 3701 3214 3755 quem
3242 3686 3416 3741 adhuc
3446 3703 3606 3759 paga-

2016 3792 2142 3831 num
2186 3776 2371 3843 audio,
2414 3777 2724 3845 promittere
2762 3778 2973 3833 voluisti
3009 3787 3248 3847 :quanto
3277 3766 3453 3850 magis
3481 3795 3610 3851 ego,

2014 3876 2232 3939 propter
2262 3868 2348 3922 illa
2380 3884 2496 3938 quze
2528 3868 2577 3921 in
2608 3868 2832 3937 epistola
2863 3871 3141 3924 memorati
3172 3870 3347 3925 fratris
3382 3871 3487 3926 mei
3528 3871 3615 3927 le-.

2015 3978 2140 4032 gere
2184 3962 2413 4031 poteris,
2462 3960 2746 4031 quidquam
2796 3956 2861 4016 de
2912 3963 3050 4017 illius
3100 3965 3286 4031 puellae
3332 3965 3601 4020 connubio

2015 4053 2280 4123 spondere
2322 4068 2427 4106 non
2453 4052 2657 4118 debeo,
2690 4052 2895 4107 etiamsi
2936 4053 3081 4121 quod
3110 4052 3217 4106 dixi
3255 4053 3323 4109 de
3361 4054 3471 4109 ﬁlio
3512 4064 3603 4112 tuo

2016 4159 2121 4200 non
2146 4153 2347 4199 tantum
2368 4143 2691 4213 promissum
2710 4152 2966 4209 tenerem,
2987 4143 3086 4197 sed
3098 4143 3207 4213 jam
3224 4144 3384 4199 etiam
3403 4143 3614 4200 factum

2016 4252 2136 4294 esse
2164 4237 2487 4308 gauderem?

2470 4325 2798 4382 EPISTOLA
2837 4324 3037 4382 CCLV-1
3063 4324 3157 4395 (ιν).

2186 4434 2418 4513 Meiere
2454 4440 2765 4510 Augustinus
2797 4436 2867 4492 ad
2902 4437 3214 4496 Christiani»
3248 4439 3439 4496 scribit.

2018 4557 2243 4613 Domino
2268 4555 2460 4610 merito
2489 4550 2844 4624 praedicando,
2879 4551 3260 4623 Sinceriterque
3288 4551 3606 4609 charissima

2087 4665 2151 4705 ac
2174 4647 2663 4704 desiderantissimo
2700 4645 2849 4701 fratri
2876 4644 3201 4714 Cnmsrmo,
3246 4645 3602 4717 AUGUSTINUS,

2088 4743 2141 4797 in
2170 4740 2401 4796 Domino
2419 4738 2664 4793 salutem.

2090 4854 2381 4925 Epistolam
2422 4866 2596 4906 meam
2627 4849 2931 4908 desiderare
2961 4858 3050 4920 te,
3096 4850 3225 4905 mihi
3265 4860 3353 4906 tua
3382 4850 3607 4921 epistola

2019 4947 2296 5002 nuntiavit.
2338 4943 2525 4998 Frater
2558 4950 2735 4998 autem
2764 4941 2991 4998 Iacobus
3028 4942 3143 5013 ejus
3186 4940 3438 4999 desiderii
3480 4958 3605 5015 erga

2018 5054 2115 5093 nos
2146 5038 2220 5093 tui
2247 5036 2563 5104 locupletior
2590 5035 2737 5091 testis
2763 5034 3013 5102 accessit,
3049 5033 3169 5104 quia
3202 5033 3349 5102 plura
3380 5033 3507 5089 mihi
3536 5034 3607 5091 de

2021 5145 2072 5189 te
2105 5130 2285 5187 suavia
2326 5138 2484 5200 atque
2525 5131 2578 5184 in
2608 5129 2783 5199 scipso
2807 5137 3024 5196 experta
3053 5126 3259 5183 locutus
3288 5136 3370 5182 est
3389 5170 3404 5194 ,
3446 5142 3606 5197 quam

2020 5226 2107 5281 illa
2137 5240 2299 5298 parva
2324 5223 2563 5278 chartula
2594 5223 2780 5295 potuit.
2818 5219 2969 5276 Unde
3002 5226 3105 5274 tuae
3136 5220 3446 5291 benignitati
3472 5235 3607 5275 con-

2017 5318 2290 5391 gratulor,
2320 5298 2374 5372 et
2409 5316 2477 5372 de
2517 5326 2607 5370 tuo
2644 5324 2859 5385 pectore
2896 5311 3185 5366 christiano
3226 5313 3451 5367 Domino
3496 5312 3608 5368 Deo

2021 5422 2239 5479 nostro,
2266 5412 2419 5481 cuius
2460 5410 2576 5467 haee
2616 5408 2755 5468 dona
2796 5413 2944 5472 sunt,
2990 5405 3193 5475 gratias
3221 5419 3356 5475 age,
3386 5405 3608 5461 domine

2022 5506 2212 5561 merito
2240 5501 2597 5577 prmdieande,
2630 5499 3011 5568 Sinceriterque
3041 5496 3357 5569 charissime
3376 5513 3443 5555 ac
3463 5498 3606 5559 desk

2086 5672 2105 5690 ‘
2128 5670 2291 5732 Epistt.
2315 5674 2443 5718 omni
2468 5672 2525 5717 et
2540 5671 2693 5716 cum
2722 5664 2785 5713 ad
2805 5672 2909 5717 uss.
2936 5664 3059 5719 duos
3080 5664 3155 5715 ch.
3177 5650 3294 5713 etv.
3321 5634 3606 5729 recognite.

2107 5756 2157 5812 α)
2177 5755 2299 5803 Alias
2320 5752 2443 5800 232i:
2464 5763 2576 5812 qua
2905 5756 3029 5807 erat,
3048 5747 3297 5812 amicttlg.

2107 5770 2137 5804 α
2177 5756 2299 5803 Alias
2320 5756 2443 5800 am:
2464 5763 2576 5812 qua
2597 5758 2763 5799 autem
2781 5756 2875 5798 $5
2905 5756 3029 5807 erat,
3048 5756 3296 5797 amictum

2085 5756 2159 5881 Ebg
2184 5817 2306 5866 Alias
2325 5815 2415 5863 226
2437 5827 2446 5860 :
2465 5826 2575 5875 qua:
2600 5819 2763 5861 autem
2785 5810 2878 5861 256
2902 5819 3020 5872 erat,
3046 5823 3169 5859 nunc
3192 5809 3296 5859 c.216.

3456 334 3607 411 Erato
3690 353 3714 413 .'
