4070 6332
503 332 637 393 ιοιι
701 284 710 292 ’

1730 329 1789 384 S.
1827 325 2197 387 AUGUSTINI
2234 327 2535 388 EPISCOPI

3624 342 3770 403 l0?!

499 441 869 500 derantissime
895 441 1077 498 frater.
1105 439 1258 511 Quod
1287 446 1464 496 autem
1503 439 1672 510 petis,
1703 448 1760 495 ut
1797 440 1986 495 litteris
2025 447 2078 496 te
2181 458 2293 496 rum
2317 451 2365 496 et
2387 443 2672 501 divinarum
2690 463 2804 501 cum
2826 447 3162 506 benevolentia
3180 460 3228 506 et
3245 453 3486 510 charitate
3502 473 3768 514 conserter

499 549 769 606 quzeram;
809 548 907 604 ego
950 542 998 587 te
1038 532 1227 587 all‘ectu
1269 545 1484 600 quaero,
1527 531 1618 600 qui
1653 545 1839 584 omnes
1875 530 2076 585 litteras

499 637 715 698 superat
738 645 750 681 :
775 636 828 682 et
852 627 939 681 ubi
967 634 1017 679 te
1043 640 1273 694 quaeram
1299 627 1436 694 quod
1463 623 1599 678 bene
1623 623 1904 700 intelligas,
1929 623 2073 677 novi.

497 719 762 789 Quantum
801 727 975 774 autem
1012 717 1078 770 ad
1113 732 1199 771 me
1235 716 1510 787 legendum
1540 715 1760 782 attinet,
1789 729 1956 784 magts
1981 729 2073 768 ve-

497 826 622 866 reor
658 810 711 864 in
749 808 991 863 manibus
1027 806 1218 862 vestris
1258 805 1629 875 loquacitatem
1672 819 1846 859 meam
1887 818 2074 874 repre-

495 901 678 966 hendi,
706 915 862 971 quam
881 899 1147 969 eloquium
1171 898 1385 969 requiri.
1415 897 1548 952 lllud
1573 897 1801 952 breviter
1823 895 2068 962 dixerim,

491 990 637 1062 quod
657 991 903 1046 diuturna
926 988 1243 1059 cogitatione
1267 988 1313 1042 si
1337 987 1707 1053 ruminaveris,
1730 987 1926 1042 senties
1945 985 2070 1056 quid

490 1085 697 1154 sapiat:
721 1099 839 1139 cum
864 1085 915 1138 in
936 1083 1125 1138 itinere
1145 1081 1238 1137 Dei
1261 1081 1494 1136 faciliora
1519 1088 1574 1136 et
1597 1080 1864 1136 fructuosa
1885 1081 2069 1151 ignava

489 1175 774 1230 formidine
800 1174 1090 1245 fugiuntur,
1115 1173 1166 1228 in
1193 1173 1382 1227 itinere
1403 1171 1641 1227 saeculari
1661 1171 1872 1226 duriora
1893 1179 1948 1226 et
1964 1179 2070 1226 ste—

487 1265 603 1320 rilia
625 1279 925 1320 mrumnoso
945 1264 1126 1320 labore
1145 1264 1455 1320 tolerantur.
1481 1262 1763 1318 Incolumis
1784 1263 1834 1316 in
1855 1261 2068 1318 Christo

487 1356 666 1426 vigeas
692 1365 746 1412 et
774 1356 1049 1426 proficias,
1091 1355 1305 1410 domine
1343 1356 1531 1410 merito
1562 1354 1928 1425 praedicande,
1959 1355 2071 1409 sin-

487 1449 784 1520 ceriterque
811 1447 1121 1504 charissime
1146 1463 1209 1502 ac
1232 1447 1719 1504 desiderantissime
1743 1446 1923 1503 frater.

907 1560 1239 1617 EPISTOLA
1275 1559 1495 1616 CCLV"
1513 1564 1529 1585 ¹
1545 1558 1638 1635 (a).

733 1672 1042 1744 Augustinus
1072 1671 1280 1726 Orontio
1300 1714 1314 1739 ,
1345 1673 1626 1727 resolutam
1651 1670 1816 1726 illum.

485 1785 711 1841 Domino
749 1787 943 1841 eximio
971 1788 1265 1858 meritoque
1290 1787 1619 1853 honorabili,
1647 1795 1700 1842 et
1723 1786 2064 1857 suscipiendo

886 1878 997 1933 filio
1020 1879 1282 1944 Duos-no,
1316 1880 1664 1934 Ausus'rmus.

553 1987 669 2060 Ago
692 1989 890 2060 gratias
916 1990 1058 2061 quod
1083 1989 1364 2045 adventum
1389 1989 1727 2045 Eximietatis
1749 2001 1852 2045 tuae
1873 1991 2062 2047 litteris

481 2079 642 2134 etiam
668 2082 960 2150 przevenire
985 2081 1230 2152 dignatus
1263 2097 1322 2137 es
1342 2123 1358 2150 ,
1389 2090 1443 2135 et
1467 2091 1590 2137 ante
1627 2083 1918 2137 contuitum
1958 2083 2060 2138 mi-

478 2170 595 2226 sisti
633 2171 988 2241 colloquium,
1036 2182 1094 2226 ut
1136 2182 1226 2226 tuo
1262 2173 1409 2242 prius
1442 2171 1602 2226 affatu
1645 2188 1802 2242 quam
1842 2182 2061 2242 aspectu

479 2260 813 2328 frueremur,
859 2271 914 2316 et
960 2263 1050 2317 diu
1095 2262 1446 2319 desideratam
1499 2263 1737 2318 notitiam
1788 2264 2059 2334 epistulari

477 2353 668 2408 solatio
716 2354 1108 2424 quodammodo
1161 2365 1576 2426 prtegnstantes,
1628 2364 2060 2425 exspectaremus

476 2445 680 2501 avidius
708 2453 762 2501 et
787 2446 1087 2513 ardentius,
1131 2447 1270 2516 quod
1305 2446 1591 2516 jucundius
1630 2447 1933 2517 gratiusque
1971 2463 2059 2504 ca-

475 2551 726 2606 peremus
747 2577 761 2601 ,
792 2537 1007 2592 domine
1036 2537 1230 2592 eximie
1270 2537 1565 2606 meritoque
1606 2537 1962 2605 honorabilis,
2004 2548 2059 2594 et

474 2628 810 2698 suSpiciende
851 2629 943 2682 fili.
977 2628 1157 2682 Reddo
1187 2629 1363 2698 itaque
1389 2628 1590 2682 meritis
1617 2629 1716 2682 tuis
1747 2637 1799 2682 et
1827 2645 2058 2699 praecur-

473 2721 712 2776 rentibus
761 2720 948 2776 olliciis
997 2721 1230 2775 debitum
1287 2721 1676 2774 resalutationis
1720 2721 2053 2792 obsequium,

472 2811 888 2868 incolumitatem
931 2821 1072 2866 tuam
1121 2812 1355 2882 gaudens
1394 2813 1720 2878 nuntiatam,
1762 2823 2056 2886 optansque

471 2903 796 2958 continuam.
839 2902 905 2956 Et
947 2901 1087 2971 quod
1132 2902 1385 2972 rescripta
1426 2902 1728 2972 exiguitatis
1772 2920 1904 2958 meae
1935 2905 2056 2974 jure

471 3003 780 3064 praerogata:
797 2994 1187 3049 benevolentiae
1211 2993 1538 3064 reposcendo
1560 2996 1828 3063 addidisti,
1848 2997 2051 3063 dicens,

471 3084 534 3140 Si
575 3094 741 3139 tamen
780 3086 834 3138 id
875 3087 936 3139 tle
974 3094 1110 3139 tanta
1140 3087 1401 3140 sanctitate
1441 3104 1705 3154 possumus
1742 3092 2053 3158 promereri;

470 3177 617 3230 nullo
641 3175 802 3230 modo
828 3177 1001 3231 audeo
1027 3176 1331 3246 desperare,
1358 3179 1650 3234 sanctitatis
1675 3179 1936 3250 ejusdem,
1961 3197 2053 3236 cu-

465 3266 553 3338 jus
579 3267 769 3322 haustu
808 3283 902 3336 pro
929 3277 1112 3322 nostro
1151 3269 1366 3324 modulo
1394 3269 1590 3340 aliquid
1627 3287 1845 3341 sumus,
1877 3273 2050 3344 ipsum

468 3356 670 3412 fontem
696 3372 801 3412 non
822 3360 994 3413 solum
1019 3357 1362 3426 laudandum,
1383 3375 1567 3414 verum
1592 3361 1751 3416 etiam
1774 3363 2050 3418 nobiseum

469 3449 909 3519 participandum,
933 3457 987 3504 et
1013 3457 1114 3502 tua:
1141 3448 1429 3518 prudentia:
1455 3451 1800 3520 placiturum;
1830 3462 1886 3506 ut
1911 3454 2051 3509 Deus

469 3540 949 3610 incomparabiliter
984 3550 1141 3613 atque
1183 3542 1681 3600 incommutabiliter
1719 3544 1917 3610 bonus,
1959 3547 2050 3616 qui

469 3647 566 3704 per
603 3649 750 3687 suam
780 3635 1068 3704 potentiam
1099 3645 1205 3688 tam
1231 3635 1384 3689 bonae
1415 3643 1516 3688 tua:
1546 3637 1738 3690 mentis
1777 3646 1860 3692 est
1896 3639 2048 3693 insti-

469 3732 646 3791 tutor,
675 3726 743 3778 sit
766 3725 926 3778 etiam
958 3739 1050 3793 per
1075 3724 1295 3794 gratiam
1325 3725 1616 3778 restitutor.
1646 3725 1969 3782 Incolumem
1999 3739 2048 3784 te

471 3813 614 3868 Deus
639 3815 976 3883 omnipotens
1005 3814 1400 3884 felicioremque
1431 3824 1666 3884 tueatur,
1698 3817 1909 3874 domine
1933 3823 2048 3877 exi.-

470 3906 578 3960 mie
603 3904 901 3975 meritoque
927 3904 1270 3973 honorabilis,
1301 3920 1365 3960 ac
1390 3907 1720 3977 suscipiende
1750 3908 1843 3963 fili.

889 4016 1211 4075 EPISTOLA
1253 4016 1495 4074 CCLVIII
1517 4017 1669 4092 “(1’).

467 4133 777 4207 Augustinus
809 4133 1060 4188 Martiano
1085 4135 1233 4188 veteri
1259 4135 1449 4202 amico,
1477 4135 1762 4205 gratulatur
1796 4137 1930 4203 quod
1964 4154 2050 4192 ca-

542 4227 864 4280 techumenus
891 4227 954 4280 sit
985 4228 1145 4297 factus
1163 4265 1178 4290 ,
1208 4226 1413 4279 hortans
1440 4224 1586 4278 illum
1612 4235 1666 4279 ut
1697 4227 1924 4294 ﬁdelium
1948 4229 2051 4283 Sa-

537 4328 793 4374 cramenta
825 4319 1083 4390 percipiat.

474 4437 698 4492 Domino
719 4435 910 4489 merito
929 4433 1286 4502 suscipiendo,
1314 4442 1368 4488 et
1393 4433 1444 4486 in
1468 4429 1679 4487 Christo
1701 4433 2047 4488 dilectissimo

540 4541 604 4580 ac
639 4524 1129 4580 desiderantissimo
1171 4523 1316 4576 fratri
1355 4522 1664 4590 Mttantum,
1694 4524 2042 4591 Aucusruvus,

540 4618 595 4674 in
619 4616 844 4673 Domino
871 4616 1114 4670 salutem.

543 4729 596 4785 l.
638 4727 876 4798 Abripui,
907 4725 989 4779 vel
1015 4724 1187 4794 potius
1209 4724 1412 4794 obripui
1431 4765 1448 4792 ,
1475 4733 1531 4780 et
1553 4725 1942 4795 quodammodo
1967 4727 2045 4783 fu-

470 4827 616 4875 ratus
653 4832 770 4872 sum
809 4815 1177 4885 memetipsum
1216 4816 1391 4869 multis
1425 4816 1857 4886 occupationibus
1893 4818 2044 4885 meis,

471 4918 531 4964 ut
571 4907 663 4962 tibi
704 4907 991 4962 scriberem
1027 4905 1392 4974 antiquissimo
1428 4906 1631 4971 amico,
1671 4923 1828 4976 quem
1873 4917 2046 4964 tamen

471 5014 577 5054 non
598 4996 878 5061 habebam,
905 4995 1154 5065 quamdiu
1182 4995 1233 5048 in
1254 4994 1464 5050 Christo
1485 5011 1589 5049 non
1614 4998 1877 5052 tenebam.
1899 4998 2047 5054 Nosti

473 5072 668 5162 quippe
692 5096 750 5143 ut
770 5088 1035 5142 delinierit
1062 5087 1347 5142 amicitiam
1371 5088 1610 5154 Romani,
1641 5098 1702 5144 ut
1721 5091 1794 5143 ait
1813 5091 2045 5161 quidam,

474 5185 721 5238 maximus
743 5192 918 5236 auctor
945 5180 1140 5236 Tullius
1164 5181 1346 5250 eloquii
1375 5179 1651 5250 (Lucanus,
1683 5183 1772 5238 lib.
1795 5185 1869 5254 7).
1907 5185 2050 5240 Dixit

472 5278 634 5339 enim,
666 5283 721 5330 et
741 5274 1018 5330 verissime
1047 5273 1178 5327 dixit
1210 5291 1222 5326 :
1254 5273 1485 5325 Amicitia
1510 5282 1583 5327 est
1611 5291 1776 5329 rerum
1803 5275 2051 5330 humana-

537 5431 558 5451 "
583 5429 840 5492 ueeensita
871 5428 933 5478 ad
963 5441 1010 5478 a.
1047 5427 1116 5478 bl.
1141 5441 1186 5478 c.
1211 5429 1287 5478 ch.
1312 5427 1362 5476 ff.
1388 5441 1438 5492 g.
1455 5441 1537 5491 εν.
1559 5428 1596 5490 j.
1621 5441 1670 5477 n.
1694 5441 1739 5477 ιι.
1763 5441 1804 5479 s.
1829 5430 1904 5478 sb.
1927 5442 2048 5492 qua-

474 5491 864 5544 tuorv.ett-‘.dd.

539 5553 669 5604 “Ad
702 5567 752 5604 a.
775 5553 862 5616 bg.
885 5550 959 5602 bl.
977 5563 1119 5616 e._oc.
1138 5552 1215 5602 ch.
1239 5551 1288 5602 σ.
1314 5565 1364 5616 g.
1387 5564 1472 5616 gg.
1496 5565 1580 5616 gv.
1604 5552 2050 5604 n.r.s.sb.t.duos

475 5625 555 5665 vc.
578 5622 783 5680 qustum
800 5613 850 5666 ἤ.
875 5619 929 5664 et
947 5613 1058 5664 add.

538 5693 1739 5822 ttlmlsmaraumuta

2187 533 2400 604 (Cicero,
2425 536 2549 591 Lazl.
2573 539 2684 608 20).
2708 539 2785 594 Tu
2809 550 3007 608 autem,
3030 544 3102 597 mi
3123 544 3453 615 cbarissime,
3477 549 3765 620 aliquando

2182 626 2312 680 mihi
2340 629 2712 687 consentiebas
2747 632 2801 686 in
2841 633 3000 688 rebus
3036 634 3313 701 humanis,
3353 655 3474 694 cum
3502 642 3583 696 eis
3611 657 3765 700 more

2181 717 2320 788 vulgi
2351 718 2449 773 frui
2474 735 2757 790 cuperem;
2786 732 2840 778 et
2864 724 2991 779 mihi
3015 725 3080 780 ad
3102 741 3164 782 ea
3186 729 3509 797 capessenda
3533 748 3765 802 quorum

2178 825 2265 864 me
2291 812 2510 880 poenitet
2527 854 2540 878 ,
2576 812 2800 870 favendo
2818 816 3151 883 velificabas,
3181 819 3289 874 imo
3313 837 3439 876 vero
3467 823 3583 878 vela
3605 827 3762 896 cupi-

2179 901 2400 958 ditatum
2429 920 2687 972 mearum,
2710 922 2830 962 cum
2855 910 3062 965 caeteris
3091 921 3214 966 tunc
3235 911 3580 970 dilectoribus
3599 917 3761 984 meis,

2177 991 2318 1048 inter
2349 995 2640 1066 praecipuos
2665 1012 2792 1053 aura
2819 999 2987 1054 laudis
3013 999 3252 1056 inflabas.
3298 1003 3460 1058 Porro
3501 1005 3555 1059 in
3595 1007 3766 1065 rebus

2177 1083 2402 1153 divinis,
2434 1103 2657 1157 quarum
2684 1090 2812 1144 mihi
2838 1091 2928 1146 illo
2957 1100 3197 1162 tempore
3229 1094 3372 1148 nulla
3403 1097 3647 1152 eluserat
3669 1115 3762 1154 ve-

2175 1175 2325 1243 ritas,
2358 1177 2537 1248 utiquc
2567 1179 2618 1234 in
2651 1181 2852 1250 majore
2879 1181 3024 1237 illius
3046 1183 3370 1241 definitionis
3395 1197 3548 1256 parte
3576 1199 3761 1245 nostra

2173 1268 2405 1322 amicitia
2441 1268 2766 1325 claudicabat
2803 1289 2817 1325 :
2853 1280 2968 1327 erat
2993 1275 3134 1328 enim
3174 1290 3352 1330 rerum
3389 1281 3763 1336 tantummodo

2175 1355 2544 1426 humanarum,
2577 1375 2684 1417 non
2708 1363 2868 1418 etiam
2893 1364 3212 1432 divinarum,
3246 1369 3486 1437 quamvis
3510 1384 3635 1425 cum
3659 1372 3760 1427 be-

2175 1451 2473 1508 nevolentia
2500 1462 2554 1509 et
2580 1454 2838 1511 charitate
2865 1458 3166 1512 consensio.

2243 1541 2297 1595 2.
2340 1541 2409 1598 Et
2445 1552 2788 1615 posteaquam
2829 1546 2918 1602 illa
2957 1561 3152 1617 cupere
3196 1548 3404 1618 destiti,
3443 1559 3501 1606 tu
3538 1552 3759 1622 quidem

2171 1649 2548 1708 perseverante
2583 1641 2948 1698 benevolentia
2967 1685 2983 1710 ,
3014 1645 3219 1699 salvum
3249 1661 3333 1701 me
3362 1661 3480 1702 esse
3503 1649 3760 1717 cupiebas

2171 1732 2341 1786 salute
2361 1733 2588 1798 mortali,
2610 1741 2664 1787 et
2683 1749 2744 1789 ea
2768 1749 2945 1789 rerum
2968 1736 3318 1805 prosperitate
3342 1735 3573 1805 felicem,
3593 1754 3756 1809 quam

2171 1823 2400 1878 mundus
2429 1834 2614 1894 optare
2639 1827 2934 1882 consuevit.
2979 1827 3045 1882 Et
3077 1828 3183 1898 jam
3210 1830 3286 1884 sic
3313 1830 3489 1900 itaque
3513 1831 3758 1902 aliquaue

2171 1921 2280 1967 tum
2310 1914 2401 1969 tibi
2429 1925 2545 1970 erat
2569 1931 2777 1972 mecum
2813 1933 2990 1972 rerum
3019 1917 3365 1974 humanarum
3406 1920 3663 1977 benevola
3699 1931 3756 1979 et

2170 2002 2328 2058 chara
2369 2007 2671 2060 consensio.
2717 2007 2869 2063 Nunc
2896 2023 3023 2063 vero
3065 2018 3318 2079 quantum
3346 2010 3414 2066 de
3443 2020 3494 2067 te
3521 2014 3752 2083 gaudeo,

2167 2096 2362 2163 quibus
2388 2099 2646 2167 explicem
2684 2101 2887 2167 verbis,
2931 2102 3141 2172 quando
3179 2118 3300 2158 eum
3344 2120 3499 2176 quem
3539 2122 3755 2177 quoquo

2168 2187 2327 2241 modo
2358 2188 2516 2244 habui
2547 2190 2638 2245 diu
2665 2193 2914 2259 amicum,
2941 2195 3108 2251 habeo
3132 2195 3242 2265 jam
3267 2211 3451 2252 verum
3480 2200 3754 2256 amicum?

2167 2278 2406 2334 Accessit
2457 2279 2598 2336 enim
2645 2285 2805 2339 etiam
2855 2301 3039 2341 rerum
3086 2291 3367 2345 consensio
3410 2291 3749 2360 divinarum;

2167 2370 2414 2438 quoniam
2442 2374 2528 2440 qui
2559 2389 2766 2429 mecum
2797 2378 3140 2445 temporalem
3170 2379 3333 2434 vitam
3373 2382 3639 2451 quondam
3663 2383 3752 2452 ju-

2165 2459 2487 2516 cundissima
2515 2463 2838 2534 benignitate
2864 2466 3080 2533 duxisti,
3107 2484 3249 2524 nunc
3273 2484 3369 2540 spe
3391 2473 3514 2526 vita:
3531 2481 3750 2528 aeterna)

2165 2564 2374 2604 mecum
2402 2565 2523 2608 esse
2550 2555 2778 2624 coepisti.
2811 2556 2965 2612 Modo
2990 2573 3116 2613 vero
3153 2560 3313 2615 etiam
3346 2560 3417 2618 de
3453 2562 3613 2617 rebus
3647 2562 3748 2618 hu-

2165 2646 2335 2700 manis
2375 2646 2513 2702 inter
2557 2663 2654 2702 nos
2697 2650 2836 2703 nulla
2877 2650 3140 2708 dissensio
3164 2662 3281 2720 est,
3310 2655 3403 2725 qui
3431 2670 3524 2711 eas
3566 2672 3746 2712 rerum

2163 2735 2462 2792 divinarum
2504 2741 2807 2809 cognitione
2836 2757 3156 2811 pensamus,
3188 2759 3256 2798 ne
3283 2745 3398 2814 plus
3435 2747 3515 2800 eis
3549 2747 3747 2801 tribua-

2164 2841 2301 2889 mus,
2325 2842 2482 2897 quam
2511 2829 2698 2885 modus
2718 2846 2901 2886 earum
2922 2832 3215 2902 justissima
3239 2835 3500 2904 postulat;
3527 2851 3628 2891 nec
3653 2852 3748 2893 eas

2164 2919 2215 2972 in
2245 2921 2422 2989 aliquo
2455 2931 2763 2993 contemptu
2796 2924 3093 2994 abjiciendo
3113 2965 3128 2992 ,
3157 2929 3381 2983 creatori
3417 2944 3603 2984 earum
3634 2930 3746 2985 Do-

2161 3011 2306 3066 mino
2349 3029 2526 3068 rerum
2570 3015 2876 3071 caelestium
2909 3026 3066 3090 atque
3111 3023 3438 3076 terrestrium
3486 3023 3745 3080 faciamus

2160 3101 2425 3171 injuriam.
2455 3104 2531 3158 lta
2559 3105 2616 3160 fit
2647 3116 2703 3161 ut
2727 3108 2866 3163 inter
2900 3124 3034 3179 quos
3065 3112 3266 3166 amicos
3305 3128 3411 3168 non
3451 3124 3535 3169 est
3560 3131 3740 3170 rerum

2159 3197 2440 3248 consensio
2485 3196 2816 3264 divinarum,
2873 3216 2972 3255 nec
3022 3202 3366 3257 humanarum
3416 3205 3571 3272 plena
3620 3220 3741 3260 esse

2160 3286 2326 3353 possit
2350 3301 2414 3341 ac
2437 3303 2581 3342 vera.
2613 3289 2842 3347 Necesse
2869 3301 2952 3348 est
2977 3295 3116 3349 cnim
3144 3305 3200 3349 ut
3221 3296 3374 3350 aliter
3395 3313 3554 3367 quam
3582 3313 3741 3367 opor-

2161 3384 2234 3429 tet
2263 3375 2488 3432 hu‘mana
2520 3381 2747 3436 aestimet
2773 3383 2862 3452 qui
2886 3383 3060 3440 divina
3090 3387 3400 3454 contemnit,
3439 3403 3538 3443 nec
3568 3388 3744 3445 homi-

2158 3482 2280 3522 nem
2315 3478 2459 3523 recte
2487 3471 2708 3541 diligere
2748 3477 2958 3530 noverit
2992 3477 3228 3546 quisquis
3261 3494 3382 3534 eum
3419 3495 3526 3535 non
3566 3481 3740 3552 diligit

2157 3557 2247 3626 qui
2279 3557 2547 3613 hominem
2573 3561 2719 3616 fecit.
2745 3563 2976 3620 Proinde
3003 3581 3107 3620 non
3131 3567 3272 3631 dico,
3300 3584 3439 3624 nunc
3464 3569 3596 3624 mihi
3621 3572 3739 3640 ple-

2157 3646 2278 3702 nius
2296 3649 2498 3704 amicus
2522 3665 2582 3706 es
2600 3692 2616 3718 ,
2644 3652 2733 3722 qui
2757 3669 2876 3709 eras
2900 3670 2965 3710 ex
2991 3665 3169 3725 parte;
3197 3659 3289 3714 sed
3313 3669 3569 3730 quantum
3601 3663 3736 3718 ratio

2156 3737 2388 3807 indicat,
2423 3755 2522 3796 nec
2563 3757 2630 3796 ex
2677 3753 2826 3812 parte
2871 3761 3024 3812 eras,
3075 3749 3288 3816 quando
3333 3766 3432 3806 nec
3477 3753 3532 3808 in
3576 3753 3736 3808 rebus

2157 3827 2402 3886 humanis
2439 3846 2647 3887 mecum
2693 3834 2977 3890 amicitiam
3023 3853 3205 3893 veram
3252 3841 3486 3896 tenebas.
3533 3842 3734 3898 Rerum

2155 3920 2349 3989 quippe
2368 3920 2686 3988 divinarum,
2711 3939 2774 3978 ex
2796 3925 2985 3994 quibus
3006 3937 3150 3984 recte
3171 3928 3393 3984 humana
3419 3943 3728 4000 pensantur,

2154 4011 2330 4065 socius
2371 4011 2499 4066 mihi
2545 4013 2779 4068 nondum
2822 4031 2974 4081 eras;
3005 4017 3116 4073 sive
3152 4020 3360 4089 quando
3392 4035 3490 4076 nec
3529 4021 3644 4090 ipse
3683 4022 3736 4077 in

2154 4100 2233 4156 eis
2259 4118 2405 4157 eram
2423 4145 2436 4169 ,
2473 4105 2585 4159 sive
2612 4114 2952 4176 posteaquam
2978 4123 3076 4177 ego
3104 4125 3195 4164 eas
3230 4118 3509 4180 utcumque
3543 4128 3736 4183 sapere

2154 4194 2312 4263 coepi,
2345 4210 2374 4247 a
2404 4196 2592 4265 quibus
2626 4207 2680 4250 tu
2711 4198 2863 4268 longe
2892 4199 3238 4258 abhorrebas.

2227 4285 2279 4338 5.
2311 4285 2444 4339 Nolo
2469 4295 2647 4341 autem
2677 4303 3011 4354 succenseas,
3041 4306 3141 4346 nec
3164 4292 3256 4345 tibi
3289 4292 3527 4347 videatur
3545 4294 3726 4350 absur-

2152 4373 2276 4428 dum
2318 4375 2458 4445 quod
2498 4376 2586 4430 illo
2629 4386 2864 4447 tempore
2909 4395 3032 4433 cum
3075 4381 3125 4435 in
3170 4397 3301 4435 vana
3345 4383 3502 4452 hujus
3545 4386 3733 4440 mundi

2155 4475 2460 4531 mstuarem,
2490 4469 2729 4537 quamvis
2752 4485 2836 4524 me
2862 4472 3082 4525 multum
3106 4488 3283 4528 amare
3305 4474 3586 4541 videreris,
3609 4493 3734 4530 non-

2155 4558 2280 4612 dum
2307 4576 2426 4614 cras
2453 4562 2657 4614 amicus
2683 4577 2860 4628 meus;
2885 4564 3096 4634 quando
3116 4581 3214 4620 nec
3235 4566 3345 4636 ipse
3372 4568 3500 4622 mihi
3526 4570 3731 4624 amicus

2151 4664 2297 4704 eram
2324 4691 2339 4718 ,
2371 4651 2465 4706 sed
2491 4652 2666 4721 potius
2696 4653 2937 4710 inimicus
2965 4674 2978 4708 :
3009 4656 3289 4726 diligebam
3318 4661 3510 4730 quippe
3539 4660 3732 4729 iniqui-

2153 4750 2314 4798 tatem
2341 4760 2355 4809 ;
2383 4753 2436 4809 ej.
2459 4760 2584 4798 vera
2613 4746 2828 4816 quidem
2856 4747 3030 4801 divina
3063 4751 3319 4803 sententia
3349 4761 3430 4805 est
3456 4766 3559 4820 qua
3591 4751 3729 4805 scri-

2151 4843 2297 4906 ptum
2324 4843 2406 4891 est
2430 4835 2481 4890 in
2517 4836 2714 4892 sanctis
2740 4836 2914 4892 Libris
2933 4878 2947 4901 ,
2980 4838 3079 4903 Qui
3108 4850 3272 4893 autent
3299 4841 3458 4910 diligit
3486 4841 3730 4895 iniquita-

2155 4939 2282 4994 tem,
2328 4929 2433 4982 odit
2479 4929 2702 4982 animam
2749 4939 2894 4983 suam
2944 4930 3113 5002 (Psal.
3165 4949 3234 4996 χ,
3279 4932 3358 5002 6).
3409 4931 3542 4988 Cum
3599 4951 3731 5006 ergo

2153 5020 2384 5075 odissem
2427 5022 2658 5076 animam
2705 5037 2912 5087 meam,
2964 5039 3146 5078 verum
3191 5025 3417 5079 amicum
3458 5027 3729 5097 quomodo

2156 5111 2346 5165 habere
2386 5120 2644 5182 poteram,
2688 5129 2748 5167 ea
2803 5113 2930 5168 mihi
2973 5123 3240 5184 aptantem
3285 5116 3336 5169 in
3380 5116 3569 5186 quibus
3615 5117 3730 5188 ipse

2154 5203 2412 5271 mcipsum
2442 5203 2683 5274 patiebar
2711 5204 2981 5259 inimicum
2999 5206 3022 5258 2
3043 5203 3176 5259 Cum
3203 5220 3328 5260 vero
3350 5206 3648 5276 benignitas
3676 5217 3730 5262 et

2153 5295 2319 5364 gratia
2364 5295 2652 5350 Salvatoris
2691 5297 2855 5350 nostri
2897 5297 3067 5350 illuxit
3093 5296 3257 5366 mihi,
3299 5313 3404 5353 non
3433 5299 3726 5354 secundum

2153 5388 2342 5443 merita
2370 5404 2486 5444 mea
2507 5428 2520 5453 ,
2550 5387 2644 5442 sed
2679 5388 2966 5443 secundum
2994 5388 3158 5458 ipsius
3185 5389 3642 5455 misericordiam;
3671 5399 3726 5446 tu

2152 5480 2220 5536 ab
2247 5479 2346 5535 hac
2371 5481 2596 5548 alienus,
2629 5479 2894 5550 quomodo
2921 5493 3041 5535 esse
3066 5490 3279 5551 poteras
3305 5481 3506 5536 amicus
3534 5496 3688 5536 meus
3709 5522 3724 5549 ,

2152 5571 2244 5642 qui
2279 5571 2419 5626 unde
2444 5571 2629 5626 beatus
2667 5586 2786 5627 esse
2811 5585 3023 5641 possem
3061 5573 3276 5642 penitus
3313 5573 3631 5644 ignorabas,
3673 5582 3729 5628 et

2075 5697 2096 5720 Α
2153 5677 2259 5719 non
2287 5663 2339 5717 in
2369 5662 2471 5717 hoc
2498 5678 2585 5718 me
2611 5661 2825 5717 amabas
2843 5703 2858 5728 ,
2888 5662 2940 5716 in
2966 5678 3073 5735 quo
3095 5662 3224 5719 mihi
3250 5664 3362 5734 ipse
3380 5663 3491 5733 jam
3514 5663 3721 5720 fueram

2154 5763 2438 5826 utcumque
2457 5768 2655 5810 amicus
2680 5752 2898 5809 effectus
2917 5754 2942 5806 ?
