4084 6332
335 378 477 441 1078

404 491 460 549 4.
487 488 696 547 Gratias
718 491 896 559 itaque
934 482 1046 542 Deo
1073 524 1089 553 ,
1127 482 1269 555 quod
1304 493 1362 538 te
1398 482 1531 538 mihi
1556 482 1787 538 amicum
1823 480 1911 537 fa-

336 598 460 640 cere
508 581 719 638 tandem
759 577 1040 649 aliquando
1079 576 1345 647 dignatur.
1375 572 1527 631 Nunc
1571 575 1712 630 enim
1758 573 1913 630 nobis

336 684 419 731 est
442 689 621 728 rerum
651 672 999 727 humanarum
1029 678 1083 725 et
1109 669 1405 723 divinarum
1436 683 1556 723 cum
1587 666 1913 721 benevolen-

338 766 407 822 tia
456 773 513 821 et
549 764 807 820 charitate
844 762 1126 819 consensio
1168 760 1223 815 in
1266 757 1477 815 Christo
1522 759 1647 814 Jesu
1688 759 1914 813 Domino

338 866 553 926 nostro,
583 855 861 912 verissima
888 869 1018 926 pace
1046 862 1243 910 nostra.
1274 853 1373 921 Qui
1402 852 1607 907 duobus
1634 851 1915 922 praeceptis

336 957 526 1005 cuncta
574 947 841 1019 praeconia
882 946 1061 1002 divina
1106 944 1405 1012 conclusit,
1459 944 1689 1001 dicens:
1721 942 1915 1015 Diliges

335 1042 611 1096 Dominum
637 1038 804 1095 Deum
826 1048 967 1093 tuum
995 1054 1057 1092 ea:
1081 1046 1184 1092 toto
1208 1037 1359 1092 corde
1382 1046 1487 1102 tuo,
1516 1046 1562 1090 et
1586 1052 1648 1091 ea:
1673 1046 1777 1091 tota
1802 1037 1915 1090 ani-

337 1151 420 1187 ma
446 1144 569 1200 tua,
607 1142 654 1187 et
691 1149 755 1187 ea:
781 1142 885 1185 tota
926 1139 1085 1184 mente
1109 1138 1227 1193 tua;
1263 1138 1350 1195 et,
1398 1127 1589 1199 Diliges
1630 1127 1915 1197 proximum

338 1235 480 1281 tuum
506 1234 745 1295 tanquam
792 1225 1025 1294 teipsum.
1073 1221 1139 1275 In
1180 1222 1241 1275 iis
1276 1220 1472 1275 duobus
1517 1219 1776 1289 praeceptis
1810 1227 1915 1273 tota

337 1318 447 1373 Lex
471 1319 651 1390 pendet
679 1326 725 1373 et
753 1316 1023 1387 Propheta:
1051 1313 1260 1383 (Matth.
1291 1329 1399 1367 χιιι
1423 1353 1439 1379 ,
1469 1310 1683 1382 57-40).
1730 1309 1788 1365 In
1823 1310 1915 1366 illo

338 1409 511 1479 primo
540 1424 718 1464 rerum
746 1406 1063 1471 divinarum,
1094 1405 1148 1459 in
1183 1404 1283 1459 hoc
1322 1402 1555 1459 secundo
1596 1417 1773 1457 rerum
1813 1402 1915 1455 hu-

339 1515 615 1555 manarum
636 1508 719 1554 est
737 1513 857 1553 cum
878 1496 1245 1552 benevolentia
1265 1506 1320 1550 et
1337 1493 1593 1550 charitate
1613 1493 1913 1548 consensio.

338 1591 466 1646 Haec
493 1591 600 1647 duo
638 1591 683 1646 si
722 1605 931 1645 mecum
960 1588 1265 1643 ﬁrmissime
1304 1596 1519 1654 teneas,
1559 1585 1787 1641 amicitia
1818 1599 1915 1639 no-

338 1696 450 1742 stra
477 1701 599 1741 vera
627 1700 688 1739 ac
714 1684 1040 1753 sempiterna
1067 1681 1199 1748 erit;
1231 1690 1286 1736 et
1314 1696 1419 1735 non
1450 1680 1623 1734 solum
1650 1693 1748 1733 nos
1780 1678 1916 1733 invi-

338 1791 457 1831 cem
478 1818 494 1845 ,
521 1776 615 1831 sed
641 1774 742 1846 ipsi
770 1775 932 1829 etiam
960 1772 1187 1828 Domino
1216 1771 1456 1827 sociabit.

414 1870 467 1923 5.
495 1867 648 1935 Quod
669 1875 724 1922 ut
749 1866 861 1933 ﬁat,
889 1865 1146 1921 exhortor
1168 1863 1483 1934 gravitatem
1511 1869 1565 1916 et
1585 1860 1919 1931 prudentiam

340 1967 487 2015 tuam
508 1968 567 2013 ut
604 1958 713 2029 jam
754 1956 914 2012 etiam
958 1956 1189 2010 ﬁdelium
1228 1954 1567 2009 Sacramenta
1612 1952 1918 2023 percipias:

343 2050 499 2107 decet
522 2050 663 2105 enim
688 2058 921 2115 aetatem,
948 2057 1003 2104 et
1031 2046 1299 2117 congruit,
1324 2054 1577 2116 quantum
1599 2044 1780 2111 credo,
1806 2060 1923 2099 mo-

344 2143 490 2199 ribus
532 2142 655 2197 tuis.
694 2141 958 2195 Memento
1001 2138 1128 2209 quid
1175 2137 1304 2192 mihi
1346 2136 1544 2191 dixeris
1580 2135 1917 2205 profecturo,

344 2238 608 2293 comicum
651 2232 864 2305 quidem
905 2233 971 2288 de
1000 2233 1253 2287 Terentio
1279 2273 1294 2298 ,
1336 2230 1379 2284 si
1418 2230 1643 2297 recolis,
1673 2242 1919 2295 versum,

347 2326 441 2382 sed
471 2334 644 2381 tamen
678 2323 1011 2395 aptissimum
1038 2332 1091 2379 et
1117 2322 1459 2378 utilissimum
1492 2338 1504 2373 :

406 2448 536 2491 Nunc
556 2440 634 2489 hic
654 2439 762 2489 dies
782 2438 928 2488 vitam
950 2436 1091 2487 aliam
1122 2435 1281 2495 affert,
1305 2434 1425 2483 alios
1448 2444 1611 2495 mores
1633 2430 1857 2495 postulat.

1114 2499 1241 2560 (Ter.
1268 2491 1418 2546 Lmdr.
1444 2500 1543 2544 Act.
1572 2494 1616 2555 1,
1633 2491 1707 2542 Sc.
1728 2491 1800 2555 2.)

349 2605 500 2675 Quod
538 2606 583 2661 si
623 2604 883 2660 veraciter
916 2602 1124 2667 dixisti,
1159 2601 1293 2656 sicut
1336 2599 1403 2655 de
1448 2608 1498 2653 te
1537 2596 1778 2652 dubitare
1818 2610 1924 2651 non

349 2700 547 2765 debeo;
570 2699 678 2769 jam
719 2696 958 2767 profecto
987 2696 1064 2751 sic
1088 2695 1220 2749 vivis
1256 2702 1309 2748 ut
1337 2693 1409 2747 sis
1442 2691 1631 2762 dignus
1657 2689 1926 2759 Baptismo

350 2791 569 2847 salutari
595 2788 963 2843 remissionem
995 2786 1381 2856 prteteritorum
1411 2784 1651 2851 accipere
1678 2790 1925 2850 peccato-

349 2901 490 2941 rum.
516 2883 649 2938 Nam
671 2880 889 2937 omnino
908 2894 1013 2933 non
1037 2888 1119 2932 est
1142 2877 1225 2931 cui
1253 2874 1407 2930 alteri
1428 2882 1621 2944 prmter
1645 2872 1926 2927 Dominum

352 2977 619 3032 Christum
649 2973 792 3028 dicat
812 2986 979 3042 genus
1014 2970 1301 3024 humanum
1333 2984 1347 3021 :

473 3094 541 3136 Te
554 3086 678 3135 duce
693 3085 735 3135 si
755 3096 851 3147 qua
872 3088 1071 3147 manent
1090 3077 1294 3147 sceleris
1319 3078 1525 3141 vestigia
1545 3076 1714 3136 nostri,

476 3149 609 3198 Irrita
629 3142 867 3210 perpetua
884 3144 1077 3195 solvent
1096 3142 1357 3210 formidine.
1372 3147 1546 3210 terras.

1273 3200 1431 3266 (Virg.
1442 3199 1599 3265 Eclog.
1614 3200 1687 3264 4.)

351 3293 504 3362 Quod
532 3309 596 3349 ex
628 3294 863 3357 Cumaao,
892 3290 945 3345 id
976 3298 1078 3357 est,
1108 3303 1172 3344 ex
1194 3287 1456 3358 Sibyllino
1483 3286 1717 3341 carmine
1747 3299 1806 3340 se
1825 3282 1933 3338 fas-

355 3400 446 3441 sus
466 3394 548 3440 est
571 3381 907 3438 transtulisse
931 3380 1215 3451 Virgilius;
1241 3378 1487 3448 quoniam
1514 3376 1753 3432 fortassis
1773 3376 1932 3430 etiam

356 3476 445 3531 illa
474 3484 622 3530 vates
650 3473 845 3544 aliquid
871 3472 937 3527 de
962 3472 1120 3526 unico
1149 3470 1423 3525 Salvatore
1450 3470 1501 3524 in
1532 3468 1720 3539 spiritu
1747 3466 1933 3521 audie-

356 3578 467 3633 rat,
497 3565 639 3637 quod
665 3580 885 3620 necesse
907 3563 1092 3617 habuit
1123 3562 1382 3616 confiteri.
1415 3561 1541 3615 [huc
1566 3561 1659 3615 tibi
1680 3601 1695 3623 ,
1720 3559 1933 3614 domine

357 3660 549 3713 merito
578 3656 936 3727 suscipiende,
964 3665 1017 3711 et
1054 3655 1107 3709 in
1136 3653 1348 3710 Christo
1377 3653 1720 3708 dilectissime
1747 3667 1808 3707 ac
1836 3651 1933 3707 de-

358 3750 775 3805 siderantissime
808 3747 992 3814 frater,
1018 3746 1130 3802 sive
1155 3760 1340 3817 pauca,
1379 3745 1490 3800 sive
1520 3745 1745 3799 forsitan
1768 3743 1934 3797 multa

359 3842 497 3907 sint,
536 3849 824 3911 utcumque
864 3839 1304 3910 occupatissimus
1343 3837 1530 3908 scripsi
1562 3854 1575 3891 :
1610 3846 1697 3892 tua
1726 3849 1937 3891 sumere

361 3932 616 4001 rescripta
643 3932 909 3997 desidero,
941 3939 995 3985 et
1022 3938 1076 3985 te
1100 3944 1293 3984 nomen
1316 3927 1524 3983 dedisse
1552 3927 1691 3982 inter
1719 3940 1937 3996 compe-

360 4032 568 4090 tentes,
616 4022 701 4077 vel
748 4021 995 4075 daturum
1042 4034 1191 4083 esse,
1236 4018 1558 4087 jamjamque
1595 4030 1936 4087 cognoscere.

363 4115 619 4171 Dominus
661 4113 802 4168 Deus
828 4118 1037 4176 noster,
1068 4110 1121 4164 in
1148 4125 1305 4179 quem
1336 4108 1639 4175 credidisti,
1676 4118 1731 4162 et
1767 4107 1855 4162 hic
1886 4114 1943 4161 et

363 4208 421 4264 in
450 4205 627 4261 futuro
667 4203 860 4259 saeculo
888 4210 939 4273 te
964 4209 1270 4262 conservet,
1302 4198 1517 4253 domine
1554 4198 1744 4252 merito
1770 4197 1942 4251 susci-

366 4299 579 4370 piende,
605 4306 659 4353 et
687 4297 739 4351 in
770 4296 981 4352 Christo
1005 4293 1347 4350 dilectissime
1373 4306 1435 4347 ac
1454 4290 1943 4347 desiderantissime

365 4389 548 4445 frater.

792 4499 1116 4558 EPISTOLA
1157 4498 1393 4555 ccux'
1422 4496 1519 4571 (a).

371 4616 681 4689 Augustinus
710 4615 942 4671 Cornelio
973 4615 1150 4669 scortis
1175 4613 1342 4667 dedito
1367 4654 1382 4679 ,
1423 4612 1697 4666 admonens
1720 4610 1865 4665 illum
1890 4616 1946 4663 ut

446 4708 715 4779 Cypriane:
756 4707 928 4761 uxoris
971 4704 1223 4775 defuncta:
1264 4704 1556 4775 pudicitiam
1602 4703 1860 4769 imitetur,
1902 4701 1947 4756 si

444 4800 559 4854 uelit
585 4799 721 4853 illius
746 4800 1011 4868 impetrare
1037 4796 1232 4851 laudes.

378 4890 602 4946 Domino
630 4889 979 4945 dilectissimo
999 4929 1013 4951 ,
1042 4898 1097 4942 et
1125 4887 1422 4943 honorabili
1461 4885 1611 4941 fratri
1638 4886 1907 4941 Coansuo
1928 4927 1945 4955 ,

982 4982 1335 5036 Ancus'nsus.
1798 4986 1859 5016 κε
1878 4985 1949 5019 «ιιι

454 5079 503 5132 1.
528 5076 796 5147 Scripsisti
823 5075 951 5129 mihi
975 5082 1032 5128 ut
1058 5072 1125 5127 ad
1151 5083 1201 5129 te
1223 5074 1452 5143 aliquam
1479 5074 1736 5143 prolixam
1763 5074 1955 5143 episto-

381 5172 483 5225 lam
510 5169 920 5225 consolatoriam
948 5166 1150 5233 darem,
1176 5166 1315 5236 quod
1336 5167 1567 5235 graviter
1590 5167 1801 5235 optimae
1825 5181 1957 5219 uxo-

384 5265 457 5319 ris
502 5272 672 5317 morte
720 5260 1043 5325 movereris,
1094 5260 1231 5313 sicut
1276 5268 1514 5313 sanctum
1564 5258 1845 5313 Paulinum
1889 5257 1955 5313 ad

384 5354 667 5409 Macarium
698 5351 887 5407 fecisse
918 5350 1225 5406 meministi.
1250 5349 1317 5403 Et
1342 5349 1428 5403 illa
1457 5349 1668 5418 quidem
1698 5351 1874 5404 anima
1903 5349 1954 5403 in

385 5444 693 5499 societatem
719 5454 929 5513 recepta
966 5442 1197 5497 ﬁdelium
1233 5450 1392 5511 atque
1436 5451 1698 5496 castarum
1720 5482 1735 5507 ,
1775 5440 1959 5495 laudes

389 5550 489 5590 nec
533 5547 720 5600 curat,
764 5551 860 5590 nec
898 5534 1089 5606 qttmrit
1126 5534 1413 5599 humanas;
1458 5533 1550 5587 sed
1580 5534 1701 5603 quia
1743 5543 1959 5603 propter

455 5673 472 5693 ⁸
496 5680 716 5723 Corrccta
753 5673 811 5722 ad
846 5687 892 5722 α.
926 5674 1009 5735 bg.
1036 5672 1102 5721 bl.
1128 5686 1171 5722 c.
1197 5684 1265 5720 cc.
1293 5670 1342 5719 ff.
1369 5686 1418 5735 g.
1445 5686 1526 5734 gv.
1548 5672 1584 5733 j.
1611 5685 1659 5718 ιι.
1686 5684 1728 5719 r.
1753 5686 1793 5722 s.
1820 5672 1894 5722 sb.
1921 5678 1957 5722 t.

390 5749 468 5788 vc.
490 5741 695 5798 quatuor
720 5750 764 5785 v.
792 5743 843 5784 et
864 5736 976 5785 Edd.

455 5824 531 5889 (a)
547 5822 671 5873 Alias
693 5820 939 5887 125:quse
959 5829 1123 5873 autem
1144 5822 1235 5873 259
1260 5827 1381 5884 erat,
1406 5834 1534 5870 nunc
1560 5823 1667 5872 131.

749 5924 871 5947 μη,
920 5935 931 5943 ,

1478 362 1957 427 EPISTOLARUM
1992 366 2269 428 CLASSIS
2309 370 2397 428 IV.

3452 385 3475 440 i
3486 384 3589 441 οτι

2013 496 2109 537 eos
2147 482 2281 538 ﬁunt
2306 485 2434 551 ista,
2473 484 2564 556 qui
2589 486 2812 555 vivunt,
2840 488 2987 558 prius
3006 497 3090 545 est
3118 496 3174 545 ut
3215 501 3268 547 tu
3289 533 3304 559 ,
3334 493 3425 564 qui
3458 510 3590 550 con-

2016 576 2179 631 solari
2204 578 2319 646 ejus
2346 578 2503 634 laude
2533 580 2825 648 desideras,
2855 582 2927 637 ita
2955 583 3122 651 vivas,
3145 593 3202 639 ut
3227 584 3335 640 illic
3360 585 3449 640 ubi
3480 587 3589 656 ipsa

2016 677 2133 732 est,
2161 682 2279 723 esse
2307 671 2580 725 merearis.
2608 671 2791 743 Neque
2816 674 2960 727 enim
2978 675 3159 729 dubito
3180 676 3319 747 quod
3339 692 3454 732 eam
3483 692 3591 731 non

2017 757 2205 813 credas
2230 759 2301 813 ibi
2329 775 2469 827 esse,
2503 763 2589 816 ubi
2612 763 2716 818 illae
2743 772 2867 819 sunt
2886 781 3003 835 qua:
3025 767 3107 820 vel
3139 767 3411 823 adulteriis
3438 770 3576 826 lectu

2016 846 2126 901 lum
2149 848 2479 920 conjugalem
2508 853 2844 921 polluerunt,
2883 856 2964 910 vel
3004 857 3146 912 nullo
3186 858 3430 929 conjugio
3455 860 3593 917 deli-

2015 950 2152 1009 gataa
2191 940 2537 999 fornicatione
2573 944 2859 1001 ﬂuxerunt.
2904 949 3077 1016 Quare
3100 990 3116 1016 ,
3163 950 3230 1004 de
3271 951 3411 1007 illius
3440 952 3595 1011 laude

2016 1030 2131 1085 viro
2173 1032 2326 1103 longe
2356 1034 2598 1090 dissimili
2644 1038 2793 1107 quasi
2838 1037 3017 1107 fugare
3069 1040 3207 1096 velle
3250 1042 3592 1111 mmstitiam,

2015 1120 2248 1177 adulatio
2270 1133 2370 1191 est,
2391 1140 2494 1181 non
2512 1129 2825 1183 consolatio.
2849 1128 2979 1185 Nam
3007 1130 3049 1186 si
3076 1147 3191 1187 eam
3214 1133 3460 1203 diligeres
3490 1135 3593 1191 sieo

2016 1220 2074 1266 ut
2099 1212 2210 1282 ipsa
2244 1223 2294 1269 te
2351 1216 2554 1283 dilexit,
2586 1234 2854 1275 servasses
2889 1220 2940 1276 ei
2967 1222 3107 1292 quod
3138 1224 3229 1278 tibi
3256 1223 3367 1294 ipsa
3406 1239 3593 1283 serva-

2018 1306 2111 1361 vit.
2157 1306 2367 1361 Etcum
2396 1308 2504 1376 illa,
2540 1311 2583 1364 si
2621 1312 2767 1381 prior
2789 1312 3011 1369 obiisses
3035 1356 3049 1381 ,
3096 1317 3241 1371 nullo
3284 1317 3440 1372 modo
3476 1334 3594 1375 cre-

2020 1400 2189 1457 denda
2239 1392 2308 1457 sit
2348 1405 2592 1474 cuiquam
2640 1406 2801 1462 fuisse
2852 1418 3109 1479 nuptura;
3162 1426 3339 1467 nonne
3384 1412 3426 1466 si
3471 1427 3596 1468 vere

2020 1493 2219 1547 obitum
2256 1495 2372 1565 ejus
2414 1496 2657 1553 laudibus
2692 1499 2808 1569 ejus
2848 1501 3201 1557 consolandus
3239 1502 3485 1571 doleres,
3527 1517 3598 1563 nc

2023 1600 2176 1639 unam
2209 1588 2421 1657 quidem
2463 1604 2527 1644 ac
2564 1589 2760 1645 licitam
2806 1600 2924 1661 post
2962 1592 3106 1648 illam
3135 1593 3413 1665 conjugem
3441 1610 3593 1666 qua:-

2021 1692 2168 1733 reres
2186 1679 2210 1732 ?

2090 1773 2145 1827 2.
2174 1772 2269 1827 Hic
2296 1782 2348 1828 tu
2388 1773 2623 1830 dicturus
2649 1790 2707 1830 es
2740 1793 2753 1830 :
2783 1775 2919 1843 Quid
2960 1792 3166 1832 mecum
3205 1792 3392 1848 aspere
3432 1777 3543 1848 agis
3566 1776 3593 1832 2

2022 1864 2146 1935 quid
2171 1863 2301 1919 dure
2326 1865 2617 1935 objurgas?
2642 1866 2829 1921 Nonne
2854 1868 2993 1923 inter
3020 1869 3133 1923 haec
3166 1870 3326 1924 verba
3356 1884 3480 1925 ecce
3510 1884 3599 1925 se-

2023 1956 2261 2019 nuimus,
2291 1955 2415 2009 dum
2445 1958 2549 2011 vita
2574 1957 2783 2012 ducitur
2821 1960 2964 2028 prius
2995 1960 3221 2015 ﬁnienda
3247 1976 3403 2031 quam
3432 1962 3601 2017 corri-

2023 2044 2234 2116 genda?
2283 2044 2375 2100 Vis
2425 2054 2481 2101 ut
2524 2047 2792 2117 ignoscam
2836 2049 3091 2104 exitiabili
3135 2050 3401 2105 securitati
3451 2060 3597 2105 tuae:

2024 2148 2221 2209 quanto
2249 2140 2415 2194 satius
2456 2150 2510 2194 tu
2539 2140 2767 2211 ignoscis
2786 2184 2801 2208 ,
2834 2142 2878 2196 si
2915 2160 3020 2197 non
3050 2144 3294 2208 amabili,
3328 2153 3472 2198 certe
3496 2143 3598 2198 mi-

2026 2228 2240 2284 serabili
2288 2230 2628 2283 sollicitudini
2676 2231 2851 2285 mete?
2898 2230 3115 2285 Inimico
3165 2231 3375 2301 quidem
3420 2232 3603 2287 animo

2028 2319 2230 2374 Tullius
2255 2320 2618 2385 invehebatur,
2648 2332 2698 2375 et
2722 2322 2876 2390 longe
2898 2322 2996 2374 alia
3022 2331 3135 2376 crat
3161 2331 3423 2376 terrenam
3454 2337 3602 2377 rem-

2029 2411 2289 2481 publicam
2314 2412 2654 2481 gubernantis
2683 2413 2925 2477 intentio,
2952 2421 3004 2466 et
3034 2421 3207 2467 tamen
3250 2414 3323 2465 ait
3355 2431 3367 2465 :
3401 2410 3560 2482 Cupio
3579 2453 3601 2479 ,

2028 2499 2212 2556 Patres
2238 2502 2543 2572 conscripti,
2586 2518 2663 2554 me
2688 2517 2792 2555 esse
2827 2502 3144 2566 clementem;
3174 2502 3321 2572 cupio
3364 2504 3416 2555 in
3449 2503 3602 2558 tantis

2026 2592 2315 2663 reipublicw
2342 2593 2577 2663 periculis
2612 2609 2711 2646 non
2743 2593 3040 2647 dissolutum
3076 2594 3231 2647 videri
3270 2593 3394 2665 (Cic.
3419 2610 3509 2664 pro
3537 2594 3604 2650 S.

2029 2683 2229 2754 Rosa).
2267 2684 2475 2749 Quanto
2510 2684 2706 2753 justius
2750 2699 2849 2753 ego
2889 2684 3039 2751 dico,
3082 2700 3201 2738 cum
3243 2686 3355 2754 ipse
3388 2686 3604 2742 noveris

2030 2790 2187 2846 quam
2215 2776 2307 2830 tibi
2336 2777 2562 2831 amicum
2592 2777 2823 2831 animum
2854 2792 3063 2847 geram,
3102 2778 3153 2831 in
3184 2786 3398 2833 tolerate
3422 2779 3610 2835 civita—

2031 2866 2100 2919 tis
2128 2865 2345 2921 servitio
2373 2866 2690 2921 constitutus
2728 2865 2969 2922 minister
3008 2868 3157 2924 verbi
3184 2871 3608 2941 sacramentique

2032 2955 2194 3011 divini
2224 2974 2238 3010 :
2265 2957 2441 3025 cupio,
2483 2956 2645 3011 frater
2678 2956 2924 3024 Corneli,
2967 2974 3053 3014 me
3092 2975 3212 3015 esse
3254 2962 3607 3030 clementem;

2033 3047 2188 3117 cupio
2217 3047 2272 3102 in
2297 3048 2459 3104 tantis
2484 3047 2588 3103 tuis
2616 3047 2852 3119 meisque
2879 3050 3128 3120 periculis
3154 3066 3260 3107 non
3288 3052 3608 3109 dissolutum

2033 3138 2201 3195 videri
2220 3140 2243 3193 ?

2106 3233 2158 3288 ὖ.
2191 3234 2348 3290 Plebs
2375 3235 2660 3291 mulierum
2688 3238 2913 3293 excubat
2948 3238 3197 3294 lateribus
3241 3243 3375 3308 tuis,
3418 3239 3612 3296 crescit

2036 3323 2089 3380 in
2133 3325 2248 3381 dies
2292 3328 2539 3397 pellicum
2583 3345 2862 3396 numerus;
2908 3331 3147 3400 ejusdem
3185 3343 3361 3388 autem
3402 3334 3610 3391 numeri
3692 3370 3693 3373 η

2036 3417 2308 3472 (luminum
2332 3460 2348 3485 ,
2378 3420 2483 3475 imo
2511 3436 2640 3476 vero
2670 3437 2879 3477 servum
2908 3423 3187 3478 insatiabili
3221 3441 3313 3495 per
3338 3433 3417 3481 tot
3436 3435 3613 3481 scorta

2038 3508 2254 3565 libidine
2280 3510 2629 3576 diffluentem,
2660 3522 2714 3567 et
2742 3513 2923 3568 laudes
2951 3514 3207 3570 defunctae
3236 3525 3396 3571 castae
3423 3518 3611 3587 conju-

2038 3601 2118 3671 gis
2158 3617 2188 3655 a
2219 3602 2370 3657 nobis
2394 3643 2408 3667 ,
2440 3604 2586 3657 velut
2610 3604 2676 3659 ad
2716 3605 3056 3673 mitigandam
3094 3608 3397 3663 mcestitiam
3423 3624 3569 3663 suam
3592 3652 3609 3675 ,

2036 3692 2155 3762 jure
2184 3694 2431 3748 amicitiae
2452 3694 2774 3765 flagitantem
2796 3697 3029 3767 episcopi
3055 3698 3314 3766 patienter
3333 3700 3616 3755 audimus?

2041 3785 2141 3852 Qui
2170 3800 2289 3839 cum
2318 3800 2485 3852 esses,
2514 3801 2618 3840 non
2646 3786 2818 3841 dicam
2849 3788 3291 3854 catechumenus,
3323 3789 3415 3843 sed
3446 3791 3497 3844 in
3524 3806 3614 3845 ero

2041 3892 2164 3933 rore
2210 3878 2483 3934 nobiscum
2528 3880 2976 3949 perniciosissimo
3018 3884 3335 3937 constitutus
3371 3883 3615 3952 juvenis,

2039 3968 2338 4038 junioribus
2368 3970 2519 4023 nobis
2536 4010 2550 4034 ,
2574 3969 2642 4023 ab
2666 3969 2767 4024 hoc
2795 3980 2848 4025 te
2872 3972 3000 4026 vitio
3026 3974 3502 4042 temperantissima
3530 3987 3621 4027 vo-

2045 4057 2248 4111 luntate
2271 4072 2600 4125 correxeras,
2630 4074 2736 4128 quo
2760 4075 2866 4113 non
2891 4070 3006 4129 post
3030 4062 3240 4131 longum
3263 4071 3470 4131 tempus
3501 4077 3625 4116 sor-

2046 4146 2220 4202 didius
2258 4148 2556 4215 revolutus,
2605 4148 2797 4203 deinde
2846 4150 2896 4203 in
2941 4159 3180 4206 extremo
3222 4152 3342 4206 vita:
3379 4154 3621 4222 periculo

2045 4238 2361 4309 baptizatus,
2396 4254 2500 4293 non
2529 4238 2722 4307 dicam,
2749 4248 2799 4294 te
2824 4255 2971 4307 sene,
3000 4241 3092 4295 sed
3117 4243 3276 4297 etiam
3300 4243 3454 4297 nobis
3473 4252 3621 4298 certe

2043 4332 2153 4402 jam
2183 4333 2397 4389 senibus
2418 4342 2471 4388 et
2491 4334 2705 4404 insuper
2723 4334 3008 4407 episcopis,
3034 4335 3267 4390 nondum
3292 4336 3618 4391 emendaris.

2048 4423 2144 4479 Vis
2172 4424 2239 4479 de
2262 4425 2415 4479 bona:
2438 4430 2619 4482 uxoris
2648 4436 2818 4481 morte
2843 4443 2936 4497 per
2960 4441 3059 4480 nos
3086 4427 3350 4482 consolari
3379 4444 3392 4481 :
3421 4442 3521 4482 nos
3549 4427 3620 4483 de

2049 4516 2149 4572 hac
2179 4526 2264 4572 tua
2298 4518 2504 4573 veriore
2533 4527 2704 4575 morte
2731 4520 2849 4590 quis
2872 4519 3216 4574 consolatur?
3244 4520 3323 4575 An
3361 4523 3483 4592 quia
3511 4536 3621 4576 non

2050 4623 2332 4680 possumus
2368 4609 2610 4666 oblivisci
2649 4618 2793 4664 tanta
2830 4625 2953 4680 erga
2985 4626 3082 4666 nos
3126 4611 3313 4665 merita
3342 4619 3428 4665 tua
3453 4650 3468 4677 ,
3497 4611 3622 4667 ideo

2051 4699 2317 4754 cruciaadi
2364 4699 2536 4755 adhuc
2582 4714 2764 4755 sumus
2813 4702 3050 4757 moribus
3092 4702 3227 4768 tuis,
3276 4701 3396 4755 ideo
3440 4709 3623 4755 conte-

2053 4790 2269 4846 mnendi
2293 4832 2307 4855 ,
2339 4799 2393 4846 et
2417 4807 2512 4861 pro
2538 4791 2702 4846 nihilo
2728 4791 2955 4847 habendi
2982 4832 2996 4857 ,
3026 4793 3237 4862 quando
3274 4792 3531 4861 gemimus
3554 4793 3622 4847 ad

2056 4891 2106 4937 tc
2130 4882 2197 4937 de
2224 4881 2316 4936 te?
2345 4881 2449 4937 Sed
2473 4880 2701 4938 fatemur
2720 4898 2818 4938 nos
2842 4900 2944 4937 non
2975 4898 3092 4938 esse
3114 4883 3307 4952 aliquid
3334 4883 3400 4937 ad
3427 4892 3478 4937 te
3498 4898 3621 4937 cor-

2054 4973 2328 5043 rigendum
2358 4988 2421 5028 ac
2447 4974 2780 5031 sanandum:
2827 4975 2964 5029 Deus
3005 4973 3333 5039 attendatur,
3376 4973 3621 5029 Christus

2056 5064 2348 5133 cogitetur,
2395 5064 2678 5132 Apostolus
2722 5064 2963 5118 audiatur
3007 5063 3231 5118 dicens:
3262 5063 3465 5117 Totiens
3504 5081 3624 5135 ergo

2059 5154 2277 5211 membra
2305 5154 2509 5219 Christi,
2538 5155 2719 5224 faciam
2750 5155 2967 5208 membra
2997 5155 3264 5208 meretricis
3301 5152 3359 5226 (1
3388 5153 3504 5207 Cor.
3534 5169 3624 5221 vr,

2062 5247 2178 5319 15)?
2204 5248 2257 5303 Si
2284 5248 2678 5317 qualiscumque
2702 5248 2933 5317 episcopi
2962 5246 3115 5300 amici
3145 5246 3220 5299 tui
3240 5247 3397 5301 verba
3421 5247 3629 5317 spernis

2064 5342 2115 5397 in
2141 5340 2302 5397 corde
2340 5350 2449 5407 tuo,
2495 5355 2688 5411 corpus
2733 5339 2940 5394 Domini
2987 5338 3063 5392 tui
3098 5338 3267 5408 cogita
3310 5339 3361 5392 in
3408 5353 3631 5407 corpore

2064 5441 2156 5487 tuo
2203 5449 2218 5486 :
2267 5441 2574 5503 pestremo,
2623 5430 2926 5501 quomodo1
2979 5428 3044 5484 de
3099 5429 3187 5483 die
3236 5430 3288 5484 in
3339 5430 3480 5483 diem
3525 5427 3631 5482 dif-

2067 5522 2283 5577 ferendo
2345 5537 2570 5593 peccas,
2634 5537 2755 5577 cum
2802 5530 3097 5577 extremum
3144 5519 3285 5576 diem
3340 5528 3483 5575 tuum
3536 5534 3633 5575 nco

2069 5614 2206 5669 scias
2225 5612 2248 5665 ?

2068 5840 2098 5891 ᾳ
2130 5767 2264 5877 8188.
2280 5767 2496 5831 quinque
2517 5766 2675 5817 Gallic.
2690 5774 2739 5817 et
2760 5766 2855 5818 duo
2877 5768 3042 5831 Vatic.,
3059 5765 3296 5832 quoniam.
3312 5766 3396 5817 Alii
3418 5774 3645 5834 quatuor,

2103 5842 2125 5875 It
2184 5862 2197 5877 ο

2103 5842 2197 5877 ιλια.
