4084 6332
284 351 415 411 ωιτη

281 466 536 525 nobilibus
558 463 841 524 me
875 460 1021 522 meis,
1039 474 1175 523 attat.
1205 456 1357 526 Quod
1405 458 1450 513 si
1476 459 1661 515 volens
1686 456 1859 527 facio,

280 560 580 617 maceriam
602 558 779 619 habeo
804 574 825 613 ις
841 555 886 617 si
900 551 1320 617 unanimum,
1356 559 1555 611 tantum
1581 550 1861 618 dispenso:-

280 654 351 710 tio
368 653 495 708 mihi
515 652 716 708 creata
732 657 818 706 est
836 666 851 716 ς
872 660 1047 717 scipio
1070 646 1210 703 enim
1236 659 1358 703 esse
1372 644 1560 699 salutis
1582 643 1720 699 illius
1738 641 1854 695 dis—

281 752 611 818 pensatorem
668 758 761 811 per
789 740 1009 796 verbum
1048 752 1111 795 ac
1154 738 1576 801 Saoramentum,
1615 734 1722 803 jam
1750 733 1856 789 hoc

283 846 362 893 est
388 838 550 891 etiam
580 848 698 890 esse
725 834 1051 903 participem.
1079 831 1209 886 Nam
1230 831 1275 885 si
1304 845 1399 900 per
1422 830 1591 885 bonos
1612 842 1715 881 non
1744 824 1857 880 disc

283 937 612 999 pensaretur,
652 943 758 981 non
800 935 942 981 recte
1003 924 1285 993 Apostolus
1320 920 1855 979 diceretdmitatores

283 1020 375 1072 mei
404 1028 559 1073 estote
587 1018 715 1071 sicut
739 1027 785 1071 et
813 1034 903 1088 ego
931 1014 1114 1071 Christi
1145 1014 1185 1084 (Ι
1209 1014 1323 1069 Cor.
1358 1030 1425 1080 tv,
1458 1015 1506 1079 l,
1525 1013 1607 1083 lG)
1654 1011 1853 1066 Rursus

283 1110 325 1177 si
349 1125 441 1179 per
466 1109 633 1164 malos
671 1123 775 1163 non
806 1107 1219 1176 dispensaretur,
1267 1120 1371 1159 non
1422 1105 1492 1157 de
1538 1101 1854 1173 quibusdam

282 1201 535 1257 Dominus
577 1200 808 1254 diceret:
846 1199 970 1261 Quw
1008 1197 1197 1263 dicunt,
1218 1198 1399 1269 facile;
1430 1208 1540 1261 qtae
1585 1200 1747 1244 autem
1776 1192 1856 1260 fa-

284 1294 437 1360 ciunt,
471 1294 635 1362 facere
658 1292 812 1344 nolite
836 1306 853 1343 :
876 1291 1047 1343 dicunt
1068 1289 1220 1354 enim,
1242 1297 1286 1343 et
1308 1304 1407 1341 non
1430 1273 1619 1356 faciunt
1646 1281 1851 1356 (Matth.

284 1402 430 1450 xxni,
464 1385 538 1456 5).
572 1385 717 1440 Multi
754 1398 879 1453 ergo
908 1382 1299 1452 dispensatores
1340 1384 1481 1445 sunt,
1517 1392 1608 1445 per
1632 1388 1854 1453 quorum

282 1479 630 1534 ministerium
670 1476 974 1547 pervenitur
1016 1475 1080 1530 ad
1126 1483 1379 1528 mternam
1430 1470 1651 1527 salutem
1707 1485 1718 1520 :
1762 1452 1856 1520 sed

283 1574 533 1642 quaeritur
561 1572 698 1625 inter
718 1569 1111 1637 dispensatores
1132 1576 1186 1621 ut
1214 1564 1381 1621 ﬁdelis
1411 1562 1530 1643 quis
1559 1558 1857 1615 inveniatur

286 1666 323 1738 (l
348 1666 463 1720 Cor.
497 1681 568 1730 tv,
607 1666 696 1734 2);
744 1672 797 1719 et
824 1664 959 1717 inter
991 1663 1132 1730 ipsos
1164 1659 1377 1723 ﬁdeles,
1428 1657 1482 1710 in
1514 1668 1739 1724 quorum
1772 1667 1857 1708 me

284 1770 505 1811 numero
532 1756 619 1810 ille
662 1755 751 1825 qui
796 1769 902 1807 non
930 1752 1126 1811 fallitur
1152 1756 1441 1818 computet,
1487 1747 1619 1802 alius
1646 1752 1727 1797 est
1757 1742 1855 1810 sic,

284 1848 417 1901 alius
444 1855 620 1900 autem
651 1846 726 1899 sic
753 1844 859 1917 (Id.
887 1860 979 1907 vn,
999 1825 1072 1912 ἔ7),
1105 1842 1242 1895 sicut
1272 1838 1555 1908 unicuique
1574 1837 1715 1893 Deus
1736 1850 1857 1905 par-

287 1938 410 1995 titus
436 1946 517 1990 est
541 1952 840 1990 mensuram
865 1934 984 1987 lidei
1016 1931 1190 2002 (Rom.
1220 1947 1313 1997 xu,
1344 1929 1419 1999 5).

355 2029 406 2081 5.
448 2026 647 2096 Itaque,
686 2025 848 2079 frater
887 2002 1199 2083 charissime
1230 2030 1385 2087 atque
1416 2016 1738 2083 dulcissime,
1769 2030 1862 2086 pa-

286 2126 397 2171 scat
430 2128 478 2171 te
508 2117 757 2170 Dominus
783 2116 955 2185 potius
978 2113 1247 2183 sapientiae
1274 2110 1512 2177 ﬂoribus,
1546 2118 1599 2163 et
1623 2108 1723 2162 vivi
1747 2106 1862 2160 lon—

287 2209 354 2263 tis
371 2208 641 2263 haustibus
667 2206 925 2276 irriget.Si
942 2198 1061 2274 quid
1082 2215 1256 2258 autem
1282 2217 1375 2271 per
1400 2199 1668 2271 operulam
1689 2212 1861 2251 meam

288 2299 688 2369 religiosissima
702 2296 874 2351 studio
897 2294 985 2350 tuo
1007 2292 1233 2349 conferri
1254 2308 1409 2362 posse
1435 2290 1726 2353 arbitraris,
1742 2288 1861 2358 quia

288 2401 341 2447 et
369 2406 615 2461 eapacem
644 2400 694 2445 te
716 2406 833 2445 esse
856 2388 1110 2457 intelligo,
1132 2396 1184 2440 et
1208 2384 1414 2438 avidum
1446 2382 1653 2446 sentio;
1696 2379 1863 2450 magis

289 2483 340 2537 iu
369 2483 468 2535 alia
493 2492 668 2536 nostra
696 2479 967 2549 opuscula,
1001 2492 1118 2546 qum
1139 2475 1316 2529 multis
1338 2473 1692 2527 voluminibus
1719 2483 1867 2523 com-

289 2572 703 2644 prehenduntur,
735 2570 825 2625 tibi
843 2571 1048 2623 animus
1076 2564 1429 2621 intendendus
1455 2566 1555 2629 est,
1577 2576 1735 2632 quam
1774 2572 1867 2627 per

291 2665 541 2735 epistolas
586 2663 781 2733 aliquid
831 2659 1149 2732 sperandum
1188 2656 1330 2728 quod
1360 2663 1505 2711 tuum
1545 2652 1865 2709 desiderium

292 2759 459 2829 possit
485 2757 719 2825 explere.
753 2755 858 2808 Aut
881 2762 1023 2809 certe
1052 2754 1102 2805 in
1132 2751 1413 2820 praesentia
1436 2762 1584 2802 sume
1612 2745 1749 2815 quod
1770 2758 1867 2813 po-

291 2860 441 2917 t‘ero,
493 2865 648 2919 quam
681 2859 732 2904 te
781 2856 909 2917 puto
936 2855 1080 2899 tuam
1114 2844 1264 2899 nobis
1290 2843 1408 2896 ideo
1450 2856 1555 2894 non
1592 2838 1864 2900 exhibere,

292 2944 415 3013 quia
443 2956 547 2995 non
578 2940 657 2993 vis
692 2958 705 2993 :
736 2937 861 3007 quid
885 2938 1024 2991 enim
1058 2946 1304 3004 magnum
1329 2940 1429 2998 est,
1454 2930 1734 2999 adjuvante
1762 2928 1870 2980 Do-

294 3033 459 3096 mino,
490 3039 545 3083 ut
566 3030 722 3084 homo
749 3028 881 3081 liber
909 3040 939 3079 a
968 3026 1274 3093 cujusquam
1301 3022 1399 3075 loci
1441 3032 1661 3074 munere
1684 3015 1898 3071 venias‘

295 3122 361 3177 ad
392 3137 506 3185 nos,
527 3122 639 3177 sive
690 3120 963 3174 uobiscum
990 3117 1079 3170 diu
1109 3115 1336 3181 futurus,
1386 3113 1497 3167 siVe
1527 3116 1741 3182 peracto
1764 3108 1870 3161 sal-

297 3221 403 3268 tem
434 3212 663 3281 pauxillo
688 3210 940 3278 temporis
968 3204 1263 3261 rediturus?

370 3304 424 3356 4.
454 3303 592 3356 Ecce
619 3312 755 3370 pene
785 3298 980 3352 factum
1004 3293 1258 3363 est,quod
1287 3292 1340 3346 in
1368 3289 1599 3360 quinque
1626 3300 1875 3342 versuum

300 3403 508 3453 tuorum
535 3394 690 3448 tertio
714 3390 954 3462 posuisti,
999 3396 1058 3442 ut
1084 3386 1248 3455 magis
1272 3384 1547 3453 loquacem
1576 3392 1731 3450 quam
1761 3378 1877 3432 elo-

300 3495 549 3560 quentem
577 3484 799 3538 haberes
844 3479 1122 3550 epistolam
1176 3488 1369 3529 meam.
1402 3470 1554 3538 Quod
1593 3477 1769 3524 autem
1822 3467 1875 3520 in

302 3557 486 3650 quinto
509 3584 666 3645 atque
694 3574 878 3627 ultimo
899 3584 1053 3624 versu
1091 3561 1295 3636 septem
1334 3563 1500 3633 pedes
1526 3568 1669 3624 sunt,
1696 3557 1879 3612 nescio

304 3679 477 3727 utrum
504 3677 760 3722 numerus
777 3673 921 3718 tuum
938 3660 1129 3715 fefellit
1153 3656 1410 3720 auditum,
1440 3668 1509 3707 an
1536 3650 1766 3720 experiri
1784 3664 1881 3703 vo-

305 3761 446 3819 luisti
473 3768 649 3814 utrum
668 3753 954 3825 egoadhuc
970 3752 1068 3806 ista
1089 3747 1378 3819 dijudicare
1395 3743 1745 3802 muniuerim,
1760 3755 1880 3810 qum

306 3850 446 3908 forte
492 3852 600 3919 jam
626 3847 775 3903 obliti
820 3851 943 3900 sunt
992 3842 1082 3911 qui
1110 3841 1293 3894 talium
1323 3833 1604 3905 aliquando
1627 3830 1873 3896 studiosi,

306 3952 491 4017 postea
519 3939 803 4011 plurimum
831 3932 1275 3989 ineuclosiasticis
1301 3927 1491 3982 litteris
1522 3923 1879 3994 profecerunt.

378 4036 432 4091 5.
475 4031 789 4087 Psalterium
817 4043 846 4081 a
874 4034 1061 4081 sancto
1101 4024 1425 4089 Hiemnymo
1464 4016 1774 4070 uatislatum
1814 4027 1883 4066 ex

308 4128 527 4186 hebraeo
569 4138 675 4178 non
727 4121 915 4175 habeo.
943 4117 1051 4171 Nos
1098 4122 1276 4168 autem
1308 4126 1410 4164 non
1438 4106 1882 4175 uitemretatisu-

311 4233 450 4281 mus,
482 4214 575 4269 sed
600 4213 842 4268 codicum
889 4207 1173 4261 latiuon
1204 4202 1480 4257 nonnullas
1504 4196 1891 4252 mendositates

313 4323 379 4363 ex
403 4306 587 4376 grmcis
598 4299 992 4370 exemplaribus
1026 4293 1444 4351 emendavimus.
1472 4288 1623 4345 Unde
1646 4286 1889 4341 fortassis

315 4397 594 4456 homines
620 4391 819 4463 aliquid
861 4387 1193 4445 commodius
1212 4398 1373 4454 quam
1402 4389 1535 4447 erat,
1579 4394 1687 4433 non
1708 4387 1889 4430 tamen

318 4491 422 4545 tale
439 4487 595 4557 quale
622 4499 744 4539 esse
768 4481 1013 4538 latebat.
1056 4477 1190 4532 Nam
1226 4475 1387 4529 etiam
1414 4486 1575 4537 nunc,
1604 4484 1724 4539 quae
1747 4466 1888 4521 forte

319 4598 416 4639 nos
440 4592 571 4641 tunc
606 4578 990 4649 praeterierunt,
1032 4572 1077 4626 si
1107 4571 1342 4639 legentes
1367 4563 1649 4627 moverint,
1681 4559 1897 4616 collatis

319 4674 588 4731 corticibus
617 4668 979 4724 emendantes.
1012 4663 1087 4717 ita
1134 4659 1260 4715 illud
1284 4656 1428 4729 quod
1457 4653 1744 4726 perfectum
1785 4659 1888 4719 est,

322 4778 497 4822 tecum
527 4777 624 4818 nos
647 4775 856 4832 quoque
882 4752 1219 4826 requirimus.

743 4848 1069 4911 EPISTOLA
1106 4841 1326 4900 CCLXII
1351 4843 1370 4865 ·
1394 4840 1489 4912 (α).

322 4946 630 5020 Augustinus
657 4941 902 5005 Ecdiciae,
921 4953 1030 5010 qua:
1044 4937 1289 4993 nesciente
1316 4934 1421 4987 viro
1444 4945 1556 4993 suo,
1574 4927 1703 4981 bona
1727 4940 1817 4979 sua
1840 4924 1901 4977 in.

392 5018 757 5110 umquam
783 5031 1117 5095 distribuerat,
1139 5037 1183 5082 et
1209 5025 1457 5080 vidualem
1482 5020 1701 5076 habitum
1721 5018 1897 5073 indue-

393 5144 491 5199 rat,
524 5130 877 5188 correctionem
895 5124 1096 5199 adhibet
1113 5136 1261 5191 quam
1288 5117 1604 5184 acerrimam,
1630 5114 1897 5183 injungem

328 5282 335 5287 .
395 5235 449 5281 ut
471 5239 622 5294 super
644 5221 719 5276 his
744 5218 895 5291 faciat
914 5216 1035 5271 satis
1057 5212 1162 5267 viro
1191 5225 1300 5265 suo.

326 5319 566 5393 Domina:
586 5311 998 5389 religiosissima:
1022 5306 1142 5363 ﬁliae
1160 5304 1387 5361 Eanth
1405 5286 1444 5367 ί,
1468 5288 1819 5364 AUGUSTINUS,
1846 5292 1901 5350 in

857 5399 1085 5460 DOmiuo
1123 5396 1365 5451 salutem.

404 5504 456 5560 l.
497 5499 673 5557 Lectis
690 5494 879 5553 litteris
906 5489 1236 5548 Reverentia:
1266 5495 1387 5551 tuae,
1419 5491 1473 5539 et
1499 5496 1680 5541 earum
1719 5478 1902 5553 perla-

330 5666 335 5671 Α
396 5617 415 5649 ⁸
442 5612 627 5663 Vetusti
655 5610 767 5660 cdd.
789 5614 946 5657 Germ.
975 5610 1027 5655 et
1045 5596 1452 5664 mrb.,Egdigiw.

398 5697 417 5717 ⁶
443 5692 700 5756 secespita
712 5691 771 5756 ad
793 5704 839 5741 a.
863 5702 910 5737 a.
934 5688 1017 5756 hg.
1035 5684 1105 5735 bl.
1127 5698 1171 5734 c.
1190 5696 1259 5734 cc.
1281 5682 1358 5732 cb.
1384 5679 1434 5729 if.
1459 5693 1508 5742 g.
1534 5691 1615 5742 gg.
1642 5675 1775 5742 gv.l.
1794 5689 1843 5726 [ι.
1860 5689 1908 5732 ι’,

333 5768 381 5833 ι
396 5722 1017 5833 iiiis-1's?

330 5800 474 5885 Γῶ
490 5800 753 5873 illisit”:
769 5824 881 5879 qua:
898 5818 1066 5863 autem
1083 5806 1177 5860 262
1198 5810 1322 5869 erat,
1341 5814 1470 5855 nunc
1488 5800 1596 5865 229.

1433 335 1921 401 ΕΡΒἸῸΒΚΜΜ
1937 336 2217 399 ϐῐικόῧΰ
2255 340 2342 401 ιν.

1962 464 2076 512 tunc
2105 457 2429 543 interrogato
2478 473 2599 529 quae
2620 460 3003 530 inmanitatis
3036 462 3331 527 ηεωδαιιε,
3364 465 3533 519 κρικ-

1960 556 2170 603 menter
2217 548 2365 605 dolui
2398 550 2480 606 sic
2532 559 2583 607 te
2630 551 2862 607 vduisse
2885 567 3041 622 agerc
3087 567 3211 609 cum
3230 555 3535 617 mrito,ut

1959 638 2236 694 mdilicium
2262 642 2623 709 conﬁscatum
2646 644 2791 712 quod
2819 644 2946 699 inoo
2966 645 3075 713 jam
3097 645 3335 699 construi
3356 659 3535 714 coepe-

1960 740 2060 796 rat,
2090 732 2283 786 amissa
2306 735 2692 802 perseverantia
2718 735 2770 790 in
2797 734 3040 791 adulterii
3064 736 3271 793 ruinam
3311 737 3536 791 misera»

1960 822 2137 877 biliter
2169 825 2450 879 laberetur.
2497 824 2629 881 Cum
2667 828 2808 881 enim
2840 828 3095 897 lugendus
3128 838 3289 893 esset,
3338 831 3384 883 si
3412 837 3534 897 post

1959 916 2334 971 continentiam
2356 928 2532 973 votam
2563 919 2692 985 Deo,
2710 919 2928 989 jamque
2974 929 3093 976 actu
3121 921 3234 989 ipso
3266 921 3530 975 moribus-

1959 1025 2062 1078 que
2110 1021 2433 1081 susceptum,
2480 1022 2838 1069 reverteretur
2883 1014 2947 1068 ad
2988 1014 3232 1083 conjugis
3276 1029 3528 1079 aariiem;

1959 1110 2155 1170 quanto
2181 1104 2345 1173 magis
2364 1120 2505 1159 nunc
2535 1105 2810 1161 demersus
2852 1106 2903 1160 in
2926 1106 3196 1160 interitum
3227 1105 3532 1175 profundius!

1962 1210 2074 1247 rem
2098 1195 2355 1263 lugendus
2390 1205 2492 1263 est,
2522 1198 2612 1267 qui
2652 1208 2755 1252 tam
2785 1198 3005 1269 abrupta
3024 1199 3369 1254 dissolutione
3392 1214 3533 1255 mth

1960 1285 2176 1351 cbatur,
2209 1286 2373 1343 iratus
2423 1288 2537 1355 tibi,
2582 1289 2907 1357 perniciosus
2951 1290 3073 1358 sibi,
3103 1298 3354 1361 tanquam
3402 1290 3456 1343 in
3484 1298 3536 1345 te

1961 1378 2203 1433 acerbius
2232 1379 2432 1445 saeviat,
2466 1379 2511 1434 si
2541 1381 2655 1449 ipse
2702 1382 2918 1450 pereat?
2962 1382 3074 1436 Hoc
3100 1390 3279 1438 autem
3330 1392 3541 1437 tantum.

1960 1469 2082 1522 mali
2111 1470 2321 1532 accidit,
2344 1469 2469 1523 dum
2496 1479 2551 1525 tu
2604 1472 2721 1541 ejus
2764 1473 2999 1527 animum
3022 1488 3126 1528 non
3174 1488 3275 1543 qua
3302 1472 3532 1529 debuisti

1960 1560 2323 1615 moderatione
2348 1562 2580 1617 tractasti
2608 1579 2621 1614 :
2652 1563 2772 1632 quia
2796 1564 2895 1617 etsi
2920 1565 3119 1620 carnali
3138 1566 3403 1621 consortio
3425 1565 3536 1634 jam

1961 1667 2025 1706 ex
2043 1667 2303 1709 consensu
2326 1653 2477 1710 vobis
2504 1669 2610 1709 non
2638 1656 3022 1723 miscebamini,
3052 1657 3103 1711 in
3125 1658 3333 1712 caeteris
3358 1664 3539 1712 tamen

1961 1744 2124 1799 rebus
2148 1745 2409 1815 coniugali
2437 1747 2693 1817 obsequio
2720 1748 2832 1803 viro
2864 1757 2953 1803 tuo
2991 1749 3181 1803 mulier
3209 1749 3407 1803 servire
3436 1749 3537 1804 dc-

1962 1836 2120 1891 huisti
2142 1855 2153 1904 ;
2177 1840 2470 1906 ριηυδειτιὶηι
2499 1854 2618 1894 cum
2644 1840 2800 1895 ambo
2819 1841 3009 1895 essetis
3036 1842 3274 1896 membra
3299 1841 3537 1910 corporis

1962 1926 2179 1981 Christi.
2206 1929 2270 1982 Et
2291 1930 2472 1999 utique
2498 1930 2546 1984 si
2568 1930 2811 1984 maritum
2845 1930 3109 1985 infidelem
3127 1931 3299 1986 fidelis
3326 1931 3541 1985 habuis-

1967 2032 2071 2083 ses,
2100 2034 2256 2088 agere
2283 2029 2333 2075 te
2372 2022 2773 2076 conversatione
2796 2022 3004 2076 subdita
3037 2023 3288 2091 oportuit,
3334 2032 3392 2079 ut
3415 2037 3539 2078 eum

1966 2109 2191 2165 Domino
2217 2112 2522 2180 lucrareris,
2543 2116 2678 2168 sicut
2698 2115 2936 2184 Apostoli
2962 2124 3303 2171 monuerunt.

2015 2201 2068 2255 ἓ.
2083 2202 2278 2257 Omitto
2290 2205 2431 2259 enim
2445 2205 2584 2275 quod
2600 2205 2767 2276 ipsam
2785 2207 3186 2273 continentiam,
3205 2207 3295 2261 illo
3307 2206 3541 2261 nondum

1966 2294 2196 2359 volente,
2217 2310 2321 2349 non
2343 2295 2634 2350 secundum
2653 2312 2835 2351 sanam
2857 2296 3150 2351 doctrinam
3173 2307 3224 2351 te
3244 2298 3544 2365 suscepisse

1968 2384 2212 2453 cognovi.
2244 2384 2426 2455 Neque
2452 2387 2598 2441 enim
2621 2386 2861 2455 corporis
2903 2386 2978 2440 tui
3020 2385 3201 2440 debito
3224 2385 3546 2440 fraudandus

1969 2474 2085 2538 fuit,
2119 2477 2421 2546 priusquam
2446 2477 2513 2533 ad
2539 2477 2665 2532 illud
2684 2478 2903 2544 bonum,
2935 2478 3075 2548 quod
3098 2487 3316 2548 superat
3342 2477 3545 2547 pudici-t

1969 2568 2092 2627 tiam
2122 2568 2472 2639 conjugalem,
2507 2580 2611 2625 tua:
2638 2571 2898 2625 voluntati
2928 2572 3171 2627 voluntas
3197 2586 3406 2641 quoque
3429 2571 3569 2639 ejus’

1970 2660 2285 2727 accederet;
2330 2663 2429 2716 nisi
2457 2663 2591 2717 forte
2616 2678 2721 2717 non
2748 2664 2954 2732 legeras
2990 2680 3095 2718 nec
3138 2664 3381 2719 audieras
3402 2702 3415 2729 ,
3463 2663 3547 2719 vel

1972 2769 2076 2806 non
2106 2753 2412 2808 attenderas
2446 2754 2756 2821 Apostolum
2788 2755 3048 2810 dicentem
3080 2774 3091 2807 :
3124 2754 3319 2808 Bonam
3348 2762 3421 2808 est
3452 2757 3547 2809 lto—

1974 2845 2095 2897 ntim'
2119 2846 2374 2898 mulierem
2398 2862 2497 2900 non
2524 2854 2757 2917 langue:
2784 2858 2986 2917 propter
3008 2849 3361 2916 fornicationes
3385 2857 3550 2902 autem

1978 2936 2313 3005 unusquisque
2339 2952 2545 2990 uxorem
2569 2954 2714 2990 suam
2748 2937 2924 2992 habeat
2944 2977 2960 3003 ,
3001 2946 3047 2989 et
3073 2954 3381 3006 unaquaque
3405 2954 3552 2992 suum

1975 3026 2135 3079 virum
2160 3018 2355 3080 habent.
2388 3026 2547 3082 Uxori
2574 3029 2649 3081 air
2673 3028 2891 3081 debitum
2914 3028 3111 3095 reddat,
3139 3030 3365 3084 similiter
3388 3039 3557 3084 autem

1976 3129 2022 3172 et
2050 3135 2179 3173 uxor
2204 3121 2327 3173 viro.
2365 3118 2505 3174 Uxor
2530 3137 2631 3173 ηωι
2672 3119 2819 3175 liabet
2859 3130 3152 3191 potestatem
3184 3122 3407 3191 corporis
3449 3121 3550 3189 sui,

1976 3208 2066 3265 sed
2090 3210 2164 3263 vir
2186 3226 2204 3263 :
2225 3210 2455 3264 similiter
2480 3220 2644 3264 autem
2668 3220 2712 3263 et
2741 3211 2812 3265 vir
2841 3227 2937 3264 non
2965 3211 3109 3264 habet
3132 3219 3423 3280 potestatem
3443 3227 3554 3264 cor-

1980 3304 2117 3373 poris
2141 3304 2238 3365 sui,
2264 3302 2353 3357 sed
2375 3304 2574 3357 mulier.
2608 3302 2785 3357 Nolite
2812 3303 3051 3372 fraudare
3075 3303 3311 3369 bwicem,
3360 3303 3458 3355 nisi
3493 3318 3557 3357 ero

1981 3411 2223 3449 consensu
2268 3395 2334 3447 ad
2380 3402 2607 3465 tantpus,
2650 3402 2711 3448 ut
2750 3395 2928 3448 vacetis
2975 3394 3223 3458 orationi;
3279 3400 3323 3453 at
3374 3393 3556 3449 iterum

1981 3485 2048 3540 ad
2072 3486 2292 3554 idipsum
2318 3494 2487 3552 estate,
2520 3502 2583 3539 ne
2607 3500 2692 3541 vos
2719 3494 2869 3539 tentet
2901 3484 3122 3541 Satanas
3149 3492 3351 3553 propter
3372 3485 3557 3538 intem-

1984 3579 2261 3647 pemntium
2288 3586 2499 3631 uestram
2526 3577 2567 3646 (l
2602 3576 2719 3633 Cor.
2755 3593 2827 3631 vn
2849 3620 2863 3644 ,
2898 3575 3073 3648 1-17).
3107 3577 3410 3634 Secundum
3442 3576 3561 3634 brae

1981 3669 2143 3723 verba
2165 3668 2470 3745 apostolica,
2490 3668 2695 3723 etiamsi
2713 3683 2772 3724 se
2790 3669 2900 3739 ipse
2920 3669 3191 3725 continere
3207 3668 3478 3735 voluisset,
3502 3676 3560 3725 et

1986 3769 2038 3815 tu
2058 3760 2337 3827 noluisses,
2351 3759 2585 3814 debitum
2601 3758 2692 3813 tibi
2710 3758 2931 3814 reddere
2946 3769 3242 3830 cogeretur;
3254 3767 3310 3817 et
3324 3759 3398 3814 illi
3417 3760 3558 3814 Deus

1984 3853 2267 3922 imputaret
2282 3852 2679 3917 continentiam,
2701 3850 2869 3907 sinon
2890 3866 3021 3917 suae,
3037 3851 3129 3907 sed
3153 3860 3257 3906 tuae
3276 3851 3562 3909 cedensin-
3625 3849 3628 3851 λ

1985 3944 2239 4006 ﬁrmitati,
2260 3959 2327 3999 ne
2356 3943 2410 3999 in
2438 3942 2682 3997 adulterii
2708 3941 3007 3999 damnabile
3027 3924 3288 4014 ﬂagitium
3319 3942 3558 4010 caderes,

1987 4034 2285 4090 maritalem
2316 4033 2404 4090 tibi
2432 4033 2768 4091 concubitum
2797 4047 2902 4087 non
2932 4039 3150 4100 negaret
3170 4048 3187 4091 ,ε
3217 4039 3415 4100 quanto
3442 4047 3560 4089 ma-

1987 4128 2065 4197 gis
2093 4139 2144 4182 te
2164 4169 2179 4193 ,
2207 4141 2361 4195 quam
2402 4124 2567 4193 magis
2592 4124 2882 4193 subjectum
2909 4137 3027 4179 esse
3053 4122 3330 4187 decuerat,
3357 4137 3424 4179 nc
3450 4122 3565 4192 ipso

1989 4234 2197 4288 quoque
2223 4219 2271 4270 in
2295 4216 2609 4275 adulterium
2636 4215 2892 4275 diabolica
2924 4214 3211 4269 tentatione
3242 4212 3561 4281 traheretur,

1989 4310 2043 4364 iu
2074 4309 2345 4364 reddendo
2380 4293 2682 4378 huiusmodi
2712 4308 2889 4363 debito
2920 4307 3173 4363 voluntati
3204 4307 3316 4376 ejus
3355 4306 3563 4361 obtem-

1993 4417 2181 4472 perare
2223 4407 2586 4467 convenerat,
2632 4415 2750 4452 cum
2785 4399 2874 4453 tibi
2900 4398 3223 4453 voluntatem
3259 4396 3567 4455 continendi

1992 4500 2289 4563 acceptaret
2319 4493 2477 4559 Deus,
2504 4492 2626 4562 quia
2651 4500 2927 4561 propterea
2955 4505 3058 4547 non
3084 4487 3309 4555 faweres,
3338 4504 3407 4549 ne
3451 4504 3569 4559 per-

1994 4584 2093 4641 iret
2120 4581 2376 4639 maritus?

2065 4678 2117 4732 '5.
2159 4675 2263 4731 Sed
2293 4674 2427 4739 hoc,
2467 4682 2525 4729 ut
2564 4672 2692 4737 dixi,
2734 4673 2951 4738 omitto,
2994 4672 3241 4743 quoniam
3269 4681 3450 4742 postea
3476 4668 3570 4726 tibi

1995 4766 2193 4822 nolenti
2221 4765 2317 4819 sibi
2338 4764 2403 4818 ad
2426 4763 2694 4818 reddenda
2724 4762 3014 4833 conjugalia
3043 4760 3217 4817 debita
3243 4764 3566 4828 consentire,

1998 4857 2065 4914 ad
2087 4856 2270 4911 eadem
2301 4855 2638 4909 continentia:
2668 4861 2819 4922 pacta
2847 4854 2957 4923 ipse
2985 4853 3273 4919 consensit,
3304 4861 3357 4907 et
3395 4860 3569 4913 tecum

2000 4947 2450 5006 continentissime
2478 4944 2567 5001 diu
2602 4945 2744 5011 vixit,
2788 4958 2985 5013 suoque
3009 4957 3269 4998 consensu
3297 4958 3326 4997 a
3354 4934 3589 5011 peccato»

2000 5044 2092 5098 illo
2120 5056 2223 5113 quo
2252 5041 2297 5094 ei
2319 5039 2553 5093 debitum
2579 5036 2751 5091 carnis
2781 5036 3008 5105 negabas
3027 5076 3042 5101 ,
3083 5034 3196 5103 ipse
3233 5040 3285 5087 te
3322 5031 3570 5088 absolvit.

2000 5134 2118 5190 Non
2143 5147 2269 5202 ergo
2283 5129 2391 5200 jam
2414 5128 2465 5183 in
2490 5138 2576 5184 tua
2593 5141 2747 5181 causa
2773 5125 2869 5180 ista
2886 5124 3109 5179 vertitur
3134 5124 3373 5193 quaestio,
3398 5131 3575 5177 utrum

2003 5222 2176 5282 redire
2197 5200 2392 5278 debeas
2413 5218 2480 5284 ad
2498 5218 2831 5274 concubitum
2854 5215 2970 5270 viri.
2997 5214 3147 5282 Quod
3167 5215 3307 5271 enim
3332 5212 3441 5270 Deo
3464 5200 3577 5283 pari

2006 5332 2271 5377 consensu
2314 5313 2471 5369 ambo
2513 5311 2809 5375 voveratis,
2866 5318 3267 5381 perseveranter
3314 5320 3477 5376 usque
3522 5288 3593 5359 in

2006 5413 2165 5467 linem
2206 5404 2431 5464 reddere
2476 5402 2631 5459 ambo
2671 5401 2926 5457 debuistis
2971 5417 2983 5453 :
3028 5414 3060 5453 a
3098 5414 3202 5469 quo
3240 5394 3510 5469 proposito
3535 5395 3579 5449 si

2008 5508 2189 5576 lapsus
2227 5511 2308 5559 est
2335 5501 2446 5568 ille,
2487 5507 2545 5553 tu
2578 5498 2767 5554 saltem
2805 5493 3230 5550 constantissime
3276 5502 3577 5560 persevera.

2010 5597 2161 5668 Quod
2192 5604 2243 5651 te
2274 5610 2377 5650 non
2404 5591 2732 5656 exhortarer,
2777 5586 2878 5641 nisi
2919 5584 3039 5657 quia
3082 5583 3170 5638 tibi
3218 5580 3285 5636 ad
3327 5580 3429 5635 hoc
3469 5578 3581 5649 ipse

2013 5696 2373 5747 consenserat.
2400 5684 2531 5740 Nam
2563 5684 2607 5738 si
2644 5694 2909 5751 nunquam
2940 5675 3199 5733 tenuisses
3237 5672 3349 5742 ejus
3395 5685 3583 5725 assen-

2016 5798 2169 5853 sum,
2202 5794 2451 5838 uumerus
2491 5785 2546 5833 te
2587 5774 2760 5830 nullus
2803 5771 3122 5829 defendisset
3160 5779 3451 5834 annorum,
3489 5761 3583 5817 sed
