  <div class='ocr_page' id='page_1' title='image "/cluster/home/n/w/nwhite01/storage/ocr_20150623/33/hvd.32044015471451/545.png"; bbox 0 0 4070 6332; ppageno 0'>
   <div class='ocr_carea' id='block_1_1' title="bbox 529 359 669 417">
    <p class='ocr_par' dir='ltr' id='par_1_1' title="bbox 529 359 669 417">
     <span class='ocr_line' id='line_1_1' title="bbox 529 359 669 417; baseline -0.021 0"><span class='ocrx_word' id='word_1_1' title='bbox 529 359 669 417; x_wconf 63' lang='lat'><strong>£079</strong></span> 
     </span>
    </p>
   </div>
   <div class='ocr_carea' id='block_1_2' title="bbox 527 454 2113 545">
    <p class='ocr_par' dir='ltr' id='par_1_2' title="bbox 527 454 2113 545">
     <span class='ocr_line' id='line_1_2' title="bbox 527 454 2113 545; baseline -0.015 -14"><span class='ocrx_word' id='word_1_2' title='bbox 527 484 649 545; x_wconf 89' lang='lat' dir='ltr'><strong>post</strong></span> <span class='ocrx_word' id='word_1_3' title='bbox 676 470 1062 545; x_wconf 87' lang='lat' dir='ltr'><strong>quantumlibet</strong></span> <span class='ocrx_word' id='word_1_4' title='bbox 1082 476 1292 537; x_wconf 98' lang='lat' dir='ltr'><strong>tempus</strong></span> <span class='ocrx_word' id='word_1_5' title='bbox 1319 478 1405 519; x_wconf 88' lang='lat' dir='ltr'><strong>me</strong></span> <span class='ocrx_word' id='word_1_6' title='bbox 1430 460 1792 517; x_wconf 83' lang='lat' dir='ltr'><strong>consuluisses</strong></span> <span class='ocrx_word' id='word_1_7' title='bbox 1812 501 1827 529; x_wconf 93' lang='lat'><strong>,</strong></span> <span class='ocrx_word' id='word_1_8' title='bbox 1856 457 1989 513; x_wconf 81' lang='lat' dir='ltr'><strong>nihil</strong></span> <span class='ocrx_word' id='word_1_9' title='bbox 2018 454 2113 509; x_wconf 91' lang='lat' dir='ltr'><strong>tibi</strong></span> 
     </span>
    </p>
   </div>
   <div class='ocr_carea' id='block_1_3' title="bbox 531 549 2114 636">
    <p class='ocr_par' dir='ltr' id='par_1_3' title="bbox 531 549 2114 636">
     <span class='ocr_line' id='line_1_3' title="bbox 531 549 2114 636; baseline -0.013 -15"><span class='ocrx_word' id='word_1_10' title='bbox 531 566 677 623; x_wconf 82' lang='lat' dir='ltr'><strong>aliud</strong></span> <span class='ocrx_word' id='word_1_11' title='bbox 705 562 1110 636; x_wconf 82' lang='lat' dir='ltr'><strong>responderem,</strong></span> <span class='ocrx_word' id='word_1_12' title='bbox 1128 558 1233 613; x_wconf 86' lang='lat' dir='ltr'><strong>nisi</strong></span> <span class='ocrx_word' id='word_1_13' title='bbox 1258 556 1400 627; x_wconf 89' lang='lat' dir='ltr'><strong>quod</strong></span> <span class='ocrx_word' id='word_1_14' title='bbox 1416 555 1490 609; x_wconf 91' lang='lat' dir='ltr'><strong>ait</strong></span> <span class='ocrx_word' id='word_1_15' title='bbox 1513 552 1823 624; x_wconf 78' lang='lat' dir='ltr'><strong>Apostolus,</strong></span> <span class='ocrx_word' id='word_1_16' title='bbox 1856 549 1998 604; x_wconf 77' lang='lat' dir='ltr'><strong>Uxor</strong></span> <span class='ocrx_word' id='word_1_17' title='bbox 2014 563 2114 601; x_wconf 83' lang='lat' dir='ltr'><strong>non</strong></span> 
     </span>
    </p>
   </div>
   <div class='ocr_carea' id='block_1_4' title="bbox 531 644 2113 727">
    <p class='ocr_par' dir='ltr' id='par_1_4' title="bbox 531 644 2113 727">
     <span class='ocr_line' id='line_1_4' title="bbox 531 644 2113 727; baseline -0.013 -13"><span class='ocrx_word' id='word_1_18' title='bbox 531 659 681 714; x_wconf 82' lang='lat' dir='ltr'><strong>habet</strong></span> <span class='ocrx_word' id='word_1_19' title='bbox 708 664 999 727; x_wconf 79' lang='lat' dir='ltr'><strong>potestatem</strong></span> <span class='ocrx_word' id='word_1_20' title='bbox 1024 650 1250 722; x_wconf 86' lang='lat' dir='ltr'><strong>corporis</strong></span> <span class='ocrx_word' id='word_1_21' title='bbox 1276 649 1374 715; x_wconf 89' lang='lat' dir='ltr'><strong>sui,</strong></span> <span class='ocrx_word' id='word_1_22' title='bbox 1396 646 1482 702; x_wconf 84' lang='lat' dir='ltr'><strong>sed</strong></span> <span class='ocrx_word' id='word_1_23' title='bbox 1501 646 1578 699; x_wconf 81' lang='lat' dir='ltr'><strong>vir</strong></span> <span class='ocrx_word' id='word_1_24' title='bbox 1600 661 1618 699; x_wconf 92' lang='lat'><strong><em>:</em></strong></span> <span class='ocrx_word' id='word_1_25' title='bbox 1644 644 1711 699; x_wconf 91' lang='lat' dir='ltr'><strong>de</strong></span> <span class='ocrx_word' id='word_1_26' title='bbox 1734 658 1836 713; x_wconf 92' lang='lat' dir='ltr'><strong>qua</strong></span> <span class='ocrx_word' id='word_1_27' title='bbox 1854 648 2113 713; x_wconf 90' lang='lat' dir='ltr'><strong>potestate</strong></span> 
     </span>
    </p>
   </div>
   <div class='ocr_carea' id='block_1_5' title="bbox 526 740 2114 821">
    <p class='ocr_par' dir='ltr' id='par_1_5' title="bbox 526 740 2114 821">
     <span class='ocr_line' id='line_1_5' title="bbox 526 740 2114 821; baseline -0.013 -13"><span class='ocrx_word' id='word_1_28' title='bbox 526 754 603 808; x_wconf 90' lang='lat' dir='ltr'><strong>sic</strong></span> <span class='ocrx_word' id='word_1_29' title='bbox 629 751 722 807; x_wconf 90' lang='lat' dir='ltr'><strong>tibi</strong></span> <span class='ocrx_word' id='word_1_30' title='bbox 744 751 854 821; x_wconf 92' lang='lat' dir='ltr'><strong>jam</strong></span> <span class='ocrx_word' id='word_1_31' title='bbox 878 747 1192 819; x_wconf 89' lang='lat' dir='ltr'><strong>permiserat</strong></span> <span class='ocrx_word' id='word_1_32' title='bbox 1214 740 1618 807; x_wconf 88' lang='lat' dir='ltr'><strong>continentiam,</strong></span> <span class='ocrx_word' id='word_1_33' title='bbox 1642 747 1701 795; x_wconf 90' lang='lat' dir='ltr'><strong>ut</strong></span> <span class='ocrx_word' id='word_1_34' title='bbox 1719 753 1835 794; x_wconf 88' lang='lat' dir='ltr'><strong>eam</strong></span> <span class='ocrx_word' id='word_1_35' title='bbox 1864 746 2038 792; x_wconf 87' lang='lat' dir='ltr'><strong>tecum</strong></span> <span class='ocrx_word' id='word_1_36' title='bbox 2060 742 2114 789; x_wconf 92' lang='lat' dir='ltr'><strong>et</strong></span> 
     </span>
    </p>
   </div>
   <div class='ocr_carea' id='block_1_6' title="bbox 527 844 979 915">
    <p class='ocr_par' dir='ltr' id='par_1_6' title="bbox 527 844 979 915">
     <span class='ocr_line' id='line_1_6' title="bbox 527 844 979 915; baseline -0.009 -17"><span class='ocrx_word' id='word_1_37' title='bbox 527 845 643 915; x_wconf 90' lang='lat' dir='ltr'><strong>ipse</strong></span> <span class='ocrx_word' id='word_1_38' title='bbox 668 844 979 910; x_wconf 86' lang='lat' dir='ltr'><strong>susciperet.</strong></span> 
     </span>
    </p>
   </div>
   <div class='ocr_carea' id='block_1_7' title="bbox 604 920 2108 1002">
    <p class='ocr_par' dir='ltr' id='par_1_7' title="bbox 604 920 2108 1002">
     <span class='ocr_line' id='line_1_7' title="bbox 604 920 2108 1002; baseline -0.012 -12"><span class='ocrx_word' id='word_1_39' title='bbox 604 936 659 990; x_wconf 77' lang='grc'><strong>4.</strong></span> <span class='ocrx_word' id='word_1_40' title='bbox 700 932 806 989; x_wconf 89' lang='lat' dir='ltr'><strong>Sed</strong></span> <span class='ocrx_word' id='word_1_41' title='bbox 827 932 955 987; x_wconf 91' lang='lat' dir='ltr'><strong>illud</strong></span> <span class='ocrx_word' id='word_1_42' title='bbox 971 940 1053 989; x_wconf 90' lang='lat' dir='ltr'><strong>est</strong></span> <span class='ocrx_word' id='word_1_43' title='bbox 1068 929 1207 1002; x_wconf 92' lang='lat' dir='ltr'><strong>quod</strong></span> <span class='ocrx_word' id='word_1_44' title='bbox 1225 928 1401 984; x_wconf 91' lang='lat' dir='ltr'><strong>minus</strong></span> <span class='ocrx_word' id='word_1_45' title='bbox 1413 936 1464 982; x_wconf 90' lang='lat' dir='ltr'><strong>te</strong></span> <span class='ocrx_word' id='word_1_46' title='bbox 1475 925 1785 981; x_wconf 88' lang='lat' dir='ltr'><strong>observasse</strong></span> <span class='ocrx_word' id='word_1_47' title='bbox 1800 920 2108 986; x_wconf 89' lang='lat' dir='ltr'><strong>contristor,</strong></span> 
     </span>
    </p>
   </div>
   <div class='ocr_carea' id='block_1_8' title="bbox 528 1010 2112 1097">
    <p class='ocr_par' dir='ltr' id='par_1_8' title="bbox 528 1010 2112 1097">
     <span class='ocr_line' id='line_1_8' title="bbox 528 1010 2112 1097; baseline -0.011 -15"><span class='ocrx_word' id='word_1_48' title='bbox 528 1028 650 1097; x_wconf 88' lang='lat' dir='ltr'><strong>quia</strong></span> <span class='ocrx_word' id='word_1_49' title='bbox 691 1032 839 1080; x_wconf 86' lang='lat' dir='ltr'><strong>tanto</strong></span> <span class='ocrx_word' id='word_1_50' title='bbox 877 1023 1128 1079; x_wconf 87' lang='lat' dir='ltr'><strong>humilius</strong></span> <span class='ocrx_word' id='word_1_51' title='bbox 1156 1030 1209 1077; x_wconf 91' lang='lat' dir='ltr'><strong>et</strong></span> <span class='ocrx_word' id='word_1_52' title='bbox 1246 1018 1581 1075; x_wconf 90' lang='lat' dir='ltr'><strong>obedientius</strong></span> <span class='ocrx_word' id='word_1_53' title='bbox 1608 1016 1657 1071; x_wconf 93' lang='lat' dir='ltr'><strong>ei</strong></span> <span class='ocrx_word' id='word_1_54' title='bbox 1684 1012 1907 1083; x_wconf 91' lang='lat' dir='ltr'><strong>obsequi</strong></span> <span class='ocrx_word' id='word_1_55' title='bbox 1934 1013 1986 1066; x_wconf 93' lang='lat' dir='ltr'><strong>in</strong></span> <span class='ocrx_word' id='word_1_56' title='bbox 2012 1010 2112 1065; x_wconf 86' lang='lat' dir='ltr'><strong>do—</strong></span> 
     </span>
    </p>
   </div>
   <div class='ocr_carea' id='block_1_9' title="bbox 530 1103 2113 1180">
    <p class='ocr_par' dir='ltr' id='par_1_9' title="bbox 530 1103 2113 1180">
     <span class='ocr_line' id='line_1_9' title="bbox 530 1103 2113 1180; baseline -0.01 -8"><span class='ocrx_word' id='word_1_57' title='bbox 530 1117 749 1174; x_wconf 90' lang='lat' dir='ltr'><strong>mestica</strong></span> <span class='ocrx_word' id='word_1_58' title='bbox 769 1117 1172 1172; x_wconf 87' lang='lat' dir='ltr'><strong>conversatione</strong></span> <span class='ocrx_word' id='word_1_59' title='bbox 1198 1110 1448 1177; x_wconf 89' lang='lat' dir='ltr'><strong>debuisti,</strong></span> <span class='ocrx_word' id='word_1_60' title='bbox 1478 1116 1674 1180; x_wconf 89' lang='lat' dir='ltr'><strong>quanto</strong></span> <span class='ocrx_word' id='word_1_61' title='bbox 1702 1106 1792 1160; x_wconf 90' lang='lat' dir='ltr'><strong>ille</strong></span> <span class='ocrx_word' id='word_1_62' title='bbox 1817 1103 2113 1175; x_wconf 83' lang='lat' dir='ltr'><strong>religiosius</strong></span> 
     </span>
    </p>
   </div>
   <div class='ocr_carea' id='block_1_10' title="bbox 528 1200 2108 1279">
    <p class='ocr_par' dir='ltr' id='par_1_10' title="bbox 528 1200 2108 1279">
     <span class='ocr_line' id='line_1_10' title="bbox 528 1200 2108 1279; baseline -0.008 -14"><span class='ocrx_word' id='word_1_63' title='bbox 528 1211 623 1267; x_wconf 86' lang='lat' dir='ltr'><strong>tibi</strong></span> <span class='ocrx_word' id='word_1_64' title='bbox 664 1226 777 1266; x_wconf 90' lang='lat' dir='ltr'><strong>rem</strong></span> <span class='ocrx_word' id='word_1_65' title='bbox 823 1219 930 1264; x_wconf 92' lang='lat' dir='ltr'><strong>tam</strong></span> <span class='ocrx_word' id='word_1_66' title='bbox 970 1222 1213 1279; x_wconf 90' lang='lat' dir='ltr'><strong>magnam</strong></span> <span class='ocrx_word' id='word_1_67' title='bbox 1260 1205 1422 1261; x_wconf 91' lang='lat' dir='ltr'><strong>etiam</strong></span> <span class='ocrx_word' id='word_1_68' title='bbox 1466 1200 1721 1257; x_wconf 90' lang='lat' dir='ltr'><strong>imitando</strong></span> <span class='ocrx_word' id='word_1_69' title='bbox 1751 1206 2108 1255; x_wconf 88' lang='lat' dir='ltr'><strong>concesserat.</strong></span> 
     </span>
    </p>
   </div>
   <div class='ocr_carea' id='block_1_11' title="bbox 527 1293 2111 1372">
    <p class='ocr_par' dir='ltr' id='par_1_11' title="bbox 527 1293 2111 1372">
     <span class='ocr_line' id='line_1_11' title="bbox 527 1293 2111 1372; baseline -0.007 -14"><span class='ocrx_word' id='word_1_70' title='bbox 527 1302 642 1358; x_wconf 90' lang='lat' dir='ltr'><strong>Non</strong></span> <span class='ocrx_word' id='word_1_71' title='bbox 668 1304 811 1358; x_wconf 91' lang='lat' dir='ltr'><strong>enim</strong></span> <span class='ocrx_word' id='word_1_72' title='bbox 854 1301 975 1372; x_wconf 88' lang='lat' dir='ltr'><strong>quia</strong></span> <span class='ocrx_word' id='word_1_73' title='bbox 1019 1301 1213 1371; x_wconf 89' lang='lat' dir='ltr'><strong>pariter</strong></span> <span class='ocrx_word' id='word_1_74' title='bbox 1245 1295 1620 1367; x_wconf 86' lang='lat' dir='ltr'><strong>temperabatis</strong></span> <span class='ocrx_word' id='word_1_75' title='bbox 1662 1310 1691 1348; x_wconf 89' lang='lat' dir='ltr'><strong>a</strong></span> <span class='ocrx_word' id='word_1_76' title='bbox 1733 1293 2111 1350; x_wconf 85' lang='lat' dir='ltr'><strong>commixtione</strong></span> 
     </span>
    </p>
   </div>
   <div class='ocr_carea' id='block_1_12' title="bbox 527 1388 2111 1462">
    <p class='ocr_par' dir='ltr' id='par_1_12' title="bbox 527 1388 2111 1462">
     <span class='ocr_line' id='line_1_12' title="bbox 527 1388 2111 1462; baseline -0.008 -10"><span class='ocrx_word' id='word_1_77' title='bbox 527 1397 748 1462; x_wconf 86' lang='lat' dir='ltr'><strong>carnali,</strong></span> <span class='ocrx_word' id='word_1_78' title='bbox 796 1395 917 1451; x_wconf 90' lang='lat' dir='ltr'><strong>ideo</strong></span> <span class='ocrx_word' id='word_1_79' title='bbox 946 1404 1067 1450; x_wconf 92' lang='lat' dir='ltr'><strong>tuus</strong></span> <span class='ocrx_word' id='word_1_80' title='bbox 1095 1394 1313 1449; x_wconf 92' lang='lat' dir='ltr'><strong>maritus</strong></span> <span class='ocrx_word' id='word_1_81' title='bbox 1347 1406 1468 1448; x_wconf 88' lang='lat' dir='ltr'><strong>esse</strong></span> <span class='ocrx_word' id='word_1_82' title='bbox 1492 1390 1803 1454; x_wconf 86' lang='lat' dir='ltr'><strong>destiterat;</strong></span> <span class='ocrx_word' id='word_1_83' title='bbox 1846 1388 1955 1442; x_wconf 90' lang='lat' dir='ltr'><strong>imo</strong></span> <span class='ocrx_word' id='word_1_84' title='bbox 1982 1401 2111 1441; x_wconf 90' lang='lat' dir='ltr'><strong>vero</strong></span> 
     </span>
    </p>
   </div>
   <div class='ocr_carea' id='block_1_13' title="bbox 528 1481 2111 1555">
    <p class='ocr_par' dir='ltr' id='par_1_13' title="bbox 528 1481 2111 1555">
     <span class='ocr_line' id='line_1_13' title="bbox 528 1481 2111 1555; baseline -0.006 -10"><span class='ocrx_word' id='word_1_85' title='bbox 528 1499 677 1545; x_wconf 88' lang='lat' dir='ltr'><strong>tanto</strong></span> <span class='ocrx_word' id='word_1_86' title='bbox 702 1489 939 1544; x_wconf 84' lang='lat' dir='ltr'><strong>sanctius</strong></span> <span class='ocrx_word' id='word_1_87' title='bbox 968 1488 1107 1542; x_wconf 92' lang='lat' dir='ltr'><strong>inter</strong></span> <span class='ocrx_word' id='word_1_88' title='bbox 1130 1502 1227 1542; x_wconf 93' lang='lat' dir='ltr'><strong>vos</strong></span> <span class='ocrx_word' id='word_1_89' title='bbox 1253 1485 1505 1555; x_wconf 90' lang='lat' dir='ltr'><strong>eonjuges</strong></span> <span class='ocrx_word' id='word_1_90' title='bbox 1534 1481 1830 1537; x_wconf 89' lang='lat' dir='ltr'><strong>manebatis</strong></span> <span class='ocrx_word' id='word_1_91' title='bbox 1852 1521 1867 1544; x_wconf 89' lang='lat'><strong>,</strong></span> <span class='ocrx_word' id='word_1_92' title='bbox 1913 1490 2111 1551; x_wconf 90' lang='lat' dir='ltr'><strong>quanto</strong></span> 
     </span>
    </p>
   </div>
   <div class='ocr_carea' id='block_1_14' title="bbox 526 1572 2109 1647">
    <p class='ocr_par' dir='ltr' id='par_1_14' title="bbox 526 1572 2109 1647">
     <span class='ocr_line' id='line_1_14' title="bbox 526 1572 2109 1647; baseline -0.005 -12"><span class='ocrx_word' id='word_1_93' title='bbox 526 1580 787 1635; x_wconf 88' lang='lat' dir='ltr'><strong>sanctiora</strong></span> <span class='ocrx_word' id='word_1_94' title='bbox 815 1578 1149 1635; x_wconf 79' lang='lat' dir='ltr'><strong>concorditer</strong></span> <span class='ocrx_word' id='word_1_95' title='bbox 1175 1577 1364 1647; x_wconf 87' lang='lat' dir='ltr'><strong>placita</strong></span> <span class='ocrx_word' id='word_1_96' title='bbox 1391 1573 1703 1629; x_wconf 87' lang='lat' dir='ltr'><strong>servabatis.</strong></span> <span class='ocrx_word' id='word_1_97' title='bbox 1726 1572 1867 1626; x_wconf 85' lang='lat' dir='ltr'><strong>Nihil</strong></span> <span class='ocrx_word' id='word_1_98' title='bbox 1894 1587 2021 1642; x_wconf 89' lang='lat' dir='ltr'><strong>ergo</strong></span> <span class='ocrx_word' id='word_1_99' title='bbox 2042 1572 2109 1627; x_wconf 92' lang='lat' dir='ltr'><strong>de</strong></span> 
     </span>
    </p>
   </div>
   <div class='ocr_carea' id='block_1_15' title="bbox 526 1664 2110 1738">
    <p class='ocr_par' dir='ltr' id='par_1_15' title="bbox 526 1664 2110 1738">
     <span class='ocr_line' id='line_1_15' title="bbox 526 1664 2110 1738; baseline -0.005 -13"><span class='ocrx_word' id='word_1_100' title='bbox 526 1680 614 1725; x_wconf 89' lang='lat' dir='ltr'><strong>tua</strong></span> <span class='ocrx_word' id='word_1_101' title='bbox 638 1681 806 1738; x_wconf 85' lang='lat' dir='ltr'><strong>veste,</strong></span> <span class='ocrx_word' id='word_1_102' title='bbox 835 1670 965 1725; x_wconf 86' lang='lat' dir='ltr'><strong>nihil</strong></span> <span class='ocrx_word' id='word_1_103' title='bbox 993 1669 1060 1725; x_wconf 88' lang='lat' dir='ltr'><strong>de</strong></span> <span class='ocrx_word' id='word_1_104' title='bbox 1077 1678 1166 1724; x_wconf 90' lang='lat' dir='ltr'><strong>tuo</strong></span> <span class='ocrx_word' id='word_1_105' title='bbox 1189 1682 1319 1723; x_wconf 91' lang='lat' dir='ltr'><strong>auro</strong></span> <span class='ocrx_word' id='word_1_106' title='bbox 1334 1668 1415 1722; x_wconf 90' lang='lat' dir='ltr'><strong>vel</strong></span> <span class='ocrx_word' id='word_1_107' title='bbox 1435 1673 1655 1736; x_wconf 92' lang='lat' dir='ltr'><strong>argento</strong></span> <span class='ocrx_word' id='word_1_108' title='bbox 1676 1664 1758 1718; x_wconf 90' lang='lat' dir='ltr'><strong>vel</strong></span> <span class='ocrx_word' id='word_1_109' title='bbox 1780 1678 2110 1733; x_wconf 89' lang='lat' dir='ltr'><strong>quacumque</strong></span> 
     </span>
    </p>
   </div>
   <div class='ocr_carea' id='block_1_16' title="bbox 525 1754 2110 1831">
    <p class='ocr_par' dir='ltr' id='par_1_16' title="bbox 525 1754 2110 1831">
     <span class='ocr_line' id='line_1_16' title="bbox 525 1754 2110 1831; baseline -0.007 -13"><span class='ocrx_word' id='word_1_110' title='bbox 525 1762 770 1831; x_wconf 86' lang='lat' dir='ltr'><strong>pecunia,</strong></span> <span class='ocrx_word' id='word_1_111' title='bbox 802 1771 894 1816; x_wconf 90' lang='lat' dir='ltr'><strong>aut</strong></span> <span class='ocrx_word' id='word_1_112' title='bbox 914 1761 1073 1816; x_wconf 92' lang='lat' dir='ltr'><strong>rebus</strong></span> <span class='ocrx_word' id='word_1_113' title='bbox 1097 1760 1217 1815; x_wconf 90' lang='lat' dir='ltr'><strong>ullis</strong></span> <span class='ocrx_word' id='word_1_114' title='bbox 1238 1757 1464 1814; x_wconf 88' lang='lat' dir='ltr'><strong>terrenis</strong></span> <span class='ocrx_word' id='word_1_115' title='bbox 1492 1757 1595 1812; x_wconf 89' lang='lat' dir='ltr'><strong>tuis</strong></span> <span class='ocrx_word' id='word_1_116' title='bbox 1618 1757 1733 1810; x_wconf 91' lang='lat' dir='ltr'><strong>sine</strong></span> <span class='ocrx_word' id='word_1_117' title='bbox 1759 1754 1979 1810; x_wconf 92' lang='lat' dir='ltr'><strong>arbitrio</strong></span> <span class='ocrx_word' id='word_1_118' title='bbox 1995 1754 2110 1823; x_wconf 88' lang='lat' dir='ltr'><strong>ejus</strong></span> 
     </span>
    </p>
   </div>
   <div class='ocr_carea' id='block_1_17' title="bbox 525 1844 2110 1917">
    <p class='ocr_par' dir='ltr' id='par_1_17' title="bbox 525 1844 2110 1917">
     <span class='ocr_line' id='line_1_17' title="bbox 525 1844 2110 1917; baseline -0.006 -10"><span class='ocrx_word' id='word_1_119' title='bbox 525 1852 703 1908; x_wconf 90' lang='lat' dir='ltr'><strong>facere</strong></span> <span class='ocrx_word' id='word_1_120' title='bbox 730 1852 997 1917; x_wconf 91' lang='lat' dir='ltr'><strong>debuisti,</strong></span> <span class='ocrx_word' id='word_1_121' title='bbox 1030 1868 1096 1907; x_wconf 91' lang='lat' dir='ltr'><strong>ne</strong></span> <span class='ocrx_word' id='word_1_122' title='bbox 1125 1850 1514 1907; x_wconf 86' lang='lat' dir='ltr'><strong>scandalizares</strong></span> <span class='ocrx_word' id='word_1_123' title='bbox 1558 1848 1830 1901; x_wconf 79' lang='lat' dir='ltr'><strong>hominem</strong></span> <span class='ocrx_word' id='word_1_124' title='bbox 1868 1846 1955 1916; x_wconf 91' lang='lat' dir='ltr'><strong>qui</strong></span> <span class='ocrx_word' id='word_1_125' title='bbox 2000 1844 2110 1899; x_wconf 93' lang='lat' dir='ltr'><strong>Deo</strong></span> 
     </span>
    </p>
   </div>
   <div class='ocr_carea' id='block_1_18' title="bbox 527 1938 2109 2014">
    <p class='ocr_par' dir='ltr' id='par_1_18' title="bbox 527 1938 2109 2014">
     <span class='ocr_line' id='line_1_18' title="bbox 527 1938 2109 2014; baseline -0.004 -15"><span class='ocrx_word' id='word_1_126' title='bbox 527 1953 701 1999; x_wconf 88' lang='lat' dir='ltr'><strong>tecum</strong></span> <span class='ocrx_word' id='word_1_127' title='bbox 726 1945 930 2014; x_wconf 87' lang='lat' dir='ltr'><strong>majora</strong></span> <span class='ocrx_word' id='word_1_128' title='bbox 957 1953 1191 2009; x_wconf 82' lang='lat' dir='ltr'><strong>voverat,</strong></span> <span class='ocrx_word' id='word_1_129' title='bbox 1222 1951 1275 1997; x_wconf 89' lang='lat' dir='ltr'><strong>ct</strong></span> <span class='ocrx_word' id='word_1_130' title='bbox 1302 1942 1369 1997; x_wconf 88' lang='lat' dir='ltr'><strong>ab</strong></span> <span class='ocrx_word' id='word_1_131' title='bbox 1394 1957 1457 1996; x_wconf 93' lang='lat' dir='ltr'><strong>eo</strong></span> <span class='ocrx_word' id='word_1_132' title='bbox 1483 1940 1623 2011; x_wconf 92' lang='lat' dir='ltr'><strong>quod</strong></span> <span class='ocrx_word' id='word_1_133' title='bbox 1651 1939 1719 1995; x_wconf 91' lang='lat' dir='ltr'><strong>de</strong></span> <span class='ocrx_word' id='word_1_134' title='bbox 1745 1948 1831 1993; x_wconf 89' lang='lat' dir='ltr'><strong>tua</strong></span> <span class='ocrx_word' id='word_1_135' title='bbox 1859 1954 2019 1993; x_wconf 89' lang='lat' dir='ltr'><strong>carne</strong></span> <span class='ocrx_word' id='word_1_136' title='bbox 2042 1938 2109 1992; x_wconf 90' lang='lat' dir='ltr'><strong>li-</strong></span> 
     </span>
    </p>
   </div>
   <div class='ocr_carea' id='block_1_19' title="bbox 526 2030 2105 2106">
    <p class='ocr_par' dir='ltr' id='par_1_19' title="bbox 526 2030 2105 2106">
     <span class='ocr_line' id='line_1_19' title="bbox 526 2030 2105 2106; baseline -0.004 -17"><span class='ocrx_word' id='word_1_137' title='bbox 526 2035 629 2089; x_wconf 89' lang='lat' dir='ltr'><strong>cita</strong></span> <span class='ocrx_word' id='word_1_138' title='bbox 656 2044 915 2106; x_wconf 87' lang='lat' dir='ltr'><strong>potestate</strong></span> <span class='ocrx_word' id='word_1_139' title='bbox 943 2044 1122 2106; x_wconf 88' lang='lat' dir='ltr'><strong>posset</strong></span> <span class='ocrx_word' id='word_1_140' title='bbox 1145 2035 1376 2103; x_wconf 81' lang='lat' dir='ltr'><strong>exigere,</strong></span> <span class='ocrx_word' id='word_1_141' title='bbox 1400 2032 1735 2087; x_wconf 88' lang='lat' dir='ltr'><strong>continenter</strong></span> <span class='ocrx_word' id='word_1_142' title='bbox 1759 2030 2105 2086; x_wconf 88' lang='lat' dir='ltr'><strong>abstinuerat.</strong></span> 
     </span>
    </p>
   </div>
   <div class='ocr_carea' id='block_1_20' title="bbox 596 2122 2105 2197">
    <p class='ocr_par' dir='ltr' id='par_1_20' title="bbox 596 2122 2105 2197">
     <span class='ocr_line' id='line_1_20' title="bbox 596 2122 2105 2197; baseline -0.003 -16"><span class='ocrx_word' id='word_1_143' title='bbox 596 2126 651 2181; x_wconf 84' lang='lat'><strong>5.</strong></span> <span class='ocrx_word' id='word_1_144' title='bbox 692 2127 929 2197; x_wconf 89' lang='lat' dir='ltr'><strong>Denique</strong></span> <span class='ocrx_word' id='word_1_145' title='bbox 976 2126 1169 2181; x_wconf 87' lang='lat' dir='ltr'><strong>factum</strong></span> <span class='ocrx_word' id='word_1_146' title='bbox 1214 2134 1295 2180; x_wconf 91' lang='lat' dir='ltr'><strong>est</strong></span> <span class='ocrx_word' id='word_1_147' title='bbox 1335 2134 1393 2180; x_wconf 91' lang='lat' dir='ltr'><strong>ut</strong></span> <span class='ocrx_word' id='word_1_148' title='bbox 1436 2124 1701 2179; x_wconf 90' lang='lat' dir='ltr'><strong>vinculum</strong></span> <span class='ocrx_word' id='word_1_149' title='bbox 1744 2122 2105 2186; x_wconf 76' lang='lat' dir='ltr'><strong>continentize,</strong></span> 
     </span>
    </p>
   </div>
   <div class='ocr_carea' id='block_1_21' title="bbox 527 2213 2110 2287">
    <p class='ocr_par' dir='ltr' id='par_1_21' title="bbox 527 2213 2110 2287">
     <span class='ocr_line' id='line_1_21' title="bbox 527 2213 2110 2287; baseline -0.004 -14"><span class='ocrx_word' id='word_1_150' title='bbox 527 2234 634 2287; x_wconf 92' lang='lat' dir='ltr'><strong>quo</strong></span> <span class='ocrx_word' id='word_1_151' title='bbox 662 2234 721 2273; x_wconf 92' lang='lat' dir='ltr'><strong>se</strong></span> <span class='ocrx_word' id='word_1_152' title='bbox 747 2218 968 2274; x_wconf 89' lang='lat' dir='ltr'><strong>dilectus</strong></span> <span class='ocrx_word' id='word_1_153' title='bbox 1007 2219 1097 2273; x_wconf 93' lang='lat' dir='ltr'><strong>ille</strong></span> <span class='ocrx_word' id='word_1_154' title='bbox 1138 2218 1481 2283; x_wconf 75' lang='lat' dir='ltr'><strong>innexuerat,</strong></span> <span class='ocrx_word' id='word_1_155' title='bbox 1527 2223 1862 2284; x_wconf 83' lang='lat' dir='ltr'><strong>contemptus</strong></span> <span class='ocrx_word' id='word_1_156' title='bbox 1890 2213 2110 2267; x_wconf 88' lang='lat' dir='ltr'><strong>abrum-</strong></span> 
     </span>
    </p>
   </div>
   <div class='ocr_carea' id='block_1_22' title="bbox 527 2302 2109 2379">
    <p class='ocr_par' dir='ltr' id='par_1_22' title="bbox 527 2302 2109 2379">
     <span class='ocr_line' id='line_1_22' title="bbox 527 2302 2109 2379; baseline -0.004 -15"><span class='ocrx_word' id='word_1_157' title='bbox 527 2318 697 2379; x_wconf 92' lang='lat' dir='ltr'><strong>peret,</strong></span> <span class='ocrx_word' id='word_1_158' title='bbox 724 2318 777 2365; x_wconf 87' lang='lat' dir='ltr'><strong>et</strong></span> <span class='ocrx_word' id='word_1_159' title='bbox 802 2311 965 2363; x_wconf 90' lang='lat' dir='ltr'><strong>iratus</strong></span> <span class='ocrx_word' id='word_1_160' title='bbox 990 2310 1079 2365; x_wconf 90' lang='lat' dir='ltr'><strong>tibi</strong></span> <span class='ocrx_word' id='word_1_161' title='bbox 1102 2326 1205 2363; x_wconf 91' lang='lat' dir='ltr'><strong>non</strong></span> <span class='ocrx_word' id='word_1_162' title='bbox 1234 2318 1474 2379; x_wconf 88' lang='lat' dir='ltr'><strong>parceret</strong></span> <span class='ocrx_word' id='word_1_163' title='bbox 1499 2307 1617 2362; x_wconf 88' lang='lat' dir='ltr'><strong>sibi.</strong></span> <span class='ocrx_word' id='word_1_164' title='bbox 1646 2305 1795 2361; x_wconf 88' lang='lat' dir='ltr'><strong>Sicut</strong></span> <span class='ocrx_word' id='word_1_165' title='bbox 1813 2305 1953 2359; x_wconf 91' lang='lat' dir='ltr'><strong>enim</strong></span> <span class='ocrx_word' id='word_1_166' title='bbox 1978 2302 2109 2358; x_wconf 91' lang='lat' dir='ltr'><strong>mihi</strong></span> 
     </span>
    </p>
   </div>
   <div class='ocr_carea' id='block_1_23' title="bbox 526 2393 2109 2469">
    <p class='ocr_par' dir='ltr' id='par_1_23' title="bbox 526 2393 2109 2469">
     <span class='ocr_line' id='line_1_23' title="bbox 526 2393 2109 2469; baseline -0.004 -14"><span class='ocrx_word' id='word_1_167' title='bbox 526 2402 706 2455; x_wconf 91' lang='lat' dir='ltr'><strong>retulit</strong></span> <span class='ocrx_word' id='word_1_168' title='bbox 743 2402 981 2469; x_wconf 86' lang='lat' dir='ltr'><strong>perlator</strong></span> <span class='ocrx_word' id='word_1_169' title='bbox 1017 2400 1253 2468; x_wconf 65' lang='lat' dir='ltr'><strong>epistolae</strong></span> <span class='ocrx_word' id='word_1_170' title='bbox 1293 2408 1395 2453; x_wconf 69' lang='lat' dir='ltr'><strong>tua:</strong></span> <span class='ocrx_word' id='word_1_171' title='bbox 1415 2440 1429 2465; x_wconf 92' lang='lat'><strong>,</strong></span> <span class='ocrx_word' id='word_1_172' title='bbox 1462 2413 1581 2452; x_wconf 92' lang='lat' dir='ltr'><strong>cum</strong></span> <span class='ocrx_word' id='word_1_173' title='bbox 1608 2396 1942 2467; x_wconf 90' lang='lat' dir='ltr'><strong>cognovisset</strong></span> <span class='ocrx_word' id='word_1_174' title='bbox 1966 2393 2109 2465; x_wconf 90' lang='lat' dir='ltr'><strong>quod</strong></span> 
     </span>
    </p>
   </div>
   <div class='ocr_carea' id='block_1_24' title="bbox 525 2486 2109 2560">
    <p class='ocr_par' dir='ltr' id='par_1_24' title="bbox 525 2486 2109 2560">
     <span class='ocr_line' id='line_1_24' title="bbox 525 2486 2109 2560; baseline -0.003 -14"><span class='ocrx_word' id='word_1_175' title='bbox 525 2492 702 2546; x_wconf 85' lang='lat' dir='ltr'><strong>omnia</strong></span> <span class='ocrx_word' id='word_1_176' title='bbox 732 2492 815 2546; x_wconf 92' lang='lat' dir='ltr'><strong>vel</strong></span> <span class='ocrx_word' id='word_1_177' title='bbox 859 2506 995 2560; x_wconf 91' lang='lat' dir='ltr'><strong>pene</strong></span> <span class='ocrx_word' id='word_1_178' title='bbox 1029 2491 1203 2544; x_wconf 85' lang='lat' dir='ltr'><strong>omnia</strong></span> <span class='ocrx_word' id='word_1_179' title='bbox 1232 2504 1351 2559; x_wconf 78' lang='lat' dir='ltr'><strong>quze</strong></span> <span class='ocrx_word' id='word_1_180' title='bbox 1380 2488 1612 2544; x_wconf 89' lang='lat' dir='ltr'><strong>habebas</strong></span> <span class='ocrx_word' id='word_1_181' title='bbox 1632 2530 1647 2553; x_wconf 88' lang='lat'><strong>,</strong></span> <span class='ocrx_word' id='word_1_182' title='bbox 1693 2490 1875 2542; x_wconf 90' lang='lat' dir='ltr'><strong>nescio</strong></span> <span class='ocrx_word' id='word_1_183' title='bbox 1916 2486 2109 2557; x_wconf 87' lang='lat' dir='ltr'><strong>quibus</strong></span> 
     </span>
    </p>
   </div>
   <div class='ocr_carea' id='block_1_25' title="bbox 524 2581 2109 2651">
    <p class='ocr_par' dir='ltr' id='par_1_25' title="bbox 524 2581 2109 2651">
     <span class='ocr_line' id='line_1_25' title="bbox 524 2581 2109 2651; baseline -0.004 -11"><span class='ocrx_word' id='word_1_184' title='bbox 524 2585 729 2640; x_wconf 90' lang='lat' dir='ltr'><strong>duobus</strong></span> <span class='ocrx_word' id='word_1_185' title='bbox 759 2584 1152 2639; x_wconf 89' lang='lat' dir='ltr'><strong>transeuntibus</strong></span> <span class='ocrx_word' id='word_1_186' title='bbox 1180 2582 1455 2638; x_wconf 88' lang='lat' dir='ltr'><strong>monachis</strong></span> <span class='ocrx_word' id='word_1_187' title='bbox 1496 2592 1746 2651; x_wconf 89' lang='lat' dir='ltr'><strong>tanquam</strong></span> <span class='ocrx_word' id='word_1_188' title='bbox 1786 2581 2109 2651; x_wconf 84' lang='lat' dir='ltr'><strong>pauperibus</strong></span> 
     </span>
    </p>
   </div>
   <div class='ocr_carea' id='block_1_26' title="bbox 523 2674 2111 2746">
    <p class='ocr_par' dir='ltr' id='par_1_26' title="bbox 523 2674 2111 2746">
     <span class='ocr_line' id='line_1_26' title="bbox 523 2674 2111 2746; baseline -0.001 -16"><span class='ocrx_word' id='word_1_189' title='bbox 523 2676 789 2746; x_wconf 91' lang='lat' dir='ltr'><strong>eroganda</strong></span> <span class='ocrx_word' id='word_1_190' title='bbox 812 2676 1124 2742; x_wconf 88' lang='lat' dir='ltr'><strong>donaveris;</strong></span> <span class='ocrx_word' id='word_1_191' title='bbox 1157 2685 1282 2729; x_wconf 91' lang='lat' dir='ltr'><strong>tunc</strong></span> <span class='ocrx_word' id='word_1_192' title='bbox 1307 2675 1397 2730; x_wconf 91' lang='lat' dir='ltr'><strong>ille</strong></span> <span class='ocrx_word' id='word_1_193' title='bbox 1422 2674 1691 2729; x_wconf 86' lang='lat' dir='ltr'><strong>detestans</strong></span> <span class='ocrx_word' id='word_1_194' title='bbox 1710 2689 1805 2728; x_wconf 90' lang='lat' dir='ltr'><strong>eos</strong></span> <span class='ocrx_word' id='word_1_195' title='bbox 1834 2682 2029 2740; x_wconf 85' lang='lat' dir='ltr'><strong>tecum,</strong></span> <span class='ocrx_word' id='word_1_196' title='bbox 2055 2680 2111 2728; x_wconf 87' lang='lat' dir='ltr'><strong>et</strong></span> 
     </span>
    </p>
   </div>
   <div class='ocr_carea' id='block_1_27' title="bbox 521 2766 2110 2835">
    <p class='ocr_par' dir='ltr' id='par_1_27' title="bbox 521 2766 2110 2835">
     <span class='ocr_line' id='line_1_27' title="bbox 521 2766 2110 2835; baseline -0.001 -14"><span class='ocrx_word' id='word_1_197' title='bbox 521 2782 629 2822; x_wconf 88' lang='lat' dir='ltr'><strong>non</strong></span> <span class='ocrx_word' id='word_1_198' title='bbox 674 2767 769 2823; x_wconf 87' lang='lat' dir='ltr'><strong>Dei</strong></span> <span class='ocrx_word' id='word_1_199' title='bbox 812 2782 1029 2833; x_wconf 88' lang='lat' dir='ltr'><strong>servos,</strong></span> <span class='ocrx_word' id='word_1_200' title='bbox 1074 2768 1167 2823; x_wconf 91' lang='lat' dir='ltr'><strong>sed</strong></span> <span class='ocrx_word' id='word_1_201' title='bbox 1204 2767 1393 2822; x_wconf 91' lang='lat' dir='ltr'><strong>domus</strong></span> <span class='ocrx_word' id='word_1_202' title='bbox 1417 2766 1603 2821; x_wconf 74' lang='lat' dir='ltr'><strong>alienre</strong></span> <span class='ocrx_word' id='word_1_203' title='bbox 1635 2774 2021 2835; x_wconf 88' lang='lat' dir='ltr'><strong>penetratores,</strong></span> <span class='ocrx_word' id='word_1_204' title='bbox 2054 2772 2110 2820; x_wconf 89' lang='lat' dir='ltr'><strong>et</strong></span> 
     </span>
    </p>
   </div>
   <div class='ocr_carea' id='block_1_28' title="bbox 522 2857 2107 2928">
    <p class='ocr_par' dir='ltr' id='par_1_28' title="bbox 522 2857 2107 2928">
     <span class='ocr_line' id='line_1_28' title="bbox 522 2857 2107 2928; baseline 0 -17"><span class='ocrx_word' id='word_1_205' title='bbox 522 2866 645 2913; x_wconf 90' lang='lat' dir='ltr'><strong>tuos</strong></span> <span class='ocrx_word' id='word_1_206' title='bbox 655 2857 1483 2928; x_wconf 64' lang='lat' dir='ltr'><strong>captivatoresetdepraadatores</strong></span> <span class='ocrx_word' id='word_1_207' title='bbox 1500 2868 1711 2927; x_wconf 90' lang='lat' dir='ltr'><strong>putans,</strong></span> <span class='ocrx_word' id='word_1_208' title='bbox 1739 2865 1844 2910; x_wconf 89' lang='lat' dir='ltr'><strong>tam</strong></span> <span class='ocrx_word' id='word_1_209' title='bbox 1867 2866 2107 2911; x_wconf 90' lang='lat' dir='ltr'><strong>sanctam</strong></span> 
     </span>
    </p>
   </div>
   <div class='ocr_carea' id='block_1_29' title="bbox 520 2949 2109 3022">
    <p class='ocr_par' dir='ltr' id='par_1_29' title="bbox 520 2949 2109 3022">
     <span class='ocr_line' id='line_1_29' title="bbox 520 2949 2109 3022; baseline 0 -18"><span class='ocrx_word' id='word_1_210' title='bbox 520 2951 783 3005; x_wconf 88' lang='lat' dir='ltr'><strong>sarcinam</strong></span> <span class='ocrx_word' id='word_1_211' title='bbox 807 2966 964 3021; x_wconf 88' lang='lat' dir='ltr'><strong>quam</strong></span> <span class='ocrx_word' id='word_1_212' title='bbox 990 2958 1163 3005; x_wconf 90' lang='lat' dir='ltr'><strong>tecum</strong></span> <span class='ocrx_word' id='word_1_213' title='bbox 1190 2950 1441 3018; x_wconf 89' lang='lat' dir='ltr'><strong>subierat,</strong></span> <span class='ocrx_word' id='word_1_214' title='bbox 1467 2951 1771 3022; x_wconf 89' lang='lat' dir='ltr'><strong>indignatus</strong></span> <span class='ocrx_word' id='word_1_215' title='bbox 1792 2949 2001 3019; x_wconf 89' lang='lat' dir='ltr'><strong>abjecit.</strong></span> <span class='ocrx_word' id='word_1_216' title='bbox 2024 2949 2109 3004; x_wconf 88' lang='lat' dir='ltr'><strong>ln-</strong></span> 
     </span>
    </p>
   </div>
   <div class='ocr_carea' id='block_1_30' title="bbox 518 3042 2107 3114">
    <p class='ocr_par' dir='ltr' id='par_1_30' title="bbox 518 3042 2107 3114">
     <span class='ocr_line' id='line_1_30' title="bbox 518 3042 2107 3114; baseline 0.001 -18"><span class='ocrx_word' id='word_1_217' title='bbox 518 3042 706 3098; x_wconf 85' lang='lat' dir='ltr'><strong>flrmus</strong></span> <span class='ocrx_word' id='word_1_218' title='bbox 730 3043 871 3099; x_wconf 91' lang='lat' dir='ltr'><strong>enim</strong></span> <span class='ocrx_word' id='word_1_219' title='bbox 897 3052 1043 3110; x_wconf 90' lang='lat' dir='ltr'><strong>erat,</strong></span> <span class='ocrx_word' id='word_1_220' title='bbox 1070 3053 1124 3099; x_wconf 93' lang='lat' dir='ltr'><strong>et</strong></span> <span class='ocrx_word' id='word_1_221' title='bbox 1154 3043 1274 3100; x_wconf 91' lang='lat' dir='ltr'><strong>ideo</strong></span> <span class='ocrx_word' id='word_1_222' title='bbox 1301 3044 1395 3099; x_wconf 89' lang='lat' dir='ltr'><strong>tibi</strong></span> <span class='ocrx_word' id='word_1_223' title='bbox 1414 3086 1429 3111; x_wconf 93' lang='lat'><strong>,</strong></span> <span class='ocrx_word' id='word_1_224' title='bbox 1459 3058 1577 3114; x_wconf 82' lang='lat' dir='ltr'><strong>quae</strong></span> <span class='ocrx_word' id='word_1_225' title='bbox 1607 3042 1659 3097; x_wconf 91' lang='lat' dir='ltr'><strong>in</strong></span> <span class='ocrx_word' id='word_1_226' title='bbox 1686 3043 1953 3097; x_wconf 92' lang='lat' dir='ltr'><strong>communi</strong></span> <span class='ocrx_word' id='word_1_227' title='bbox 1979 3056 2107 3112; x_wconf 90' lang='lat' dir='ltr'><strong>pro-</strong></span> 
     </span>
    </p>
   </div>
   <div class='ocr_carea' id='block_1_31' title="bbox 520 3134 2107 3207">
    <p class='ocr_par' dir='ltr' id='par_1_31' title="bbox 520 3134 2107 3207">
     <span class='ocr_line' id='line_1_31' title="bbox 520 3134 2107 3207; baseline -0.001 -18"><span class='ocrx_word' id='word_1_228' title='bbox 520 3136 695 3204; x_wconf 91' lang='lat' dir='ltr'><strong>posito</strong></span> <span class='ocrx_word' id='word_1_229' title='bbox 721 3134 909 3191; x_wconf 91' lang='lat' dir='ltr'><strong>fortior</strong></span> <span class='ocrx_word' id='word_1_230' title='bbox 938 3135 1203 3191; x_wconf 89' lang='lat' dir='ltr'><strong>videbaris</strong></span> <span class='ocrx_word' id='word_1_231' title='bbox 1224 3178 1239 3205; x_wconf 94' lang='lat'><strong>,</strong></span> <span class='ocrx_word' id='word_1_232' title='bbox 1277 3153 1384 3192; x_wconf 91' lang='lat' dir='ltr'><strong>non</strong></span> <span class='ocrx_word' id='word_1_233' title='bbox 1410 3145 1524 3193; x_wconf 89' lang='lat' dir='ltr'><strong>erat</strong></span> <span class='ocrx_word' id='word_1_234' title='bbox 1551 3136 1965 3207; x_wconf 66' lang='lat' dir='ltr'><strong>priesumptione</strong></span> <span class='ocrx_word' id='word_1_235' title='bbox 1992 3143 2107 3188; x_wconf 85' lang='lat' dir='ltr'><strong>tur-</strong></span> 
     </span>
    </p>
   </div>
   <div class='ocr_carea' id='block_1_32' title="bbox 518 3224 2107 3298">
    <p class='ocr_par' dir='ltr' id='par_1_32' title="bbox 518 3224 2107 3298">
     <span class='ocr_line' id='line_1_32' title="bbox 518 3224 2107 3298; baseline -0.001 -18"><span class='ocrx_word' id='word_1_236' title='bbox 518 3224 757 3290; x_wconf 90' lang='lat' dir='ltr'><strong>bandus,</strong></span> <span class='ocrx_word' id='word_1_237' title='bbox 806 3225 900 3281; x_wconf 89' lang='lat' dir='ltr'><strong>sed</strong></span> <span class='ocrx_word' id='word_1_238' title='bbox 945 3226 1230 3282; x_wconf 89' lang='lat' dir='ltr'><strong>dilectione</strong></span> <span class='ocrx_word' id='word_1_239' title='bbox 1280 3227 1607 3298; x_wconf 90' lang='lat' dir='ltr'><strong>portandus:</strong></span> <span class='ocrx_word' id='word_1_240' title='bbox 1638 3226 1759 3296; x_wconf 88' lang='lat' dir='ltr'><strong>quia</strong></span> <span class='ocrx_word' id='word_1_241' title='bbox 1796 3226 2003 3281; x_wconf 89' lang='lat' dir='ltr'><strong>etiamsi</strong></span> <span class='ocrx_word' id='word_1_242' title='bbox 2039 3224 2107 3279; x_wconf 87' lang='lat' dir='ltr'><strong>ad</strong></span> 
     </span>
    </p>
   </div>
   <div class='ocr_carea' id='block_1_33' title="bbox 519 3316 2105 3390">
    <p class='ocr_par' dir='ltr' id='par_1_33' title="bbox 519 3316 2105 3390">
     <span class='ocr_line' id='line_1_33' title="bbox 519 3316 2105 3390; baseline 0.001 -20"><span class='ocrx_word' id='word_1_243' title='bbox 519 3316 665 3386; x_wconf 88' lang='lat' dir='ltr'><strong>ipsas</strong></span> <span class='ocrx_word' id='word_1_244' title='bbox 688 3318 1057 3390; x_wconf 88' lang='lat' dir='ltr'><strong>eleemosynas</strong></span> <span class='ocrx_word' id='word_1_245' title='bbox 1079 3319 1275 3389; x_wconf 89' lang='lat' dir='ltr'><strong>largius</strong></span> <span class='ocrx_word' id='word_1_246' title='bbox 1300 3317 1569 3373; x_wconf 85' lang='lat' dir='ltr'><strong>faciendas</strong></span> <span class='ocrx_word' id='word_1_247' title='bbox 1599 3316 1735 3371; x_wconf 85' lang='lat' dir='ltr'><strong>forte</strong></span> <span class='ocrx_word' id='word_1_248' title='bbox 1760 3318 1961 3387; x_wconf 91' lang='lat' dir='ltr'><strong>pigrius</strong></span> <span class='ocrx_word' id='word_1_249' title='bbox 1988 3333 2105 3371; x_wconf 84' lang='lat' dir='ltr'><strong>mo-</strong></span> 
     </span>
    </p>
   </div>
   <div class='ocr_carea' id='block_1_34' title="bbox 518 3405 2106 3479">
    <p class='ocr_par' dir='ltr' id='par_1_34' title="bbox 518 3405 2106 3479">
     <span class='ocr_line' id='line_1_34' title="bbox 518 3405 2106 3479; baseline 0.002 -19"><span class='ocrx_word' id='word_1_250' title='bbox 518 3405 765 3475; x_wconf 87' lang='lat' dir='ltr'><strong>vehatur,</strong></span> <span class='ocrx_word' id='word_1_251' title='bbox 794 3417 976 3479; x_wconf 82' lang='lat' dir='ltr'><strong>posset</strong></span> <span class='ocrx_word' id='word_1_252' title='bbox 996 3418 1049 3463; x_wconf 91' lang='lat' dir='ltr'><strong>et</strong></span> <span class='ocrx_word' id='word_1_253' title='bbox 1070 3409 1169 3465; x_wconf 88' lang='lat' dir='ltr'><strong>ista</strong></span> <span class='ocrx_word' id='word_1_254' title='bbox 1197 3409 1540 3475; x_wconf 90' lang='lat' dir='ltr'><strong>condiscere,</strong></span> <span class='ocrx_word' id='word_1_255' title='bbox 1586 3409 1630 3463; x_wconf 91' lang='lat' dir='ltr'><strong>si</strong></span> <span class='ocrx_word' id='word_1_256' title='bbox 1677 3410 1783 3463; x_wconf 91' lang='lat' dir='ltr'><strong>tuis</strong></span> <span class='ocrx_word' id='word_1_257' title='bbox 1821 3408 2106 3477; x_wconf 81' lang='lat' dir='ltr'><strong>inOpinatis</strong></span> 
     </span>
    </p>
   </div>
   <div class='ocr_carea' id='block_1_35' title="bbox 517 3500 2108 3573">
    <p class='ocr_par' dir='ltr' id='par_1_35' title="bbox 517 3500 2108 3573">
     <span class='ocr_line' id='line_1_35' title="bbox 517 3500 2108 3573; baseline 0 -18"><span class='ocrx_word' id='word_1_258' title='bbox 517 3515 627 3555; x_wconf 94' lang='lat' dir='ltr'><strong>non</strong></span> <span class='ocrx_word' id='word_1_259' title='bbox 671 3500 922 3558; x_wconf 90' lang='lat' dir='ltr'><strong>feriretur</strong></span> <span class='ocrx_word' id='word_1_260' title='bbox 961 3503 1242 3573; x_wconf 81' lang='lat' dir='ltr'><strong>expensis,</strong></span> <span class='ocrx_word' id='word_1_261' title='bbox 1287 3503 1379 3559; x_wconf 90' lang='lat' dir='ltr'><strong>sed</strong></span> <span class='ocrx_word' id='word_1_262' title='bbox 1418 3502 1737 3572; x_wconf 82' lang='lat' dir='ltr'><strong>exspectatis</strong></span> <span class='ocrx_word' id='word_1_263' title='bbox 1795 3502 2108 3556; x_wconf 88' lang='lat' dir='ltr'><strong>invitaretur</strong></span> 
     </span>
    </p>
   </div>
   <div class='ocr_carea' id='block_1_36' title="bbox 518 3592 2102 3665">
    <p class='ocr_par' dir='ltr' id='par_1_36' title="bbox 518 3592 2102 3665">
     <span class='ocr_line' id='line_1_36' title="bbox 518 3592 2102 3665; baseline 0 -17"><span class='ocrx_word' id='word_1_264' title='bbox 518 3592 824 3665; x_wconf 85' lang='lat' dir='ltr'><strong>obsequiis,</strong></span> <span class='ocrx_word' id='word_1_265' title='bbox 876 3604 934 3650; x_wconf 92' lang='lat' dir='ltr'><strong>ut</strong></span> <span class='ocrx_word' id='word_1_266' title='bbox 974 3597 1132 3650; x_wconf 86' lang='lat' dir='ltr'><strong>etiam</strong></span> <span class='ocrx_word' id='word_1_267' title='bbox 1172 3596 1274 3651; x_wconf 91' lang='lat' dir='ltr'><strong>hoc</strong></span> <span class='ocrx_word' id='word_1_268' title='bbox 1314 3595 1455 3665; x_wconf 91' lang='lat' dir='ltr'><strong>quod</strong></span> <span class='ocrx_word' id='word_1_269' title='bbox 1504 3606 1706 3650; x_wconf 88' lang='lat' dir='ltr'><strong>temere</strong></span> <span class='ocrx_word' id='word_1_270' title='bbox 1743 3595 1855 3649; x_wconf 91' lang='lat' dir='ltr'><strong>sola</strong></span> <span class='ocrx_word' id='word_1_271' title='bbox 1900 3594 2102 3662; x_wconf 82' lang='lat' dir='ltr'><strong>fecisti,</strong></span> 
     </span>
    </p>
   </div>
   <div class='ocr_carea' id='block_1_37' title="bbox 520 3685 2105 3755">
    <p class='ocr_par' dir='ltr' id='par_1_37' title="bbox 520 3685 2105 3755">
     <span class='ocr_line' id='line_1_37' title="bbox 520 3685 2105 3755; baseline 0.001 -16"><span class='ocrx_word' id='word_1_272' title='bbox 520 3688 691 3740; x_wconf 89' lang='lat' dir='ltr'><strong>multo</strong></span> <span class='ocrx_word' id='word_1_273' title='bbox 716 3686 1007 3742; x_wconf 89' lang='lat' dir='ltr'><strong>consultius</strong></span> <span class='ocrx_word' id='word_1_274' title='bbox 1033 3688 1318 3743; x_wconf 86' lang='lat' dir='ltr'><strong>dilectione</strong></span> <span class='ocrx_word' id='word_1_275' title='bbox 1342 3688 1613 3752; x_wconf 89' lang='lat' dir='ltr'><strong>concordi,</strong></span> <span class='ocrx_word' id='word_1_276' title='bbox 1655 3687 1928 3755; x_wconf 88' lang='lat' dir='ltr'><strong>multoque</strong></span> <span class='ocrx_word' id='word_1_277' title='bbox 1956 3685 2105 3741; x_wconf 84' lang='lat' dir='ltr'><strong>ordi-</strong></span> 
     </span>
    </p>
   </div>
   <div class='ocr_carea' id='block_1_38' title="bbox 520 3778 2106 3849">
    <p class='ocr_par' dir='ltr' id='par_1_38' title="bbox 520 3778 2106 3849">
     <span class='ocr_line' id='line_1_38' title="bbox 520 3778 2106 3849; baseline 0.002 -19"><span class='ocrx_word' id='word_1_278' title='bbox 520 3778 697 3833; x_wconf 89' lang='lat' dir='ltr'><strong>natius</strong></span> <span class='ocrx_word' id='word_1_279' title='bbox 733 3787 789 3834; x_wconf 91' lang='lat' dir='ltr'><strong>et</strong></span> <span class='ocrx_word' id='word_1_280' title='bbox 826 3778 1102 3834; x_wconf 86' lang='lat' dir='ltr'><strong>honestius</strong></span> <span class='ocrx_word' id='word_1_281' title='bbox 1144 3779 1301 3833; x_wconf 90' lang='lat' dir='ltr'><strong>ambo</strong></span> <span class='ocrx_word' id='word_1_282' title='bbox 1329 3778 1608 3845; x_wconf 83' lang='lat' dir='ltr'><strong>faceretis;</strong></span> <span class='ocrx_word' id='word_1_283' title='bbox 1641 3794 1739 3833; x_wconf 92' lang='lat' dir='ltr'><strong>nec</strong></span> <span class='ocrx_word' id='word_1_284' title='bbox 1768 3779 2106 3849; x_wconf 81' lang='lat' dir='ltr'><strong>blasphema—</strong></span> 
     </span>
    </p>
   </div>
   <div class='ocr_carea' id='block_1_39' title="bbox 520 3871 2105 3942">
    <p class='ocr_par' dir='ltr' id='par_1_39' title="bbox 520 3871 2105 3942">
     <span class='ocr_line' id='line_1_39' title="bbox 520 3871 2105 3942; baseline 0.001 -16"><span class='ocrx_word' id='word_1_285' title='bbox 520 3880 709 3926; x_wconf 89' lang='lat' dir='ltr'><strong>rentur</strong></span> <span class='ocrx_word' id='word_1_286' title='bbox 749 3872 890 3928; x_wconf 90' lang='lat' dir='ltr'><strong>servi</strong></span> <span class='ocrx_word' id='word_1_287' title='bbox 934 3872 1061 3939; x_wconf 87' lang='lat' dir='ltr'><strong>Dei,</strong></span> <span class='ocrx_word' id='word_1_288' title='bbox 1109 3872 1155 3928; x_wconf 93' lang='lat' dir='ltr'><strong>si</strong></span> <span class='ocrx_word' id='word_1_289' title='bbox 1195 3880 1370 3927; x_wconf 90' lang='lat' dir='ltr'><strong>tamen</strong></span> <span class='ocrx_word' id='word_1_290' title='bbox 1412 3872 1513 3927; x_wconf 93' lang='lat' dir='ltr'><strong>hoc</strong></span> <span class='ocrx_word' id='word_1_291' title='bbox 1541 3871 1774 3940; x_wconf 89' lang='lat' dir='ltr'><strong>fuerunt,</strong></span> <span class='ocrx_word' id='word_1_292' title='bbox 1799 3872 1889 3942; x_wconf 92' lang='lat' dir='ltr'><strong>qui</strong></span> <span class='ocrx_word' id='word_1_293' title='bbox 1912 3872 2105 3927; x_wconf 92' lang='lat' dir='ltr'><strong>marito</strong></span> 
     </span>
    </p>
   </div>
   <div class='ocr_carea' id='block_1_40' title="bbox 517 3962 2103 4034">
    <p class='ocr_par' dir='ltr' id='par_1_40' title="bbox 517 3962 2103 4034">
     <span class='ocr_line' id='line_1_40' title="bbox 517 3962 2103 4034; baseline 0 -16"><span class='ocrx_word' id='word_1_294' title='bbox 517 3962 740 4020; x_wconf 89' lang='lat' dir='ltr'><strong>absente</strong></span> <span class='ocrx_word' id='word_1_295' title='bbox 768 3973 927 4034; x_wconf 88' lang='lat' dir='ltr'><strong>atque</strong></span> <span class='ocrx_word' id='word_1_296' title='bbox 944 3964 1235 4031; x_wconf 88' lang='lat' dir='ltr'><strong>nesciente,</strong></span> <span class='ocrx_word' id='word_1_297' title='bbox 1257 3964 1324 4019; x_wconf 91' lang='lat' dir='ltr'><strong>ab</strong></span> <span class='ocrx_word' id='word_1_298' title='bbox 1341 3964 1515 4034; x_wconf 88' lang='lat' dir='ltr'><strong>ignota</strong></span> <span class='ocrx_word' id='word_1_299' title='bbox 1533 3964 1754 4018; x_wconf 90' lang='lat' dir='ltr'><strong>muliere</strong></span> <span class='ocrx_word' id='word_1_300' title='bbox 1774 3964 1911 4019; x_wconf 92' lang='lat' dir='ltr'><strong>etab</strong></span> <span class='ocrx_word' id='word_1_301' title='bbox 1929 3963 2103 4018; x_wconf 86' lang='lat' dir='ltr'><strong>aliena</strong></span> 
     </span>
    </p>
   </div>
   <div class='ocr_carea' id='block_1_41' title="bbox 517 4056 2103 4126">
    <p class='ocr_par' dir='ltr' id='par_1_41' title="bbox 517 4056 2103 4126">
     <span class='ocr_line' id='line_1_41' title="bbox 517 4056 2103 4126; baseline 0.001 -15"><span class='ocrx_word' id='word_1_302' title='bbox 517 4071 687 4111; x_wconf 81' lang='lat' dir='ltr'><strong>uxore</strong></span> <span class='ocrx_word' id='word_1_303' title='bbox 716 4066 857 4111; x_wconf 90' lang='lat' dir='ltr'><strong>tanta</strong></span> <span class='ocrx_word' id='word_1_304' title='bbox 883 4065 1252 4126; x_wconf 89' lang='lat' dir='ltr'><strong>sumpserunt;</strong></span> <span class='ocrx_word' id='word_1_305' title='bbox 1301 4065 1353 4111; x_wconf 89' lang='lat' dir='ltr'><strong>et</strong></span> <span class='ocrx_word' id='word_1_306' title='bbox 1382 4056 1684 4110; x_wconf 84' lang='lat' dir='ltr'><strong>laudaretur</strong></span> <span class='ocrx_word' id='word_1_307' title='bbox 1713 4056 1855 4111; x_wconf 91' lang='lat' dir='ltr'><strong>Deus</strong></span> <span class='ocrx_word' id='word_1_308' title='bbox 1886 4056 1938 4111; x_wconf 91' lang='lat' dir='ltr'><strong>in</strong></span> <span class='ocrx_word' id='word_1_309' title='bbox 1970 4071 2103 4125; x_wconf 88' lang='lat' dir='ltr'><strong>ope-</strong></span> 
     </span>
    </p>
   </div>
   <div class='ocr_carea' id='block_1_42' title="bbox 516 4147 2105 4218">
    <p class='ocr_par' dir='ltr' id='par_1_42' title="bbox 516 4147 2105 4218">
     <span class='ocr_line' id='line_1_42' title="bbox 516 4147 2105 4218; baseline 0 -15"><span class='ocrx_word' id='word_1_310' title='bbox 516 4148 666 4204; x_wconf 89' lang='lat' dir='ltr'><strong>ribus</strong></span> <span class='ocrx_word' id='word_1_311' title='bbox 691 4149 903 4211; x_wconf 87' lang='lat' dir='ltr'><strong>vestris,</strong></span> <span class='ocrx_word' id='word_1_312' title='bbox 935 4163 1159 4218; x_wconf 90' lang='lat' dir='ltr'><strong>quorum</strong></span> <span class='ocrx_word' id='word_1_313' title='bbox 1180 4156 1323 4203; x_wconf 91' lang='lat' dir='ltr'><strong>esset</strong></span> <span class='ocrx_word' id='word_1_314' title='bbox 1348 4156 1453 4202; x_wconf 89' lang='lat' dir='ltr'><strong>tam</strong></span> <span class='ocrx_word' id='word_1_315' title='bbox 1483 4147 1584 4202; x_wconf 85' lang='lat' dir='ltr'><strong>fida</strong></span> <span class='ocrx_word' id='word_1_316' title='bbox 1610 4149 1857 4217; x_wconf 89' lang='lat' dir='ltr'><strong>societas,</strong></span> <span class='ocrx_word' id='word_1_317' title='bbox 1884 4156 1988 4203; x_wconf 91' lang='lat' dir='ltr'><strong>uta</strong></span> <span class='ocrx_word' id='word_1_318' title='bbox 2010 4164 2105 4204; x_wconf 86' lang='lat' dir='ltr'><strong>vo-</strong></span> 
     </span>
    </p>
   </div>
   <div class='ocr_carea' id='block_1_43' title="bbox 518 4240 2099 4313">
    <p class='ocr_par' dir='ltr' id='par_1_43' title="bbox 518 4240 2099 4313">
     <span class='ocr_line' id='line_1_43' title="bbox 518 4240 2099 4313; baseline 0.001 -16"><span class='ocrx_word' id='word_1_319' title='bbox 518 4240 602 4297; x_wconf 91' lang='lat' dir='ltr'><strong>bis</strong></span> <span class='ocrx_word' id='word_1_320' title='bbox 626 4241 978 4297; x_wconf 90' lang='lat' dir='ltr'><strong>communiter</strong></span> <span class='ocrx_word' id='word_1_321' title='bbox 1003 4251 1296 4309; x_wconf 89' lang='lat' dir='ltr'><strong>teneretur,</strong></span> <span class='ocrx_word' id='word_1_322' title='bbox 1320 4256 1424 4296; x_wconf 92' lang='lat' dir='ltr'><strong>non</strong></span> <span class='ocrx_word' id='word_1_323' title='bbox 1444 4241 1616 4297; x_wconf 90' lang='lat' dir='ltr'><strong>solum</strong></span> <span class='ocrx_word' id='word_1_324' title='bbox 1635 4257 1843 4298; x_wconf 91' lang='lat' dir='ltr'><strong>summa</strong></span> <span class='ocrx_word' id='word_1_325' title='bbox 1863 4242 2099 4313; x_wconf 88' lang='lat' dir='ltr'><strong>castitas,</strong></span> 
     </span>
    </p>
   </div>
   <div class='ocr_carea' id='block_1_44' title="bbox 516 4334 1475 4404">
    <p class='ocr_par' dir='ltr' id='par_1_44' title="bbox 516 4334 1475 4404">
     <span class='ocr_line' id='line_1_44' title="bbox 516 4334 1475 4404; baseline 0 -17"><span class='ocrx_word' id='word_1_326' title='bbox 516 4348 705 4389; x_wconf 91' lang='lat' dir='ltr'><strong>verum</strong></span> <span class='ocrx_word' id='word_1_327' title='bbox 735 4334 892 4389; x_wconf 91' lang='lat' dir='ltr'><strong>etiam</strong></span> <span class='ocrx_word' id='word_1_328' title='bbox 918 4334 1146 4404; x_wconf 91' lang='lat' dir='ltr'><strong>gloriosa</strong></span> <span class='ocrx_word' id='word_1_329' title='bbox 1178 4342 1475 4404; x_wconf 87' lang='lat' dir='ltr'><strong>paupertas.</strong></span> 
     </span>
    </p>
   </div>
   <div class='ocr_carea' id='block_1_45' title="bbox 591 4424 2103 4482">
    <p class='ocr_par' dir='ltr' id='par_1_45' title="bbox 591 4424 2103 4482">
     <span class='ocr_line' id='line_1_45' title="bbox 591 4424 2103 4482; baseline 0.003 -5"><span class='ocrx_word' id='word_1_330' title='bbox 591 4426 643 4478; x_wconf 83' lang='lat'><strong>6.</strong></span> <span class='ocrx_word' id='word_1_331' title='bbox 684 4424 834 4479; x_wconf 89' lang='lat' dir='ltr'><strong>Nunc</strong></span> <span class='ocrx_word' id='word_1_332' title='bbox 874 4432 1048 4479; x_wconf 91' lang='lat' dir='ltr'><strong>autem</strong></span> <span class='ocrx_word' id='word_1_333' title='bbox 1097 4425 1489 4480; x_wconf 89' lang='lat' dir='ltr'><strong>inconsiderata</strong></span> <span class='ocrx_word' id='word_1_334' title='bbox 1528 4425 1863 4482; x_wconf 89' lang='lat' dir='ltr'><strong>festinatione</strong></span> <span class='ocrx_word' id='word_1_335' title='bbox 1890 4426 2103 4482; x_wconf 89' lang='lat' dir='ltr'><strong>attende</strong></span> 
     </span>
    </p>
   </div>
   <div class='ocr_carea' id='block_1_46' title="bbox 520 4513 2103 4586">
    <p class='ocr_par' dir='ltr' id='par_1_46' title="bbox 520 4513 2103 4586">
     <span class='ocr_line' id='line_1_46' title="bbox 520 4513 2103 4586; baseline 0.003 -20"><span class='ocrx_word' id='word_1_336' title='bbox 520 4513 646 4583; x_wconf 90' lang='lat' dir='ltr'><strong>quid</strong></span> <span class='ocrx_word' id='word_1_337' title='bbox 675 4513 878 4569; x_wconf 89' lang='lat' dir='ltr'><strong>feceris.</strong></span> <span class='ocrx_word' id='word_1_338' title='bbox 913 4514 982 4570; x_wconf 89' lang='lat' dir='ltr'><strong>Ut</strong></span> <span class='ocrx_word' id='word_1_339' title='bbox 1008 4515 1149 4569; x_wconf 92' lang='lat' dir='ltr'><strong>enim</strong></span> <span class='ocrx_word' id='word_1_340' title='bbox 1176 4515 1243 4569; x_wconf 90' lang='lat' dir='ltr'><strong>de</strong></span> <span class='ocrx_word' id='word_1_341' title='bbox 1269 4514 1375 4568; x_wconf 83' lang='lat' dir='ltr'><strong>illis</strong></span> <span class='ocrx_word' id='word_1_342' title='bbox 1404 4514 1709 4580; x_wconf 90' lang='lat' dir='ltr'><strong>monachis,</strong></span> <span class='ocrx_word' id='word_1_343' title='bbox 1742 4532 1770 4569; x_wconf 91' lang='lat' dir='ltr'><strong>a</strong></span> <span class='ocrx_word' id='word_1_344' title='bbox 1815 4516 2007 4586; x_wconf 90' lang='lat' dir='ltr'><strong>quibus</strong></span> <span class='ocrx_word' id='word_1_345' title='bbox 2050 4525 2103 4571; x_wconf 91' lang='lat' dir='ltr'><strong>te</strong></span> 
     </span>
    </p>
   </div>
   <div class='ocr_carea' id='block_1_47' title="bbox 520 4605 2098 4678">
    <p class='ocr_par' dir='ltr' id='par_1_47' title="bbox 520 4605 2098 4678">
     <span class='ocr_line' id='line_1_47' title="bbox 520 4605 2098 4678; baseline 0.003 -19"><span class='ocrx_word' id='word_1_346' title='bbox 520 4606 634 4675; x_wconf 88' lang='lat' dir='ltr'><strong>ipse</strong></span> <span class='ocrx_word' id='word_1_347' title='bbox 662 4620 770 4659; x_wconf 92' lang='lat' dir='ltr'><strong>non</strong></span> <span class='ocrx_word' id='word_1_348' title='bbox 789 4606 1133 4673; x_wconf 65' lang='lat' dir='ltr'><strong>aedificatam,</strong></span> <span class='ocrx_word' id='word_1_349' title='bbox 1164 4605 1257 4661; x_wconf 91' lang='lat' dir='ltr'><strong>sed</strong></span> <span class='ocrx_word' id='word_1_350' title='bbox 1287 4606 1563 4675; x_wconf 86' lang='lat' dir='ltr'><strong>spoliatam</strong></span> <span class='ocrx_word' id='word_1_351' title='bbox 1595 4621 1713 4661; x_wconf 90' lang='lat' dir='ltr'><strong>esse</strong></span> <span class='ocrx_word' id='word_1_352' title='bbox 1737 4610 2098 4678; x_wconf 87' lang='lat' dir='ltr'><strong>conqueritur,</strong></span> 
     </span>
    </p>
   </div>
   <div class='ocr_carea' id='block_1_48' title="bbox 446 4697 2101 4767">
    <p class='ocr_par' dir='ltr' id='par_1_48' title="bbox 446 4697 2101 4767">
     <span class='ocr_line' id='line_1_48' title="bbox 446 4697 2101 4767; baseline 0.002 -16"><span class='ocrx_word' id='word_1_353' title='bbox 446 4726 447 4729; x_wconf 58' lang='grc' dir='ltr'><strong>η</strong></span> <span class='ocrx_word' id='word_1_354' title='bbox 519 4711 619 4767; x_wconf 89' lang='lat' dir='ltr'><strong>ego</strong></span> <span class='ocrx_word' id='word_1_355' title='bbox 639 4697 775 4753; x_wconf 89' lang='lat' dir='ltr'><strong>bene</strong></span> <span class='ocrx_word' id='word_1_356' title='bbox 807 4698 1053 4764; x_wconf 90' lang='lat' dir='ltr'><strong>sentiam,</strong></span> <span class='ocrx_word' id='word_1_357' title='bbox 1082 4712 1185 4753; x_wconf 92' lang='lat' dir='ltr'><strong>nec</strong></span> <span class='ocrx_word' id='word_1_358' title='bbox 1205 4697 1403 4753; x_wconf 90' lang='lat' dir='ltr'><strong>homini</strong></span> <span class='ocrx_word' id='word_1_359' title='bbox 1431 4712 1540 4767; x_wconf 70' lang='lat' dir='ltr'><strong>prae</strong></span> <span class='ocrx_word' id='word_1_360' title='bbox 1571 4698 1648 4753; x_wconf 90' lang='lat' dir='ltr'><strong>ira</strong></span> <span class='ocrx_word' id='word_1_361' title='bbox 1677 4699 1943 4754; x_wconf 89' lang='lat' dir='ltr'><strong>turbatum</strong></span> <span class='ocrx_word' id='word_1_362' title='bbox 1970 4716 2101 4755; x_wconf 91' lang='lat' dir='ltr'><strong>ocu-</strong></span> 
     </span>
    </p>
   </div>
   <div class='ocr_carea' id='block_1_49' title="bbox 455 4790 2101 4854">
    <p class='ocr_par' dir='ltr' id='par_1_49' title="bbox 455 4790 2101 4854">
     <span class='ocr_line' id='line_1_49' title="bbox 455 4790 2101 4854; baseline 0.001 -9"><span class='ocrx_word' id='word_1_363' title='bbox 455 4821 459 4827; x_wconf 61' lang='grc' dir='ltr'>ν</span> <span class='ocrx_word' id='word_1_364' title='bbox 518 4791 630 4846; x_wconf 90' lang='lat' dir='ltr'><strong>lum</strong></span> <span class='ocrx_word' id='word_1_365' title='bbox 656 4790 868 4847; x_wconf 88' lang='lat' dir='ltr'><strong>habenti</strong></span> <span class='ocrx_word' id='word_1_366' title='bbox 889 4832 903 4854; x_wconf 88' lang='lat'><strong>,</strong></span> <span class='ocrx_word' id='word_1_367' title='bbox 935 4799 1118 4847; x_wconf 90' lang='lat' dir='ltr'><strong>contra</strong></span> <span class='ocrx_word' id='word_1_368' title='bbox 1146 4792 1239 4847; x_wconf 90' lang='lat' dir='ltr'><strong>Dei</strong></span> <span class='ocrx_word' id='word_1_369' title='bbox 1267 4792 1492 4847; x_wconf 89' lang='lat' dir='ltr'><strong>fortasse</strong></span> <span class='ocrx_word' id='word_1_370' title='bbox 1532 4792 1759 4846; x_wconf 87' lang='lat' dir='ltr'><strong>famulos</strong></span> <span class='ocrx_word' id='word_1_371' title='bbox 1788 4791 1940 4848; x_wconf 83' lang='lat' dir='ltr'><strong>facile</strong></span> <span class='ocrx_word' id='word_1_372' title='bbox 1969 4808 2101 4847; x_wconf 91' lang='lat' dir='ltr'><strong>con-</strong></span> 
     </span>
    </p>
   </div>
   <div class='ocr_carea' id='block_1_50' title="bbox 517 4884 2101 4956">
    <p class='ocr_par' dir='ltr' id='par_1_50' title="bbox 517 4884 2101 4956">
     <span class='ocr_line' id='line_1_50' title="bbox 517 4884 2101 4956; baseline 0.003 -18"><span class='ocrx_word' id='word_1_373' title='bbox 517 4884 775 4950; x_wconf 85' lang='lat' dir='ltr'><strong>sentiam;</strong></span> <span class='ocrx_word' id='word_1_374' title='bbox 806 4884 1057 4953; x_wconf 91' lang='lat' dir='ltr'><strong>numquid</strong></span> <span class='ocrx_word' id='word_1_375' title='bbox 1082 4893 1284 4938; x_wconf 87' lang='lat' dir='ltr'><strong>tantum</strong></span> <span class='ocrx_word' id='word_1_376' title='bbox 1308 4884 1504 4939; x_wconf 92' lang='lat' dir='ltr'><strong>bonum</strong></span> <span class='ocrx_word' id='word_1_377' title='bbox 1524 4894 1627 4949; x_wconf 87' lang='lat' dir='ltr'><strong>est,</strong></span> <span class='ocrx_word' id='word_1_378' title='bbox 1654 4884 1791 4956; x_wconf 90' lang='lat' dir='ltr'><strong>quod</strong></span> <span class='ocrx_word' id='word_1_379' title='bbox 1810 4901 2101 4955; x_wconf 82' lang='lat' dir='ltr'><strong>pauperum</strong></span> 
     </span>
    </p>
   </div>
   <div class='ocr_carea' id='block_1_51' title="bbox 518 4974 2099 5048">
    <p class='ocr_par' dir='ltr' id='par_1_51' title="bbox 518 4974 2099 5048">
     <span class='ocr_line' id='line_1_51' title="bbox 518 4974 2099 5048; baseline 0.003 -20"><span class='ocrx_word' id='word_1_380' title='bbox 518 4988 731 5029; x_wconf 87' lang='lat' dir='ltr'><strong>carnem</strong></span> <span class='ocrx_word' id='word_1_381' title='bbox 774 4974 1092 5046; x_wconf 85' lang='lat' dir='ltr'><strong>largioribus</strong></span> <span class='ocrx_word' id='word_1_382' title='bbox 1130 4975 1485 5048; x_wconf 84' lang='lat' dir='ltr'><strong>eleemosynis</strong></span> <span class='ocrx_word' id='word_1_383' title='bbox 1529 4976 1794 5039; x_wconf 87' lang='lat' dir='ltr'><strong>refecisti,</strong></span> <span class='ocrx_word' id='word_1_384' title='bbox 1844 4987 2099 5048; x_wconf 89' lang='lat' dir='ltr'><strong>quantum</strong></span> 
     </span>
    </p>
   </div>
   <div class='ocr_carea' id='block_1_52' title="bbox 517 5065 2100 5140">
    <p class='ocr_par' dir='ltr' id='par_1_52' title="bbox 517 5065 2100 5140">
     <span class='ocr_line' id='line_1_52' title="bbox 517 5065 2100 5140; baseline 0.004 -22"><span class='ocrx_word' id='word_1_385' title='bbox 517 5065 719 5119; x_wconf 90' lang='lat' dir='ltr'><strong>malum</strong></span> <span class='ocrx_word' id='word_1_386' title='bbox 750 5075 852 5131; x_wconf 90' lang='lat' dir='ltr'><strong>est,</strong></span> <span class='ocrx_word' id='word_1_387' title='bbox 885 5066 1024 5135; x_wconf 93' lang='lat' dir='ltr'><strong>quod</strong></span> <span class='ocrx_word' id='word_1_388' title='bbox 1056 5067 1153 5120; x_wconf 91' lang='lat' dir='ltr'><strong>viri</strong></span> <span class='ocrx_word' id='word_1_389' title='bbox 1183 5069 1255 5121; x_wconf 93' lang='lat' dir='ltr'><strong>tui</strong></span> <span class='ocrx_word' id='word_1_390' title='bbox 1286 5076 1515 5123; x_wconf 90' lang='lat' dir='ltr'><strong>mentem</strong></span> <span class='ocrx_word' id='word_1_391' title='bbox 1546 5084 1576 5122; x_wconf 90' lang='lat' dir='ltr'><strong>a</strong></span> <span class='ocrx_word' id='word_1_392' title='bbox 1608 5080 1710 5123; x_wconf 87' lang='lat' dir='ltr'><strong>tam</strong></span> <span class='ocrx_word' id='word_1_393' title='bbox 1740 5070 1880 5123; x_wconf 88' lang='lat' dir='ltr'><strong>bono</strong></span> <span class='ocrx_word' id='word_1_394' title='bbox 1900 5085 2100 5140; x_wconf 85' lang='lat' dir='ltr'><strong>prepo-</strong></span> 
     </span>
    </p>
   </div>
   <div class='ocr_carea' id='block_1_53' title="bbox 516 5158 2100 5230">
    <p class='ocr_par' dir='ltr' id='par_1_53' title="bbox 516 5158 2100 5230">
     <span class='ocr_line' id='line_1_53' title="bbox 516 5158 2100 5230; baseline 0.004 -18"><span class='ocrx_word' id='word_1_395' title='bbox 516 5158 621 5213; x_wconf 87' lang='lat' dir='ltr'><strong>sito</strong></span> <span class='ocrx_word' id='word_1_396' title='bbox 658 5158 946 5213; x_wconf 81' lang='lat' dir='ltr'><strong>subruisti?</strong></span> <span class='ocrx_word' id='word_1_397' title='bbox 992 5160 1069 5214; x_wconf 85' lang='lat' dir='ltr'><strong>An</strong></span> <span class='ocrx_word' id='word_1_398' title='bbox 1113 5159 1420 5230; x_wconf 88' lang='lat' dir='ltr'><strong>cujusquam</strong></span> <span class='ocrx_word' id='word_1_399' title='bbox 1471 5161 1564 5215; x_wconf 87' lang='lat' dir='ltr'><strong>tibi</strong></span> <span class='ocrx_word' id='word_1_400' title='bbox 1612 5162 1913 5229; x_wconf 90' lang='lat' dir='ltr'><strong>temporalis</strong></span> <span class='ocrx_word' id='word_1_401' title='bbox 1956 5162 2100 5218; x_wconf 85' lang='lat' dir='ltr'><strong>salus</strong></span> 
     </span>
    </p>
   </div>
   <div class='ocr_carea' id='block_1_54' title="bbox 514 5250 2097 5322">
    <p class='ocr_par' dir='ltr' id='par_1_54' title="bbox 514 5250 2097 5322">
     <span class='ocr_line' id='line_1_54' title="bbox 514 5250 2097 5322; baseline 0.003 -17"><span class='ocrx_word' id='word_1_402' title='bbox 514 5250 729 5305; x_wconf 86' lang='lat' dir='ltr'><strong>charior</strong></span> <span class='ocrx_word' id='word_1_403' title='bbox 758 5265 878 5305; x_wconf 86' lang='lat' dir='ltr'><strong>esse</strong></span> <span class='ocrx_word' id='word_1_404' title='bbox 904 5250 1180 5318; x_wconf 88' lang='lat' dir='ltr'><strong>debuerat,</strong></span> <span class='ocrx_word' id='word_1_405' title='bbox 1210 5267 1364 5320; x_wconf 87' lang='lat' dir='ltr'><strong>quam</strong></span> <span class='ocrx_word' id='word_1_406' title='bbox 1397 5252 1551 5322; x_wconf 89' lang='lat' dir='ltr'><strong>hujus</strong></span> <span class='ocrx_word' id='word_1_407' title='bbox 1576 5254 1812 5307; x_wconf 81' lang='lat' dir='ltr'><strong>:clerna?</strong></span> <span class='ocrx_word' id='word_1_408' title='bbox 1837 5253 2025 5308; x_wconf 86' lang='lat' dir='ltr'><strong>Nonne</strong></span> <span class='ocrx_word' id='word_1_409' title='bbox 2053 5255 2097 5309; x_wconf 91' lang='lat' dir='ltr'><strong>si</strong></span> 
     </span>
    </p>
   </div>
   <div class='ocr_carea' id='block_1_55' title="bbox 516 5344 2099 5418">
    <p class='ocr_par' dir='ltr' id='par_1_55' title="bbox 516 5344 2099 5418">
     <span class='ocr_line' id='line_1_55' title="bbox 516 5344 2099 5418; baseline 0.004 -21"><span class='ocrx_word' id='word_1_410' title='bbox 516 5344 827 5414; x_wconf 88' lang='lat' dir='ltr'><strong>ampliorem</strong></span> <span class='ocrx_word' id='word_1_411' title='bbox 872 5345 1289 5401; x_wconf 88' lang='lat' dir='ltr'><strong>misericordiam</strong></span> <span class='ocrx_word' id='word_1_412' title='bbox 1325 5348 1592 5416; x_wconf 88' lang='lat' dir='ltr'><strong>cogitans,</strong></span> <span class='ocrx_word' id='word_1_413' title='bbox 1637 5348 1755 5402; x_wconf 90' lang='lat' dir='ltr'><strong>ideo</strong></span> <span class='ocrx_word' id='word_1_414' title='bbox 1782 5348 2099 5418; x_wconf 87' lang='lat' dir='ltr'><strong>pauperibus</strong></span> 
     </span>
    </p>
   </div>
   <div class='ocr_carea' id='block_1_56' title="bbox 514 5438 2098 5507">
    <p class='ocr_par' dir='ltr' id='par_1_56' title="bbox 514 5438 2098 5507">
     <span class='ocr_line' id='line_1_56' title="bbox 514 5438 2098 5507; baseline 0.005 -19"><span class='ocrx_word' id='word_1_415' title='bbox 514 5451 602 5491; x_wconf 91' lang='lat' dir='ltr'><strong>res</strong></span> <span class='ocrx_word' id='word_1_416' title='bbox 640 5444 758 5490; x_wconf 86' lang='lat' dir='ltr'><strong>tuas</strong></span> <span class='ocrx_word' id='word_1_417' title='bbox 796 5452 1017 5507; x_wconf 84' lang='lat' dir='ltr'><strong>erogare</strong></span> <span class='ocrx_word' id='word_1_418' title='bbox 1061 5438 1335 5505; x_wconf 83' lang='lat' dir='ltr'><strong>ditl‘erres,</strong></span> <span class='ocrx_word' id='word_1_419' title='bbox 1378 5455 1443 5494; x_wconf 91' lang='lat' dir='ltr'><strong>ne</strong></span> <span class='ocrx_word' id='word_1_420' title='bbox 1467 5440 1849 5495; x_wconf 85' lang='lat' dir='ltr'><strong>scandalizatus</strong></span> <span class='ocrx_word' id='word_1_421' title='bbox 1878 5441 2098 5496; x_wconf 90' lang='lat' dir='ltr'><strong>maritus</strong></span> 
     </span>
    </p>
   </div>
   <div class='ocr_carea' id='block_1_57' title="bbox 516 5531 2097 5604">
    <p class='ocr_par' dir='ltr' id='par_1_57' title="bbox 516 5531 2097 5604">
     <span class='ocr_line' id='line_1_57' title="bbox 516 5531 2097 5604; baseline 0.004 -23"><span class='ocrx_word' id='word_1_422' title='bbox 516 5538 637 5583; x_wconf 90' lang='lat' dir='ltr'><strong>tuus</strong></span> <span class='ocrx_word' id='word_1_423' title='bbox 660 5532 767 5584; x_wconf 88' lang='lat' dir='ltr'><strong>Deo</strong></span> <span class='ocrx_word' id='word_1_424' title='bbox 794 5532 1013 5599; x_wconf 85' lang='lat' dir='ltr'><strong>periret,</strong></span> <span class='ocrx_word' id='word_1_425' title='bbox 1042 5531 1311 5587; x_wconf 86' lang='lat' dir='ltr'><strong>uberiores</strong></span> <span class='ocrx_word' id='word_1_426' title='bbox 1332 5533 1420 5586; x_wconf 89' lang='lat' dir='ltr'><strong>tibi</strong></span> <span class='ocrx_word' id='word_1_427' title='bbox 1449 5533 1588 5586; x_wconf 84' lang='lat' dir='ltr'><strong>Deus</strong></span> <span class='ocrx_word' id='word_1_428' title='bbox 1607 5532 1973 5604; x_wconf 83' lang='lat' dir='ltr'><strong>cleemosyuas</strong></span> <span class='ocrx_word' id='word_1_429' title='bbox 1994 5534 2097 5587; x_wconf 61' lang='lat' dir='ltr'><strong>imo</strong></span> 
     </span>
    </p>
   </div>
   <div class='ocr_carea' id='block_1_58' title="bbox 518 5620 2098 5695">
    <p class='ocr_par' dir='ltr' id='par_1_58' title="bbox 518 5620 2098 5695">
     <span class='ocr_line' id='line_1_58' title="bbox 518 5620 2098 5695; baseline 0.006 -25"><span class='ocrx_word' id='word_1_430' title='bbox 518 5620 762 5687; x_wconf 82' lang='lat' dir='ltr'><strong>putaret?</strong></span> <span class='ocrx_word' id='word_1_431' title='bbox 792 5622 1021 5677; x_wconf 78' lang='lat' dir='ltr'><strong>Proinde</strong></span> <span class='ocrx_word' id='word_1_432' title='bbox 1048 5624 1093 5677; x_wconf 89' lang='lat' dir='ltr'><strong>si</strong></span> <span class='ocrx_word' id='word_1_433' title='bbox 1122 5624 1310 5679; x_wconf 84' lang='lat' dir='ltr'><strong>recolis</strong></span> <span class='ocrx_word' id='word_1_434' title='bbox 1336 5623 1457 5694; x_wconf 87' lang='lat' dir='ltr'><strong>quid</strong></span> <span class='ocrx_word' id='word_1_435' title='bbox 1482 5624 1858 5693; x_wconf 80' lang='lat' dir='ltr'><strong>acquisiveras,</strong></span> <span class='ocrx_word' id='word_1_436' title='bbox 1885 5625 2098 5695; x_wconf 86' lang='lat' dir='ltr'><strong>quando</strong></span> 
     </span>
    </p>
   </div>
   <div class='ocr_carea' id='block_1_59' title="bbox 518 5713 2098 5784">
    <p class='ocr_par' dir='ltr' id='par_1_59' title="bbox 518 5713 2098 5784">
     <span class='ocr_line' id='line_1_59' title="bbox 518 5713 2098 5784; baseline 0.007 -20"><span class='ocrx_word' id='word_1_437' title='bbox 518 5714 717 5766; x_wconf 88' lang='lat' dir='ltr'><strong>lucrata</strong></span> <span class='ocrx_word' id='word_1_438' title='bbox 747 5713 921 5771; x_wconf 89' lang='lat' dir='ltr'><strong>fueras</strong></span> <span class='ocrx_word' id='word_1_439' title='bbox 941 5717 1108 5771; x_wconf 90' lang='lat' dir='ltr'><strong>virum</strong></span> <span class='ocrx_word' id='word_1_440' title='bbox 1133 5726 1300 5784; x_wconf 88' lang='lat' dir='ltr'><strong>tuum,</strong></span> <span class='ocrx_word' id='word_1_441' title='bbox 1321 5726 1379 5771; x_wconf 93' lang='lat' dir='ltr'><strong>ut</strong></span> <span class='ocrx_word' id='word_1_442' title='bbox 1401 5726 1573 5771; x_wconf 91' lang='lat' dir='ltr'><strong>tecum</strong></span> <span class='ocrx_word' id='word_1_443' title='bbox 1595 5716 1804 5772; x_wconf 89' lang='lat' dir='ltr'><strong>Christo</strong></span> <span class='ocrx_word' id='word_1_444' title='bbox 1833 5720 2098 5775; x_wconf 85' lang='lat' dir='ltr'><strong>sanctiore</strong></span> 
     </span>
    </p>
   </div>
   <div class='ocr_carea' id='block_1_60' title="bbox 515 5808 2091 5887">
    <p class='ocr_par' dir='ltr' id='par_1_60' title="bbox 515 5808 2091 5887">
     <span class='ocr_line' id='line_1_60' title="bbox 515 5808 2091 5887; baseline -0.001 -18"><span class='ocrx_word' id='word_1_445' title='bbox 515 5808 757 5877; x_wconf 63' lang='lat' dir='ltr'><strong>eaStitatc</strong></span> <span class='ocrx_word' id='word_1_446' title='bbox 772 5811 1025 5885; x_wconf 80' lang='lat' dir='ltr'><strong>serviret;</strong></span> <span class='ocrx_word' id='word_1_447' title='bbox 1053 5812 1283 5886; x_wconf 83' lang='lat' dir='ltr'><strong>iutcllige</strong></span> <span class='ocrx_word' id='word_1_448' title='bbox 1307 5827 1399 5885; x_wconf 87' lang='lat' dir='ltr'><strong>per</strong></span> <span class='ocrx_word' id='word_1_449' title='bbox 1423 5811 1537 5869; x_wconf 85' lang='lat' dir='ltr'><strong>illas</strong></span> <span class='ocrx_word' id='word_1_450' title='bbox 1561 5810 1928 5887; x_wconf 74' lang='lat' dir='ltr'><strong>elccmosyuas</strong></span> <span class='ocrx_word' id='word_1_451' title='bbox 1955 5823 2091 5885; x_wconf 83' lang='lat' dir='ltr'><strong>tuas,</strong></span> 
     </span>
    </p>
   </div>
   <div class='ocr_carea' id='block_1_61' title="bbox 1759 329 2565 398">
    <p class='ocr_par' dir='ltr' id='par_1_61' title="bbox 1759 329 2565 398">
     <span class='ocr_line' id='line_1_61' title="bbox 1759 329 2565 398; baseline -0.007 0"><span class='ocrx_word' id='word_1_452' title='bbox 1759 338 1819 398; x_wconf 88' lang='lat' dir='ltr'><strong>S.</strong></span> <span class='ocrx_word' id='word_1_453' title='bbox 1858 329 2227 397; x_wconf 77' lang='lat' dir='ltr'><strong>AUGUSTINI</strong></span> <span class='ocrx_word' id='word_1_454' title='bbox 2264 331 2565 394; x_wconf 82' lang='lat' dir='ltr'><strong>EPISCOPI</strong></span> 
     </span>
    </p>
   </div>
   <div class='ocr_carea' id='block_1_62' title="bbox 3670 338 3817 398">
    <p class='ocr_par' dir='ltr' id='par_1_62' title="bbox 3670 338 3817 398">
     <span class='ocr_line' id='line_1_62' title="bbox 3670 338 3817 398; baseline 0.014 -2"><span class='ocrx_word' id='word_1_455' title='bbox 3670 338 3817 398; x_wconf 74' lang='grc'><strong>1080</strong></span> 
     </span>
    </p>
   </div>
   <div class='ocr_carea' id='block_1_63' title="bbox 2222 452 3811 525">
    <p class='ocr_par' dir='ltr' id='par_1_63' title="bbox 2222 452 3811 525">
     <span class='ocr_line' id='line_1_63' title="bbox 2222 452 3811 525; baseline 0.002 -17"><span class='ocrx_word' id='word_1_456' title='bbox 2222 453 2412 525; x_wconf 88' lang='lat' dir='ltr'><strong>quibus</strong></span> <span class='ocrx_word' id='word_1_457' title='bbox 2438 469 2533 510; x_wconf 91' lang='lat' dir='ltr'><strong>cor</strong></span> <span class='ocrx_word' id='word_1_458' title='bbox 2549 453 2666 524; x_wconf 88' lang='lat' dir='ltr'><strong>ejus</strong></span> <span class='ocrx_word' id='word_1_459' title='bbox 2694 468 2945 510; x_wconf 86' lang='lat' dir='ltr'><strong>eversum</strong></span> <span class='ocrx_word' id='word_1_460' title='bbox 2970 460 3075 523; x_wconf 84' lang='lat' dir='ltr'><strong>est,</strong></span> <span class='ocrx_word' id='word_1_461' title='bbox 3115 461 3316 525; x_wconf 84' lang='lat' dir='ltr'><strong>quanto</strong></span> <span class='ocrx_word' id='word_1_462' title='bbox 3342 452 3586 524; x_wconf 81' lang='lat' dir='ltr'><strong>graviore</strong></span> <span class='ocrx_word' id='word_1_463' title='bbox 3607 452 3811 511; x_wconf 89' lang='lat' dir='ltr'><strong>damno</strong></span> 
     </span>
    </p>
   </div>
   <div class='ocr_carea' id='block_1_64' title="bbox 2222 546 3813 618">
    <p class='ocr_par' dir='ltr' id='par_1_64' title="bbox 2222 546 3813 618">
     <span class='ocr_line' id='line_1_64' title="bbox 2222 546 3813 618; baseline 0.002 -17"><span class='ocrx_word' id='word_1_464' title='bbox 2222 562 2471 618; x_wconf 91' lang='lat' dir='ltr'><strong>percussa</strong></span> <span class='ocrx_word' id='word_1_465' title='bbox 2512 546 2708 613; x_wconf 87' lang='lat' dir='ltr'><strong>fueris,</strong></span> <span class='ocrx_word' id='word_1_466' title='bbox 2750 562 2908 617; x_wconf 88' lang='lat' dir='ltr'><strong>quam</strong></span> <span class='ocrx_word' id='word_1_467' title='bbox 2946 555 3071 603; x_wconf 92' lang='lat' dir='ltr'><strong>sunt</strong></span> <span class='ocrx_word' id='word_1_468' title='bbox 3110 546 3199 602; x_wconf 91' lang='lat' dir='ltr'><strong>illa</strong></span> <span class='ocrx_word' id='word_1_469' title='bbox 3236 546 3549 618; x_wconf 68' lang='lat' dir='ltr'><strong>luera,qua3</strong></span> <span class='ocrx_word' id='word_1_470' title='bbox 3570 548 3813 604; x_wconf 72' lang='lat' dir='ltr'><strong>ctelestia</strong></span> 
     </span>
    </p>
   </div>
   <div class='ocr_carea' id='block_1_65' title="bbox 2222 636 3813 710">
    <p class='ocr_par' dir='ltr' id='par_1_65' title="bbox 2222 636 3813 710">
     <span class='ocr_line' id='line_1_65' title="bbox 2222 636 3813 710; baseline 0.003 -19"><span class='ocrx_word' id='word_1_471' title='bbox 2222 637 2511 707; x_wconf 86' lang='lat' dir='ltr'><strong>cogitabas.</strong></span> <span class='ocrx_word' id='word_1_472' title='bbox 2554 637 2610 693; x_wconf 90' lang='lat' dir='ltr'><strong>Si</strong></span> <span class='ocrx_word' id='word_1_473' title='bbox 2658 636 2800 693; x_wconf 90' lang='lat' dir='ltr'><strong>enim</strong></span> <span class='ocrx_word' id='word_1_474' title='bbox 2844 637 3003 693; x_wconf 90' lang='lat' dir='ltr'><strong>habet</strong></span> <span class='ocrx_word' id='word_1_475' title='bbox 3046 638 3119 693; x_wconf 89' lang='lat' dir='ltr'><strong>ibi</strong></span> <span class='ocrx_word' id='word_1_476' title='bbox 3152 653 3403 708; x_wconf 88' lang='lat' dir='ltr'><strong>magnum</strong></span> <span class='ocrx_word' id='word_1_477' title='bbox 3442 638 3618 694; x_wconf 91' lang='lat' dir='ltr'><strong>locum</strong></span> <span class='ocrx_word' id='word_1_478' title='bbox 3657 640 3813 710; x_wconf 89' lang='lat' dir='ltr'><strong>panis</strong></span> 
     </span>
    </p>
   </div>
   <div class='ocr_carea' id='block_1_66' title="bbox 2222 729 3813 802">
    <p class='ocr_par' dir='ltr' id='par_1_66' title="bbox 2222 729 3813 802">
     <span class='ocr_line' id='line_1_66' title="bbox 2222 729 3813 802; baseline 0.001 -19"><span class='ocrx_word' id='word_1_479' title='bbox 2222 730 2417 787; x_wconf 87' lang='lat' dir='ltr'><strong>fractus</strong></span> <span class='ocrx_word' id='word_1_480' title='bbox 2442 730 2716 798; x_wconf 90' lang='lat' dir='ltr'><strong>esurienti,</strong></span> <span class='ocrx_word' id='word_1_481' title='bbox 2747 740 3000 802; x_wconf 92' lang='lat' dir='ltr'><strong>quantum</strong></span> <span class='ocrx_word' id='word_1_482' title='bbox 3028 730 3201 785; x_wconf 90' lang='lat' dir='ltr'><strong>locum</strong></span> <span class='ocrx_word' id='word_1_483' title='bbox 3224 729 3294 785; x_wconf 92' lang='lat' dir='ltr'><strong>ibi</strong></span> <span class='ocrx_word' id='word_1_484' title='bbox 3320 729 3585 785; x_wconf 90' lang='lat' dir='ltr'><strong>credenda</strong></span> <span class='ocrx_word' id='word_1_485' title='bbox 3611 740 3695 786; x_wconf 90' lang='lat' dir='ltr'><strong>est</strong></span> <span class='ocrx_word' id='word_1_486' title='bbox 3714 730 3813 785; x_wconf 83' lang='lat' dir='ltr'><strong>ha-</strong></span> 
     </span>
    </p>
   </div>
   <div class='ocr_carea' id='block_1_67' title="bbox 2221 819 3813 893">
    <p class='ocr_par' dir='ltr' id='par_1_67' title="bbox 2221 819 3813 893">
     <span class='ocr_line' id='line_1_67' title="bbox 2221 819 3813 893; baseline -0.002 -15"><span class='ocrx_word' id='word_1_487' title='bbox 2221 822 2348 878; x_wconf 88' lang='lat' dir='ltr'><strong>bere</strong></span> <span class='ocrx_word' id='word_1_488' title='bbox 2394 822 2789 889; x_wconf 88' lang='lat' dir='ltr'><strong>misericordia,</strong></span> <span class='ocrx_word' id='word_1_489' title='bbox 2836 837 2937 893; x_wconf 87' lang='lat' dir='ltr'><strong>qua</strong></span> <span class='ocrx_word' id='word_1_490' title='bbox 2981 821 3142 877; x_wconf 91' lang='lat' dir='ltr'><strong>homo</strong></span> <span class='ocrx_word' id='word_1_491' title='bbox 3171 819 3393 891; x_wconf 92' lang='lat' dir='ltr'><strong>eripitur</strong></span> <span class='ocrx_word' id='word_1_492' title='bbox 3420 821 3653 887; x_wconf 91' lang='lat' dir='ltr'><strong>diabolo,</strong></span> <span class='ocrx_word' id='word_1_493' title='bbox 3690 831 3813 876; x_wconf 87' lang='lat' dir='ltr'><strong>tan-</strong></span> 
     </span>
    </p>
   </div>
   <div class='ocr_carea' id='block_1_68' title="bbox 2220 914 3678 986">
    <p class='ocr_par' dir='ltr' id='par_1_68' title="bbox 2220 914 3678 986">
     <span class='ocr_line' id='line_1_68' title="bbox 2220 914 3678 986; baseline -0.001 -16"><span class='ocrx_word' id='word_1_494' title='bbox 2220 930 2379 986; x_wconf 89' lang='lat' dir='ltr'><strong>quam</strong></span> <span class='ocrx_word' id='word_1_495' title='bbox 2404 915 2544 971; x_wconf 91' lang='lat' dir='ltr'><strong>leoni</strong></span> <span class='ocrx_word' id='word_1_496' title='bbox 2570 914 2820 986; x_wconf 87' lang='lat' dir='ltr'><strong>rugienti,</strong></span> <span class='ocrx_word' id='word_1_497' title='bbox 2850 924 2905 970; x_wconf 94' lang='lat' dir='ltr'><strong>et</strong></span> <span class='ocrx_word' id='word_1_498' title='bbox 2928 930 3088 985; x_wconf 90' lang='lat' dir='ltr'><strong>quem</strong></span> <span class='ocrx_word' id='word_1_499' title='bbox 3114 914 3335 971; x_wconf 91' lang='lat' dir='ltr'><strong>devoret</strong></span> <span class='ocrx_word' id='word_1_500' title='bbox 3354 914 3678 986; x_wconf 79' lang='lat' dir='ltr'><strong>inquirenti?</strong></span> 
     </span>
    </p>
   </div>
   <div class='ocr_carea' id='block_1_69' title="bbox 2293 1026 3813 1098">
    <p class='ocr_par' dir='ltr' id='par_1_69' title="bbox 2293 1026 3813 1098">
     <span class='ocr_line' id='line_1_69' title="bbox 2293 1026 3813 1098; baseline 0.002 -18"><span class='ocrx_word' id='word_1_501' title='bbox 2293 1027 2344 1080; x_wconf 92' lang='lat'><strong>7.</strong></span> <span class='ocrx_word' id='word_1_502' title='bbox 2384 1027 2567 1097; x_wconf 89' lang='lat' dir='ltr'><strong>Neque</strong></span> <span class='ocrx_word' id='word_1_503' title='bbox 2596 1027 2697 1083; x_wconf 92' lang='lat' dir='ltr'><strong>hoc</strong></span> <span class='ocrx_word' id='word_1_504' title='bbox 2718 1027 2789 1082; x_wconf 90' lang='lat' dir='ltr'><strong>ita</strong></span> <span class='ocrx_word' id='word_1_505' title='bbox 2816 1026 3061 1094; x_wconf 91' lang='lat' dir='ltr'><strong>dicimus,</strong></span> <span class='ocrx_word' id='word_1_506' title='bbox 3092 1036 3149 1081; x_wconf 91' lang='lat' dir='ltr'><strong>ut</strong></span> <span class='ocrx_word' id='word_1_507' title='bbox 3168 1027 3213 1082; x_wconf 91' lang='lat' dir='ltr'><strong>si</strong></span> <span class='ocrx_word' id='word_1_508' title='bbox 3237 1026 3514 1098; x_wconf 91' lang='lat' dir='ltr'><strong>quisquam</strong></span> <span class='ocrx_word' id='word_1_509' title='bbox 3540 1027 3813 1083; x_wconf 88' lang='lat' dir='ltr'><strong>scandali-</strong></span> 
     </span>
    </p>
   </div>
   <div class='ocr_carea' id='block_1_70' title="bbox 2220 1117 3811 1189">
    <p class='ocr_par' dir='ltr' id='par_1_70' title="bbox 2220 1117 3811 1189">
     <span class='ocr_line' id='line_1_70' title="bbox 2220 1117 3811 1189; baseline 0 -16"><span class='ocrx_word' id='word_1_510' title='bbox 2220 1127 2370 1174; x_wconf 85' lang='lat' dir='ltr'><strong>zatus</strong></span> <span class='ocrx_word' id='word_1_511' title='bbox 2394 1119 2550 1174; x_wconf 86' lang='lat' dir='ltr'><strong>fuerit</strong></span> <span class='ocrx_word' id='word_1_512' title='bbox 2572 1119 2639 1174; x_wconf 93' lang='lat' dir='ltr'><strong>de</strong></span> <span class='ocrx_word' id='word_1_513' title='bbox 2661 1118 2816 1174; x_wconf 90' lang='lat' dir='ltr'><strong>bonis</strong></span> <span class='ocrx_word' id='word_1_514' title='bbox 2838 1120 3089 1189; x_wconf 91' lang='lat' dir='ltr'><strong>operibus</strong></span> <span class='ocrx_word' id='word_1_515' title='bbox 3109 1120 3327 1185; x_wconf 91' lang='lat' dir='ltr'><strong>nostris,</strong></span> <span class='ocrx_word' id='word_1_516' title='bbox 3355 1117 3422 1173; x_wconf 90' lang='lat' dir='ltr'><strong>ab</strong></span> <span class='ocrx_word' id='word_1_517' title='bbox 3438 1120 3516 1175; x_wconf 92' lang='lat' dir='ltr'><strong>eis</strong></span> <span class='ocrx_word' id='word_1_518' title='bbox 3540 1119 3811 1174; x_wconf 82' lang='lat' dir='ltr'><strong>desisten-</strong></span> 
     </span>
    </p>
   </div>
   <div class='ocr_carea' id='block_1_71' title="bbox 2220 1210 3807 1281">
    <p class='ocr_par' dir='ltr' id='par_1_71' title="bbox 2220 1210 3807 1281">
     <span class='ocr_line' id='line_1_71' title="bbox 2220 1210 3807 1281; baseline -0.001 -16"><span class='ocrx_word' id='word_1_519' title='bbox 2220 1210 2348 1265; x_wconf 92' lang='lat' dir='ltr'><strong>dum</strong></span> <span class='ocrx_word' id='word_1_520' title='bbox 2380 1220 2655 1281; x_wconf 90' lang='lat' dir='ltr'><strong>putemus;</strong></span> <span class='ocrx_word' id='word_1_521' title='bbox 2688 1210 2782 1265; x_wconf 91' lang='lat' dir='ltr'><strong>sed</strong></span> <span class='ocrx_word' id='word_1_522' title='bbox 2809 1210 2912 1265; x_wconf 88' lang='lat' dir='ltr'><strong>alia</strong></span> <span class='ocrx_word' id='word_1_523' title='bbox 2935 1226 3094 1265; x_wconf 89' lang='lat' dir='ltr'><strong>causa</strong></span> <span class='ocrx_word' id='word_1_524' title='bbox 3124 1220 3206 1265; x_wconf 91' lang='lat' dir='ltr'><strong>est</strong></span> <span class='ocrx_word' id='word_1_525' title='bbox 3228 1210 3541 1277; x_wconf 89' lang='lat' dir='ltr'><strong>alienarum,</strong></span> <span class='ocrx_word' id='word_1_526' title='bbox 3572 1211 3677 1265; x_wconf 90' lang='lat' dir='ltr'><strong>alia</strong></span> <span class='ocrx_word' id='word_1_527' title='bbox 3707 1225 3807 1265; x_wconf 82' lang='lat' dir='ltr'><strong>ne-</strong></span> 
     </span>
    </p>
   </div>
   <div class='ocr_carea' id='block_1_72' title="bbox 2219 1301 3806 1372">
    <p class='ocr_par' dir='ltr' id='par_1_72' title="bbox 2219 1301 3806 1372">
     <span class='ocr_line' id='line_1_72' title="bbox 2219 1301 3806 1372; baseline -0.001 -15"><span class='ocrx_word' id='word_1_528' title='bbox 2219 1303 2569 1357; x_wconf 87' lang='lat' dir='ltr'><strong>cessariarum</strong></span> <span class='ocrx_word' id='word_1_529' title='bbox 2627 1302 2680 1357; x_wconf 89' lang='lat' dir='ltr'><strong>in</strong></span> <span class='ocrx_word' id='word_1_530' title='bbox 2739 1302 2993 1357; x_wconf 88' lang='lat' dir='ltr'><strong>societate</strong></span> <span class='ocrx_word' id='word_1_531' title='bbox 3041 1302 3215 1371; x_wconf 85' lang='lat' dir='ltr'><strong>aliqua</strong></span> <span class='ocrx_word' id='word_1_532' title='bbox 3267 1316 3650 1372; x_wconf 89' lang='lat' dir='ltr'><strong>personarum;</strong></span> <span class='ocrx_word' id='word_1_533' title='bbox 3704 1301 3806 1355; x_wconf 86' lang='lat' dir='ltr'><strong>alia</strong></span> 
     </span>
    </p>
   </div>
   <div class='ocr_carea' id='block_1_73' title="bbox 2218 1392 3805 1462">
    <p class='ocr_par' dir='ltr' id='par_1_73' title="bbox 2218 1392 3805 1462">
     <span class='ocr_line' id='line_1_73' title="bbox 2218 1392 3805 1462; baseline 0.001 -16"><span class='ocrx_word' id='word_1_534' title='bbox 2218 1393 2422 1461; x_wconf 83' lang='lat' dir='ltr'><strong>fidelis,</strong></span> <span class='ocrx_word' id='word_1_535' title='bbox 2464 1394 2564 1447; x_wconf 87' lang='lat' dir='ltr'><strong>alia</strong></span> <span class='ocrx_word' id='word_1_536' title='bbox 2613 1392 2872 1460; x_wconf 85' lang='lat' dir='ltr'><strong>infidelis;</strong></span> <span class='ocrx_word' id='word_1_537' title='bbox 2915 1393 3017 1447; x_wconf 86' lang='lat' dir='ltr'><strong>alia</strong></span> <span class='ocrx_word' id='word_1_538' title='bbox 3055 1401 3331 1462; x_wconf 91' lang='lat' dir='ltr'><strong>parentum</strong></span> <span class='ocrx_word' id='word_1_539' title='bbox 3355 1407 3479 1462; x_wconf 91' lang='lat' dir='ltr'><strong>erga</strong></span> <span class='ocrx_word' id='word_1_540' title='bbox 3512 1393 3671 1455; x_wconf 83' lang='lat' dir='ltr'><strong>filios,</strong></span> <span class='ocrx_word' id='word_1_541' title='bbox 3702 1393 3805 1447; x_wconf 83' lang='lat' dir='ltr'><strong>alia</strong></span> 
     </span>
    </p>
   </div>
   <div class='ocr_carea' id='block_1_74' title="bbox 2217 1482 3808 1556">
    <p class='ocr_par' dir='ltr' id='par_1_74' title="bbox 2217 1482 3808 1556">
     <span class='ocr_line' id='line_1_74' title="bbox 2217 1482 3808 1556; baseline 0 -17"><span class='ocrx_word' id='word_1_542' title='bbox 2217 1486 2446 1539; x_wconf 84' lang='lat' dir='ltr'><strong>filiorum</strong></span> <span class='ocrx_word' id='word_1_543' title='bbox 2472 1500 2593 1556; x_wconf 91' lang='lat' dir='ltr'><strong>erga</strong></span> <span class='ocrx_word' id='word_1_544' title='bbox 2628 1495 2910 1554; x_wconf 86' lang='lat' dir='ltr'><strong>parentes:</strong></span> <span class='ocrx_word' id='word_1_545' title='bbox 2942 1484 3043 1538; x_wconf 87' lang='lat' dir='ltr'><strong>alia</strong></span> <span class='ocrx_word' id='word_1_546' title='bbox 3073 1493 3345 1554; x_wconf 92' lang='lat' dir='ltr'><strong>postremo</strong></span> <span class='ocrx_word' id='word_1_547' title='bbox 3374 1499 3456 1549; x_wconf 92' lang='lat' dir='ltr'><strong>ea,</strong></span> <span class='ocrx_word' id='word_1_548' title='bbox 3494 1499 3612 1551; x_wconf 79' lang='lat' dir='ltr'><strong>quze</strong></span> <span class='ocrx_word' id='word_1_549' title='bbox 3641 1484 3695 1538; x_wconf 91' lang='lat' dir='ltr'><strong>in</strong></span> <span class='ocrx_word' id='word_1_550' title='bbox 3728 1482 3808 1539; x_wconf 92' lang='lat' dir='ltr'><strong>his</strong></span> 
     </span>
    </p>
   </div>
   <div class='ocr_carea' id='block_1_75' title="bbox 2216 1575 3809 1644">
    <p class='ocr_par' dir='ltr' id='par_1_75' title="bbox 2216 1575 3809 1644">
     <span class='ocr_line' id='line_1_75' title="bbox 2216 1575 3809 1644; baseline 0 -13"><span class='ocrx_word' id='word_1_551' title='bbox 2216 1576 2377 1632; x_wconf 86' lang='lat' dir='ltr'><strong>rebus</strong></span> <span class='ocrx_word' id='word_1_552' title='bbox 2422 1577 2507 1631; x_wconf 92' lang='lat' dir='ltr'><strong>vel</strong></span> <span class='ocrx_word' id='word_1_553' title='bbox 2546 1578 2777 1632; x_wconf 82' lang='lat' dir='ltr'><strong>maxime</strong></span> <span class='ocrx_word' id='word_1_554' title='bbox 2824 1575 3077 1632; x_wconf 90' lang='lat' dir='ltr'><strong>intuenda</strong></span> <span class='ocrx_word' id='word_1_555' title='bbox 3112 1586 3229 1644; x_wconf 91' lang='lat' dir='ltr'><strong>est,</strong></span> <span class='ocrx_word' id='word_1_556' title='bbox 3260 1576 3359 1630; x_wconf 88' lang='lat' dir='ltr'><strong>viri</strong></span> <span class='ocrx_word' id='word_1_557' title='bbox 3398 1586 3452 1631; x_wconf 92' lang='lat' dir='ltr'><strong>et</strong></span> <span class='ocrx_word' id='word_1_558' title='bbox 3481 1577 3685 1641; x_wconf 78' lang='lat' dir='ltr'><strong>uxoris,</strong></span> <span class='ocrx_word' id='word_1_559' title='bbox 3718 1575 3809 1631; x_wconf 92' lang='lat' dir='ltr'><strong>ubi</strong></span> 
     </span>
    </p>
   </div>
   <div class='ocr_carea' id='block_1_76' title="bbox 2217 1666 3806 1740">
    <p class='ocr_par' dir='ltr' id='par_1_76' title="bbox 2217 1666 3806 1740">
     <span class='ocr_line' id='line_1_76' title="bbox 2217 1666 3806 1740; baseline -0.002 -16"><span class='ocrx_word' id='word_1_560' title='bbox 2217 1670 2494 1725; x_wconf 92' lang='lat' dir='ltr'><strong>mulierem</strong></span> <span class='ocrx_word' id='word_1_561' title='bbox 2539 1670 2878 1740; x_wconf 88' lang='lat' dir='ltr'><strong>conjugatam</strong></span> <span class='ocrx_word' id='word_1_562' title='bbox 2921 1684 3028 1724; x_wconf 90' lang='lat' dir='ltr'><strong>non</strong></span> <span class='ocrx_word' id='word_1_563' title='bbox 3068 1669 3192 1723; x_wconf 90' lang='lat' dir='ltr'><strong>licet</strong></span> <span class='ocrx_word' id='word_1_564' title='bbox 3230 1668 3442 1733; x_wconf 88' lang='lat' dir='ltr'><strong>dicere,</strong></span> <span class='ocrx_word' id='word_1_565' title='bbox 3481 1668 3642 1722; x_wconf 90' lang='lat' dir='ltr'><strong>Facio</strong></span> <span class='ocrx_word' id='word_1_566' title='bbox 3665 1666 3806 1737; x_wconf 91' lang='lat' dir='ltr'><strong>quod</strong></span> 
     </span>
    </p>
   </div>
   <div class='ocr_carea' id='block_1_77' title="bbox 2216 1759 3804 1832">
    <p class='ocr_par' dir='ltr' id='par_1_77' title="bbox 2216 1759 3804 1832">
     <span class='ocr_line' id='line_1_77' title="bbox 2216 1759 3804 1832; baseline -0.001 -16"><span class='ocrx_word' id='word_1_567' title='bbox 2216 1762 2337 1816; x_wconf 90' lang='lat' dir='ltr'><strong>volo</strong></span> <span class='ocrx_word' id='word_1_568' title='bbox 2361 1761 2428 1816; x_wconf 92' lang='lat' dir='ltr'><strong>de</strong></span> <span class='ocrx_word' id='word_1_569' title='bbox 2451 1777 2605 1828; x_wconf 90' lang='lat' dir='ltr'><strong>meo;</strong></span> <span class='ocrx_word' id='word_1_570' title='bbox 2636 1776 2756 1817; x_wconf 92' lang='lat' dir='ltr'><strong>eum</strong></span> <span class='ocrx_word' id='word_1_571' title='bbox 2787 1772 2841 1817; x_wconf 90' lang='lat' dir='ltr'><strong>et</strong></span> <span class='ocrx_word' id='word_1_572' title='bbox 2869 1762 2983 1832; x_wconf 87' lang='lat' dir='ltr'><strong>ipsa</strong></span> <span class='ocrx_word' id='word_1_573' title='bbox 3011 1777 3118 1816; x_wconf 93' lang='lat' dir='ltr'><strong>non</strong></span> <span class='ocrx_word' id='word_1_574' title='bbox 3138 1761 3207 1815; x_wconf 91' lang='lat' dir='ltr'><strong>sit</strong></span> <span class='ocrx_word' id='word_1_575' title='bbox 3229 1775 3344 1827; x_wconf 93' lang='lat' dir='ltr'><strong>sua,</strong></span> <span class='ocrx_word' id='word_1_576' title='bbox 3370 1760 3463 1815; x_wconf 91' lang='lat' dir='ltr'><strong>sed</strong></span> <span class='ocrx_word' id='word_1_577' title='bbox 3488 1761 3679 1829; x_wconf 88' lang='lat' dir='ltr'><strong>capitis</strong></span> <span class='ocrx_word' id='word_1_578' title='bbox 3700 1759 3804 1829; x_wconf 87' lang='lat' dir='ltr'><strong>sui,</strong></span> 
     </span>
    </p>
   </div>
   <div class='ocr_carea' id='block_1_78' title="bbox 2216 1851 3808 1925">
    <p class='ocr_par' dir='ltr' id='par_1_78' title="bbox 2216 1851 3808 1925">
     <span class='ocr_line' id='line_1_78' title="bbox 2216 1851 3808 1925; baseline 0.002 -19"><span class='ocrx_word' id='word_1_579' title='bbox 2216 1851 2318 1907; x_wconf 91' lang='lat' dir='ltr'><strong>hoc</strong></span> <span class='ocrx_word' id='word_1_580' title='bbox 2343 1862 2425 1908; x_wconf 93' lang='lat' dir='ltr'><strong>est</strong></span> <span class='ocrx_word' id='word_1_581' title='bbox 2449 1854 2548 1907; x_wconf 94' lang='lat' dir='ltr'><strong>viri</strong></span> <span class='ocrx_word' id='word_1_582' title='bbox 2577 1855 2657 1908; x_wconf 92' lang='lat' dir='ltr'><strong>sui</strong></span> <span class='ocrx_word' id='word_1_583' title='bbox 2684 1854 2843 1924; x_wconf 80' lang='lat' dir='ltr'><strong>(Eph.</strong></span> <span class='ocrx_word' id='word_1_584' title='bbox 2884 1870 2939 1919; x_wconf 92' lang='lat' dir='ltr'><strong>v,</strong></span> <span class='ocrx_word' id='word_1_585' title='bbox 2984 1854 3096 1925; x_wconf 75' lang='lat'><strong>25).</strong></span> <span class='ocrx_word' id='word_1_586' title='bbox 3146 1852 3285 1907; x_wconf 85' lang='lat' dir='ltr'><strong>Nam</strong></span> <span class='ocrx_word' id='word_1_587' title='bbox 3332 1854 3403 1907; x_wconf 83' lang='lat' dir='ltr'><strong>sic</strong></span> <span class='ocrx_word' id='word_1_588' title='bbox 3446 1854 3705 1924; x_wconf 71' lang='lat' dir='ltr'><strong>quazdam,</strong></span> <span class='ocrx_word' id='word_1_589' title='bbox 3750 1862 3808 1909; x_wconf 92' lang='lat' dir='ltr'><strong>ut</strong></span> 
     </span>
    </p>
   </div>
   <div class='ocr_carea' id='block_1_79' title="bbox 2216 1949 3806 2021">
    <p class='ocr_par' dir='ltr' id='par_1_79' title="bbox 2216 1949 3806 2021">
     <span class='ocr_line' id='line_1_79' title="bbox 2216 1949 3806 2021; baseline -0.002 -16"><span class='ocrx_word' id='word_1_590' title='bbox 2216 1960 2597 2006; x_wconf 89' lang='lat' dir='ltr'><strong>commemorat</strong></span> <span class='ocrx_word' id='word_1_591' title='bbox 2622 1952 2893 2021; x_wconf 86' lang='lat' dir='ltr'><strong>apostolus</strong></span> <span class='ocrx_word' id='word_1_592' title='bbox 2918 1951 3127 2016; x_wconf 86' lang='lat' dir='ltr'><strong>Petrus,</strong></span> <span class='ocrx_word' id='word_1_593' title='bbox 3157 1951 3389 2004; x_wconf 83' lang='lat' dir='ltr'><strong>mulieres</strong></span> <span class='ocrx_word' id='word_1_594' title='bbox 3415 1959 3603 2003; x_wconf 78' lang='lat' dir='ltr'><strong>sancta:</strong></span> <span class='ocrx_word' id='word_1_595' title='bbox 3619 1965 3733 2017; x_wconf 79' lang='lat' dir='ltr'><strong>qua:</strong></span> <span class='ocrx_word' id='word_1_596' title='bbox 3754 1949 3806 2002; x_wconf 83' lang='lat' dir='ltr'><strong>in</strong></span> 
     </span>
    </p>
   </div>
   <div class='ocr_carea' id='block_1_80' title="bbox 2216 2043 3807 2116">
    <p class='ocr_par' dir='ltr' id='par_1_80' title="bbox 2216 2043 3807 2116">
     <span class='ocr_line' id='line_1_80' title="bbox 2216 2043 3807 2116; baseline 0 -19"><span class='ocrx_word' id='word_1_597' title='bbox 2216 2043 2380 2097; x_wconf 86' lang='lat' dir='ltr'><strong>Deum</strong></span> <span class='ocrx_word' id='word_1_598' title='bbox 2407 2044 2696 2114; x_wconf 84' lang='lat' dir='ltr'><strong>sperabant,</strong></span> <span class='ocrx_word' id='word_1_599' title='bbox 2729 2044 2972 2099; x_wconf 85' lang='lat' dir='ltr'><strong>ornabant</strong></span> <span class='ocrx_word' id='word_1_600' title='bbox 3000 2061 3070 2109; x_wconf 85' lang='lat' dir='ltr'><strong>se,</strong></span> <span class='ocrx_word' id='word_1_601' title='bbox 3103 2045 3336 2116; x_wconf 74' lang='lat' dir='ltr'><strong>subjecta:</strong></span> <span class='ocrx_word' id='word_1_602' title='bbox 3359 2045 3463 2097; x_wconf 93' lang='lat' dir='ltr'><strong>suis</strong></span> <span class='ocrx_word' id='word_1_603' title='bbox 3490 2044 3611 2097; x_wconf 81' lang='lat' dir='ltr'><strong>viris</strong></span> <span class='ocrx_word' id='word_1_604' title='bbox 3635 2058 3653 2096; x_wconf 92' lang='lat'><strong><em>:</em></strong></span> <span class='ocrx_word' id='word_1_605' title='bbox 3679 2044 3807 2097; x_wconf 76' lang='lat' dir='ltr'><strong>sicut</strong></span> 
     </span>
    </p>
   </div>
   <div class='ocr_carea' id='block_1_81' title="bbox 2218 2135 3804 2205">
    <p class='ocr_par' dir='ltr' id='par_1_81' title="bbox 2218 2135 3804 2205">
     <span class='ocr_line' id='line_1_81' title="bbox 2218 2135 3804 2205; baseline -0.002 -14"><span class='ocrx_word' id='word_1_606' title='bbox 2218 2135 2351 2191; x_wconf 85' lang='lat' dir='ltr'><strong>Sara</strong></span> <span class='ocrx_word' id='word_1_607' title='bbox 2373 2136 2728 2205; x_wconf 84' lang='lat' dir='ltr'><strong>obsequebatur</strong></span> <span class='ocrx_word' id='word_1_608' title='bbox 2747 2136 2982 2202; x_wconf 78' lang='lat' dir='ltr'><strong>Abrahce,</strong></span> <span class='ocrx_word' id='word_1_609' title='bbox 3002 2137 3259 2190; x_wconf 86' lang='lat' dir='ltr'><strong>dominum</strong></span> <span class='ocrx_word' id='word_1_610' title='bbox 3275 2152 3384 2189; x_wconf 86' lang='lat' dir='ltr'><strong>eum</strong></span> <span class='ocrx_word' id='word_1_611' title='bbox 3406 2152 3608 2199; x_wconf 79' lang='lat' dir='ltr'><strong>vocans,</strong></span> <span class='ocrx_word' id='word_1_612' title='bbox 3633 2136 3804 2205; x_wconf 86' lang='lat' dir='ltr'><strong>cujus,</strong></span> 
     </span>
    </p>
   </div>
   <div class='ocr_carea' id='block_1_82' title="bbox 2217 2225 3807 2299">
    <p class='ocr_par' dir='ltr' id='par_1_82' title="bbox 2217 2225 3807 2299">
     <span class='ocr_line' id='line_1_82' title="bbox 2217 2225 3807 2299; baseline 0 -18"><span class='ocrx_word' id='word_1_613' title='bbox 2217 2228 2406 2297; x_wconf 90' lang='lat' dir='ltr'><strong>inquit,</strong></span> <span class='ocrx_word' id='word_1_614' title='bbox 2439 2233 2586 2299; x_wconf 76' lang='lat' dir='ltr'><strong>facta:</strong></span> <span class='ocrx_word' id='word_1_615' title='bbox 2611 2228 2725 2281; x_wconf 81' lang='lat' dir='ltr'><strong>estis</strong></span> <span class='ocrx_word' id='word_1_616' title='bbox 2749 2227 2869 2296; x_wconf 79' lang='lat' dir='ltr'><strong>lilia:</strong></span> <span class='ocrx_word' id='word_1_617' title='bbox 2897 2228 2939 2299; x_wconf 91' lang='grc' dir='ltr'><strong>(ι</strong></span> <span class='ocrx_word' id='word_1_618' title='bbox 2960 2225 3101 2282; x_wconf 86' lang='lat' dir='ltr'><strong>Petr.</strong></span> <span class='ocrx_word' id='word_1_619' title='bbox 3126 2243 3203 2293; x_wconf 87' lang='grc' dir='ltr'><strong>ιιι,</strong></span> <span class='ocrx_word' id='word_1_620' title='bbox 3230 2229 3282 2295; x_wconf 82' lang='grc'><strong>5,</strong></span> <span class='ocrx_word' id='word_1_621' title='bbox 3307 2226 3391 2299; x_wconf 71' lang='lat' dir='ltr'><strong>fi);</strong></span> <span class='ocrx_word' id='word_1_622' title='bbox 3419 2240 3541 2281; x_wconf 91' lang='lat' dir='ltr'><strong>cum</strong></span> <span class='ocrx_word' id='word_1_623' title='bbox 3562 2225 3629 2281; x_wconf 90' lang='lat' dir='ltr'><strong>ad</strong></span> <span class='ocrx_word' id='word_1_624' title='bbox 3647 2226 3807 2282; x_wconf 80' lang='lat' dir='ltr'><strong>Chri-</strong></span> 
     </span>
    </p>
   </div>
   <div class='ocr_carea' id='block_1_83' title="bbox 2216 2320 3500 2391">
    <p class='ocr_par' dir='ltr' id='par_1_83' title="bbox 2216 2320 3500 2391">
     <span class='ocr_line' id='line_1_83' title="bbox 2216 2320 3500 2391; baseline -0.002 -16"><span class='ocrx_word' id='word_1_625' title='bbox 2216 2322 2434 2389; x_wconf 89' lang='lat' dir='ltr'><strong>stianas,</strong></span> <span class='ocrx_word' id='word_1_626' title='bbox 2463 2337 2568 2376; x_wconf 90' lang='lat' dir='ltr'><strong>non</strong></span> <span class='ocrx_word' id='word_1_627' title='bbox 2595 2321 2661 2376; x_wconf 90' lang='lat' dir='ltr'><strong>ad</strong></span> <span class='ocrx_word' id='word_1_628' title='bbox 2686 2320 2897 2376; x_wconf 75' lang='lat' dir='ltr'><strong>Judaeas</strong></span> <span class='ocrx_word' id='word_1_629' title='bbox 2921 2321 3146 2377; x_wconf 89' lang='lat' dir='ltr'><strong>feminas</strong></span> <span class='ocrx_word' id='word_1_630' title='bbox 3172 2321 3500 2391; x_wconf 91' lang='lat' dir='ltr'><strong>loqueretur.</strong></span> 
     </span>
    </p>
   </div>
   <div class='ocr_carea' id='block_1_84' title="bbox 2286 2434 3808 2506">
    <p class='ocr_par' dir='ltr' id='par_1_84' title="bbox 2286 2434 3808 2506">
     <span class='ocr_line' id='line_1_84' title="bbox 2286 2434 3808 2506; baseline 0.001 -15"><span class='ocrx_word' id='word_1_631' title='bbox 2286 2436 2340 2492; x_wconf 90' lang='lat'><strong>8.</strong></span> <span class='ocrx_word' id='word_1_632' title='bbox 2381 2434 2519 2502; x_wconf 84' lang='lat' dir='ltr'><strong>Quid</strong></span> <span class='ocrx_word' id='word_1_633' title='bbox 2546 2445 2725 2491; x_wconf 91' lang='lat' dir='ltr'><strong>autem</strong></span> <span class='ocrx_word' id='word_1_634' title='bbox 2755 2436 2948 2491; x_wconf 90' lang='lat' dir='ltr'><strong>mirum</strong></span> <span class='ocrx_word' id='word_1_635' title='bbox 2988 2437 3032 2491; x_wconf 91' lang='lat' dir='ltr'><strong>si</strong></span> <span class='ocrx_word' id='word_1_636' title='bbox 3072 2446 3221 2506; x_wconf 88' lang='lat' dir='ltr'><strong>pater</strong></span> <span class='ocrx_word' id='word_1_637' title='bbox 3249 2451 3588 2492; x_wconf 88' lang='lat' dir='ltr'><strong>communem</strong></span> <span class='ocrx_word' id='word_1_638' title='bbox 3634 2436 3808 2494; x_wconf 90' lang='lat' dir='ltr'><strong>filium</strong></span> 
     </span>
    </p>
   </div>
   <div class='ocr_carea' id='block_1_85' title="bbox 2216 2525 3809 2600">
    <p class='ocr_par' dir='ltr' id='par_1_85' title="bbox 2216 2525 3809 2600">
     <span class='ocr_line' id='line_1_85' title="bbox 2216 2525 3809 2600; baseline 0.002 -18"><span class='ocrx_word' id='word_1_639' title='bbox 2216 2525 2431 2582; x_wconf 89' lang='lat' dir='ltr'><strong>nolebat</strong></span> <span class='ocrx_word' id='word_1_640' title='bbox 2454 2526 2610 2596; x_wconf 90' lang='lat' dir='ltr'><strong>hujus</strong></span> <span class='ocrx_word' id='word_1_641' title='bbox 2638 2528 2758 2581; x_wconf 64' lang='lat' dir='ltr'><strong>vita:</strong></span> <span class='ocrx_word' id='word_1_642' title='bbox 2776 2528 3149 2583; x_wconf 87' lang='lat' dir='ltr'><strong>sustentaculis</strong></span> <span class='ocrx_word' id='word_1_643' title='bbox 3169 2543 3197 2582; x_wconf 89' lang='lat' dir='ltr'><strong>a</strong></span> <span class='ocrx_word' id='word_1_644' title='bbox 3220 2537 3390 2583; x_wconf 88' lang='lat' dir='ltr'><strong>matre</strong></span> <span class='ocrx_word' id='word_1_645' title='bbox 3416 2528 3624 2597; x_wconf 89' lang='lat' dir='ltr'><strong>nudari,</strong></span> <span class='ocrx_word' id='word_1_646' title='bbox 3652 2532 3809 2600; x_wconf 83' lang='lat' dir='ltr'><strong>igno-</strong></span> 
     </span>
    </p>
   </div>
   <div class='ocr_carea' id='block_1_86' title="bbox 2214 2620 3809 2692">
    <p class='ocr_par' dir='ltr' id='par_1_86' title="bbox 2214 2620 3809 2692">
     <span class='ocr_line' id='line_1_86' title="bbox 2214 2620 3809 2692; baseline 0.001 -18"><span class='ocrx_word' id='word_1_647' title='bbox 2214 2634 2341 2674; x_wconf 91' lang='lat' dir='ltr'><strong>rans</strong></span> <span class='ocrx_word' id='word_1_648' title='bbox 2365 2620 2492 2691; x_wconf 90' lang='lat' dir='ltr'><strong>quid</strong></span> <span class='ocrx_word' id='word_1_649' title='bbox 2518 2628 2817 2676; x_wconf 88' lang='lat' dir='ltr'><strong>sectaturus</strong></span> <span class='ocrx_word' id='word_1_650' title='bbox 2840 2630 3002 2686; x_wconf 90' lang='lat' dir='ltr'><strong>esset,</strong></span> <span class='ocrx_word' id='word_1_651' title='bbox 3030 2636 3149 2676; x_wconf 92' lang='lat' dir='ltr'><strong>cum</strong></span> <span class='ocrx_word' id='word_1_652' title='bbox 3182 2621 3232 2675; x_wconf 91' lang='lat' dir='ltr'><strong>in</strong></span> <span class='ocrx_word' id='word_1_653' title='bbox 3262 2629 3418 2677; x_wconf 75' lang='lat' dir='ltr'><strong>:etate</strong></span> <span class='ocrx_word' id='word_1_654' title='bbox 3436 2622 3809 2692; x_wconf 86' lang='lat' dir='ltr'><strong>grandiuscula</strong></span> 
     </span>
    </p>
   </div>
   <div class='ocr_carea' id='block_1_87' title="bbox 2215 2714 3806 2785">
    <p class='ocr_par' dir='ltr' id='par_1_87' title="bbox 2215 2714 3806 2785">
     <span class='ocr_line' id='line_1_87' title="bbox 2215 2714 3806 2785; baseline 0.002 -16"><span class='ocrx_word' id='word_1_655' title='bbox 2215 2728 2335 2770; x_wconf 91' lang='lat' dir='ltr'><strong>esse</strong></span> <span class='ocrx_word' id='word_1_656' title='bbox 2364 2715 2646 2784; x_wconf 73' lang='lat' dir='ltr'><strong>coepisset;</strong></span> <span class='ocrx_word' id='word_1_657' title='bbox 2677 2726 2853 2769; x_wconf 87' lang='lat' dir='ltr'><strong>utrum</strong></span> <span class='ocrx_word' id='word_1_658' title='bbox 2893 2714 3137 2769; x_wconf 88' lang='lat' dir='ltr'><strong>monachi</strong></span> <span class='ocrx_word' id='word_1_659' title='bbox 3164 2714 3546 2785; x_wconf 86' lang='lat' dir='ltr'><strong>professionem</strong></span> <span class='ocrx_word' id='word_1_660' title='bbox 3567 2756 3583 2783; x_wconf 97' lang='lat'><strong>,</strong></span> <span class='ocrx_word' id='word_1_661' title='bbox 3613 2731 3683 2771; x_wconf 89' lang='lat' dir='ltr'><strong>an</strong></span> <span class='ocrx_word' id='word_1_662' title='bbox 3712 2731 3806 2772; x_wconf 88' lang='lat' dir='ltr'><strong>ec-</strong></span> 
     </span>
    </p>
   </div>
   <div class='ocr_carea' id='block_1_88' title="bbox 2215 2805 3809 2878">
    <p class='ocr_par' dir='ltr' id='par_1_88' title="bbox 2215 2805 3809 2878">
     <span class='ocr_line' id='line_1_88' title="bbox 2215 2805 3809 2878; baseline 0.003 -18"><span class='ocrx_word' id='word_1_663' title='bbox 2215 2805 2571 2861; x_wconf 90' lang='lat' dir='ltr'><strong>clesiasticum</strong></span> <span class='ocrx_word' id='word_1_664' title='bbox 2606 2806 2999 2874; x_wconf 89' lang='lat' dir='ltr'><strong>ministerium,</strong></span> <span class='ocrx_word' id='word_1_665' title='bbox 3031 2822 3099 2861; x_wconf 91' lang='lat' dir='ltr'><strong>an</strong></span> <span class='ocrx_word' id='word_1_666' title='bbox 3128 2807 3419 2878; x_wconf 89' lang='lat' dir='ltr'><strong>conjugalis</strong></span> <span class='ocrx_word' id='word_1_667' title='bbox 3449 2808 3809 2864; x_wconf 86' lang='lat' dir='ltr'><strong>necessitudi-</strong></span> 
     </span>
    </p>
   </div>
   <div class='ocr_carea' id='block_1_89' title="bbox 2215 2896 3811 2964">
    <p class='ocr_par' dir='ltr' id='par_1_89' title="bbox 2215 2896 3811 2964">
     <span class='ocr_line' id='line_1_89' title="bbox 2215 2896 3811 2964; baseline 0.002 -13"><span class='ocrx_word' id='word_1_668' title='bbox 2215 2901 2300 2951; x_wconf 91' lang='lat' dir='ltr'><strong>nis</strong></span> <span class='ocrx_word' id='word_1_669' title='bbox 2330 2896 2637 2951; x_wconf 82' lang='lat' dir='ltr'><strong>vinculum?</strong></span> <span class='ocrx_word' id='word_1_670' title='bbox 2663 2897 2915 2964; x_wconf 85' lang='lat' dir='ltr'><strong>Quamvis</strong></span> <span class='ocrx_word' id='word_1_671' title='bbox 2941 2899 3085 2952; x_wconf 91' lang='lat' dir='ltr'><strong>enim</strong></span> <span class='ocrx_word' id='word_1_672' title='bbox 3116 2897 3183 2952; x_wconf 91' lang='lat' dir='ltr'><strong>ad</strong></span> <span class='ocrx_word' id='word_1_673' title='bbox 3213 2898 3431 2953; x_wconf 89' lang='lat' dir='ltr'><strong>meliora</strong></span> <span class='ocrx_word' id='word_1_674' title='bbox 3458 2898 3731 2953; x_wconf 80' lang='lat' dir='ltr'><strong>excitandi</strong></span> <span class='ocrx_word' id='word_1_675' title='bbox 3756 2908 3811 2955; x_wconf 91' lang='lat' dir='ltr'><strong>et</strong></span> 
     </span>
    </p>
   </div>
   <div class='ocr_carea' id='block_1_90' title="bbox 2214 2988 3811 3062">
    <p class='ocr_par' dir='ltr' id='par_1_90' title="bbox 2214 2988 3811 3062">
     <span class='ocr_line' id='line_1_90' title="bbox 2214 2988 3811 3062; baseline 0.001 -18"><span class='ocrx_word' id='word_1_676' title='bbox 2214 2988 2496 3044; x_wconf 86' lang='lat' dir='ltr'><strong>erudiendi</strong></span> <span class='ocrx_word' id='word_1_677' title='bbox 2515 2990 2622 3044; x_wconf 88' lang='lat' dir='ltr'><strong>sint</strong></span> <span class='ocrx_word' id='word_1_678' title='bbox 2636 2990 2731 3043; x_wconf 83' lang='lat' dir='ltr'><strong>filii</strong></span> <span class='ocrx_word' id='word_1_679' title='bbox 2752 2999 3077 3059; x_wconf 87' lang='lat' dir='ltr'><strong>sanctorum,</strong></span> <span class='ocrx_word' id='word_1_680' title='bbox 3102 2992 3464 3061; x_wconf 88' lang='lat' dir='ltr'><strong>unusquisque</strong></span> <span class='ocrx_word' id='word_1_681' title='bbox 3481 3000 3664 3046; x_wconf 87' lang='lat' dir='ltr'><strong>tamen</strong></span> <span class='ocrx_word' id='word_1_682' title='bbox 3687 3006 3811 3062; x_wconf 89' lang='lat' dir='ltr'><strong>pro-</strong></span> 
     </span>
    </p>
   </div>
   <div class='ocr_carea' id='block_1_91' title="bbox 2214 3081 3809 3151">
    <p class='ocr_par' dir='ltr' id='par_1_91' title="bbox 2214 3081 3809 3151">
     <span class='ocr_line' id='line_1_91' title="bbox 2214 3081 3809 3151; baseline 0.004 -16"><span class='ocrx_word' id='word_1_683' title='bbox 2214 3081 2388 3151; x_wconf 90' lang='lat' dir='ltr'><strong>prium</strong></span> <span class='ocrx_word' id='word_1_684' title='bbox 2418 3081 2617 3137; x_wconf 87' lang='lat' dir='ltr'><strong>donum</strong></span> <span class='ocrx_word' id='word_1_685' title='bbox 2646 3082 2809 3138; x_wconf 90' lang='lat' dir='ltr'><strong>habet</strong></span> <span class='ocrx_word' id='word_1_686' title='bbox 2833 3098 2862 3137; x_wconf 90' lang='lat' dir='ltr'><strong>a</strong></span> <span class='ocrx_word' id='word_1_687' title='bbox 2889 3084 3033 3148; x_wconf 89' lang='lat' dir='ltr'><strong>Deo;</strong></span> <span class='ocrx_word' id='word_1_688' title='bbox 3064 3084 3198 3139; x_wconf 88' lang='lat' dir='ltr'><strong>alius</strong></span> <span class='ocrx_word' id='word_1_689' title='bbox 3221 3084 3318 3150; x_wconf 91' lang='lat' dir='ltr'><strong>sic,</strong></span> <span class='ocrx_word' id='word_1_690' title='bbox 3347 3084 3484 3139; x_wconf 90' lang='lat' dir='ltr'><strong>alius</strong></span> <span class='ocrx_word' id='word_1_691' title='bbox 3511 3094 3692 3141; x_wconf 87' lang='lat' dir='ltr'><strong>autem</strong></span> <span class='ocrx_word' id='word_1_692' title='bbox 3732 3086 3809 3141; x_wconf 86' lang='lat' dir='ltr'><strong>sic</strong></span> 
     </span>
    </p>
   </div>
   <div class='ocr_carea' id='block_1_92' title="bbox 2216 3171 3808 3249">
    <p class='ocr_par' dir='ltr' id='par_1_92' title="bbox 2216 3171 3808 3249">
     <span class='ocr_line' id='line_1_92' title="bbox 2216 3171 3808 3249; baseline 0.005 -23"><span class='ocrx_word' id='word_1_693' title='bbox 2216 3171 2260 3243; x_wconf 87' lang='grc' dir='ltr'>(Ι</span> <span class='ocrx_word' id='word_1_694' title='bbox 2288 3172 2405 3227; x_wconf 83' lang='lat' dir='ltr'><strong>Cor.</strong></span> <span class='ocrx_word' id='word_1_695' title='bbox 2436 3189 2529 3241; x_wconf 85' lang='lat' dir='ltr'><strong>vn,</strong></span> <span class='ocrx_word' id='word_1_696' title='bbox 2563 3174 2641 3246; x_wconf 85' lang='lat'><strong>7).</strong></span> <span class='ocrx_word' id='word_1_697' title='bbox 2671 3175 2781 3231; x_wconf 83' lang='lat' dir='ltr'><strong>Nisi</strong></span> <span class='ocrx_word' id='word_1_698' title='bbox 2811 3176 2948 3232; x_wconf 89' lang='lat' dir='ltr'><strong>forte</strong></span> <span class='ocrx_word' id='word_1_699' title='bbox 2976 3176 3100 3231; x_wconf 85' lang='lat' dir='ltr'><strong>talia</strong></span> <span class='ocrx_word' id='word_1_700' title='bbox 3142 3177 3472 3247; x_wconf 87' lang='lat' dir='ltr'><strong>prospiciens</strong></span> <span class='ocrx_word' id='word_1_701' title='bbox 3509 3188 3566 3234; x_wconf 88' lang='lat' dir='ltr'><strong>et</strong></span> <span class='ocrx_word' id='word_1_702' title='bbox 3599 3194 3808 3249; x_wconf 64' lang='lat' dir='ltr'><strong>pucea-</strong></span> 
     </span>
    </p>
   </div>
   <div class='ocr_carea' id='block_1_93' title="bbox 2214 3265 3810 3340">
    <p class='ocr_par' dir='ltr' id='par_1_93' title="bbox 2214 3265 3810 3340">
     <span class='ocr_line' id='line_1_93' title="bbox 2214 3265 3810 3340; baseline 0.006 -22"><span class='ocrx_word' id='word_1_703' title='bbox 2214 3280 2345 3320; x_wconf 90' lang='lat' dir='ltr'><strong>vens</strong></span> <span class='ocrx_word' id='word_1_704' title='bbox 2370 3265 2842 3335; x_wconf 90' lang='lat' dir='ltr'><strong>reprehendendus</strong></span> <span class='ocrx_word' id='word_1_705' title='bbox 2862 3278 2944 3323; x_wconf 91' lang='lat' dir='ltr'><strong>est</strong></span> <span class='ocrx_word' id='word_1_706' title='bbox 2972 3277 3140 3337; x_wconf 89' lang='lat' dir='ltr'><strong>pater,</strong></span> <span class='ocrx_word' id='word_1_707' title='bbox 3168 3284 3289 3325; x_wconf 91' lang='lat' dir='ltr'><strong>cum</strong></span> <span class='ocrx_word' id='word_1_708' title='bbox 3309 3270 3495 3325; x_wconf 87' lang='lat' dir='ltr'><strong>beatus</strong></span> <span class='ocrx_word' id='word_1_709' title='bbox 3517 3272 3810 3340; x_wconf 85' lang='lat' dir='ltr'><strong>Apostolus</strong></span> 
     </span>
    </p>
   </div>
   <div class='ocr_carea' id='block_1_94' title="bbox 2214 3355 3809 3428">
    <p class='ocr_par' dir='ltr' id='par_1_94' title="bbox 2214 3355 3809 3428">
     <span class='ocr_line' id='line_1_94' title="bbox 2214 3355 3809 3428; baseline 0.006 -18"><span class='ocrx_word' id='word_1_710' title='bbox 2214 3355 2392 3411; x_wconf 86' lang='lat' dir='ltr'><strong>dicat:</strong></span> <span class='ocrx_word' id='word_1_711' title='bbox 2430 3356 2668 3428; x_wconf 81' lang='lat' dir='ltr'><strong>Quisquis</strong></span> <span class='ocrx_word' id='word_1_712' title='bbox 2704 3369 2873 3413; x_wconf 84' lang='lat' dir='ltr'><strong>autem</strong></span> <span class='ocrx_word' id='word_1_713' title='bbox 2912 3362 3017 3415; x_wconf 84' lang='lat' dir='ltr'><strong>suis</strong></span> <span class='ocrx_word' id='word_1_714' title='bbox 3056 3371 3103 3415; x_wconf 86' lang='lat' dir='ltr'><strong>et</strong></span> <span class='ocrx_word' id='word_1_715' title='bbox 3145 3362 3363 3416; x_wconf 72' lang='lat' dir='ltr'><strong>maxime</strong></span> <span class='ocrx_word' id='word_1_716' title='bbox 3387 3364 3676 3417; x_wconf 82' lang='lat' dir='ltr'><strong>domesticis</strong></span> <span class='ocrx_word' id='word_1_717' title='bbox 3708 3381 3809 3419; x_wconf 75' lang='lat' dir='ltr'><strong>non</strong></span> 
     </span>
    </p>
   </div>
   <div class='ocr_carea' id='block_1_95' title="bbox 2215 3451 3804 3526">
    <p class='ocr_par' dir='ltr' id='par_1_95' title="bbox 2215 3451 3804 3526">
     <span class='ocr_line' id='line_1_95' title="bbox 2215 3451 3804 3526; baseline 0.005 -22"><span class='ocrx_word' id='word_1_718' title='bbox 2215 3451 2469 3519; x_wconf 84' lang='lat' dir='ltr'><strong>providet,</strong></span> <span class='ocrx_word' id='word_1_719' title='bbox 2501 3451 2653 3519; x_wconf 78' lang='lat' dir='ltr'><strong>ﬁdem</strong></span> <span class='ocrx_word' id='word_1_720' title='bbox 2682 3452 2923 3523; x_wconf 83' lang='lat' dir='ltr'><strong>denegat,</strong></span> <span class='ocrx_word' id='word_1_721' title='bbox 2960 3462 3008 3507; x_wconf 90' lang='lat' dir='ltr'><strong>et</strong></span> <span class='ocrx_word' id='word_1_722' title='bbox 3036 3464 3107 3508; x_wconf 89' lang='lat' dir='ltr'><strong>est</strong></span> <span class='ocrx_word' id='word_1_723' title='bbox 3133 3454 3326 3523; x_wconf 78' lang='lat' dir='ltr'><strong>inﬁdeli</strong></span> <span class='ocrx_word' id='word_1_724' title='bbox 3351 3455 3569 3510; x_wconf 83' lang='lat' dir='ltr'><strong>deterior</strong></span> <span class='ocrx_word' id='word_1_725' title='bbox 3594 3456 3638 3526; x_wconf 86' lang='grc' dir='ltr'><strong>(Ι</strong></span> <span class='ocrx_word' id='word_1_726' title='bbox 3672 3456 3804 3512; x_wconf 71' lang='lat' dir='ltr'><strong>Tim.</strong></span> 
     </span>
    </p>
   </div>
   <div class='ocr_carea' id='block_1_96' title="bbox 2212 3542 3807 3618">
    <p class='ocr_par' dir='ltr' id='par_1_96' title="bbox 2212 3542 3807 3618">
     <span class='ocr_line' id='line_1_96' title="bbox 2212 3542 3807 3618; baseline 0.006 -23"><span class='ocrx_word' id='word_1_727' title='bbox 2212 3557 2267 3609; x_wconf 90' lang='lat' dir='ltr'><strong>v,</strong></span> <span class='ocrx_word' id='word_1_728' title='bbox 2300 3542 2376 3612; x_wconf 88' lang='lat'><strong>8).</strong></span> <span class='ocrx_word' id='word_1_729' title='bbox 2399 3542 2530 3598; x_wconf 89' lang='lat' dir='ltr'><strong>Cum</strong></span> <span class='ocrx_word' id='word_1_730' title='bbox 2552 3559 2680 3600; x_wconf 85' lang='lat' dir='ltr'><strong>vero</strong></span> <span class='ocrx_word' id='word_1_731' title='bbox 2700 3545 2767 3601; x_wconf 91' lang='lat' dir='ltr'><strong>de</strong></span> <span class='ocrx_word' id='word_1_732' title='bbox 2793 3544 3049 3600; x_wconf 89' lang='lat' dir='ltr'><strong>faciendis</strong></span> <span class='ocrx_word' id='word_1_733' title='bbox 3072 3546 3201 3615; x_wconf 89' lang='lat' dir='ltr'><strong>ipsis</strong></span> <span class='ocrx_word' id='word_1_734' title='bbox 3222 3547 3582 3618; x_wconf 79' lang='lat' dir='ltr'><strong>eleemosynis</strong></span> <span class='ocrx_word' id='word_1_735' title='bbox 3612 3548 3807 3618; x_wconf 90' lang='lat' dir='ltr'><strong>loque-</strong></span> 
     </span>
    </p>
   </div>
   <div class='ocr_carea' id='block_1_97' title="bbox 2213 3635 3807 3711">
    <p class='ocr_par' dir='ltr' id='par_1_97' title="bbox 2213 3635 3807 3711">
     <span class='ocr_line' id='line_1_97' title="bbox 2213 3635 3807 3711; baseline 0.004 -23"><span class='ocrx_word' id='word_1_736' title='bbox 2213 3644 2380 3701; x_wconf 84' lang='lat' dir='ltr'><strong>retur,</strong></span> <span class='ocrx_word' id='word_1_737' title='bbox 2408 3636 2482 3689; x_wconf 89' lang='lat' dir='ltr'><strong>ait</strong></span> <span class='ocrx_word' id='word_1_738' title='bbox 2506 3654 2519 3690; x_wconf 91' lang='lat'>:</span> <span class='ocrx_word' id='word_1_739' title='bbox 2554 3635 2677 3690; x_wconf 88' lang='lat' dir='ltr'><strong>Non</strong></span> <span class='ocrx_word' id='word_1_740' title='bbox 2706 3645 2759 3690; x_wconf 85' lang='lat' dir='ltr'><strong>ut</strong></span> <span class='ocrx_word' id='word_1_741' title='bbox 2786 3638 2903 3690; x_wconf 85' lang='lat' dir='ltr'><strong>aliis</strong></span> <span class='ocrx_word' id='word_1_742' title='bbox 2926 3637 3131 3706; x_wconf 76' lang='lat' dir='ltr'><strong>refectio</strong></span> <span class='ocrx_word' id='word_1_743' title='bbox 3159 3638 3255 3704; x_wconf 89' lang='lat' dir='ltr'><strong>sit,</strong></span> <span class='ocrx_word' id='word_1_744' title='bbox 3286 3638 3424 3692; x_wconf 72' lang='lat' dir='ltr'><strong>vobis</strong></span> <span class='ocrx_word' id='word_1_745' title='bbox 3446 3648 3618 3692; x_wconf 85' lang='lat' dir='ltr'><strong>autem</strong></span> <span class='ocrx_word' id='word_1_746' title='bbox 3644 3657 3807 3711; x_wconf 74' lang='lat' dir='ltr'><strong>angu-</strong></span> 
     </span>
    </p>
   </div>
   <div class='ocr_carea' id='block_1_98' title="bbox 2212 3726 3807 3802">
    <p class='ocr_par' dir='ltr' id='par_1_98' title="bbox 2212 3726 3807 3802">
     <span class='ocr_line' id='line_1_98' title="bbox 2212 3726 3807 3802; baseline 0.005 -21"><span class='ocrx_word' id='word_1_747' title='bbox 2212 3728 2310 3781; x_wconf 87' lang='lat' dir='ltr'><strong>stia</strong></span> <span class='ocrx_word' id='word_1_748' title='bbox 2340 3726 2403 3798; x_wconf 92' lang='lat' dir='ltr'><strong>(ll</strong></span> <span class='ocrx_word' id='word_1_749' title='bbox 2430 3726 2548 3783; x_wconf 90' lang='lat' dir='ltr'><strong>Cor.</strong></span> <span class='ocrx_word' id='word_1_750' title='bbox 2579 3745 2689 3793; x_wconf 90' lang='lat' dir='ltr'><strong>vnt,</strong></span> <span class='ocrx_word' id='word_1_751' title='bbox 2723 3730 2832 3800; x_wconf 78' lang='grc'><strong>15).</strong></span> <span class='ocrx_word' id='word_1_752' title='bbox 2858 3730 3065 3787; x_wconf 87' lang='lat' dir='ltr'><strong>Pariter</strong></span> <span class='ocrx_word' id='word_1_753' title='bbox 3087 3746 3217 3802; x_wconf 89' lang='lat' dir='ltr'><strong>ergo</strong></span> <span class='ocrx_word' id='word_1_754' title='bbox 3236 3732 3516 3787; x_wconf 90' lang='lat' dir='ltr'><strong>consilium</strong></span> <span class='ocrx_word' id='word_1_755' title='bbox 3541 3733 3611 3787; x_wconf 93' lang='lat' dir='ltr'><strong>de</strong></span> <span class='ocrx_word' id='word_1_756' title='bbox 3630 3735 3807 3789; x_wconf 81' lang='lat' dir='ltr'><strong>omni-</strong></span> 
     </span>
    </p>
   </div>
   <div class='ocr_carea' id='block_1_99' title="bbox 2211 3819 3805 3894">
    <p class='ocr_par' dir='ltr' id='par_1_99' title="bbox 2211 3819 3805 3894">
     <span class='ocr_line' id='line_1_99' title="bbox 2211 3819 3805 3894; baseline 0.004 -20"><span class='ocrx_word' id='word_1_757' title='bbox 2211 3819 2312 3874; x_wconf 88' lang='lat' dir='ltr'><strong>bus</strong></span> <span class='ocrx_word' id='word_1_758' title='bbox 2342 3820 2607 3875; x_wconf 90' lang='lat' dir='ltr'><strong>haberetis</strong></span> <span class='ocrx_word' id='word_1_759' title='bbox 2628 3861 2642 3886; x_wconf 95' lang='lat'><strong>,</strong></span> <span class='ocrx_word' id='word_1_760' title='bbox 2673 3822 2871 3889; x_wconf 92' lang='lat' dir='ltr'><strong>pariter</strong></span> <span class='ocrx_word' id='word_1_761' title='bbox 2899 3822 3312 3878; x_wconf 88' lang='lat' dir='ltr'><strong>moderaremini</strong></span> <span class='ocrx_word' id='word_1_762' title='bbox 3356 3824 3483 3894; x_wconf 91' lang='lat' dir='ltr'><strong>quid</strong></span> <span class='ocrx_word' id='word_1_763' title='bbox 3527 3825 3805 3881; x_wconf 84' lang='lat' dir='ltr'><strong>thesauri-</strong></span> 
     </span>
    </p>
   </div>
   <div class='ocr_carea' id='block_1_100' title="bbox 2212 3913 3803 3989">
    <p class='ocr_par' dir='ltr' id='par_1_100' title="bbox 2212 3913 3803 3989">
     <span class='ocr_line' id='line_1_100' title="bbox 2212 3913 3803 3989; baseline 0.008 -23"><span class='ocrx_word' id='word_1_764' title='bbox 2212 3913 2437 3969; x_wconf 87' lang='lat' dir='ltr'><strong>zandum</strong></span> <span class='ocrx_word' id='word_1_765' title='bbox 2466 3924 2607 3969; x_wconf 86' lang='lat' dir='ltr'><strong>esset</strong></span> <span class='ocrx_word' id='word_1_766' title='bbox 2632 3916 2682 3968; x_wconf 93' lang='lat' dir='ltr'><strong>iu</strong></span> <span class='ocrx_word' id='word_1_767' title='bbox 2703 3916 2859 3984; x_wconf 69' lang='lat' dir='ltr'><strong>cwlo,</strong></span> <span class='ocrx_word' id='word_1_768' title='bbox 2883 3917 3008 3987; x_wconf 93' lang='lat' dir='ltr'><strong>quid</strong></span> <span class='ocrx_word' id='word_1_769' title='bbox 3028 3918 3092 3972; x_wconf 90' lang='lat' dir='ltr'><strong>ad</strong></span> <span class='ocrx_word' id='word_1_770' title='bbox 3110 3918 3231 3973; x_wconf 66' lang='lat' dir='ltr'><strong>vita:</strong></span> <span class='ocrx_word' id='word_1_771' title='bbox 3250 3919 3407 3989; x_wconf 87' lang='lat' dir='ltr'><strong>hujus</strong></span> <span class='ocrx_word' id='word_1_772' title='bbox 3425 3920 3803 3978; x_wconf 82' lang='lat' dir='ltr'><strong>sufﬁcientiam</strong></span> 
     </span>
    </p>
   </div>
   <div class='ocr_carea' id='block_1_101' title="bbox 2211 4004 3799 4080">
    <p class='ocr_par' dir='ltr' id='par_1_101' title="bbox 2211 4004 3799 4080">
     <span class='ocr_line' id='line_1_101' title="bbox 2211 4004 3799 4080; baseline 0.007 -22"><span class='ocrx_word' id='word_1_773' title='bbox 2211 4004 2365 4060; x_wconf 91' lang='lat' dir='ltr'><strong>vobis</strong></span> <span class='ocrx_word' id='word_1_774' title='bbox 2390 4014 2444 4060; x_wconf 91' lang='lat' dir='ltr'><strong>et</strong></span> <span class='ocrx_word' id='word_1_775' title='bbox 2469 4007 2660 4062; x_wconf 89' lang='lat' dir='ltr'><strong>vestris</strong></span> <span class='ocrx_word' id='word_1_776' title='bbox 2684 4016 2966 4078; x_wconf 85' lang='lat' dir='ltr'><strong>vestroque</strong></span> <span class='ocrx_word' id='word_1_777' title='bbox 2986 4009 3095 4064; x_wconf 89' lang='lat' dir='ltr'><strong>filio</strong></span> <span class='ocrx_word' id='word_1_778' title='bbox 3123 4010 3555 4080; x_wconf 91' lang='lat' dir='ltr'><strong>relinquendum,</strong></span> <span class='ocrx_word' id='word_1_779' title='bbox 3582 4027 3652 4067; x_wconf 90' lang='lat' dir='ltr'><strong>ne</strong></span> <span class='ocrx_word' id='word_1_780' title='bbox 3677 4013 3799 4068; x_wconf 84' lang='lat' dir='ltr'><strong>aliis</strong></span> 
     </span>
    </p>
   </div>
   <div class='ocr_carea' id='block_1_102' title="bbox 2210 4096 3801 4173">
    <p class='ocr_par' dir='ltr' id='par_1_102' title="bbox 2210 4096 3801 4173">
     <span class='ocr_line' id='line_1_102' title="bbox 2210 4096 3801 4173; baseline 0.005 -23"><span class='ocrx_word' id='word_1_781' title='bbox 2210 4106 2355 4151; x_wconf 88' lang='lat' dir='ltr'><strong>esset</strong></span> <span class='ocrx_word' id='word_1_782' title='bbox 2378 4096 2620 4165; x_wconf 85' lang='lat' dir='ltr'><strong>refectio,</strong></span> <span class='ocrx_word' id='word_1_783' title='bbox 2646 4099 2797 4153; x_wconf 91' lang='lat' dir='ltr'><strong>vobis</strong></span> <span class='ocrx_word' id='word_1_784' title='bbox 2824 4108 2999 4155; x_wconf 90' lang='lat' dir='ltr'><strong>autem</strong></span> <span class='ocrx_word' id='word_1_785' title='bbox 3026 4102 3287 4170; x_wconf 76' lang='lat' dir='ltr'><strong>angustia.</strong></span> <span class='ocrx_word' id='word_1_786' title='bbox 3321 4101 3387 4156; x_wconf 88' lang='lat' dir='ltr'><strong>Et</strong></span> <span class='ocrx_word' id='word_1_787' title='bbox 3420 4101 3475 4157; x_wconf 92' lang='lat' dir='ltr'><strong>in</strong></span> <span class='ocrx_word' id='word_1_788' title='bbox 3502 4100 3589 4156; x_wconf 88' lang='lat' dir='ltr'><strong>his</strong></span> <span class='ocrx_word' id='word_1_789' title='bbox 3612 4102 3801 4173; x_wconf 78' lang='lat' dir='ltr'><strong>dispo-</strong></span> 
     </span>
    </p>
   </div>
   <div class='ocr_carea' id='block_1_103' title="bbox 2210 4188 3799 4263">
    <p class='ocr_par' dir='ltr' id='par_1_103' title="bbox 2210 4188 3799 4263">
     <span class='ocr_line' id='line_1_103' title="bbox 2210 4188 3799 4263; baseline 0.006 -21"><span class='ocrx_word' id='word_1_790' title='bbox 2210 4188 2399 4243; x_wconf 90' lang='lat' dir='ltr'><strong>nendis</strong></span> <span class='ocrx_word' id='word_1_791' title='bbox 2423 4198 2582 4259; x_wconf 88' lang='lat' dir='ltr'><strong>atque</strong></span> <span class='ocrx_word' id='word_1_792' title='bbox 2608 4189 2882 4258; x_wconf 90' lang='lat' dir='ltr'><strong>faciendis,</strong></span> <span class='ocrx_word' id='word_1_793' title='bbox 2910 4192 2955 4246; x_wconf 89' lang='lat' dir='ltr'><strong>si</strong></span> <span class='ocrx_word' id='word_1_794' title='bbox 2980 4192 3113 4263; x_wconf 43' lang='lat' dir='ltr'><strong>quid.</strong></span> <span class='ocrx_word' id='word_1_795' title='bbox 3133 4193 3226 4248; x_wconf 90' lang='lat' dir='ltr'><strong>tibi</strong></span> <span class='ocrx_word' id='word_1_796' title='bbox 3256 4193 3395 4249; x_wconf 90' lang='lat' dir='ltr'><strong>forte</strong></span> <span class='ocrx_word' id='word_1_797' title='bbox 3422 4195 3620 4250; x_wconf 90' lang='lat' dir='ltr'><strong>melius</strong></span> <span class='ocrx_word' id='word_1_798' title='bbox 3649 4195 3799 4252; x_wconf 81' lang='lat' dir='ltr'><strong>vide-</strong></span> 
     </span>
    </p>
   </div>
   <div class='ocr_carea' id='block_1_104' title="bbox 2208 4284 3799 4358">
    <p class='ocr_par' dir='ltr' id='par_1_104' title="bbox 2208 4284 3799 4358">
     <span class='ocr_line' id='line_1_104' title="bbox 2208 4284 3799 4358; baseline 0.006 -22"><span class='ocrx_word' id='word_1_799' title='bbox 2208 4289 2377 4344; x_wconf 85' lang='lat' dir='ltr'><strong>retur,</strong></span> <span class='ocrx_word' id='word_1_800' title='bbox 2405 4297 2717 4352; x_wconf 89' lang='lat' dir='ltr'><strong>suggereres</strong></span> <span class='ocrx_word' id='word_1_801' title='bbox 2745 4284 2859 4339; x_wconf 91' lang='lat' dir='ltr'><strong>viro</strong></span> <span class='ocrx_word' id='word_1_802' title='bbox 2883 4294 3213 4351; x_wconf 88' lang='lat' dir='ltr'><strong>reverenter,</strong></span> <span class='ocrx_word' id='word_1_803' title='bbox 3239 4286 3591 4358; x_wconf 91' lang='lat' dir='ltr'><strong>ejusdemque</strong></span> <span class='ocrx_word' id='word_1_804' title='bbox 3610 4298 3799 4345; x_wconf 75' lang='lat' dir='ltr'><strong>aucto-</strong></span> 
     </span>
    </p>
   </div>
   <div class='ocr_carea' id='block_1_105' title="bbox 2208 4373 3797 4448">
    <p class='ocr_par' dir='ltr' id='par_1_105' title="bbox 2208 4373 3797 4448">
     <span class='ocr_line' id='line_1_105' title="bbox 2208 4373 3797 4448; baseline 0.005 -21"><span class='ocrx_word' id='word_1_805' title='bbox 2208 4373 2421 4428; x_wconf 90' lang='lat' dir='ltr'><strong>ritatem</strong></span> <span class='ocrx_word' id='word_1_806' title='bbox 2452 4383 2698 4443; x_wconf 90' lang='lat' dir='ltr'><strong>tanquam</strong></span> <span class='ocrx_word' id='word_1_807' title='bbox 2728 4374 2802 4427; x_wconf 93' lang='lat' dir='ltr'><strong>tui</strong></span> <span class='ocrx_word' id='word_1_808' title='bbox 2823 4376 3009 4445; x_wconf 88' lang='lat' dir='ltr'><strong>capitis</strong></span> <span class='ocrx_word' id='word_1_809' title='bbox 3035 4377 3335 4448; x_wconf 89' lang='lat' dir='ltr'><strong>sequereris</strong></span> <span class='ocrx_word' id='word_1_810' title='bbox 3360 4379 3681 4435; x_wconf 87' lang='lat' dir='ltr'><strong>obedienter</strong></span> <span class='ocrx_word' id='word_1_811' title='bbox 3703 4399 3717 4446; x_wconf 93' lang='lat'><strong>;</strong></span> <span class='ocrx_word' id='word_1_812' title='bbox 3741 4389 3797 4435; x_wconf 92' lang='lat' dir='ltr'><strong>ut</strong></span> 
     </span>
    </p>
   </div>
   <div class='ocr_carea' id='block_1_106' title="bbox 2208 4466 3794 4538">
    <p class='ocr_par' dir='ltr' id='par_1_106' title="bbox 2208 4466 3794 4538">
     <span class='ocr_line' id='line_1_106' title="bbox 2208 4466 3794 4538; baseline 0.005 -20"><span class='ocrx_word' id='word_1_813' title='bbox 2208 4478 2395 4519; x_wconf 88' lang='lat' dir='ltr'><strong>omnes</strong></span> <span class='ocrx_word' id='word_1_814' title='bbox 2425 4466 2513 4534; x_wconf 92' lang='lat' dir='ltr'><strong>qui</strong></span> <span class='ocrx_word' id='word_1_815' title='bbox 2545 4481 2733 4519; x_wconf 90' lang='lat' dir='ltr'><strong>sanum</strong></span> <span class='ocrx_word' id='word_1_816' title='bbox 2761 4468 2987 4536; x_wconf 89' lang='lat' dir='ltr'><strong>sapiunt,</strong></span> <span class='ocrx_word' id='word_1_817' title='bbox 3012 4467 3079 4523; x_wconf 93' lang='lat' dir='ltr'><strong>ad</strong></span> <span class='ocrx_word' id='word_1_818' title='bbox 3107 4482 3241 4537; x_wconf 89' lang='lat' dir='ltr'><strong>quos</strong></span> <span class='ocrx_word' id='word_1_819' title='bbox 3263 4479 3440 4538; x_wconf 88' lang='lat' dir='ltr'><strong>posset</strong></span> <span class='ocrx_word' id='word_1_820' title='bbox 3463 4470 3568 4526; x_wconf 92' lang='lat' dir='ltr'><strong>hoc</strong></span> <span class='ocrx_word' id='word_1_821' title='bbox 3596 4471 3794 4526; x_wconf 90' lang='lat' dir='ltr'><strong>bonum</strong></span> 
     </span>
    </p>
   </div>
   <div class='ocr_carea' id='block_1_107' title="bbox 2207 4558 3796 4633">
    <p class='ocr_par' dir='ltr' id='par_1_107' title="bbox 2207 4558 3796 4633">
     <span class='ocr_line' id='line_1_107' title="bbox 2207 4558 3796 4633; baseline 0.005 -22"><span class='ocrx_word' id='word_1_822' title='bbox 2207 4566 2446 4613; x_wconf 91' lang='lat' dir='ltr'><strong>vestrum</strong></span> <span class='ocrx_word' id='word_1_823' title='bbox 2468 4558 2605 4612; x_wconf 89' lang='lat' dir='ltr'><strong>fama</strong></span> <span class='ocrx_word' id='word_1_824' title='bbox 2628 4558 2885 4628; x_wconf 87' lang='lat' dir='ltr'><strong>perferre,</strong></span> <span class='ocrx_word' id='word_1_825' title='bbox 2908 4560 2974 4614; x_wconf 92' lang='lat' dir='ltr'><strong>de</strong></span> <span class='ocrx_word' id='word_1_826' title='bbox 2993 4560 3182 4615; x_wconf 87' lang='lat' dir='ltr'><strong>domus</strong></span> <span class='ocrx_word' id='word_1_827' title='bbox 3198 4570 3391 4617; x_wconf 70' lang='lat' dir='ltr'><strong>vestra:</strong></span> <span class='ocrx_word' id='word_1_828' title='bbox 3403 4560 3578 4617; x_wconf 91' lang='lat' dir='ltr'><strong>fructu</strong></span> <span class='ocrx_word' id='word_1_829' title='bbox 3591 4578 3657 4618; x_wconf 89' lang='lat' dir='ltr'><strong>ac</strong></span> <span class='ocrx_word' id='word_1_830' title='bbox 3671 4578 3796 4633; x_wconf 85' lang='lat' dir='ltr'><strong>pace</strong></span> 
     </span>
    </p>
   </div>
   <div class='ocr_carea' id='block_1_108' title="bbox 2205 4649 3797 4719">
    <p class='ocr_par' dir='ltr' id='par_1_108' title="bbox 2205 4649 3797 4719">
     <span class='ocr_line' id='line_1_108' title="bbox 2205 4649 3797 4719; baseline 0.006 -19"><span class='ocrx_word' id='word_1_831' title='bbox 2205 4650 2518 4719; x_wconf 84' lang='lat' dir='ltr'><strong>gauderent,</strong></span> <span class='ocrx_word' id='word_1_832' title='bbox 2552 4658 2608 4705; x_wconf 93' lang='lat' dir='ltr'><strong>et</strong></span> <span class='ocrx_word' id='word_1_833' title='bbox 2631 4649 2965 4706; x_wconf 87' lang='lat' dir='ltr'><strong>adversarius</strong></span> <span class='ocrx_word' id='word_1_834' title='bbox 2987 4661 3324 4709; x_wconf 86' lang='lat' dir='ltr'><strong>revereretur</strong></span> <span class='ocrx_word' id='word_1_835' title='bbox 3346 4652 3481 4708; x_wconf 90' lang='lat' dir='ltr'><strong>nihil</strong></span> <span class='ocrx_word' id='word_1_836' title='bbox 3503 4653 3711 4709; x_wconf 88' lang='lat' dir='ltr'><strong>habens</strong></span> <span class='ocrx_word' id='word_1_837' title='bbox 3729 4652 3797 4710; x_wconf 85' lang='lat' dir='ltr'><strong>de</strong></span> 
     </span>
    </p>
   </div>
   <div class='ocr_carea' id='block_1_109' title="bbox 2205 4742 2762 4813">
    <p class='ocr_par' dir='ltr' id='par_1_109' title="bbox 2205 4742 2762 4813">
     <span class='ocr_line' id='line_1_109' title="bbox 2205 4742 2762 4813; baseline -0.002 -17"><span class='ocrx_word' id='word_1_838' title='bbox 2205 4742 2357 4797; x_wconf 88' lang='lat' dir='ltr'><strong>vobis</strong></span> <span class='ocrx_word' id='word_1_839' title='bbox 2386 4743 2564 4798; x_wconf 91' lang='lat' dir='ltr'><strong>dicere</strong></span> <span class='ocrx_word' id='word_1_840' title='bbox 2594 4743 2762 4813; x_wconf 90' lang='lat' dir='ltr'><strong>pravi.</strong></span> 
     </span>
    </p>
   </div>
   <div class='ocr_carea' id='block_1_110' title="bbox 2278 4858 3795 4934">
    <p class='ocr_par' dir='ltr' id='par_1_110' title="bbox 2278 4858 3795 4934">
     <span class='ocr_line' id='line_1_110' title="bbox 2278 4858 3795 4934; baseline 0.004 -20"><span class='ocrx_word' id='word_1_841' title='bbox 2278 4859 2331 4914; x_wconf 90' lang='lat'><strong>9.</strong></span> <span class='ocrx_word' id='word_1_842' title='bbox 2372 4858 2540 4913; x_wconf 88' lang='lat' dir='ltr'><strong>Porro</strong></span> <span class='ocrx_word' id='word_1_843' title='bbox 2566 4858 2611 4913; x_wconf 92' lang='lat' dir='ltr'><strong>si</strong></span> <span class='ocrx_word' id='word_1_844' title='bbox 2636 4858 2701 4915; x_wconf 92' lang='lat' dir='ltr'><strong>de</strong></span> <span class='ocrx_word' id='word_1_845' title='bbox 2726 4858 2977 4915; x_wconf 92' lang='lat' dir='ltr'><strong>faciendis</strong></span> <span class='ocrx_word' id='word_1_846' title='bbox 3003 4861 3356 4933; x_wconf 88' lang='lat' dir='ltr'><strong>eleemosynis</strong></span> <span class='ocrx_word' id='word_1_847' title='bbox 3375 4863 3501 4918; x_wconf 90' lang='lat' dir='ltr'><strong>etin</strong></span> <span class='ocrx_word' id='word_1_848' title='bbox 3529 4878 3795 4934; x_wconf 89' lang='lat' dir='ltr'><strong>pauperes</strong></span> 
     </span>
    </p>
   </div>
   <div class='ocr_carea' id='block_1_111' title="bbox 2208 4950 3796 5026">
    <p class='ocr_par' dir='ltr' id='par_1_111' title="bbox 2208 4950 3796 5026">
     <span class='ocr_line' id='line_1_111' title="bbox 2208 4950 3796 5026; baseline 0.003 -21"><span class='ocrx_word' id='word_1_849' title='bbox 2208 4950 2576 5021; x_wconf 91' lang='lat' dir='ltr'><strong>impendendis</strong></span> <span class='ocrx_word' id='word_1_850' title='bbox 2605 4952 2767 5006; x_wconf 89' lang='lat' dir='ltr'><strong>rebus</strong></span> <span class='ocrx_word' id='word_1_851' title='bbox 2792 4953 2917 5019; x_wconf 92' lang='lat' dir='ltr'><strong>tuis,</strong></span> <span class='ocrx_word' id='word_1_852' title='bbox 2948 4953 3013 5008; x_wconf 90' lang='lat' dir='ltr'><strong>de</strong></span> <span class='ocrx_word' id='word_1_853' title='bbox 3036 4969 3143 5024; x_wconf 92' lang='lat' dir='ltr'><strong>quo</strong></span> <span class='ocrx_word' id='word_1_854' title='bbox 3168 4953 3308 5009; x_wconf 90' lang='lat' dir='ltr'><strong>bono</strong></span> <span class='ocrx_word' id='word_1_855' title='bbox 3329 4969 3494 5025; x_wconf 90' lang='lat' dir='ltr'><strong>opere</strong></span> <span class='ocrx_word' id='word_1_856' title='bbox 3517 4965 3572 5010; x_wconf 90' lang='lat' dir='ltr'><strong>et</strong></span> <span class='ocrx_word' id='word_1_857' title='bbox 3600 4969 3796 5026; x_wconf 87' lang='lat' dir='ltr'><strong>magno</strong></span> 
     </span>
    </p>
   </div>
   <div class='ocr_carea' id='block_1_112' title="bbox 2207 5043 3795 5115">
    <p class='ocr_par' dir='ltr' id='par_1_112' title="bbox 2207 5043 3795 5115">
     <span class='ocr_line' id='line_1_112' title="bbox 2207 5043 3795 5115; baseline 0.002 -16"><span class='ocrx_word' id='word_1_858' title='bbox 2207 5054 2316 5099; x_wconf 88' lang='lat' dir='ltr'><strong>tam</strong></span> <span class='ocrx_word' id='word_1_859' title='bbox 2342 5043 2604 5099; x_wconf 87' lang='lat' dir='ltr'><strong>evidentia</strong></span> <span class='ocrx_word' id='word_1_860' title='bbox 2633 5055 2896 5115; x_wconf 71' lang='lat' dir='ltr'><strong>prmcepta</strong></span> <span class='ocrx_word' id='word_1_861' title='bbox 2937 5054 3059 5100; x_wconf 92' lang='lat' dir='ltr'><strong>sunt</strong></span> <span class='ocrx_word' id='word_1_862' title='bbox 3101 5046 3340 5111; x_wconf 90' lang='lat' dir='ltr'><strong>Domini,</strong></span> <span class='ocrx_word' id='word_1_863' title='bbox 3382 5061 3503 5102; x_wconf 91' lang='lat' dir='ltr'><strong>cum</strong></span> <span class='ocrx_word' id='word_1_864' title='bbox 3544 5047 3659 5103; x_wconf 86' lang='lat' dir='ltr'><strong>viro</strong></span> <span class='ocrx_word' id='word_1_865' title='bbox 3702 5058 3795 5102; x_wconf 90' lang='lat' dir='ltr'><strong>tuo</strong></span> 
     </span>
    </p>
   </div>
   <div class='ocr_carea' id='block_1_113' title="bbox 2208 5138 3796 5211">
    <p class='ocr_par' dir='ltr' id='par_1_113' title="bbox 2208 5138 3796 5211">
     <span class='ocr_line' id='line_1_113' title="bbox 2208 5138 3796 5211; baseline 0.003 -19"><span class='ocrx_word' id='word_1_866' title='bbox 2208 5138 2350 5193; x_wconf 85' lang='lat' dir='ltr'><strong>fideli</strong></span> <span class='ocrx_word' id='word_1_867' title='bbox 2380 5148 2435 5194; x_wconf 90' lang='lat' dir='ltr'><strong>et</strong></span> <span class='ocrx_word' id='word_1_868' title='bbox 2460 5148 2633 5194; x_wconf 91' lang='lat' dir='ltr'><strong>tecum</strong></span> <span class='ocrx_word' id='word_1_869' title='bbox 2654 5148 2836 5194; x_wconf 88' lang='lat' dir='ltr'><strong>sancta</strong></span> <span class='ocrx_word' id='word_1_870' title='bbox 2853 5141 3190 5195; x_wconf 59' lang='lat' dir='ltr'><strong>continentiae</strong></span> <span class='ocrx_word' id='word_1_871' title='bbox 3216 5150 3369 5211; x_wconf 88' lang='lat' dir='ltr'><strong>pacta</strong></span> <span class='ocrx_word' id='word_1_872' title='bbox 3396 5152 3645 5197; x_wconf 87' lang='lat' dir='ltr'><strong>servante</strong></span> <span class='ocrx_word' id='word_1_873' title='bbox 3664 5155 3796 5196; x_wconf 81' lang='lat' dir='ltr'><strong>con-</strong></span> 
     </span>
    </p>
   </div>
   <div class='ocr_carea' id='block_1_114' title="bbox 2206 5231 3793 5304">
    <p class='ocr_par' dir='ltr' id='par_1_114' title="bbox 2206 5231 3793 5304">
     <span class='ocr_line' id='line_1_114' title="bbox 2206 5231 3793 5304; baseline 0.002 -19"><span class='ocrx_word' id='word_1_874' title='bbox 2206 5232 2383 5286; x_wconf 90' lang='lat' dir='ltr'><strong>silium</strong></span> <span class='ocrx_word' id='word_1_875' title='bbox 2413 5231 2809 5287; x_wconf 90' lang='lat' dir='ltr'><strong>communicare</strong></span> <span class='ocrx_word' id='word_1_876' title='bbox 2834 5231 3057 5288; x_wconf 89' lang='lat' dir='ltr'><strong>deberes</strong></span> <span class='ocrx_word' id='word_1_877' title='bbox 3075 5274 3090 5300; x_wconf 91' lang='lat'><strong>,</strong></span> <span class='ocrx_word' id='word_1_878' title='bbox 3130 5233 3474 5304; x_wconf 91' lang='lat' dir='ltr'><strong>ejusdemque</strong></span> <span class='ocrx_word' id='word_1_879' title='bbox 3501 5250 3607 5289; x_wconf 91' lang='lat' dir='ltr'><strong>non</strong></span> <span class='ocrx_word' id='word_1_880' title='bbox 3637 5249 3793 5303; x_wconf 84' lang='lat' dir='ltr'><strong>sper—</strong></span> 
     </span>
    </p>
   </div>
   <div class='ocr_carea' id='block_1_115' title="bbox 2208 5325 3795 5399">
    <p class='ocr_par' dir='ltr' id='par_1_115' title="bbox 2208 5325 3795 5399">
     <span class='ocr_line' id='line_1_115' title="bbox 2208 5325 3795 5399; baseline 0.003 -21"><span class='ocrx_word' id='word_1_881' title='bbox 2208 5340 2334 5380; x_wconf 90' lang='lat' dir='ltr'><strong>nere</strong></span> <span class='ocrx_word' id='word_1_882' title='bbox 2352 5325 2673 5380; x_wconf 89' lang='lat' dir='ltr'><strong>voluntatem</strong></span> <span class='ocrx_word' id='word_1_883' title='bbox 2694 5342 2708 5392; x_wconf 91' lang='lat'><strong>;</strong></span> <span class='ocrx_word' id='word_1_884' title='bbox 2732 5335 2929 5396; x_wconf 90' lang='lat' dir='ltr'><strong>quanto</strong></span> <span class='ocrx_word' id='word_1_885' title='bbox 2944 5327 3109 5397; x_wconf 91' lang='lat' dir='ltr'><strong>magis</strong></span> <span class='ocrx_word' id='word_1_886' title='bbox 3128 5326 3195 5381; x_wconf 91' lang='lat' dir='ltr'><strong>de</strong></span> <span class='ocrx_word' id='word_1_887' title='bbox 3216 5327 3396 5381; x_wconf 89' lang='lat' dir='ltr'><strong>habitu</strong></span> <span class='ocrx_word' id='word_1_888' title='bbox 3416 5337 3579 5399; x_wconf 87' lang='lat' dir='ltr'><strong>atque</strong></span> <span class='ocrx_word' id='word_1_889' title='bbox 3597 5328 3795 5384; x_wconf 83' lang='lat' dir='ltr'><strong>vestitu</strong></span> 
     </span>
    </p>
   </div>
   <div class='ocr_carea' id='block_1_116' title="bbox 2207 5416 3794 5487">
    <p class='ocr_par' dir='ltr' id='par_1_116' title="bbox 2207 5416 3794 5487">
     <span class='ocr_line' id='line_1_116' title="bbox 2207 5416 3794 5487; baseline 0.004 -16"><span class='ocrx_word' id='word_1_890' title='bbox 2207 5416 2338 5471; x_wconf 89' lang='lat' dir='ltr'><strong>nihil</strong></span> <span class='ocrx_word' id='word_1_891' title='bbox 2366 5416 2458 5471; x_wconf 91' lang='lat' dir='ltr'><strong>tibi</strong></span> <span class='ocrx_word' id='word_1_892' title='bbox 2491 5425 2684 5486; x_wconf 61' lang='lat' dir='ltr'><strong>praeter</strong></span> <span class='ocrx_word' id='word_1_893' title='bbox 2711 5418 2826 5487; x_wconf 90' lang='lat' dir='ltr'><strong>ejus</strong></span> <span class='ocrx_word' id='word_1_894' title='bbox 2853 5419 3128 5475; x_wconf 86' lang='lat' dir='ltr'><strong>arbitrium</strong></span> <span class='ocrx_word' id='word_1_895' title='bbox 3157 5420 3464 5475; x_wconf 86' lang='lat' dir='ltr'><strong>mutandum</strong></span> <span class='ocrx_word' id='word_1_896' title='bbox 3505 5422 3589 5476; x_wconf 89' lang='lat' dir='ltr'><strong>vel</strong></span> <span class='ocrx_word' id='word_1_897' title='bbox 3634 5438 3794 5477; x_wconf 78' lang='lat' dir='ltr'><strong>usur-</strong></span> 
     </span>
    </p>
   </div>
   <div class='ocr_carea' id='block_1_117' title="bbox 2208 5507 3796 5584">
    <p class='ocr_par' dir='ltr' id='par_1_117' title="bbox 2208 5507 3796 5584">
     <span class='ocr_line' id='line_1_117' title="bbox 2208 5507 3796 5584; baseline 0.004 -21"><span class='ocrx_word' id='word_1_898' title='bbox 2208 5509 2439 5579; x_wconf 90' lang='lat' dir='ltr'><strong>pandum</strong></span> <span class='ocrx_word' id='word_1_899' title='bbox 2468 5507 2586 5575; x_wconf 88' lang='lat' dir='ltr'><strong>fuit,</strong></span> <span class='ocrx_word' id='word_1_900' title='bbox 2612 5510 2752 5565; x_wconf 88' lang='lat' dir='ltr'><strong>unde</strong></span> <span class='ocrx_word' id='word_1_901' title='bbox 2776 5510 2905 5565; x_wconf 89' lang='lat' dir='ltr'><strong>nihil</strong></span> <span class='ocrx_word' id='word_1_902' title='bbox 2932 5510 3186 5568; x_wconf 91' lang='lat' dir='ltr'><strong>divinitus</strong></span> <span class='ocrx_word' id='word_1_903' title='bbox 3204 5513 3425 5584; x_wconf 91' lang='lat' dir='ltr'><strong>legimus</strong></span> <span class='ocrx_word' id='word_1_904' title='bbox 3449 5514 3796 5584; x_wconf 76' lang='lat' dir='ltr'><strong>imperatum?</strong></span> 
     </span>
    </p>
   </div>
   <div class='ocr_carea' id='block_1_118' title="bbox 2208 5600 3798 5672">
    <p class='ocr_par' dir='ltr' id='par_1_118' title="bbox 2208 5600 3798 5672">
     <span class='ocr_line' id='line_1_118' title="bbox 2208 5600 3798 5672; baseline 0.004 -17"><span class='ocrx_word' id='word_1_905' title='bbox 2208 5600 2471 5671; x_wconf 90' lang='lat' dir='ltr'><strong>Scriptum</strong></span> <span class='ocrx_word' id='word_1_906' title='bbox 2498 5610 2581 5656; x_wconf 91' lang='lat' dir='ltr'><strong>est</strong></span> <span class='ocrx_word' id='word_1_907' title='bbox 2604 5602 2838 5672; x_wconf 88' lang='lat' dir='ltr'><strong>quidem,</strong></span> <span class='ocrx_word' id='word_1_908' title='bbox 2869 5603 3117 5658; x_wconf 86' lang='lat' dir='ltr'><strong>mulieres</strong></span> <span class='ocrx_word' id='word_1_909' title='bbox 3147 5619 3265 5659; x_wconf 87' lang='lat' dir='ltr'><strong>esse</strong></span> <span class='ocrx_word' id='word_1_910' title='bbox 3300 5605 3497 5660; x_wconf 90' lang='lat' dir='ltr'><strong>debere</strong></span> <span class='ocrx_word' id='word_1_911' title='bbox 3525 5606 3581 5660; x_wconf 91' lang='lat' dir='ltr'><strong>in</strong></span> <span class='ocrx_word' id='word_1_912' title='bbox 3608 5606 3798 5662; x_wconf 86' lang='lat' dir='ltr'><strong>habitu</strong></span> 
     </span>
    </p>
   </div>
   <div class='ocr_carea' id='block_1_119' title="bbox 2207 5698 3793 5771">
    <p class='ocr_par' dir='ltr' id='par_1_119' title="bbox 2207 5698 3793 5771">
     <span class='ocr_line' id='line_1_119' title="bbox 2207 5698 3793 5771; baseline 0.005 -21"><span class='ocrx_word' id='word_1_913' title='bbox 2207 5706 2430 5763; x_wconf 89' lang='lat' dir='ltr'><strong>ornato;</strong></span> <span class='ocrx_word' id='word_1_914' title='bbox 2480 5698 2698 5767; x_wconf 90' lang='lat' dir='ltr'><strong>aurique</strong></span> <span class='ocrx_word' id='word_1_915' title='bbox 2736 5698 3151 5769; x_wconf 89' lang='lat' dir='ltr'><strong>circumpositio,</strong></span> <span class='ocrx_word' id='word_1_916' title='bbox 3198 5708 3251 5754; x_wconf 91' lang='lat' dir='ltr'><strong>et</strong></span> <span class='ocrx_word' id='word_1_917' title='bbox 3289 5700 3506 5756; x_wconf 88' lang='lat' dir='ltr'><strong>intortio</strong></span> <span class='ocrx_word' id='word_1_918' title='bbox 3535 5703 3793 5771; x_wconf 88' lang='lat' dir='ltr'><strong>crinium,</strong></span> 
     </span>
    </p>
   </div>
   <div class='ocr_carea' id='block_1_120' title="bbox 2206 5788 3799 5869">
    <p class='ocr_par' dir='ltr' id='par_1_120' title="bbox 2206 5788 3799 5869">
     <span class='ocr_line' id='line_1_120' title="bbox 2206 5788 3799 5869; baseline 0.003 -20"><span class='ocrx_word' id='word_1_919' title='bbox 2206 5797 2259 5850; x_wconf 89' lang='lat' dir='ltr'><strong>et</strong></span> <span class='ocrx_word' id='word_1_920' title='bbox 2288 5799 2477 5847; x_wconf 62' lang='lat' dir='ltr'><strong>extera</strong></span> <span class='ocrx_word' id='word_1_921' title='bbox 2500 5788 2802 5867; x_wconf 73' lang='lat' dir='ltr'><strong>hujusiuodi</strong></span> <span class='ocrx_word' id='word_1_922' title='bbox 2836 5806 2954 5865; x_wconf 69' lang='lat' dir='ltr'><strong>qua:</strong></span> <span class='ocrx_word' id='word_1_923' title='bbox 2979 5790 3062 5847; x_wconf 83' lang='lat' dir='ltr'><strong>vcl</strong></span> <span class='ocrx_word' id='word_1_924' title='bbox 3090 5791 3156 5847; x_wconf 90' lang='lat' dir='ltr'><strong>ad</strong></span> <span class='ocrx_word' id='word_1_925' title='bbox 3185 5792 3398 5853; x_wconf 86' lang='lat' dir='ltr'><strong>inanem</strong></span> <span class='ocrx_word' id='word_1_926' title='bbox 3425 5808 3682 5869; x_wconf 80' lang='lat' dir='ltr'><strong>pompam</strong></span> <span class='ocrx_word' id='word_1_927' title='bbox 3709 5794 3799 5857; x_wconf 79' lang='lat' dir='ltr'><strong>vel</strong></span> 
     </span>
    </p>
   </div>
   <div class='ocr_carea' id='block_1_121' title="bbox 2590 5976 2663 5987">
    <p class='ocr_par' dir='ltr' id='par_1_121' title="bbox 2590 5976 2663 5987">
     <span class='ocr_line' id='line_1_121' title="bbox 2590 5976 2663 5987; baseline 0 0"><span class='ocrx_word' id='word_1_928' title='bbox 2590 5976 2663 5987; x_wconf 47' lang='lat'><strong>‘1“</strong></span> 
     </span>
    </p>
   </div>
  </div>
