4084 6332
349 369 481 432 1081

348 487 416 544 ad
445 486 747 544 illecebram
773 484 958 542 formae
985 482 1221 538 adhiberi
1247 482 1419 538 solent
1449 483 1488 546 ¹,
1517 482 1710 537 merito
1733 495 1914 551 repre-

346 579 511 638 hensa
536 587 660 632 sunt
689 576 731 648 (l
761 577 891 630 Tim.
919 592 976 643 ιι,
1005 573 1082 648 9).
1107 575 1212 630 Sed
1236 584 1318 629 est
1345 574 1555 645 quidam
1580 589 1676 642 pro
1700 571 1914 628 modulo

346 687 588 746 persona:
611 670 820 726 habitus
847 668 1154 723 matronalis
1177 683 1207 722 a
1230 667 1421 722 viduali
1446 676 1590 722 veste
1613 666 1916 733 distinctus,

345 764 434 832 qui
463 770 634 832 potest
666 760 909 815 fidelibus
936 759 1230 830 conjugatis
1259 759 1402 813 salva
1435 758 1698 827 religionis
1731 756 1914 812 obser-

345 856 516 908 vantia
545 853 847 908 convenire.
877 852 1027 908 llunc
1053 860 1104 906 te
1130 851 1350 905 maritus
1372 851 1417 907 si
1433 850 1698 919 deponere
1722 848 1912 914 noluit,

345 960 414 999 nc
441 952 490 998 te
512 945 654 998 velut
671 943 880 998 viduam
904 943 994 998 illo
1020 943 1227 996 vivente
1247 941 1496 1011 jactares,
1526 950 1651 1009 puto
1672 940 1790 1009 quia
1809 953 1915 993 non

343 1035 518 1092 fuerat
543 1037 596 1091 in
623 1035 721 1092 hac
742 1052 800 1090 re
821 1050 986 1106 usque
1006 1034 1070 1089 ad
1092 1033 1437 1089 dissensionis
1462 1031 1765 1087 scandalum
1794 1046 1917 1101 per-

344 1127 639 1190 ducendus,
669 1128 832 1198 magis
857 1125 1226 1194 inobedientia:
1254 1126 1411 1190 malo,
1431 1140 1585 1194 quam
1610 1124 1768 1178 ullius
1791 1124 1915 1177 abs-

346 1220 579 1274 tinentia:
608 1219 767 1274 bono.
822 1217 957 1286 Quid
992 1219 1132 1272 enim
1172 1226 1254 1272 est
1286 1217 1588 1283 absurdius,
1615 1231 1772 1284 quam
1800 1231 1916 1270 mu-

343 1313 529 1368 lierem
556 1312 622 1366 de
650 1311 835 1365 humili
862 1319 1008 1366 veste
1031 1312 1143 1365 viro
1172 1310 1445 1380 superbire
1465 1350 1478 1374 ,
1520 1309 1604 1364 cui
1649 1317 1700 1363 te
1740 1309 1916 1377 potius

343 1397 1002 1472 expediret'obtemperare
1027 1401 1263 1456 candidis
1286 1401 1543 1467 moribus,
1566 1415 1722 1470 quam
1747 1400 1915 1469 nigel-

341 1493 407 1547 lis
432 1493 666 1548 vestibus
690 1492 1020 1563 repugnare?
1050 1492 1181 1558 Quia
1211 1492 1311 1547 etsi
1341 1500 1392 1546 te
1418 1491 1780 1545 indumentum
1801 1504 1916 1543 mo-

343 1583 526 1638 nachae.
573 1583 900 1650 delectabat,
948 1584 1104 1636 etiam
1139 1582 1239 1638 hoc
1281 1583 1479 1652 gratius
1506 1590 1685 1651 posset
1724 1581 1914 1636 marito

340 1673 621 1729 observato
645 1682 968 1744 exoratoque
990 1674 1147 1741 sumi,
1174 1689 1330 1743 quam
1353 1674 1441 1727 illo
1463 1672 1760 1727 inconsulto
1787 1688 1914 1727 con-

342 1775 645 1837 temptoque
689 1768 956 1838 praesumi.
1005 1767 1155 1833 Quod
1201 1767 1244 1820 si
1283 1769 1500 1821 omnino
1542 1782 1647 1821 non
1692 1768 1908 1835 sineret,

340 1856 465 1926 quid
488 1867 576 1912 tuo
599 1858 867 1927 proposito
887 1858 1189 1929 deperiret?
1215 1858 1363 1913 Absit
1384 1868 1443 1912 ut
1464 1858 1585 1913 hinc
1605 1859 1912 1927 diSpliceres

341 1949 472 2012 Deo,
500 1949 639 2019 quod
665 1950 890 2022 conjuge
916 1959 1005 2004 tuo
1029 1950 1263 2004 nondum
1289 1949 1560 2016 defuncto,
1588 1966 1692 2004 non
1723 1950 1911 2006 indue-

341 2042 478 2097 reris
505 2043 641 2096 sicut
665 2042 837 2108 Anna,
870 2042 962 2097 sed
985 2043 1121 2097 sicut
1145 2041 1401 2097 Susanna.

342 2147 353 2181 ἀ
413 2134 499 2189 10.
527 2133 708 2204 Neque
737 2134 879 2188 enim
921 2143 973 2189 et
1024 2135 1140 2200 ille,
1185 2136 1270 2205 qui
1312 2145 1484 2190 tecum
1521 2137 1629 2205 jam
1673 2144 1912 2206 cmpcrat

339 2226 606 2282 custodire
633 2235 741 2282 tam
767 2243 1012 2297 magnum
1051 2228 1389 2283 continentiae
1434 2230 1650 2294 bonum,
1706 2230 1914 2286 etiamsi

341 2321 614 2390 conjugale
631 2337 736 2376 non
755 2321 964 2378 viduale
989 2322 1241 2377 voluisset
1265 2331 1320 2376 ut
1348 2323 1614 2392 acciperes
1635 2324 1915 2378 indumen-

341 2421 472 2479 tum,
502 2412 567 2468 ad
599 2413 934 2469 indecentem
964 2429 1172 2484 quoque
1201 2423 1251 2470 te
1270 2417 1612 2484 compulisset
1631 2425 1908 2470 ornatum:

340 2518 445 2572 quo
470 2503 572 2558 etsi
598 2503 771 2574 aliqua
799 2503 932 2558 dura
959 2503 1262 2559 conditione
1285 2505 1572 2574 cogereris,
1606 2519 1787 2574 posses
1816 2505 1911 2558 ha-

340 2592 466 2649 bere
508 2594 562 2648 in
607 2595 834 2663 superbo
865 2594 1010 2649 cultu
1036 2610 1128 2648 cor
1156 2593 1372 2648 humile.
1404 2594 1602 2662 Nempe
1640 2594 1779 2663 apud
1817 2609 1910 2663 pa-

342 2692 470 2751 tres,
510 2683 706 2739 Esther
743 2686 828 2738 illa
859 2686 1040 2754 regina
1065 2685 1232 2739 Deum
1263 2685 1473 2748 timens,
1501 2684 1665 2738 Deum
1688 2685 1868 2739 colens
1893 2725 1909 2751 ,

342 2775 451 2829 Deo
491 2774 722 2841 subdita,
771 2775 961 2829 marito
1001 2775 1112 2844 regi
1162 2775 1471 2844 alienigenae
1513 2788 1618 2826 non
1671 2774 1912 2828 eumdem

342 2882 524 2922 secum
553 2867 749 2921 colenti
778 2866 964 2932 Deum,
994 2876 1169 2920 tamen
1208 2865 1441 2934 subjecta
1478 2865 1768 2930 serviebat;
1797 2880 1914 2934 quae

342 2972 464 3013 cum
495 2958 552 3012 in
572 2967 814 3013 extremo
839 2957 1094 3028 periculo,
1127 2972 1230 3012 non
1260 2973 1357 3012 suo
1385 2967 1604 3024 tantum,
1633 2958 1725 3012 sed
1751 2959 1912 3013 etiam

341 3051 512 3121 gentis
537 3065 666 3117 sum,
695 3051 783 3121 qui
811 3059 934 3106 tunc
972 3060 1085 3105 erat
1123 3050 1348 3120 populus
1391 3050 1501 3115 Dei,
1533 3050 1754 3105 Domino
1786 3065 1911 3120 pro-

341 3149 673 3197 sterneretur
690 3141 910 3208 oraudo,
936 3141 988 3195 in
1019 3141 1126 3211 ipsa
1156 3141 1395 3196 oratione
1420 3156 1515 3196 sua
1541 3141 1693 3208 dixit,
1717 3143 1787 3195 ita
1808 3141 1912 3196 sibi

342 3249 461 3288 esse
496 3243 738 3288 ornatum
769 3235 969 3305 regium
995 3276 1010 3301 ,
1064 3235 1200 3289 sicut
1250 3249 1481 3304 pannum
1530 3236 1910 3290 menstrualem

347 3325 553 3399 (Esther
577 3343 686 3395 xrv,
709 3325 828 3398 16);
855 3335 908 3381 et
935 3327 1007 3381 ita
1031 3337 1270 3381 orantem
1299 3327 1576 3382 confestim
1605 3329 1906 3393 exaudivit,

341 3418 433 3488 qui
470 3417 646 3472 cordis
690 3418 956 3487 inspector
996 3433 1114 3473 eam
1154 3433 1335 3473 verum
1383 3417 1561 3474 dicere
1623 3419 1794 3473 scivit.
1848 3419 1914 3475 Et

342 3511 522 3581 utique
549 3515 796 3565 maritum
827 3509 1052 3574 habebat
1080 3510 1362 3568 multarum
1397 3510 1680 3565 mulierum
1721 3510 1910 3577 virum,

341 3610 396 3656 et
416 3601 635 3656 deorum
653 3601 946 3657 alienorum
968 3601 1324 3670 falsorumque
1345 3599 1619 3655 cultorem.
1637 3599 1718 3654 Tu
1736 3608 1911 3655 autem

340 3695 386 3751 si
414 3703 465 3748 et
492 3694 580 3749 ille
606 3694 658 3749 in
695 3693 966 3764 proposito
995 3692 1135 3762 quod
1161 3700 1335 3748 tecum
1365 3703 1690 3762 susceperat,
1722 3692 1916 3762 perdu-

341 3793 512 3850 raret,
555 3800 654 3840 nec
692 3799 724 3839 a
764 3792 819 3840 te
843 3783 1076 3840 offensus
1104 3785 1156 3839 in
1187 3783 1438 3854 ﬂagitium
1468 3784 1774 3848 corruisset,
1800 3799 1913 3839 ma-

340 3874 500 3929 ritum
542 3873 776 3930 habebas
818 3889 926 3928 non
971 3876 1142 3928 solum
1184 3873 1425 3938 ﬁdelem,
1451 3883 1508 3928 et
1532 3890 1714 3929 verum
1743 3874 1912 3929 Deum

341 3972 516 4018 tecum
542 3964 824 4029 colentem,
866 3964 958 4018 sed
997 3965 1155 4018 etiam
1193 3965 1586 4028 continentem;
1616 3965 1702 4032 qui
1732 3964 1913 4032 procul

341 4057 504 4112 dubio
534 4056 787 4128 propositi
803 4057 962 4111 vestri
985 4072 1088 4111 non
1111 4055 1408 4122 immemor,
1427 4057 1524 4111 etsi
1541 4055 1606 4110 ad
1624 4056 1912 4126 conjugalia

342 4159 396 4206 te
424 4158 637 4221 cogeret
660 4149 986 4218 indumenta,
1019 4149 1084 4204 ad
1114 4149 1338 4220 superba
1385 4157 1561 4204 tamen
1605 4157 1912 4204 ornamenta

343 4258 446 4298 non
475 4250 705 4312 cogeret.

415 4335 502 4389 ll.
534 4333 659 4389 Haec
698 4333 790 4389 tibi
831 4333 1057 4404 scripsi,
1109 4332 1359 4404 quoniam
1404 4346 1490 4386 mc
1531 4331 1912 4387 consulendum

343 4427 575 4498 putasti,
621 4441 726 4480 non
775 4435 834 4480 ut
874 4435 1018 4480 tuum
1069 4435 1267 4480 rectum
1322 4424 1617 4478 institutum
1669 4438 1914 4479 sermone

343 4533 463 4573 meo
495 4517 811 4586 frangerem,
855 4516 950 4571 sed
994 4515 1131 4586 quod
1173 4524 1222 4570 te
1281 4514 1561 4569 iuorditate
1612 4523 1666 4569 et
1709 4515 1916 4570 incaute

344 4618 556 4681 agente,
584 4610 681 4664 viri
711 4610 784 4663 tui
816 4609 1005 4662 factum
1030 4605 1103 4678 (a)
1135 4607 1392 4662 dolerem.
1423 4607 1498 4660 De
1526 4608 1676 4676 cujus
1704 4622 1916 4675 repara-

345 4703 493 4758 tione
516 4701 678 4758 debes
707 4702 1169 4756 vehementissime
1189 4701 1440 4770 cogitare,
1459 4700 1502 4753 si
1526 4717 1650 4755 vere
1671 4701 1735 4755 ad
1755 4700 1915 4755 Chri-

343 4803 482 4848 stum
510 4794 590 4848 vis
619 4792 901 4862 pertinere.
933 4791 1094 4846 lndue
1121 4793 1294 4861 itaque
1321 4791 1668 4846 humilitatem
1699 4793 1910 4860 mentis,

342 4894 397 4941 et
422 4895 478 4940 ut
505 4894 556 4941 te
582 4885 721 4940 Deus
745 4894 1022 4940 conservet
1051 4893 1499 4954 perseverantem,
1529 4885 1632 4940 noli
1671 4886 1914 4940 maritum

343 4985 683 5031 contemnere
731 4982 1058 5046 pereuntem.
1086 4975 1271 5030 Funde
1298 4991 1392 5045 pro
1422 4976 1512 5030 illo
1550 4977 1664 5046 pias
1693 4986 1746 5031 ct
1781 4978 1918 5031 assi-

343 5056 476 5124 duas
499 5071 787 5134 orationes,
826 5068 1061 5123 sacrifica
1094 5069 1352 5138 lacrymas
1385 5078 1631 5138 tauquam
1657 5070 1918 5124 vulnerati

341 5160 650 5231 sanguinem
681 5159 876 5215 cordis.
918 5159 985 5213 Et
1017 5158 1189 5214 scribe
1217 5159 1282 5213 ad
1309 5175 1428 5214 eum
1470 5161 1915 5227 satisfactionem,

343 5263 530 5325 petens
557 5252 786 5318 veniam,
834 5251 956 5322 quia
995 5251 1046 5304 in
1075 5265 1196 5306 eum
1242 5250 1508 5320 peccasti,
1554 5252 1696 5321 quod
1725 5262 1919 5322 praiter

409 5409 425 5441 ί
451 5409 524 5458 sic
542 5406 651 5457 Bad.
678 5415 776 5456 Am.
805 5413 854 5456 et
869 5413 943 5469 Er.
961 5407 1136 5469 quibus
1151 5405 1471 5469 suffragantur
1492 5413 1598 5454 Mss.
1619 5418 1790 5468 magno
1804 5420 1918 5456 eon-

343 5483 512 5533 seusu,
545 5471 636 5520 nisi
671 5469 801 5533 quod
834 5465 995 5533 Gallici
1033 5469 1215 5533 habent
1247 5465 1484 5533 ordinato,
1527 5481 1613 5529 pro
1649 5465 1832 5533 agitato.
1868 5476 1922 5519 At

344 5531 472 5604 apud
494 5527 603 5581 [ογ.
627 5527 706 5581 sic"
720 5532 852 5604 locus
873 5531 968 5600 iste
990 5531 1230 5604 refertur:
1251 5527 1575 5604 scripturire“
1605 5527 1798 5599 quidem
1819 5543 1922 5578 mu-

343 5589 490 5645 lieres
508 5605 609 5644 esse
636 5605 728 5653 non
751 5591 925 5653 debere
939 5590 1175 5653 inflrabitu
1191 5589 1370 5648 amato,
1394 5590 1592 5653 aurique
1609 5589 1921 5653 rircumcom-

345 5653 574 5722 posatione
595 5659 640 5703 et
659 5652 909 5704 intortione
931 5652 1153 5715 crinium,
1168 5658 1212 5702 et
1227 5659 1401 5703 cetera
1417 5651 1543 5716 quae,
1557 5659 1674 5710 cte.,
1687 5659 1730 5701 et
1753 5651 1923 5703 merito

345 5715 636 5782 reprehensa
652 5721 778 5766 sunt.

409 5797 484 5870 (a)
499 5803 654 5865 Forte,
670 5795 895 5876 fractum,
916 5795 1104 5855 scilicet
1123 5803 1311 5856 rectum
1332 5796 1602 5851 institutum
1623 5796 1729 5849 viri.

1518 362 1993 424 EPISTOLARUM
2029 367 2300 428 CLASSIS
2339 370 2428 428 IV.

2010 485 2138 556 ejus
2163 487 2440 542 consilium
2470 496 2523 544 et
2551 491 2876 546 voluntatem
2911 489 2983 547 de
3029 491 3190 550 rebus
3239 491 3344 550 tuis
3387 495 3590 565 fecisti,

2020 577 2162 647 quod
2187 577 2482 633 faciendum
2513 582 2735 649 putasti,
2764 597 2868 636 non
2896 589 2956 636 ut
2982 589 3036 637 te
3060 583 3314 652 paeniteat
3337 583 3587 643 tribuisse

2019 669 2335 738 pauperibus
2358 710 2372 734 ,
2421 669 2512 724 sed
2548 686 2670 726 eum
2711 671 2789 726 tui
2827 672 2951 726 boni
2977 673 3155 743 operis
3185 673 3492 744 participem
3534 683 3591 730 et

2019 758 2408 815 moderatorem
2445 759 2640 816 habere
2667 761 2920 817 noluisse.
2948 763 3203 817 Promitte
3226 762 3294 820 de
3313 772 3508 820 caetero
3531 764 3586 820 in

2018 849 2281 922 adjutorio
2309 855 2534 921 Domini,
2569 857 2613 910 si
2651 864 2704 910 et
2741 856 2888 910 illum
2919 872 3028 911 suae
3052 857 3388 927 turpitudinis
3410 856 3588 926 paeni-

2020 945 2196 1010 tuerit,
2228 955 2282 1000 et
2307 946 2683 1001 continentiam
2721 962 2876 1016 quam
2907 947 3141 1002 deseruit
3179 946 3502 1017 repetiverit,
3533 955 3588 1002 te

2019 1035 2114 1099 illi,
2146 1036 2284 1091 sicut
2311 1038 2481 1104 decet,
2515 1039 2565 1092 in
2599 1040 2845 1094 omnibus
2872 1038 3220 1105 servituram;
3248 1053 3318 1094 ne
3346 1038 3499 1105 forte,
3530 1048 3587 1094 nt

2017 1127 2090 1180 ait
2119 1127 2424 1196 Apostolus,
2451 1129 2538 1183 det
2564 1129 2638 1184 illi
2667 1130 2803 1183 Deus
2827 1131 3211 1198 paenitentiam,
3230 1139 3286 1185 et
3311 1130 3589 1199 resipiscat

2017 1215 2084 1270 de
2113 1215 2305 1270 diaboli
2347 1217 2565 1288 laqueis,
2599 1233 2626 1270 a
2656 1234 2760 1288 quo
2787 1221 3026 1288 captivus
3063 1230 3271 1274 tenetur
3293 1220 3581 1275 secundum

2018 1305 2188 1376 ipsius
2231 1307 2551 1362 voluntatem
2587 1307 2652 1377 (ll
2678 1308 2809 1362 Tim.
2839 1325 2892 1373 ιι,
2923 1308 3012 1374 '25,
3047 1309 3157 1380 26).
3185 1309 3374 1364 Filium
3403 1317 3580 1363 autem

2017 1407 2274 1464 vestrum,
2296 1400 2542 1468 quoniam
2564 1400 2630 1454 de
2651 1399 2897 1470 legitimis
2911 1417 3030 1456 eum
3057 1410 3110 1456 et
3135 1401 3369 1456 honestis
3388 1400 3585 1469 nuptiis

2018 1488 2344 1559 suscepistis,
2367 1490 2532 1560 magis
2547 1491 2598 1544 in
2622 1492 2786 1559 patris
2805 1505 2960 1560 quam
2987 1491 3038 1544 in
3068 1500 3153 1544 tua
3176 1504 3297 1544 esse
3327 1498 3583 1560 potestate

2016 1581 2134 1650 quis
2159 1581 2394 1635 nesciat?
2413 1582 2480 1635 Et
2507 1581 2626 1636 ideo
2651 1581 2698 1636 ei
2731 1581 2907 1650 negari
2933 1597 3037 1635 non
3063 1587 3253 1651 potest,
3269 1580 3582 1649 ubicumque

1992 1673 2163 1737 illum
2190 1688 2308 1728 esse
2333 1673 2664 1743 cognoverit,
2691 1682 2743 1728 et
2765 1673 2884 1743 jure
2909 1671 3203 1742 poposcerit
3233 1688 3246 1723 :
3273 1685 3336 1725 ac
3363 1685 3456 1737 per
3483 1669 3582 1723 hoc

2017 1774 2074 1817 ut
2101 1764 2387 1818 secundum
2433 1773 2573 1818 tuam
2613 1765 2932 1817 voluntatem
2972 1763 3022 1816 in
3066 1761 3157 1815 Dei
3195 1760 3360 1831 possit
3394 1756 3582 1813 nutriri

2016 1863 2071 1908 et
2099 1855 2294 1908 erudiri
2325 1856 2600 1924 sapientia,
2639 1853 2934 1909 necessaria
2960 1862 3042 1908 est
3079 1853 3154 1906 illi
3195 1851 3355 1907 etiam
3405 1857 3578 1905 vestra

2016 1933 2316 2002 concordia.

2434 2061 2758 2115 EPISTOLA
2797 2059 3039 2115 CCLXIII
3068 2063 3087 2085 ‘
3117 2057 3214 2132 (a).

2013 2193 2318 2264 Augustinus
2349 2194 2556 2266 Sapidaz
2583 2195 2780 2266 virgini,
2807 2195 3057 2250 renuntiat
3091 2211 3144 2249 se
3169 2193 3416 2265 accepisse
3442 2189 3578 2246 luni-

2084 2306 2195 2342 cam
2221 2289 2378 2356 ipsius
2397 2287 2620 2342 manibus
2636 2297 2916 2341 contextam
2943 2287 3108 2356 fratri,
3141 2303 3284 2354 quem
3308 2285 3418 2353 ipsa
3445 2298 3582 2335 mor-

2089 2389 2229 2432 tuum
2257 2378 2482 2449 lugebat;
2503 2379 2712 2447 jamque
2731 2395 2858 2437 eam,
2878 2376 3010 2445 quod
3033 2374 3225 2443 Sapidu
3254 2372 3460 2442 prazberi
3489 2369 3582 2424 sibi

2085 2470 2317 2523 solalium
2340 2469 2627 2539 ea'petierat,
2654 2468 2873 2520 induisse
2905 2482 2921 2520 :
2945 2475 3176 2518 caeterum
3224 2463 3496 2516 adhortans
3517 2458 3584 2512 ad

2086 2561 2358 2614 uberiorem
2381 2560 2716 2629 verioremque
2739 2557 3124 2612 consolationem
3150 2552 3491 2624 usurpandum
3521 2566 3584 2604 ex

2087 2652 2465 2721 Scripturarum
2493 2652 2772 2704 divinarum
2797 2649 2916 2718 ﬁde.

2017 2805 2252 2860 Dominae
2282 2805 2692 2875 religiosissima:
2720 2813 2774 2858 et
2812 2811 3008 2857 sanctae
3046 2801 3164 2855 filiae
3198 2799 3428 2865 Smne,
3473 2798 3584 2852 Au-

2334 2913 2606 2961 cusrnvus,
2635 2898 2688 2951 in
2717 2896 2942 2951 Domino
2967 2895 3212 2949 salutem.

2088 3057 2141 3111 1.
2165 3055 2358 3126 Accepi
2387 3054 2528 3125 quod
2555 3054 2620 3109 de
2642 3053 2798 3123 justis
2824 3061 2876 3107 et
2901 3051 3000 3120 piis
3023 3047 3295 3103 laboribus
3332 3057 3582 3100 manuum

2018 3157 2225 3204 tuarum
2254 3163 2340 3203 me
2363 3146 2604 3216 accipere
2627 3145 2857 3208 voluisti,
2886 3159 2953 3197 ne
2981 3150 3032 3196 te
3066 3141 3276 3209 gravius
3300 3136 3582 3191 contrista-

2015 3257 2150 3307 rem,
2191 3256 2346 3310 quam
2385 3239 2558 3308 potius
2583 3235 2956 3292 consolandam
2983 3232 3218 3286 viderem
3249 3247 3262 3282 :
3290 3225 3582 3298 prmsertim

2017 3335 2140 3404 quia
2171 3333 2271 3387 hoc
2300 3332 2470 3402 ipsum
2497 3339 2644 3385 tuum
2669 3343 2772 3382 non
2814 3340 3031 3395 parvum
3061 3319 3320 3390 deputasti
3351 3331 3469 3372 esse
3501 3329 3587 3368 so-

2017 3422 2221 3487 latium,
2245 3423 2290 3476 si
2306 3437 2445 3486 eam,
2463 3435 2618 3490 quam
2635 3432 2888 3487 germano
2912 3425 3002 3469 tuo
3028 3421 3211 3468 saneto
3230 3408 3324 3464 Dei
3348 3406 3588 3461 ministro

2017 3515 2220 3572 feceras
2267 3513 2494 3569 tunicam
2519 3553 2532 3577 ,
2581 3527 2678 3581 ego
2720 3509 3004 3571 induerer;
3059 3518 3178 3559 cum
3221 3501 3330 3571 jam
3374 3514 3404 3552 a
3448 3505 3586 3551 terra

2017 3605 2354 3661 morientium
2381 3602 2633 3658 recedens
2664 3599 2825 3655 nullis
2850 3598 3010 3652 rebus
3037 3589 3464 3662 corruptibilibus
3502 3585 3586 3640 in-

2017 3697 2238 3767 digeret‘.
2269 3695 2389 3749 Feci
2419 3709 2545 3764 ergo
2570 3692 2711 3763 quod
2756 3686 3093 3751 desiderasti,
3124 3693 3176 3739 et
3205 3682 3585 3752 qualecumque

2018 3791 2119 3844 hoc
2131 3787 2372 3844 existima
2388 3787 2544 3852 veris,
2562 3785 2643 3838 vel
2660 3781 3192 3852 quantulumcumque
3207 3773 3472 3835 solatium,
3497 3779 3588 3824 tuo

2018 3895 2141 3950 erga
2154 3878 2369 3933 fratrem
2385 3875 2581 3946 pectori
2598 3891 2700 3929 non
2723 3871 2926 3940 negavi.
2943 3869 3154 3923 Missam
3176 3866 3270 3920 abs
3290 3874 3340 3918 te
3359 3864 3585 3918 tunicam

2018 3970 2216 4038 accepi,
2259 3976 2313 4022 et
2349 3965 2558 4036 quando
2599 3963 2712 4018 haec
2755 3961 2820 4016 ad
2864 3969 2915 4014 te
2957 3957 3164 4028 scripsi,
3193 3969 3255 4009 ea
3286 3968 3371 4007 me
3395 3952 3588 4006 vestire

2013 4060 2124 4131 jam
2154 4074 2438 4129 cmpcram.
2471 4057 2617 4110 Bono
2644 4056 2820 4108 animo
2845 4061 2996 4115 esto;
3029 4048 3123 4103 sed
3161 4046 3326 4101 multo
3355 4043 3587 4098 meliori-

2018 4154 2135 4219 bus,
2191 4151 2461 4219 multoquc
2508 4145 2796 4216 majoribus
2840 4137 3289 4198 consolationibus
3332 4144 3498 4197 utere,
3533 4141 3590 4187 ut

2020 4242 2256 4297 nubilum
2287 4240 2360 4294 tui
2401 4237 2576 4294 cordis
2611 4237 2836 4290 humana
2872 4230 3175 4287 inﬁrmitate
3217 4233 3542 4282 contractum
3568 4263 3584 4288 ,

2020 4341 2296 4390 sereuetur
2340 4329 2650 4385 auctoritate
2695 4324 2872 4379 divina
2923 4339 2936 4375 ε
2983 4329 3036 4375 ct
3074 4323 3475 4390 perseveranter
3519 4313 3588 4367 ita

2021 4425 2159 4488 vive,
2191 4429 2249 4476 ut
2289 4436 2407 4476 cum
2453 4418 2614 4473 fratre
2641 4417 2816 4479 vivas;
2860 4411 3107 4484 quoniam
3136 4411 3215 4465 sic
3241 4415 3479 4463 mortuus
3507 4410 3590 4458 est

2022 4525 2143 4572 tuus
2173 4513 2350 4579 frater,
2384 4519 2439 4565 ut
2469 4510 2628 4564 vivat.

2091 4608 2145 4661 2.
2174 4605 2271 4660 Est
2294 4602 2502 4673 quidem
2531 4597 2780 4655 materies
2808 4596 3181 4667 lacrymarum,
3210 4589 3349 4661 quod
3377 4602 3590 4658 germa-

2021 4714 2147 4754 num
2193 4696 2499 4752 dilectorem
2549 4699 2716 4755 tuum,
2751 4696 2903 4756 teque
2931 4684 3215 4754 plurimum
3247 4694 3344 4750 pro
3373 4687 3459 4732 tua
3487 4677 3590 4730 vita

2022 4801 2075 4848 et
2119 4806 2285 4846 sacrae
2321 4785 2638 4856 virginitatis
2663 4778 2994 4854 professione
3024 4781 3372 4836 reverentem,
3413 4769 3594 4823 diaco-

2022 4899 2148 4940 num
2169 4876 2596 4947 Carthaginensis
2616 4871 2867 4928 Ecclesiae
2887 4883 2991 4923 non
3010 4865 3182 4930 vides,
3205 4863 3340 4917 sicut
3359 4858 3590 4924 solebas,

2024 4976 2310 5029 intrantem
2347 4977 2400 5024 et
2442 4974 2742 5028 exeuntem,
2789 4971 2842 5017 et
2867 4961 2918 5016 in
2949 4958 3029 5014 sui
3056 4952 3397 5012 ecclesiastici
3435 4949 3594 5004 officii

2025 5063 2338 5122 strenuitate
2378 5069 2710 5122 versantem;
2741 5063 2795 5110 et
2821 5050 3106 5107 honorifica
3136 5047 3222 5102 illa
3251 5046 3318 5099 ab
3343 5061 3408 5100 eo
3434 5042 3593 5097 verba

2025 5173 2131 5212 non
2149 5154 2320 5217 audis,
2340 5167 2458 5221 qua:
2484 5158 2586 5204 tua:
2613 5144 2972 5219 germanitatis
3000 5137 3282 5201 sanctitati,
3311 5135 3592 5204 morigero,

2025 5249 2113 5318 pio
2142 5256 2196 5300 et
2223 5243 2460 5299 officioso
2509 5237 2843 5309 impendebat
2883 5233 3094 5288 affectu.
3139 5229 3265 5284 llmc
3307 5225 3595 5318 cumcogi.

2028 5315 2225 5399 tantur,
2255 5342 2309 5389 et
2333 5328 2735 5386 consuetudinis
2784 5325 3030 5379 violentia
3072 5319 3359 5390 requiritur
3387 5315 3481 5387 (b),
3507 5329 3601 5372 cor

2028 5431 2294 5500 pnngitur,
2326 5435 2379 5481 et
2411 5435 2659 5493 tanquam
2703 5418 2913 5487 sanguis
2942 5413 3119 5469 cordis
3145 5411 3300 5467 fletus
3339 5406 3600 5500 exoritur.

2029 5498 2369 5574 Scdﬁsursum
2397 5514 2466 5568 sit
2488 5529 2601 5577 cor,
2639 5519 2692 5565 et
2719 5507 2844 5564 sicci
2875 5514 3031 5562 erunt
3057 5502 3216 5558 oeuli.
3242 5501 3424 5571 Neque
3454 5498 3600 5556 enim

2091 5649 2107 5666 ‘
2132 5655 2228 5697 Non
2252 5651 2450 5706 reperta
2481 5643 2532 5692 in
2555 5649 2682 5701 Mss,
2708 5645 2916 5700 excepto
2936 5649 3034 5686 uno
3056 5641 3202 5685 \‘attc.

2111 5730 2160 5788 α)
2180 5729 2301 5777 Alias
2321 5727 2413 5776 248
2434 5739 2445 5772 :
2464 5737 2573 5788 quae
2590 5729 2752 5774 autem
2773 5720 2867 5771 263
2889 5725 3010 5781 erat,
3029 5729 3155 5768 nunc
3169 5713 3278 5765 250.

2111 5744 2139 5778 α
2180 5730 2301 5777 Alias
2321 5730 2413 5776 248
2434 5739 2445 5772 :
2464 5737 2573 5788 quae
2590 5737 2622 5773 at

2089 5730 2162 5858 ibi
2179 5798 2336 5854 Forte,
2371 5785 2593 5840 recurrit.
2620 5808 2622 5810 ·
