4070 6332
486 325 623 382 l085

482 441 603 512 quia
629 415 750 506 ista,
783 453 903 510 quae
933 437 1025 493 tibi
1050 450 1248 493 maeres
1274 449 1393 490 esse
1416 435 1707 502 subtracta,
1736 445 1832 488 suo
1859 442 2068 502 tempo-

484 533 766 590 raliamu
789 527 1195 601 iactarier-um,
1229 527 1349 582 ideo
1390 527 1548 598 periit;
1594 527 1682 581 illa
1707 526 1946 582 Charitas
1967 540 2073 596 qua

486 625 799 679 Mnus
826 622 903 693 (α)
931 622 1178 691 Bapidtlm
1203 620 1408 686 dilexit,
1438 630 1494 675 et
1516 619 1684 690 diligi
1711 638 1725 673 :
1753 628 1938 673 manet
1981 619 2073 676 illa

487 726 696 772 servata
714 717 770 771 in
793 715 1042 770 thesauro
1063 728 1180 778 suo,
1201 723 1250 767 et
1273 712 1579 768 abscondita
1605 721 1687 766 est
1712 727 1832 765 cum
1861 710 2072 767 Christo

487 809 540 861 in
590 809 832 862 Domino.
873 807 974 875 Qui
1025 807 1251 876 diligunt
1297 815 1506 871 aurum,
1551 805 1806 874 numquid
1845 804 2074 873 perdunt

487 899 699 968 quando
755 899 1088 956 receiidurit?
1137 913 1316 953 nonne
1361 906 1486 952 tunc
1521 897 1590 953 de
1637 897 1770 965 illo,
1818 906 2072 968 quam

490 991 603 1045 ﬁeri
652 1000 845 1060 potest,
897 993 1195 1046 securiores
1239 993 1390 1057 ﬂuet,
1425 1006 1544 1045 cum
1591 999 1856 1047 remotum
1888 1007 1918 1045 a
1959 992 2068 1046 suis

485 1083 653 1137 oculis
699 1085 830 1139 locis
886 1086 1168 1139 latioribus
1217 1085 1465 1140 servant?
1513 1084 1659 1139 Itane
1699 1100 1827 1140 vero
1860 1093 2072 1140 terrena

488 1176 748 1244 cupiditas
787 1178 1041 1231 numitius
1081 1193 1140 1230 se
1167 1177 1366 1232 habere
1397 1183 1565 1247 putat,
1607 1177 1651 1230 si
1683 1192 1786 1230 non
1815 1177 1990 1230 videat
2022 1176 2074 1231 id

488 1266 631 1335 quod
656 1277 830 1333 amat;
863 1278 915 1322 et
944 1269 1176 1324 celestis
1203 1269 1434 1335 charitas
1459 1269 1626 1334 dolet,
1654 1278 1907 1338 tanquam
1936 1268 2072 1321 ami-

487 1359 619 1412 serit
661 1359 801 1428 quod
851 1359 900 1413 in
956 1361 1144 1415 horrea
1195 1375 1423 1428 superna
1473 1359 1809 1428 praemiserit.
1857 1359 2070 1428 Sapida,

489 1449 630 1518 quod
657 1451 864 1505 vocaris
889 1454 1121 1516 attende,
1151 1459 1206 1506 et
1232 1469 1348 1521 quae
1387 1464 1600 1505 sursum
1639 1459 1764 1505 sunt
1806 1465 1952 1520 sape,
1986 1449 2082 1504 ubi

488 1539 731 1597 Christus
748 1549 833 1597 est-
859 1543 922 1597 ad
950 1544 1224 1598 dexteram
1257 1544 1346 1598 Dei
1376 1543 1567 1598 sedens
1587 1543 1799 1614 ((Ioloss.
1826 1557 1902 1607 ιιι,
1927 1541 2070 1613 1ο5);

487 1634 574 1702 qui
605 1649 702 1703 pro
736 1634 889 1689 nobis
920 1635 1167 1706 dignatus
1194 1644 1276 1690 est
1312 1636 1444 1690 mori
1467 1677 1479 1701 ,
1509 1643 1568 1688 ut
1592 1635 1890 1688 viveremus
1914 1634 2072 1687 etiam

487 1725 715 1789 mortui;
743 1738 798 1780 et
833 1743 901 1780 ne
947 1739 1093 1781 mors
1135 1728 1246 1796 ipsa
1287 1727 1354 1780 ab
1397 1725 1630 1789 homine,
1662 1733 1909 1795 tanquam
1938 1739 2074 1778 cono

486 1825 760 1886 sumptura
815 1819 1124 1885 hominem,
1173 1821 1496 1885 timeretur;
1570 1835 1667 1874 nec
1737 1829 2068 1873 mortuorum

484 1908 783 1978 quisquam,
813 1925 909 1980 pro
931 1911 1118 1980 quibus
1139 1911 1244 1965 vita
1271 1921 1476 1965 mortua
1503 1920 1602 1976 est,
1633 1920 1880 1980 tanquam
1907 1911 2071 1964 vitam

487 1999 797 2066 perdiderit,
831 2001 1122 2056 deleretur.
1154 2003 1278 2056 llzec
1317 2013 1477 2072 atque
1518 2003 1819 2070 hujusmndi
1853 2011 1939 2056 tua
1967 2003 2073 2057 sint

486 2089 668 2144 divina
697 2092 884 2146 solatia
913 2094 1104 2162 quibus
1124 2094 1406 2149 erubescat
1427 2102 1484 2150 et
1511 2094 1667 2148 cedat
1707 2095 1935 2148 humana
1977 2095 2073 2148 tri-

486 2182 648 2236 stitia.

558 2273 610 2327 5.
633 2271 746 2327 Non
770 2274 980 2345 quidem
1007 2277 1427 2332 succensendnm
1456 2277 1618 2332 estde
1646 2277 1821 2333 charis
1850 2278 2071 2332 mortuis

486 2363 658 2418 dolori
711 2368 1040 2434 mortalium;
1087 2371 1179 2424 sed
1229 2371 1510 2426 diuturnus
1562 2371 1714 2426 dolor
1759 2389 1863 2426 non
1915 2372 2073 2427 debet

486 2471 606 2510 esse
636 2455 894 2512 ﬁdelium.
925 2459 978 2513 Si
1002 2476 1127 2530 ergo
1148 2463 1455 2516 contristata
1481 2479 1559 2528 es,
1581 2463 1688 2532 jam
1715 2464 1784 2516 sit
1803 2463 1952 2528 satis;
1973 2479 2074 2519 nec

484 2547 904 2604 sisscontristeris
925 2552 1369 2620 quemadmodum
1398 2553 1616 2621 Gentes,
1645 2572 1762 2623 quae
1791 2571 1941 2625 spem
1967 2573 2072 2610 non

486 2636 681 2693 habent
723 2641 736 2671 ¹
779 2637 835 2712 (l
886 2642 1058 2698 Thess.
1109 2661 1178 2711 Iv,
1229 2645 1339 2714 12).
1384 2646 1499 2699 Non
1544 2647 1686 2700 enim
1737 2649 2069 2703 constristari

485 2731 754 2800 prohibuit
781 2733 977 2788 Paulus
1007 2737 1301 2805 apostolus,
1337 2753 1458 2791 cum
1493 2737 1592 2791 hoc
1621 2739 1840 2802 diceret,
1873 2740 1966 2793 sed
1993 2740 2070 2793 sic

481 2824 781 2879 contristari
809 2826 1252 2896 quemadmodum
1279 2829 1500 2897 Gentes,
1526 2845 1644 2899 qua:
1675 2845 1821 2900 spem
1847 2847 1950 2884 non
1978 2832 2072 2886 ita-

483 2914 628 2970 bent.
651 2916 780 2970 Nam
807 2926 860 2971 et
889 2918 1093 2974 Martha
1123 2929 1177 2974 et
1196 2920 1381 2986 Maria,
1407 2921 1506 2990 pia:
1537 2937 1751 2976 sorores
1778 2932 1829 2976 et
1859 2922 2064 2992 iideles,

481 3018 897 3062 resurrecturum
922 3025 1074 3064 suum
1103 3011 1321 3067 fratrem
1344 3013 1601 3066 Lazarum
1631 3013 1847 3081 ﬂebant,
1873 3031 2064 3084 quam-

479 3097 559 3150 vis
585 3114 704 3152 eum
734 3105 858 3154 tunc
878 3100 943 3154 ad
965 3101 1099 3156 hanc
1122 3104 1278 3157 vitam
1301 3104 1591 3157 rediturum
1617 3120 1735 3159 esse
1763 3109 2063 3161 nescirent:

479 3194 533 3242 et
555 3187 666 3258 ipse
694 3190 948 3246 Dominus
967 3193 1403 3263 cumdem,quem
1429 3197 1598 3249 fuerat
1627 3197 2078 3267 resuscitaturus,

479 3277 738 3335 Lazarum
767 3281 909 3337 ﬂevit
939 3284 1116 3355 (Joan.
1145 3302 1218 3346 xl.
1247 3288 1468 3359 19-35);
1494 3289 1743 3343 nimirum
1767 3298 1824 3344 ut
1843 3289 2066 3346 ﬂeamus

479 3371 638 3426 etiam
661 3388 758 3428 nos
783 3389 875 3429 eos
905 3387 1142 3431 mortuos
1168 3393 1300 3448 quos
1327 3379 1391 3433 ad
1420 3395 1599 3434 veram
1631 3382 1791 3436 vitam
1819 3395 2064 3438 resurre-

478 3469 656 3518 cturos
686 3465 983 3534 credimus,
1017 3469 1114 3522 etsi
1149 3484 1250 3522 non
1277 3470 1438 3539 jttSsil
1473 3481 1755 3541 praecepto,
1799 3473 2066 3528 concessit

475 3558 741 3626 exemplo.
791 3557 898 3613 Nec
943 3557 1132 3614 frustra
1177 3561 1450 3632 Scriptura
1475 3564 1602 3618 dicit
1631 3566 1686 3618 in
1712 3566 1849 3621 libro
1876 3566 2063 3621 Eccle-

475 3645 707 3711 siastico,
737 3646 802 3702 In
824 3660 1020 3704 mortuo
1047 3652 1236 3721 produc
1263 3654 1534 3724 lucrymas,
1564 3665 1609 3708 et
1640 3658 1784 3725 quasi
1807 3657 1919 3710 dira
1944 3671 2060 3727 per-

476 3753 649 3806 pessus
677 3739 842 3809 incipe
883 3741 1288 3798 lammitationem
1321 3761 1339 3798 :
1365 3745 1457 3800 sed
1494 3748 1651 3815 paulo
1699 3757 1818 3816 post
1861 3751 1966 3816 ait,
2016 3759 2062 3806 et

475 3832 734 3884 romolare
778 3844 980 3903 prapter
1023 3836 1306 3903 tristitiam;
1354 3855 1387 3891 α
1425 3839 1626 3893 tristitia
1665 3841 1797 3893 enim
1839 3841 2060 3911 procedit

475 3937 637 3988 mors,
695 3932 739 3977 et
781 3927 983 3980 tristitia
1031 3929 1193 3983 cordis
1245 3929 1408 4001 ﬂectet
1451 3933 1798 4004 fortitudinem
1848 3933 2050 4004 (Ereti.

474 4031 692 4082 xxxvm,
721 4018 932 4090 16-19).
1399 4029 1401 4031 ’
1865 4009 1875 4018 ’

546 4109 600 4162 4.
648 4109 836 4165 Frater
877 4118 1023 4182 tuus,
1069 4113 1193 4180 tilia,
1240 4123 1420 4171 mente
1448 4116 1592 4183 vivit,
1627 4133 1787 4172 carne
1815 4116 2053 4185 dormit;

473 4201 725 4270 [nunquid
753 4203 841 4272 qui
872 4203 1087 4271 dormit,
1123 4221 1224 4259 non
1252 4207 1462 4277 adjieict
1503 4217 1559 4262 ut
1601 4220 1844 4281 resurgat
1883 4210 2054 4285 (Psal.

475 4296 561 4358 IL,
595 4291 685 4365 9)?
715 4295 852 4349 Deus
881 4297 970 4366 qui
1001 4298 1239 4366 spiritum
1267 4299 1505 4370 ejusjum
1535 4303 1784 4370 suseepit,
1815 4305 2058 4359 restituet

471 4383 521 4437 ei
567 4399 760 4454 eoi-pus
804 4403 990 4454 suum,
1023 4391 1161 4460 quod
1197 4407 1298 4446 non
1332 4393 1658 4462 perdendum
1690 4396 1929 4463 abstulit,
1963 4399 2056 4454 sed

470 4478 800 4534 reddendum
844 4481 1065 4537 distulit.
1108 4483 1259 4538 Nulla
1309 4495 1390 4540 est
1435 4487 1590 4556 igitur
1633 4503 1791 4543 causa
1827 4491 2054 4548 tristitia:

469 4568 750 4635 diuturnw,
787 4574 906 4642 quia
939 4575 1111 4645 potior
1152 4585 1235 4631 est
1278 4592 1434 4632 causa
1467 4577 1662 4632 luatitiu:
1695 4581 2050 4650 sempiternae.

470 4660 904 4733 Quandoquidem
936 4666 1172 4734 germani
1213 4669 1283 4722 tui
1329 4684 1426 4723 nec
1457 4683 1579 4739 pars
1619 4670 1730 4740 ipsa
1763 4674 2002 4729 mortalis
2035 4717 2050 4744 ,

469 4770 588 4824 quae
615 4754 666 4810 in
699 4765 835 4811 terra
865 4759 1073 4828 sepulta
1101 4768 1201 4826 est,
1235 4759 1323 4815 tibi
1357 4762 1581 4830 peribit;
1609 4763 1660 4817 in
1685 4779 1784 4834 qua
1809 4764 1902 4819 tibi
1924 4782 2055 4836 prae-

468 4847 792 4918 sentabatur,
823 4867 919 4922 per
948 4867 1107 4926 quam
1138 4863 1188 4908 te
1215 4853 1598 4926 alloquebatur,
1632 4865 1911 4928 tecumque
1943 4862 2054 4916 col-

469 4938 806 5011 loquebatur;
840 4960 902 4998 ex
930 4960 1030 5016 qua
1061 4946 1336 5016 promebat
1366 4963 1550 5002 vocem
1582 4950 1659 5003 sic
1699 4949 1798 5028 tuis
1838 4952 2051 5008 auribus

467 5041 645 5086 notam
670 5075 683 5097 ,
732 5035 1178 5103 quemadmodum
1209 5035 1395 5092 faciem
1427 5042 1527 5095 tuis
1560 5027 2011 5099 oculis-offerebat
2034 5088 2049 5114 ,

468 5124 537 5178 ita
569 5135 623 5180 ut
652 5127 969 5200 ubicumque
1012 5131 1309 5197 sonuisset,
1357 5133 1513 5186 etiam
1548 5149 1651 5187 non
1683 5135 1824 5188 visus
1856 5137 2054 5192 soleret

465 5219 699 5286 agnosci.
744 5219 867 5276 llznc
905 5223 1046 5276 enim
1090 5223 1328 5277 vivorum
1359 5225 1600 5279 sensibus
1629 5225 2011 5282 subtralumtur
2034 5271 2048 5296 ,

467 5319 524 5366 ut
551 5309 789 5366 dolorem
821 5310 977 5370 faciat
1015 5314 1253 5370 absentia
1298 5324 1649 5372 mortuorum.
1700 5319 1805 5374 Sed
1837 5321 2052 5391 quando

464 5395 566 5461 nec
591 5405 700 5478 ipsn
733 5407 783 5460 in
817 5417 1071 5464 :eternum
1101 5425 1322 5479 corpora
1355 5411 1621 5480 peribunt,
1656 5415 1730 5467 uti
1759 5430 1855 5470 nec
1881 5417 2050 5487 capil-

464 5495 547 5552 lus
574 5498 760 5567 capitis
784 5499 978 5568 peribit
1007 5500 1159 5571 (Luc.
1189 5518 1299 5570 χχι,
1334 5504 1445 5574 18),
1476 5513 1527 5558 et
1554 5504 1619 5558 ad
1650 5517 1858 5576 tempus
1881 5508 2045 5578 depo-

525 5610 544 5681 i
571 5616 620 5657 In
641 5618 749 5661 ιον.
777 5613 992 5681 editione
1016 5616 1164 5662 verba
1187 5617 1408 5681 qugedam
1445 5618 1524 5666 hic
1572 5620 1873 5681 exciderant,
1902 5623 2048 5672 resti-

480 5677 562 5739 uta
579 5686 673 5739 per
697 5687 785 5739 nos
809 5689 870 5723 ex
898 5677 1039 5725 vatio.
1067 5677 1354 5739 exemplari.

523 5731 606 5810 (la):
615 5742 626 5780 I
635 5738 842 5810 nudatur
1147 5731 1378 5810 diaconus
1389 5755 1541 5810 supra
1562 5743 1612 5796 in
1629 5745 1773 5807 epist.
1798 5746 1904 5810 11.0,
1925 5760 1976 5797 n.
1997 5747 2044 5810 1;

460 5791 652 5847 nam
671 5798 750 5850 hic
765 5801 870 5864 ipse
889 5793 1039 5852 frater
1061 5800 1242 5865 uapide:
1259 5791 1474 5866 virginis:

1715 318 1774 374 S.
1815 311 2182 373 AUGUSTINI
2221 313 2524 373 EPISCOPI

3619 339 3763 399 1084

2177 431 2278 486 sita
2301 432 2378 487 sie
2401 435 2736 506 recipientur,
2758 446 2818 494 ut
2857 456 3125 514 nunquam
3153 447 3376 507 ulterius
3400 451 3759 528 deponantur,

2175 523 2271 577 sed
2290 525 2348 582 ii
2369 526 2561 582 melius
2581 529 2849 588 demetata
2885 534 3198 606 ﬁrmentur;
3222 535 3462 612 profecto
3481 550 3667 621 matur

2179 1001 2385 1057 parare,
2408 999 2461 1045 et
2487 993 2756 1052 viviiicare
2778 1010 3005 1068 mortua,
3033 1011 3087 1057 et
3111 1006 3472 1080 redintegrare
3490 1028 3764 1088 corrupta,

2177 1089 2232 1133 et
2259 1093 2499 1150 separata
2530 1085 2720 1141 iterum
2759 1089 3003 1162 iungere,
3046 1104 3102 1151 et
3137 1113 3386 1171 corrupta
3417 1113 3576 1178 atqae
3614 1085 3765 1166 ﬁnita

2177 1172 2429 1245 deinceps
2479 1178 2596 1234 sine
2643 1179 2745 1234 line
2792 1197 3026 1242 servare.
3077 1189 3201 1247 limo
3243 1172 3507 1252 iacturum
3540 1211 3602 1256 se
3642 1213 3766 1260 esse

2180 1269 2559 1362 promisinqui
2589 1287 2654 1327 ex
2684 1273 2766 1330 his
2810 1275 2966 1332 iidem
3015 1280 3155 1350 fecit,
3196 1279 3314 1354 quae
3347 1288 3454 1358 jam
3501 1295 3768 1362 promissa

2179 1357 2416 1427 perfecit.
2451 1361 2573 1416 llaec
2601 1372 2774 1420 tecum
2798 1372 3187 1429 sermocinetur
3216 1357 3357 1434 ﬁdes
3375 1357 3770 1455 tum-quoniam

2179 1465 2286 1504 non
2309 1450 2638 1509 fraudabitur
2663 1469 2788 1526 spes
2815 1467 2924 1525 tua,
2947 1464 3047 1517 etsi
3077 1479 3219 1522 nunc
3239 1469 3514 1528 didier-ator
3525 1450 3769 1536 charitas

2181 1551 2266 1597 tua
2297 1561 2309 1597 :
2341 1545 2456 1601 haec
2483 1549 2773 1619 meditare;
2805 1552 2886 1608 his
2917 1556 3131 1614 uberius
3169 1570 3222 1615 et
3247 1568 3424 1621 verius
3463 1569 3767 1630 consolare.

2179 1633 2234 1689 Si
2261 1637 2421 1702 enim,
2455 1639 2575 1708 quia
2606 1643 2802 1698 vestior
2839 1644 3108 1715 (quoniam
3161 1653 3249 1708 ille
3302 1667 3406 1711 non
3460 1661 3656 1733 patuit)
3704 1671 3770 1720 ea

2177 1737 2325 1784 veste
2363 1745 2519 1800 quam
2573 1732 2718 1788 {mtri
2770 1745 3052 1808 texueras,
3102 1751 3156 1799 te
3199 1745 3394 1818 aliquid
3420 1732 3767 1824 consolatur;

2176 1830 2374 1890 quanto
2412 1822 2573 1878 debes
2612 1829 2836 1896 amplius
2878 1841 2931 1887 et
2959 1837 3156 1891 certius
3181 1843 3476 1908 consolari,
3521 1847 3641 1915 quia
3683 1822 3771 1905 cui

2176 1907 2348 1966 fuerat
2374 1925 2685 1985 prmparata,
2715 1928 2838 1976 tunc
2873 1923 3254 1998 ineorruptibili
3284 1907 3594 1991 indumento
3622 1939 3771 1999 nullo

2177 2017 2358 2074 egens,
2393 2006 2785 2080 incorruptione
2812 2022 2970 2084 atque
2999 2018 3391 2080 immortalitate
3418 2029 3711 2087 veStietur!

2600 2149 2929 2208 EPISTOLA
2971 2156 3216 2214 ccum
3241 2161 3374 2234 *(α).

2175 2269 2476 2330 ϐοηεοιαιιιν
2520 2279 2801 2337 Maximam
2835 2287 2972 2356 piam
3000 2291 3238 2360 [carinam
3258 2337 3271 2360 ,
3300 2303 3412 2364 qua:
3433 2303 3568 2368 aegre
3590 2297 3773 2357 adma.

2246 2368 2367 2420 dan:
2388 2379 2435 2422 ot
2458 2373 2744 2440 perturbato
2767 2377 3079 2443 aliquantam
3102 2385 3272 2438 anirno
3292 2388 3484 2442 videbat
3506 2393 3669 2446 hostiis
3690 2407 3772 2448 er-

2249 2458 2450 2512 roribus
2496 2462 2770 2532 periclitari
2809 2470 3117 2536 provinciam
3174 2487 3316 2528 suam
3373 2478 3395 2550 (
3401 2479 3531 2547 forte
3563 2480 3769 2552 Hispaa

2246 2551 2414 2614 niam,
2440 2553 2526 2606 ubi
2555 2572 2574 2605 ι
2611 2558 2904 2625 perniciose
2931 2561 3173 2618 doctrinae
3201 2567 3395 2622 animus
3415 2611 3430 2635 ,
3462 2551 3770 2644 multoinfe—

2251 2657 2272 2692 ι
2303 2640 2447 2698 licius
2463 2661 2617 2717 quam
2633 2665 2847 2720 corpora
2858 2651 3147 2709 barbaricas
3157 2656 3375 2727 gladius,
3392 2640 3764 2732 trucidabantﬁ

2244 2737 2448 2804 quando
2472 2739 2593 2793 inde
2618 2739 2830 2798 Orosius
2862 2745 2914 2798 in
2935 2745 3162 2817 Africam
3181 2751 3316 2803 venit
3334 2793 3348 2817 ,
3376 2754 3449 2806 uti
3477 2756 3661 2809 dicitur
3686 2771 3772 2811 sua

2246 2841 2341 2894 pra
2365 2827 2417 2880 in
2439 2827 2608 2900 Epist.
2637 2831 2740 2889 166
2759 2874 2774 2901 ,
2804 2850 2857 2888 η.
2890 2835 2956 2901 2,
2989 2846 3036 2890 et
3061 2840 3116 2892 in
3148 2839 3324 2895 Orosii
3345 2842 3766 2916 Commonitorio,

2244 2926 2367 2972 tom.
2390 2919 2468 2989 6).

2171 3051 2478 3112 Honorabili
2509 3066 2565 3112 et
2591 3061 2800 3117 eximia:
2828 3046 2987 3135 atque
3010 3065 3062 3120 in
3083 3069 3342 3128 membris
3359 3071 3560 3130 Christi
3580 3073 3770 3132 lauda»

2247 3146 2339 3202 bili
2385 3148 2598 3206 famulae
2641 3152 2735 3208 Dei
2762 3153 3034 3227 Manus,
3059 3163 3432 3231 AUGUSTINUS,
3461 3164 3518 3220 in
3540 3166 3770 3228 Domino

2241 3240 2487 3298 salutem.

2241 3373 2294 3428 1.
2329 3374 2594 3442 Quantum
2634 3392 2734 3435 nos
2771 3387 2918 3436 tuum
2959 3382 3194 3439 studium
3223 3396 3466 3443 sanctum
3496 3388 3766 3462 laetiﬁcat,

2167 3475 2370 3522 tantum
2411 3485 2594 3528 rursus
2625 3474 2912 3536 contristat
2952 3477 3092 3546 quod
3131 3493 3226 3548 per
3248 3495 3460 3537 errores
3491 3485 3686 3541 noxios
3715 3488 3771 3542 et

2168 3562 2644 3630 perniciosissimus
2674 3569 2999 3636 provinciam
3025 3579 3260 3626 vestram
3292 3574 3516 3629 nimium
3542 3575 3768 3647 pericli-

2167 3655 2268 3709 tari
2314 3656 2604 3727 significas.
2645 3657 2756 3715 Sed
2797 3663 2921 3732 quia
2961 3663 3059 3718 ista
3100 3663 3274 3719 futura
3315 3667 3566 3736 przcdicta
3607 3675 3764 3739 sunt,

2165 3750 2464 3804 mirandum
2512 3767 2619 3806 non
2661 3759 2745 3807 est
2785 3755 2928 3824 quod
2969 3763 3294 3828 exsurgant,
3323 3757 3417 3814 sed
3443 3759 3768 3830 vigilandum

2165 3855 2233 3894 ne
2272 3850 2514 3896 noceant.
2547 3843 2674 3898 Haec
2702 3852 2878 3899 autem
2912 3847 3050 3902 Deus
3079 3848 3335 3904 liberator
3364 3859 3550 3906 uoster
3571 3867 3764 3908 exsors

2162 3947 2288 4003 gere
2316 3948 2419 3987 non
2449 3934 2812 4003 permitteret,
2845 3937 2946 3991 nisi
2975 3940 3174 3994 sanctis
3209 3940 3326 4011 ejus
3353 3941 3516 3996 etiam
3541 3953 3636 4012 per
3661 3942 3763 3996 bu-

2158 4024 2392 4096 jusmodi
2421 4028 2741 4085 tentationes
2766 4030 2964 4085 erudiri
2989 4033 3292 4104 expediret.
3319 4033 3644 4105 Comparant
3664 4029 3764 4093 sibi

2163 4117 2376 4186 quidem
2409 4119 2481 4172 illi
2512 4133 2606 4175 sua
2633 4123 2903 4179 voluntate
2931 4139 3185 4195 perversa
3209 4167 3224 4194 ,
3253 4136 3304 4182 et
3336 4132 3613 4198 praesentis
3641 4145 3758 4186 me:

2163 4207 2322 4262 ritum
2359 4210 2614 4266 czecitatis
2643 4222 2696 4268 et
2723 4213 2879 4268 futuri
2907 4216 3098 4270 interni
3121 4218 3370 4288 supplicii
3393 4263 3406 4287 ,
3437 4221 3480 4274 si
3509 4236 3607 4290 per
3630 4231 3763 4276 οοιιι

2164 4301 2447 4357 tumaciam
2495 4303 2746 4360 indociles
2787 4305 3010 4375 fuerint,
3053 4324 3252 4379 seque,
3296 4327 3417 4366 cum
3449 4313 3499 4366 in
3530 4311 3630 4368 iure
3657 4315 3763 4370 vita

2163 4404 2318 4462 sunt,
2352 4397 2618 4468 corrigere
2652 4409 2810 4470 atque
2835 4401 3122 4457 emendare
3151 4402 3502 4474 neglexerint.
3527 4403 3760 4461 Verum—

2161 4498 2373 4554 tamen,
2419 4491 2557 4546 sicut
2600 4493 2699 4562 ipsi
2741 4493 2880 4549 male
2919 4503 3138 4550 utuntur
3173 4495 3326 4554 bouis
3355 4498 3482 4564 Dei,
3514 4500 3606 4570 qui
3636 4501 3762 4556 facit

2160 4582 2325 4636 solem
2349 4596 2502 4637 suum
2533 4584 2658 4638 oriri
2690 4601 2850 4655 super
2875 4585 3045 4642 bonos
3072 4598 3125 4642 et
3149 4590 3350 4657 malos,
3373 4595 3427 4645 et
3449 4590 3580 4660 ptuit
3601 4605 3762 4661 seper

2155 4671 2328 4741 jllSlOS
2365 4683 2418 4728 et
2443 4675 2666 4744 injustos
2687 4674 2898 4748 (Matth.
2929 4693 2990 4745 v,
3022 4679 3117 4752 45)
3143 4696 3156 4747 ;
3185 4681 3272 4751 qui
3303 4695 3396 4736 eos
3422 4693 3517 4752 per
3545 4684 3758 4755 patiens

2161 4768 2288 4821 tiam
2331 4781 2480 4822 suam
2527 4768 2593 4822 ad
2636 4769 3002 4840 ptenitentiam
3037 4783 3221 4840 vocat,
3253 4785 3372 4828 cum
3398 4773 3762 4833 thesaurizaut

2159 4860 2260 4914 sibi
2303 4861 2433 4915 iram
2479 4860 2531 4914 in
2575 4859 2662 4916 die
2689 4861 2782 4914 iraa
2803 4902 2817 4926 ,
2847 4870 2902 4916 et
2927 4863 3267 4940 revelationis
3291 4865 3419 4936 justi
3445 4866 3630 4937 iudicii
3662 4867 3759 4925 Det

2160 4951 2334 5025 (Rom.
2380 4969 2450 5021 ιι,
2499 4953 2564 5018 4,
2607 4953 2661 5025 5)
2703 4971 2716 5006 :
2761 4953 2898 5009 sicut
2934 4971 3060 5026 ergo
3104 4955 3206 5026 ipsi
3235 4958 3555 5029 benignitate
3579 4970 3633 5016 et
3659 4975 3758 5031 pa-

2159 5046 2341 5100 tientia
2359 5087 2376 5114 ,
2405 5046 2458 5102 id
2487 5056 2568 5102 est
2595 5046 2751 5102 bonis
2777 5046 2870 5104 Dei
2903 5049 3040 5104 male
3066 5058 3286 5106 utuntur
3303 5094 3318 5120 ,
3351 5053 3475 5108 dum
3501 5065 3608 5109 non
3632 5067 3758 5110 cor-

2158 5138 2439 5209 riguntur;
2485 5140 2563 5195 sic
2604 5148 2787 5195 contra
2809 5183 2824 5208 ,
2869 5141 3007 5196 Deus
3037 5142 3198 5196 etiam
3227 5143 3382 5199 malis
3407 5157 3590 5200 eorum
3618 5146 3758 5202 bene

2160 5233 2356 5299 utitur,
2398 5246 2504 5287 non
2544 5231 2718 5287 solum
2759 5233 2825 5287 ad
2849 5233 3108 5304 justitiam
3139 5248 3289 5289 suam
3309 5275 3326 5302 ,
3357 5249 3461 5306 qua
3489 5237 3569 5292 eis
3595 5238 3758 5310 digna

2159 5322 2212 5377 in
2239 5323 2344 5378 ﬁne
2373 5323 2660 5392 retribuet,
2691 5324 2786 5380 sed
2811 5327 2971 5381 etiam
2997 5325 3063 5381 ad
3094 5327 3528 5384 exercitationem
3553 5335 3610 5385 et
3630 5339 3764 5402 pro-

2159 5425 2369 5472 vectum
2399 5427 2702 5474 sanctorum
2728 5434 2943 5475 suorum
2963 5459 2981 5486 ,
3008 5429 3066 5475 ut
3085 5435 3151 5475 ex
3171 5419 3287 5491 ipsa
3308 5421 3470 5478 etiam
3491 5421 3760 5482 malorum

2159 5510 2507 5580 perversitate
2551 5511 2673 5566 boni
2715 5511 3028 5582 proﬁciant,
3061 5519 3118 5568 et
3138 5512 3434 5584 probentur
3452 5553 3469 5584 ,
3495 5522 3552 5571 et
3575 5515 3758 5573 mani...

2235 5667 2513 5779 “‘COrrelcltz:l
2527 5667 2586 5778 :lld
2608 5682 2656 5718 a.
2683 5667 2765 5732 bg.
2784 5667 2854 5718 bl.
2874 5681 2918 5718 c.
2943 5681 3014 5720 ec.
3051 5668 3104 5720 αἱ
3131 5681 3185 5736 ε.
3208 5684 3291 5737 σν.
3307 5669 3351 5737 1.
3371 5683 3484 5724 n.r.
3508 5673 3646 5730 εμεὺ.
3670 5671 3762 5728 ιι

2306 5745 2350 5778 v.
2378 5745 2405 5778 e
2470 5755 2482 5777 ν,
2516 5751 2526 5777 l
2552 5766 2563 5778 .

2157 5742 2228 5780 VC.
2250 5742 2280 5776 4
2306 5745 2350 5778 γ.
2378 5742 2429 5779 οι
2453 5742 2563 5778 HM.

2219 5811 2292 5875 (ιι)
2315 5812 2440 5864 Alias
2466 5813 2546 5864 tu
2568 5827 2579 5864 :
2601 5827 2713 5878 quae
2729 5822 2898 5881 autem
2915 5814 3012 5870 264
3029 5823 3308 5884 erat..an
3317 5817 3429 5882 235.
