4070 6332
293 246 433 305 1085

276 464 332 509 ut
360 453 557 527 probati
580 454 831 523 iuniperi
859 454 985 523 ﬁant
1010 454 1140 507 inter
1164 469 1249 507 vos
1277 450 1321 526 (ἶ
1344 450 1461 508 Cor.
1490 470 1576 521 XI,
1608 454 1721 526 l9).

352 550 407 604 2.
448 548 585 603 Nam
624 548 668 602 si
699 548 873 601 nullus
897 547 1055 601 etiam
1083 547 1339 601 malorum
1377 548 1543 600 bonus
1568 556 1698 600 usus
1727 554 1870 601 esset

258 644 386 699 [Deo
404 641 469 696 ad
493 641 765 696 utilitatem
785 639 1071 695 electorum
1096 656 1333 707 suorum,
1358 641 1443 711 qui
1464 640 1622 694 etiam
1645 638 1710 693 de
1728 640 1868 695 malo

236 774 239 777 ι
274 734 425 791 ledae
462 740 667 787 tantum
710 733 907 786 bonum
948 732 1099 787 nobis
1128 733 1403 801 praestitit,
1439 740 1494 785 ut
1519 731 1712 785 Christi
1741 748 1866 785 san-

274 829 430 901 guine
460 826 871 888 redimeremur;
903 834 1212 894 poterateos
1234 834 1323 879 aut
1345 826 1485 878 nasci
1510 840 1612 877 nou
1641 825 1864 893 permit—

273 930 415 985 tere,
463 933 595 989 quos
638 919 801 970 malos
829 917 1030 971 futuros
1056 932 1172 971 csse
1203 915 1641 986 prmsciebat,ant
1671 918 1719 970 in
1751 918 1865 986 ipso

272 1027 454 1067 eorum
482 1009 631 1064 initio
657 1010 998 1078 malignitatis
1029 1010 1366 1079 exstinguere
1395 1029 1408 1064 :
1437 1011 1526 1063 sed
1554 1020 1751 1063 tantum
1773 1026 1866 1065 eos

238 1128 241 1133 -
274 1104 526 1173 permittit
546 1117 667 1158 esse
686 1146 700 1168 ,
730 1113 984 1173 quantttm
1006 1104 1150 1157 novit
1173 1104 1421 1172 eXpedire
1444 1109 1598 1170 atque
1621 1104 1867 1159 sufﬁcere

270 1198 620 1254 admouenda:
650 1207 807 1267 atque
829 1197 1139 1251 exercenda:
1166 1207 1362 1250 sanctze
1386 1197 1561 1250 tlomui
1588 1212 1716 1251 suae.
1743 1196 1867 1252 ideo

238 1302 506 1348 nostram
550 1291 614 1346 de
661 1291 761 1345 illis
806 1291 1069 1344 tristitiam
1112 1290 1417 1343 consolatur
1460 1307 1471 1341 :
1516 1290 1635 1357 quia
1668 1298 1719 1342 et
1752 1288 1864 1358 ipsa

269 1386 481 1443 tristitia
524 1400 680 1454 quam
729 1400 823 1453 pro
866 1382 967 1436 illis
1000 1383 1286 1445 habemus,
1335 1398 1430 1435 nos
1479 1382 1713 1445 relevat;
1749 1381 1867 1435 illos

262 1484 444 1530 autem
475 1475 526 1529 in
555 1491 648 1529 sua
681 1475 1023 1544 perversitate
1056 1480 1463 1543 perseverantes
1492 1480 1693 1542 gravat.
1720 1472 1865 1525 Gau-

236 1596 239 1599 -
264 1566 413 1621 dium
446 1582 572 1622 vero
601 1567 740 1636 quod
776 1567 1096 1636 percipimus
1124 1565 1334 1635 quando
1362 1565 1519 1632 aliqui
1550 1581 1611 1616 ex
1646 1565 1721 1615 eis
1749 1579 1867 1615 cor-

265 1660 393 1714 recti
445 1660 495 1713 in
540 1660 728 1713 melius
758 1667 1181 1723 commutantur,
1213 1668 1260 1711 et
1292 1666 1594 1711 sanctorum
1625 1656 1863 1710 societati

242 1752 582 1820 capulantur
608 1792 623 1816 ,
653 1751 777 1804 nulli
802 1751 990 1819 gaudio
1020 1752 1072 1802 in
1096 1751 1192 1802 hac
1217 1750 1321 1802 vita
1344 1748 1638 1817 comparari
1672 1756 1862 1816 potest.

262 1844 554 1913 Propterea
581 1844 837 1911 scriptum
861 1851 941 1895 est
968 1860 979 1895 :
1016 1840 1146 1906 Fili,
1178 1842 1217 1895 si
1239 1842 1441 1911 sapiens
1466 1842 1638 1910 fueris,
1673 1840 1759 1891 tibi
1780 1856 1865 1892 sa-

263 1937 409 2007 piens
439 1936 537 1988 eris
567 1944 611 1987 et
643 1935 885 2005 proximis
912 1935 1044 1999 tuis;
1072 1934 1115 1987 si
1140 1943 1305 1986 autem
1336 1934 1496 1985 malus
1519 1933 1748 1996 evaseris,
1779 1948 1861 1985 so-

261 2027 337 2079 lus
384 2026 591 2078 hauriet;
633 2026 767 2077 mala
796 2020 970 2096 (Prov.
1002 2039 1056 2077 ιχ
1080 2066 1092 2085 ,
1128 2023 1238 2095 12).
1268 2023 1401 2091 Quia
1428 2039 1545 2075 cum
1576 2022 1865 2091 gaudemus

257 2117 326 2172 tle
376 2116 621 2170 fidelibus
660 2126 709 2169 et
735 2117 891 2185 justis
912 2159 923 2177 ,
957 2124 1011 2171 et
1041 2116 1140 2169 illis
1172 2126 1223 2169 et
1253 2116 1403 2168 nobis
1431 2114 1645 2183 prodest
1669 2116 1865 2169 bonum

259 2223 446 2263 eorum
472 2224 485 2271 ;
516 2223 634 2261 cum
661 2217 838 2262 autem
866 2207 1248 2261 contristamur
1270 2207 1336 2261 de
1365 2206 1663 2261 inﬁdelibus
1692 2215 1744 2259 ct
1766 2206 1868 2258 ini-

258 2303 374 2371 quis
398 2343 413 2366 ,
446 2301 547 2354 illis
575 2302 701 2354 solis
728 2308 883 2355 nocet
908 2310 957 2354 et
980 2315 1163 2353 corum
1192 2300 1389 2352 malitia
1418 2310 1466 2352 et
1493 2309 1670 2351 nostra
1690 2298 1861 2351 tristi-

258 2392 330 2446 εει
380 2411 393 2445 :
442 2407 540 2446 nos
586 2404 762 2445 autem
810 2393 968 2446 etiam
1017 2392 1117 2445 hoc
1166 2392 1446 2462 plnrimmn
1486 2390 1699 2460 adjuvat
1726 2390 1865 2459 apud

260 2487 433 2540 Deum
456 2528 469 2551 ,
515 2485 653 2554 quod
701 2500 794 2554 pro
820 2485 895 2538 cis
922 2483 1335 2538 misericorditer
1360 2484 1742 2537 contristamur
1763 2526 1776 2547 ,
1808 2490 1863 2538 et

258 2592 353 2647 pro
401 2578 513 2645 ipsa
560 2576 769 2629 tristitia
797 2576 1238 2644 congemiscimus
1260 2584 1312 2628 et
1335 2589 1564 2628 oramus.
1594 2573 1739 2627 Unde
1763 2574 1863 2626 ho-

264 2669 522 2723 norabilis
544 2678 595 2721 et
628 2669 676 2721 in
706 2668 920 2722 Christo
955 2669 1229 2722 laudabilis
1249 2668 1438 2721 famula
1459 2668 1861 2733 Dei,etmo)sti-

263 2763 385 2816 tiam
432 2776 573 2816 tuam
612 2762 679 2817 de
724 2762 942 2827 talibus,
978 2772 1028 2815 ct
1056 2764 1378 2832 vigilantiam
1409 2771 1566 2831 atque
1593 2764 1855 2816 cautelam

259 2865 447 2908 contra
493 2856 656 2919 tales,
705 2870 861 2923 quam
903 2855 1003 2907 tuis
1047 2854 1237 2909 litteris
1267 2854 1607 2923 cupressisli,
1640 2856 1860 2909 multum

260 2946 504 3014 approbo
542 2953 596 2999 et
632 2945 788 2997 laudo
824 2964 835 2999 :
868 2953 1025 3013 atque
1054 2945 1187 2997 utin
1219 2944 1315 2998 hac
1346 2946 1427 2997 via
1462 2954 1863 3014 perseveranter

261 3036 505 3091 ambules
525 3077 540 3102 ,
590 3052 687 3106 pro
724 3038 858 3091 meis
888 3036 1084 3091 viribus
1106 3079 1118 3101 ,
1147 3039 1267 3107 quia
1300 3036 1401 3090 hoc
1427 3038 1591 3107 exigis
1614 3080 1627 3104 ,
1658 3046 1710 3091 et
1738 3038 1863 3091 hor-

265 3138 382 3194 tor,
422 3138 477 3183 et
503 3143 694 3183 moneo
721 3140 777 3183 ut
809 3129 1110 3183 miserearis
1142 3144 1325 3184 eorum
1361 3140 1607 3199 tanquam
1635 3132 1859 3200 simplex

262 3234 317 3277 ut
346 3224 594 3279 columba
616 3266 629 3287 ,
663 3238 856 3277 caveas
887 3235 1062 3277 autem
1094 3224 1213 3277 illos
1247 3231 1493 3292 tauquam
1524 3232 1695 3277 astuta
1727 3226 1862 3279 sicut

246 3329 489 3386 serpens
516 3314 727 3386 (Matth.
755 3331 810 3381 χ,
840 3314 963 3385 tﬁ);
993 3314 1191 3385 desque
1222 3331 1458 3385 operam,
1487 3325 1737 3386 quantum
1767 3332 1860 3386 po-

262 3419 342 3464 tes
362 3452 375 3473 ,
408 3417 467 3461 ut
489 3408 575 3478 qui
605 3410 692 3461 tibi
723 3409 1021 3475 adhmrent,
1059 3419 1234 3463 tecum
1266 3411 1316 3462 in
1344 3420 1483 3464 recta
1514 3410 1612 3485 fide
1644 3426 1855 3479 perma«

261 3509 430 3555 neant
450 3540 465 3565 ,
496 3509 585 3554 aut
616 3500 680 3554 ad
712 3499 868 3555 ﬁdem
903 3508 1101 3555 rectam
1122 3543 1137 3568 ,
1169 3501 1212 3556 si
1243 3499 1380 3556 forte
1412 3503 1461 3555 in
1495 3502 1670 3572 aliquo
1695 3504 1858 3575 aliqui

260 3592 536 3664 depravati
559 3601 683 3646 sunt
702 3636 714 3656 ,
739 3593 1094 3662 corrigantur.

330 3685 387 3739 5.
433 3684 508 3738 De
546 3684 761 3739 homine
806 3696 981 3740 autem
1014 3700 1171 3755 quem
1202 3687 1433 3757 suscepit
1461 3688 1692 3743 Verbum
1725 3690 1852 3759 Dei,

262 3792 383 3831 cum
410 3791 536 3831 caro
558 3778 757 3831 factum
782 3787 863 3832 est
884 3789 936 3832 et
958 3774 1215 3832 habitavit
1238 3779 1285 3831 in
1313 3780 1462 3831 nobis
1486 3779 1664 3851 (Joan.
1687 3798 1722 3847 ι,
1748 3782 1852 3854 ti),

246 3869 605 3925 ~emendarem
634 3868 867 3937 aliquid,
900 3869 947 3923 si
979 3872 1027 3923 in
1056 3886 1120 3925 eo
1144 3872 1282 3940 quod
1311 3873 1483 3927 credis
1505 3915 1520 3939 ,
1550 3875 1739 3928 falsum
1767 3884 1857 3930 aut

248 3968 575 4029 perversum
619 3959 932 4012 invenirem.
981 3960 1091 4015 Hoc
1135 3976 1261 4030 ergo
1290 3964 1445 4016 crede
1472 3964 1611 4031 quod
1639 3966 1812 4019 credis
1836 4007 1852 4032 ,

250 4050 387 4120 quia
434 4048 487 4101 in
527 4048 865 4113 illopltomine
895 4060 1055 4103 totam
1090 4062 1326 4105 naturam
1361 4064 1594 4108 nostram
1622 4056 1853 4125 suscepit

259 4141 431 4196 Filius
472 4139 597 4203 Dei,
645 4139 696 4193 id
739 4148 822 4195 est
865 4150 919 4195 et
963 4143 1188 4195 animam
1218 4145 1528 4199 rationalem
1557 4155 1607 4200 et
1638 4163 1853 4202 carnem

246 4232 547 4287 mortalem
575 4232 689 4287 sine
716 4242 955 4301 peccato.
990 4233 1310 4290 infirmitatis
1340 4237 1479 4291 cnim
1510 4248 1701 4293 noster
1730 4255 1852 4309 par-

248 4328 432 4394 ticeps
457 4324 624 4377 factus
654 4333 765 4389 est,
798 4342 899 4379 non
933 4327 1255 4394 iuitptitatis,
1288 4338 1339 4381 ut
1370 4343 1460 4397 per
1494 4330 1853 4386 inﬁrmitatem

256 4432 601 4471 communem
624 4459 636 4482 ,
679 4417 910 4472 solveret
945 4418 1269 4487 iniquitatem
1308 4430 1539 4474 nostram
1563 4465 1578 4489 ,
1610 4431 1661 4476 et
1688 4423 1856 4477 addu-

256 4518 410 4563 ceret
434 4521 532 4561 nos
556 4506 622 4562 ad
641 4508 897 4578 justitiam
922 4526 1088 4575 suam,
1114 4512 1294 4564 bibens
1317 4521 1539 4566 mortem
1558 4513 1622 4568 de
1646 4522 1849 4583 uestro,

260 4607 321 4654 et
366 4599 655 4669 prepinans
682 4600 839 4654 vitam
867 4601 932 4655 dc
952 4617 1065 4655 suo.
1093 4602 1195 4656 Sed
1218 4604 1259 4655 si
1286 4603 1446 4659 habes
1468 4606 1693 4674 aliquam
1719 4609 1853 4662 scri-

259 4700 474 4761 pturam
520 4705 703 4746 eorum
725 4736 739 4758 ,
789 4693 841 4747 in
889 4709 990 4765 qua
1037 4703 1281 4749 asserunt
1316 4697 1455 4765 quod
1490 4698 1607 4752 huic
1639 4699 1755 4753 fidei
1784 4700 1853 4755 sit

259 4782 610 4847 contrarium,
641 4783 861 4853 dignare
890 4802 1005 4841 eam
1034 4789 1263 4853 mittere,
1290 4797 1344 4843 ut
1370 4806 1475 4844 non
1498 4793 1667 4845 solum
1696 4793 1853 4849 ﬁdem

262 4884 502 4929 nostram
554 4876 830 4940 dicamus,
888 4878 977 4931 sed
1033 4895 1215 4933 eorum
1271 4897 1481 4953 quoque
1540 4886 1849 4956 perfidiam,

260 4976 517 5036 quantum
547 4985 827 5039 possumus
848 5013 862 5038 ,
894 4971 1217 5027 refellamus.
1245 4973 1369 5029 Sine
1395 4976 1556 5031 dubio
1586 4980 1725 5034 enim
1752 4980 1853 5036 hoc

262 5057 466 5127 ipsum,
516 5061 656 5130 quod
701 5077 950 5131 perverse
995 5072 1050 5117 et
1093 5067 1248 5135 impie
1290 5069 1550 5134 sentiunt,
1588 5071 1852 5141 aliquibus

263 5151 586 5205 testimoniis
600 5152 891 5207 divinarum
906 5154 1175 5225 Scriptura
1184 5173 1239 5211 ru
1250 5173 1296 5211 m
1316 5171 1574 5215 conantur
1588 5172 1845 5217 astruere:

264 5240 315 5293 in
342 5242 534 5312 quibus
561 5242 637 5297 eis
664 5244 1048 5301 ostendendum
1072 5258 1153 5302 est
1182 5265 1336 5317 quam
1361 5266 1463 5303 non
1494 5262 1633 5307 recte
1652 5252 1849 5308 intelli-

260 5345 391 5403 gant
415 5334 645 5394 Litteras
673 5352 852 5393 sacras
872 5343 1200 5411 cotiscriptas
1225 5342 1288 5396 ad
1322 5344 1552 5397 ﬁdelium
1581 5348 1804 5401 salutem
1832 5362 1847 5413 ;

265 5434 514 5499 tanquam
563 5431 608 5486 si
650 5432 926 5503 quisquam
970 5450 1026 5488 se
1070 5436 1473 5491 medicinalibus
1514 5438 1852 5496 ferramentis

263 5520 495 5589 graviter
522 5532 704 5589 vexet,
735 5542 851 5594 qu;e
879 5527 1057 5597 utique
1086 5544 1189 5582 non
1218 5529 1282 5582 ad
1310 5530 1690 5583 vulnerandum
1713 5573 1726 5595 ,
1750 5533 1855 5605 sed

260 5612 335 5666 ad
374 5617 666 5672 sanandum
710 5631 833 5676 sunt
880 5622 1137 5678 instituta.
1178 5624 1393 5679 Multum
1438 5635 1616 5680 autem
1645 5627 1853 5684 labora-

263 5703 439 5763 vimus
460 5717 517 5766 et
538 5708 841 5771 laboramus
858 5754 876 5785 ,
897 5724 1151 5787 quantum
1171 5715 1426 5775 Dominus
1443 5716 1640 5791 donat,
1662 5729 1849 5779 contra

1455 243 1935 307 EPISTOLARUM
1975 245 2253 321 CLASSlS‘
2281 249 2371 307 iV.

232 330 568 427 :festentur;
605 361 741 417 sicut
765 362 1048 433 Apostolus
1072 361 1173 428 ait,
1206 362 1413 431 Oportet
1456 361 1670 418 horresce
1720 380 1828 418 esse
1848 348 1875 430 ,ν

3358 314 3367 327 .
3430 265 3567 329 1086

1977 363 2214 421 diversos
2253 382 2462 424 errores
2503 372 2817 444 arguendos.
2853 374 2955 430 Sed
2986 374 3227 432 laborum
3261 389 3564 437 nostrorum

1945 495 1957 504 .
1977 458 2229 526 opuscula
2266 460 2309 513 si
2342 459 2475 518 forte
2505 463 2697 519 habere
2724 460 2994 522 desideras
3014 510 3027 534 ,
3058 470 3206 523 mitte
3236 472 3321 541 qui
3355 473 3446 526 tibi
3471 471 3564 529 de-

1976 548 2230 604 scribant.
2274 551 2451 607 Voluit
2497 555 2636 608 enim
2678 556 2817 611 Deus
2852 566 2911 612 ut
2950 557 3050 614 hoc
3078 558 3325 615 facillime
3345 564 3556 639 possis,

1976 641 2064 711 qui
2096 642 2186 697 tibi
2213 642 2356 699 dedit
2382 645 2518 700 unde
2542 649 2736 717 possis.

2402 784 2726 841 EPISTOLA
2755 785 2977 843 CCLXV
2998 793 3012 812 ί
3036 789 3136 859 (α).

1976 890 2285 962 Augustinus
2307 894 2645 963 Seleucianat,
2668 899 2731 951 de
2750 898 2994 969 bonisne
3014 910 3061 954 et
3081 902 3367 971 pte-nitentia
3390 903 3557 974 Petri,

2362 998 2536 1042 contra
2563 992 2826 1060 quemdam
2854 996 3196 1049 uenationum.

1936 1106 1945 1113 '
1976 1094 2406 1165 Religiosissimre
2436 1109 2487 1153 et
2517 1100 2568 1154 in
2599 1102 2793 1157 Christi
2822 1102 3105 1161 dilectione
3128 1104 3452 1163 honorandae
3480 1109 3562 1164 fa-

2045 1190 2200 1243 mulze
2248 1191 2337 1246 Dei
2378 1192 2764 1264 Summane,
2810 1200 3136 1255 AUGUSTINUS
3181 1202 3480 1275 episcopus,
3504 1200 3561 1258 in

2048 1280 2272 1336 Domino
2299 1285 2542 1340 salutem.

2046 1399 2095 1451 1.
2132 1399 2305 1454 Lectis
2344 1401 2551 1473 litteris
2574 1403 2673 1460 tuis
2717 1404 2782 1460 de
2809 1407 2975 1462 salute
3018 1416 3193 1464 vestra
3221 1409 3464 1476 tutatus,
3490 1409 3564 1467 ad

1975 1506 2033 1544 ea
2073 1508 2190 1561 quae
2230 1496 2485 1564 scripsisti
2511 1538 2525 1563 ,
2553 1499 2849 1567 rependere
2876 1516 2980 1555 non
3009 1501 3208 1557 distuli.
3238 1503 3304 1559 Et
3332 1503 3561 1571 primum

1974 1585 2193 1638 miratus
2236 1603 2352 1641 sum
2398 1590 2663 1657 quomodo
2705 1591 2847 1645 dicat
2885 1595 3193 1649 novatiauus
3219 1596 3319 1649 iste
3345 1594 3561 1649 Petrum

1976 1677 2297 1749 baptizatum
2324 1699 2430 1735 non
2458 1683 2620 1739 fuisse
2640 1726 2654 1749 ,
2686 1701 2807 1739 cum
2838 1687 2995 1757 paulo
3020 1688 3262 1756 superius
3281 1685 3560 1755 scripseris

1974 1787 2092 1825 eum
2126 1772 2322 1828 dixisse
2351 1777 2491 1845 quod
2518 1778 2757 1850 Apostuli
2788 1777 2984 1835 fuerint
3010 1779 3278 1849 baptizati.
3308 1778 3457 1834 Unde
3485 1776 3564 1831 illi

1976 1865 2213 1919 videatur
2257 1870 2397 1938 quod
2441 1870 2579 1925 inter
2614 1873 2895 1941 Apostolus
2924 1874 3214 1944 baptizatos
3246 1873 3432 1928 Petrus
3457 1885 3567 1926 non

1973 1954 2131 2009 fuerit
2160 1958 2453 2028 baptizatus
2472 2002 2488 2027 ,
2521 1962 2705 2031 ignoro
2738 1982 2749 2016 :
2778 1974 2829 2019 ct
2857 1964 2973 2019 ideo
3004 1965 3301 2033 exemplum
3330 1962 3568 2032 epistola:

1978 2057 2073 2101 tux
2097 2091 2108 2112 ,
2142 2066 2207 2104 ne
2232 2050 2451 2106 forsitan
2483 2063 2539 2108 tu
2567 2070 2669 2109 non
2694 2056 2919 2121 habeas.
2952 2057 3067 2110 misi
3094 2056 3208 2121 tibi,
3241 2055 3294 2109 in
3318 2070 3423 2124 quo
3448 2052 3569 2108 dili-

1974 2142 2180 2207 gentia;
2207 2144 2511 2199 consideres
2532 2146 2596 2199 ad
2627 2163 2687 2200 ea
2714 2164 2798 2201 me
2818 2147 3145 2217 respondere
3170 2162 3286 2216 qum
3306 2145 3484 2200 inveni
3504 2144 3561 2197 in

1974 2233 2159 2288 litteris
2184 2236 2317 2301 tuis;
2351 2238 2393 2290 si
2416 2237 2554 2291 enim
2580 2239 2816 2293 notarius
2840 2256 2944 2293 non
2969 2240 3218 2294 mendose
3247 2239 3453 2306 excepit
3474 2243 3567 2292 aut

1970 2327 2218 2396 scripsit,
2269 2329 2449 2383 nescio
2492 2332 2646 2399 quale
2686 2348 2776 2386 cor
2802 2332 2992 2386 habeat
3017 2333 3104 2401 qui
3132 2348 3252 2387 cum
3284 2330 3566 2401 Apostolus

1971 2417 2266 2485 baptizatos
2289 2420 2456 2487 dicat,
2493 2422 2702 2476 Petrum
2730 2424 3048 2491 baptizatum
3071 2431 3245 2493 negat.

2042 2510 2092 2563 2.
2139 2512 2290 2579 Quod
2326 2522 2502 2568 autem
2533 2515 2718 2569 Petrus
2744 2517 2935 2570 dicitur
2965 2517 3136 2585 egisse
3162 2514 3563 2586 paenitentiam,

1971 2604 2264 2659 cavendum
2304 2615 2387 2659 est
2428 2622 2496 2659 ne
2533 2607 2605 2659 ita
2646 2616 2859 2676 putetur
2886 2609 3088 2676 egisse,
3115 2606 3383 2676 quomodo
3407 2613 3567 2675 agunt

1972 2695 2022 2749 in
2064 2697 2307 2749 Ecclesia
2333 2698 2422 2766 qui
2456 2699 2665 2766 proprie
2690 2700 3013 2766 pwttitenlcs
3043 2708 3317 2753 vocantur.
3352 2698 3419 2752 Et
3445 2698 3566 2767 qua

1972 2786 2073 2839 hoc
2102 2786 2265 2853 ferat,
2300 2797 2355 2839 ut
2380 2786 2606 2856 primum
2632 2790 3006 2855 Apostolorum
3027 2829 3039 2849 .
3074 2788 3213 2843 inter
3242 2790 3372 2843 tales
3390 2787 3565 2855 pinni-

1973 2884 2143 2931 tentes
2166 2880 2548 2933 numerandum
2576 2881 2861 2949 putemus?
2886 2881 3136 2935 Poenituit
3160 2880 3302 2936 cuitu
3323 2896 3445 2935 cum
3467 2894 3564 2935 ne-

1967 2985 2121 3038 gasse
2146 2970 2433 3037 Christum,
2461 2972 2600 3042 quod
2622 2973 2737 3041 ejus
2766 2973 2994 3028 iudicant
3013 2974 3259 3044 lacryma:
3284 2992 3297 3027 :
3322 2974 3397 3028 sic
3418 2973 3561 3028 enim

1968 3063 2221 3131 scriptum
2271 3074 2385 3132 est,
2434 3066 2554 3135 quia
2600 3066 2735 3134 ﬂevit
2780 3083 2950 3120 attulre
2989 3065 3197 3135 (Matth.
3239 3081 3404 3133 XXVI,
3445 3063 3560 3135 75).

1968 3153 2207 3207 Nondum
2249 3156 2392 3209 enim
2435 3157 2642 3211 fuerant
2686 3159 3075 3213 resurrectione
3120 3159 3327 3212 Domini
3365 3157 3561 3213 conﬁr-

1967 3247 2092 3299 mati
2118 3288 2131 3309 ,
2169 3255 2221 3300 et
2264 3248 2351 3301 illo
2376 3247 2605 3305 adventu
2634 3248 2864 3319 Spiritus
2894 3250 3060 3303 sancti
3087 3250 3173 3319 qui
3203 3249 3449 3319 apparuit
3473 3247 3558 3302 die

1966 3338 2342 3403 Petitecostcs,
2390 3340 2471 3393 vel
2516 3341 2600 3394 illa
2630 3341 2972 3410 'utspiratione
2992 3358 3148 3411 quam
3176 3338 3562 3403 demonstravit

1964 3431 2220 3486 Dominus
2240 3442 2584 3502 posteaquam
2602 3435 2897 3489 resurrexit
2914 3450 2943 3486 ει
2966 3434 3190 3489 mortuis
3209 3475 3223 3501 ,
3245 3448 3368 3489 ctuti
3391 3431 3559 3489 insul-

1963 3524 2109 3581 flavit
2139 3527 2189 3579 in
2216 3542 2397 3580 eorum
2430 3526 2616 3585 faciem
2638 3568 2653 3595 ,
2679 3527 2862 3587 dicens
2888 3546 2899 3579 :
2927 3527 3147 3598 Accipite
3170 3526 3422 3597 Spiritum
3434 3542 3559 3587 san-

1963 3630 2096 3673 ctum
2131 3618 2305 3691 (Joan.
2331 3637 2397 3675 xv
2419 3664 2431 3682 ,
2463 3619 2575 3692 2‘2).

2034 3712 2088 3766 5.
2120 3710 2270 3765 Unde
2301 3720 2445 3766 recte
2474 3712 2576 3766 diei
2604 3721 2779 3782 potest
2800 3754 2812 3775 ,
2846 3714 2968 3782 quia
2988 3727 3109 3769 cum
3134 3711 3321 3767 Petrus
3336 3711 3555 3783 negavit

1964 3803 2275 3867 Dominum,
2328 3803 2561 3858 nondmn
2608 3806 2814 3859 fuerant
2853 3804 3096 3875 Apostoli
3132 3804 3378 3874 baptizati
3402 3827 3420 3875 ς
3446 3819 3557 3861 non

1962 3904 2138 3950 ulmeo
2186 3911 2320 3964 aqua
2342 3937 2355 3961 ,
2405 3896 2497 3949 sed
2539 3896 2738 3964 Spiritu
2777 3904 2978 3951 sancto.
3015 3896 3123 3949 Hoc
3151 3896 3291 3949 enim
3316 3896 3397 3949 eis
3420 3895 3556 3955 dixit

1960 3997 2239 4056 postquam
2292 3989 2613 4053 resurrexit,
2661 3996 2714 4042 et
2760 3996 3103 4045 conversatus
3143 3996 3228 4042 est
3262 4002 3383 4041 cum
3423 3988 3550 4045 eis:

1959 4076 2185 4131 Joannes
2212 4078 2413 4148 quidem
2442 4077 2711 4147 baptizavit
2734 4095 2883 4147 aqua,
2908 4094 2993 4131 vos
3019 4087 3185 4130 autent
3210 4077 3409 4147 Spiritu
3428 4094 3552 4133 cato-

1961 4178 2040 4223 cto
2056 4170 2448 4239 baptizabimiui,
2467 4186 2610 4238 quem
2636 4180 2681 4223 et
2703 4171 2953 4239 accepturi
2972 4170 3087 4225 estis
3108 4187 3209 4223 non
3258 4178 3369 4239 post
3416 4170 3549 4229 mul-

1962 4272 2037 4317 tos
2067 4264 2157 4317 Iros
2184 4263 2291 4318 dies
2316 4264 2453 4333 (Act.
2488 4280 2537 4327 l,
2571 4262 2645 4334 5).
2671 4264 2842 4332 Aliqui
2874 4271 3048 4318 autem
3077 4262 3290 4319 codices
3319 4262 3511 4321 habent
3526 4303 3548 4329 ,,

1971 4357 2070 4411 Vos
2100 4367 2266 4410 autem
2298 4358 2495 4427 Spiritu
2523 4367 2697 4410 sancto
2721 4357 2971 4425 incipiatis
2999 4357 3247 4427 baptizari
3276 4372 3294 4409 :
3320 4354 3412 4413 sed
3432 4357 3548 4413 sive

1961 4449 2198 4515 dicatur,
2240 4450 2649 4520 baptizabimiui,
2693 4451 2803 4506 sive
2846 4450 3077 4516 dicatur,
3113 4450 3358 4520 incipiatis
3380 4449 3549 4515 bapti-

1959 4542 2067 4595 zari
2087 4583 2100 4607 ,
2130 4541 2197 4596 ad
2222 4556 2335 4597 rem
2363 4542 2490 4597 nihil
2521 4542 2755 4597 interest.
2787 4541 2917 4596 Nam
2945 4542 2997 4595 in
3022 4542 3439 4612 quibuscumque
3458 4558 3549 4597 oo-

1960 4635 2167 4689 dicilms
2207 4636 2502 4699 invenitur,
2549 4635 2864 4703 baptizabitis
2890 4675 2903 4698 ,
2943 4646 3065 4701 aut,
3098 4634 3348 4704 incipiatis
3378 4634 3545 4705 bapti-

1959 4744 2077 4782 zare
2097 4772 2110 4795 ,
2159 4729 2396 4783 mendosi
2441 4738 2561 4782 sunt
2587 4746 2598 4793 ;
2629 4729 2714 4798 qui
2742 4744 2805 4782 ex
2832 4730 3019 4799 graecis
3050 4728 3299 4783 facillime
3323 4727 3545 4781 convin-

1961 4832 2172 4877 cuntur.
2207 4822 2260 4875 Si
2293 4830 2466 4875 autem
2496 4820 2717 4875 dicimus
2744 4837 2879 4890 aqua
2910 4837 3013 4875 non
3039 4820 3198 4875 fuisse
3218 4818 3542 4887 baptizatos,

1960 4914 2302 4968 metuendum
2331 4923 2411 4966 est
2441 4928 2507 4965 ne
2536 4915 2766 4981 graviter
2791 4914 2842 4966 in
2871 4914 2948 4966 eis
2970 4926 3235 4975 erremus,
3266 4924 3333 4965 ne
3355 4909 3545 4965 demus

1958 5004 2264 5061 hominibus
2328 5005 2695 5063 auctoritatem
2752 5003 3123 5059 contemnendi
3177 5002 3540 5072 Baptismum;

1958 5112 2116 5166 quem
2163 5110 2327 5166 usque
2354 5095 2487 5149 adeo
2514 5110 2618 5149 non
2645 5095 3088 5150 contemnendqu
3119 5094 3229 5165 ipsa
3256 5094 3544 5165 apostoiica

1960 5189 2236 5257 disciplina
2258 5190 2630 5257 commendat,
2660 5199 2715 5244 ut
2740 5189 3017 5244 Cornelius
3044 5188 3284 5244 cenwrio
3308 5198 3363 5244 et
3396 5188 3431 5244 ii
3449 5186 3539 5258 qui

1957 5298 2077 5335 cum
2129 5282 2218 5333 illo
2265 5290 2451 5349 er:mt,
2497 5283 2653 5337 etiam
2694 5283 2801 5352 jam
2842 5291 3059 5353 accepto
3096 5282 3293 5354 Spiritu
3321 5291 3541 5353 sancto,

1960 5375 2153 5429 fuerint
2184 5374 2430 5443 baptizati
2463 5374 2573 5447 (Id.
2606 5393 2637 5428 χ
2659 5417 2671 5437 ,
2702 5375 2811 5445 13).
3559 5375 3564 5389 '

2027 5468 2081 5520 4.
2113 5466 2259 5520 Sicut
2284 5468 2483 5536 antiqui
2509 5466 2636 5535 justi
2666 5467 2707 5519 si
2740 5484 2839 5519 non
2869 5467 3400 5533 circumciderentur,
3434 5482 3537 5523 non

2023 5583 2040 5600 ¹
2068 5582 2131 5650 ad
2155 5597 2201 5631 ιι.
2227 5582 2311 5644 bg.
2340 5584 2432 5650 bn.»
2450 5579 2515 5629 ιιι.
2539 5595 2580 5629 c.
2705 5586 2780 5629 ch.
2810 5583 2855 5628 tl‘.
2884 5597 2931 5650 ᾳ.
2959 5597 3040 5646 gg.
3067 5597 3149 5650 εν.
3167 5584 3206 5648 j.
3231 5595 3282 5643 ι.
3309 5596 3351 5633 ι’.
3370 5596 3411 5633 9.
3429 5588 3460 5636 ι.
3483 5588 3541 5637 ιι.

1958 5658 2034 5695 vc.
2058 5645 2181 5694 duos
2202 5659 2249 5693 e.
2277 5652 2377 5693 tres
2397 5648 2473 5694 si).
2502 5651 2552 5692 et
2575 5644 2685 5690 uid.
2707 5644 2968 5694 κυρηδίιε.

2021 5728 2095 5795 (α)
2120 5729 2240 5783 Alias
2264 5729 2351 5781 108
2372 5743 2384 5782 :
2409 5740 2519 5795 qua:
2541 5732 2707 5779 autem
2730 5726 2820 5781 265
2846 5736 2970 5796 erat,
2994 5742 3121 5783 nunc
3140 5730 3248 5783 106.
