4084 6332
255 309 395 373 ιοιιθ

256 425 581 483 admonitum
608 435 638 476 a
684 421 840 477 Petro
876 424 931 473 ut
982 415 1050 487 de
1091 412 1193 468 hoc
1220 408 1371 482 gravi
1402 414 1615 479 peccato
1648 410 1829 475 ageret

260 516 620 589 paenitentiam
652 513 793 584 (Act.
817 526 927 576 vui,
952 508 1163 575 18-23).

333 611 386 666 8.
431 609 523 663 Est
539 608 693 662 etiam
722 602 1025 675 paenitentia
1054 602 1310 656 bonorum
1338 607 1391 653 et
1411 595 1683 651 humilium
1705 590 1833 645 fide—

262 702 390 758 lium
422 715 557 770 pene
582 699 597 730 ⁸
648 696 970 767 quotidiana,
1020 694 1073 747 in
1100 708 1201 763 qua
1231 697 1443 761 pectora
1465 686 1733 741 tundimus
1755 683 1835 736 di-

263 802 442 850 centes
474 810 487 846 :
516 790 719 844 Dimitte
739 789 883 843 nobis
913 787 1078 842 debita
1098 784 1414 849 nostra,sicut
1445 790 1490 835 et
1512 796 1602 833 nos
1626 776 1835 830 dimitti-

265 902 374 939 mus
406 882 699 936 debitoribus
727 880 907 933 nostris
929 878 1135 950 (Matth.
1164 892 1238 939 γι,
1272 872 1382 945 12).
1405 872 1585 941 Neque
1610 869 1751 924 enim
1775 882 1837 922 ea

266 976 419 1031 nobis
445 973 636 1028 dimitti
658 973 921 1035 volumus,
951 985 1068 1038 quae
1094 967 1309 1022 dimissa
1337 979 1440 1019 non
1462 963 1762 1018 dubitamus
1787 961 1839 1015 in

269 1065 565 1135 Daptismo;
613 1061 705 1117 sed
736 1061 823 1115 illa
877 1060 1059 1129 utique
1096 1073 1214 1128 qua:
1265 1056 1507 1109 humana:
1544 1051 1839 1123 fragilitati,

267 1156 507 1225 quamvis
535 1169 715 1223 parva,
747 1162 920 1206 tamen
945 1151 1131 1205 crebra
1153 1148 1444 1217 subrepunt
1473 1160 1621 1215 :quze
1664 1143 1710 1197 si
1734 1142 1844 1197 col-

274 1244 407 1298 lecta
426 1251 608 1297 contra
640 1256 737 1296 nos
770 1241 990 1307 fuerint,
1027 1240 1095 1293 ita
1123 1253 1220 1292 nos
1247 1228 1538 1306 gravabun't
1579 1242 1634 1288 et
1669 1232 1849 1301 oppri-

274 1343 441 1401 ment,
498 1334 635 1388 sicut
675 1347 834 1385 unum
863 1330 1076 1401 aliquod
1104 1328 1303 1399 grande
1357 1335 1649 1396 peccatum.
1706 1321 1845 1388 Quid

272 1426 415 1480 enim
435 1424 655 1479 interest
680 1423 744 1477 ad
766 1421 1119 1492 naufragium,
1147 1428 1323 1474 utrum
1354 1432 1462 1471 uno
1486 1415 1671 1487 grandi
1690 1416 1850 1469 tluctu

278 1516 428 1569 navis
482 1514 751 1584 operiatur
796 1521 849 1568 et
889 1512 1161 1575 obruatur,
1189 1524 1256 1564 an
1288 1507 1535 1579 paulatim
1562 1506 1853 1574 subrepens

280 1621 417 1676 aqua
439 1605 489 1660 in
520 1604 806 1671 sentinam,
834 1610 891 1658 et
914 1618 1009 1673 per
1031 1600 1398 1671 negligentiam
1425 1598 1671 1652 derelicta
1700 1604 1856 1665 atque

279 1707 601 1769 contempta,
633 1697 847 1767 impleat
877 1710 1061 1749 navem
1092 1702 1250 1763 atque
1268 1689 1609 1760 submergat?
1636 1689 1857 1756 Propter

282 1789 395 1844 lucc
421 1790 617 1859 jejunia
647 1800 699 1842 et
741 1789 1097 1855 elcemosynae
1147 1793 1201 1838 et
1239 1783 1503 1839 orationes
1542 1780 1811 1850 invigilant
1842 1796 1855 1833 :

283 1880 335 1935 in
357 1880 548 1949 quibus
579 1894 695 1933 cum
710 1878 953 1941 dicimus,
981 1875 1187 1928 Dimitte
1204 1872 1342 1926 nobis
1368 1872 1531 1924 debita
1547 1880 1738 1934 nostra,
1760 1870 1860 1922 sic-

286 1980 338 2024 ut
363 1978 409 2023 et
432 1986 520 2023 nos
549 1969 856 2032 dimittimus,
893 1966 1289 2021 manifestamus
1326 1964 1520 2017 habere
1570 1977 1665 2016 nos
1712 1958 1858 2031 quod

288 2061 441 2115 nobis
466 2060 794 2122 dimittatur;
828 2070 983 2129 atque
1022 2059 1074 2111 in
1098 2057 1162 2112 iis
1183 2057 1357 2112 verbis
1398 2056 1734 2109 bumiliantes
1760 2053 1865 2107 ani-

291 2166 405 2204 mas
427 2161 651 2216 nostras,
694 2150 1053 2219 quotidianam
1094 2146 1483 2217 quodammodo
1513 2162 1671 2215 agere
1698 2145 1867 2215 poeni-

291 2244 506 2297 tentiam
534 2258 637 2296 non
666 2257 953 2297 cessamus.
986 2241 1067 2295 Ad
1096 2256 1157 2295 ea
1185 2256 1302 2310 qua:
1329 2240 1603 2311 scripsisti,
1634 2248 1757 2309 puto
1782 2254 1868 2293 me

293 2336 528 2391 breviter
552 2335 643 2389 sed
666 2335 992 2390 sufficienter
1015 2334 1353 2403 respondisse
1384 2351 1397 2385 :
1422 2340 1661 2400 superest
1696 2340 1752 2385 ut
1780 2331 1869 2385 ille

294 2442 403 2481 non
431 2427 499 2481 sit
519 2426 898 2493 contentiosus,
937 2436 1152 2497 propter
1173 2441 1330 2496 quem
1363 2423 1673 2479 lucrandutn
1698 2422 1764 2475 ad
1786 2436 1871 2476 me

297 2518 429 2572 tales
453 2517 651 2571 litteras
667 2517 1007 2572 destinandas
1034 2517 1252 2587 putasti.

689 2629 1022 2686 EPISTOLA
1061 2626 1344 2684 CCLXVI‘
1377 2625 1472 2701 (a).

308 2740 616 2811 Augustinus
647 2740 959 2793 Florentino:
987 2740 1167 2808 puella:
1205 2737 1463 2801 studiosa,
1498 2735 1709 2802 o/ferens
1734 2750 1875 2787 suam

447 2830 655 2883 docendi
680 2845 902 2895 operam,
931 2829 974 2881 si
1003 2828 1222 2897 proferat
1254 2826 1373 2896 quid
1394 2827 1508 2879 uelit
1529 2826 1730 2894 exponi.

306 2940 542 2997 Domina:
562 2939 788 3002 eximiae,
822 2939 1116 3006 meritoque
1160 2935 1452 2989 honorabili
1481 2934 1533 2988 in
1577 2934 1790 2988 Christo
1819 2949 1879 2988 ac

376 3029 755 3099 suscipienda?
787 3029 905 3083 tiliae
955 3028 1336 3093 Ειοιιεκτιιιιιι,
1381 3026 1714 3081 Auensrmus
1762 3024 1884 3093 cpi»-

383 3135 594 3190 scopus,
628 3121 679 3174 in
706 3120 930 3173 Domino
944 3119 1187 3173 salutem.

384 3225 411 3284 ’ἓ
422 3268 435 3283 .
476 3231 724 3284 Sanctum
749 3230 1079 3300 propositum
1101 3240 1267 3294 tuum,
1289 3238 1341 3283 et
1364 3228 1711 3283 inviseeratus
1738 3227 1885 3282 cordi

314 3331 403 3377 tuo
420 3322 575 3377 timor
592 3323 794 3376 Domini
814 3331 990 3375 castus
1008 3335 1323 3391 permanens
1348 3322 1399 3374 in
1414 3321 1662 3374 sacculum
1685 3320 1882 3385 surculi,

320 3413 493 3485 (Psal.
518 3429 669 3477 xvm,
702 3410 809 3485 10)
838 3428 1017 3467 curam
1049 3427 1146 3481 pro
1169 3420 1218 3465 te
1236 3421 1467 3464 nostram
1490 3426 1594 3463 nou
1634 3410 1802 3464 solum
1835 3413 1887 3463 in

315 3506 563 3575 precibus
600 3504 926 3574 apudDeum,
958 3519 1142 3558 verum
1172 3503 1329 3557 etiam
1360 3501 1413 3555 in
1441 3501 1889 3555 admonitionibus

316 3596 382 3652 ad
404 3604 455 3652 te
482 3598 645 3666 ipsam
688 3611 793 3650 non
824 3595 1163 3650 mediocriter
1181 3594 1419 3649 suscitat.
1440 3593 1589 3658 Quod
1611 3592 1819 3661 quidem
1838 3594 1889 3645 in

318 3689 554 3758 epistolis
582 3687 734 3752 meis,
764 3703 894 3756 quas
914 3685 979 3740 ad
1006 3695 1226 3739 matrem
1250 3684 1585 3737 Reverentia:
1616 3691 1716 3736 tua:
1740 3682 1887 3736 debi-

321 3788 375 3833 to
390 3779 651 3833 mihicum
671 3777 871 3831 honore
892 3775 1262 3830 nominandum
1280 3774 1423 3839 dedi,
1445 3788 1548 3827 non
1571 3773 1733 3828 semel
1762 3772 1885 3828 feci.

319 3869 423 3924 Sed
438 3869 558 3938 quia
580 3867 681 3921 hoc
708 3868 837 3920 mihi
858 3866 1149 3921 rescribere
1160 3866 1373 3935 dignata
1398 3873 1497 3930 est,
1519 3866 1663 3934 prius
1677 3874 1727 3920 te
1753 3866 1887 3921 velle

319 3959 561 4026 accipere
576 3956 774 4009 litteras
795 3970 970 4021 meas;
996 3956 1368 4021 tunedemum,
1388 3956 1429 4008 si
1446 3955 1570 4023 quid
1599 3958 1731 4008 l'orte
1757 3971 1891 4024 opus

323 4057 466 4104 esset
503 4048 594 4102 tibi
623 4062 688 4102 ex
716 4047 1005 4101 ministerio
1042 4061 1182 4111 meo,
1215 4046 1353 4115 quod
1379 4046 1680 4100 venerando
1721 4047 1896 4100 studio

325 4150 414 4195 tuo
438 4139 781 4208 omnittmque
808 4138 1006 4203 talium,
1049 4148 1301 4206 quantum
1330 4152 1568 4206 possum,
1594 4138 1757 4192 libera
1785 4154 1899 4193 ser-

326 4232 492 4286 vitute
515 4230 710 4285 debere
730 4244 815 4285 me
857 4228 1004 4294 novi,
1058 4243 1161 4282 non
1189 4235 1240 4282 te
1269 4243 1386 4282 esse
1415 4228 1689 4281 tacituram
1720 4236 1774 4281 et
1811 4243 1897 4282 re-

327 4323 604 4379 scribendo
643 4322 1023 4376 insinuaturam
1056 4338 1069 4373 :
1098 4335 1223 4374 ecce
1252 4319 1355 4373 feci
1384 4319 1524 4388 quod
1551 4328 1602 4373 te
1630 4319 1862 4373 voluisse
1882 4360 1895 4383 ,

327 4418 565 4486 quamvis
604 4429 709 4468 non
732 4428 827 4482 per
853 4422 920 4477 te,
951 4413 1217 4480 comperi;
1251 4426 1318 4465 ne
1354 4411 1562 4465 viderer
1586 4411 1676 4464 tibi
1707 4413 1897 4465 ostium

329 4506 533 4561 fiduciae
578 4505 934 4560 inhumaniter
983 4505 1227 4559 claudere
1259 4522 1272 4557 :
1301 4515 1541 4572 superest
1588 4512 1643 4556 ut
1689 4519 1901 4574 promas

329 4598 459 4666 ipsa,
491 4597 535 4650 si
562 4596 687 4666 quid
712 4611 778 4650 ex
806 4610 891 4650 me
910 4595 1252 4665 quaerendum
1280 4604 1454 4665 putas.
1487 4594 1592 4649 Aut
1629 4596 1769 4649 enim
1789 4596 1900 4650 scio

329 4688 471 4758 quod
524 4688 847 4758 inquisieris,
876 4696 930 4741 et
976 4701 1078 4741 non
1102 4687 1337 4756 negabo:
1368 4694 1459 4740 aut
1503 4687 1573 4740 ita
1615 4687 1812 4752 nescio,
1845 4694 1903 4741 ut

331 4780 477 4834 nullo
507 4779 626 4833 ﬁdei
652 4779 939 4847 salutisque
981 4777 1300 4831 detrimento
1322 4778 1574 4842 nesciam,
1623 4786 1677 4830 et
1704 4776 1770 4831 de
1801 4777 1902 4832 hoc

330 4871 492 4927 etiam
528 4869 768 4939 teipsam,
814 4869 858 4923 si
888 4877 1127 4936 potuero,
1148 4868 1333 4922 faciam
1354 4867 1557 4921 reddita
1592 4868 1795 4921 ratione
1821 4883 1905 4922 se-

331 4974 536 5018 curam.
560 4961 664 5013 Aut
682 4967 846 5021 certe,
871 4958 917 5011 si
937 4966 990 5011 et
1014 4958 1209 5020 nescio,
1235 4965 1287 5011 et
1308 4965 1480 5011 tamen
1498 4957 1771 5011 sciendum
1801 4968 1902 5022 est,

334 5050 420 5105 vel
451 5050 743 5118 impetrabo
762 5064 791 5103 a
815 5048 1039 5103 Domino
1068 5062 1136 5101 ne
1161 5047 1255 5100 tibi
1274 5046 1478 5113 desim;
1508 5062 1628 5101 nam
1659 5063 1799 5117 saepe
1823 5049 1905 5102 of-

336 5139 512 5195 ficium
535 5138 868 5209 impertiendi
886 5138 1132 5192 meritum
1150 5147 1232 5190 est
1253 5137 1544 5205 accipiendi
1574 5155 1586 5191 :
1617 5139 1697 5192 vel
1724 5139 1791 5192 ita
1813 5139 1904 5194 tibi

398 5254 417 5286 ι
442 5252 551 5301 Bad.
577 5259 677 5300 Am.
698 5256 773 5299 Er.
795 5257 845 5299 et
866 5258 970 5299 Mss.
995 5249 1116 5307 duo,
1139 5261 1279 5311 ptent:

398 5316 418 5344 ²
442 5321 570 5383 Iov.)
593 5310 923 5383 suspiciendte.
942 5317 1012 5383 _At
1025 5310 1258 5383 BadJAtn.
1286 5316 1353 5383 (ξιΔ
1366 5316 1460 5383 E_t_'.,
1484 5310 1813 5383 suscipiendte.
1838 5313 1910 5362 Sic

335 5376 480 5424 etiam
516 5371 623 5424 MSS.
648 5371 849 5436 quatuor
875 5381 973 5421 vat.
998 5380 1066 5436 Aet
1099 5378 1291 5434 septem
1324 5371 1503 5436 pall.,_e
1538 5371 1712 5436 quibus
1747 5380 1909 5436 tamen

334 5436 551 5498 nonnulli
588 5431 710 5498 infra
746 5435 828 5483 ubi
868 5436 917 5483 in
950 5434 1061 5482 Edd.
1100 5431 1177 5483 est
1212 5431 1531 5495 suscipienda,
1554 5431 1737 5484 habent
1757 5434 1910 5498 suspi-

332 5495 506 5547 cienda
527 5509 544 5548 :
563 5497 684 5548 adeo
706 5510 790 5547 res
821 5498 1001 5546 incerta
1023 5501 1115 5545 est.

441 5581 525 5629 Ad.
549 5594 596 5629 a.
619 5579 688 5629 bl.
714 5594 756 5630 c.
782 5576 849 5629 cc.
880 5579 926 5627 tl‘.
954 5592 1001 5641 g.
1027 5591 1108 5641 gv.
1128 5578 1231 5640 j.n.
1256 5590 1297 5625 r.
1316 5591 1357 5627 s.
1381 5578 1455 5626 sb.
1480 5584 1516 5627 t.
1543 5591 1616 5627 vc.
1634 5586 1834 5641 quatuor
1859 5593 1905 5628 v.

336 5648 390 5691 et
408 5641 520 5689 add.
545 5642 790 5703 castigata.

399 5721 473 5786 (α)
494 5720 617 5771 Alias
640 5722 757 5771 152:
773 5734 881 5786 quae
902 5727 1066 5772 autem
1086 5718 1179 5770 κϐ
1201 5726 1325 5781 erat,
1348 5733 1476 5770 nunc
1499 5719 1605 5771 l07.

1417 283 1893 350 EPISTOLARUM
1927 262 2201 343 caissrs
2235 279 2324 338 1v.

3361 281 3498 341 {090

1932 398 2283 470 respondebo,
2313 404 2370 451 ut
2409 396 2619 453 noveris
2647 409 2743 467 pro
2769 395 2869 452 hae
2896 397 3009 467 ipsa
3035 411 3096 453 re
3123 412 3279 468 quam
3304 402 3503 468 pariter

1935 492 2221 557 nescimus,
2239 489 2303 544 ad
2324 505 2479 560 quem
2507 491 2719 559 pulsare
2748 489 3056 545 debeamus.

2006 585 2060 638 2.
2102 584 2226 639 Haec
2242 584 2360 638 ideo
2382 584 2698 653 praelocutus
2727 598 2864 651 sum,
2879 598 2948 638 ne
2967 591 3019 639 te
3036 599 3128 654 pro
3147 594 3294 640 certo
3322 600 3506 654 speres

1938 675 2189 747 quidquid
2216 691 2246 729 a
2270 690 2356 730 me
2383 676 2685 745 quaesiveris
2701 676 3015 744 audituram,
3048 684 3107 732 et
3128 692 3249 733 cum
3276 678 3377 733 hoc
3399 694 3505 735 non

1941 767 2262 837 provenerit,
2284 766 2534 821 audacter
2557 767 2730 835 potius
2749 781 2903 836 quam
2922 768 3205 837 prudenter
3220 784 3304 825 me
3319 769 3508 827 fecisse

1942 857 2230 923 arbitreris,
2254 858 2393 927 quod
2420 857 2513 912 tibi
2541 858 2808 927 quaerendi
2853 859 2896 913 si
2923 858 3047 928 quid
3087 861 3255 929 voles,
3287 861 3506 917 faculta-

1944 959 2051 1005 tem
2075 948 2218 1003 dedi.
2275 949 2387 1003 Hoe
2433 949 2574 1003 enim
2604 949 2702 1004 feci
2738 965 2842 1003 non
2889 950 3074 1005 doctor
3098 950 3387 1021 perfectus,
3418 954 3512 1009 sed

1945 1057 2066 1097 cum
2097 1042 2346 1098 docendis
2372 1043 2739 1112 perticiendus,
2754 1042 2965 1097 domina
2986 1045 3195 1112 eximia,
3218 1047 3514 1117 meritoque

1950 1135 2269 1190 honorabilis
2298 1136 2351 1190 in
2397 1136 2607 1192 Christo
2632 1151 2694 1190 ae
2734 1137 3064 1206 suscipienda
3089 1139 3212 1192 lilia.
3260 1140 3515 1209 Equidem

1951 1227 2108 1281 etiam
2141 1227 2192 1280 in
2216 1227 2279 1280 iis
2304 1227 2463 1282 rebus
2484 1241 2615 1297 quas
2632 1236 2915 1298 utcumque
2935 1229 3065 1294 scio,
3088 1230 3253 1299 magis
3279 1239 3329 1283 te
3363 1232 3518 1299 cupio

1952 1332 2071 1373 esse
2096 1319 2369 1383 scientem,
2387 1333 2543 1387 quam
2569 1320 2802 1373 scientim
2828 1328 3022 1375 nostrae
3048 1321 3386 1390 indigentem.
3419 1321 3522 1377 Ne-

1954 1426 2057 1481 que
2081 1412 2242 1476 enim,
2265 1418 2324 1465 ut
2338 1410 2478 1480 quod
2502 1410 2696 1465 scimus
2718 1411 3019 1478 doceamus,
3035 1414 3253 1468 aliorum
3272 1414 3520 1485 ignoran-

1959 1505 2081 1558 tiam
2131 1513 2315 1573 optare
2338 1504 2594 1559 debemus
2635 1524 2648 1559 :
2681 1505 2844 1558 multo
2877 1506 3070 1575 quippe
3113 1508 3299 1562 melius
3338 1524 3522 1563 omnes

1963 1608 2145 1648 sumus
2166 1594 2420 1648 doeibiles
2445 1595 2586 1659 Deo;
2617 1594 2756 1665 quod
2779 1596 2955 1665 utique
2980 1596 3030 1650 in
3054 1597 3141 1650 illa
3182 1612 3404 1667 superna
3424 1614 3523 1668 pa-

1964 1684 2081 1748 tria,
2105 1700 2224 1738 cum
2257 1684 2309 1737 in
2338 1684 2490 1739 nobis
2514 1685 2827 1753 completum
2867 1685 3021 1740 fuerit
3046 1687 3183 1756 quod
3210 1691 3525 1756 promissum

1962 1783 2063 1839 est,
2097 1774 2416 1843 perficietur,
2448 1784 2504 1829 ut
2532 1790 2636 1829 non
2666 1775 2807 1830 dicat
2832 1776 2989 1830 homo
3008 1778 3247 1846 proximo
3272 1793 3389 1843 suo,
3418 1778 3519 1832 Co-

1965 1881 2146 1935 gnosce
2184 1865 2459 1920 Dominum
2489 1881 2695 1920 :omnes
2718 1868 2847 1920 enim
2888 1878 3181 1937 cognoscent
3223 1886 3354 1935 eum,
3402 1870 3531 1924 sicut

1966 1958 2210 2024 scriptum
2238 1965 2329 2023 est,
2380 1973 2411 2009 a
2438 1957 2627 2009 minore
2654 1974 2808 2027 usque
2860 1958 2926 2010 ad
2954 1960 3194 2030 majorem
3221 1977 3390 2014 eorum
3409 1959 3528 2031 (Je-

1968 2062 2089 2099 rcm.
2118 2062 2265 2109 xui,
2294 2044 2404 2117 54).
2425 2046 2879 2103 Etsollicitissime
2907 2049 3196 2103 cavendum
3235 2059 3315 2104 est
3350 2051 3401 2104 in
3432 2052 3529 2105 do-

1970 2136 2138 2191 cendo
2159 2138 2416 2207 superbia:
2442 2138 2644 2205 vitium,
2668 2139 2807 2209 quod
2842 2140 2893 2194 in
2917 2140 3167 2195 discendo
3206 2157 3309 2195 non
3344 2141 3412 2195 ita
3433 2152 3532 2197 est.

1971 2229 2122 2284 Unde
2165 2240 2219 2285 et
2256 2240 2436 2284 sancta
2473 2228 2739 2299 Scriptura
2769 2246 2868 2286 nos
2898 2232 3165 2296 admonet,
3196 2232 3377 2287 dicens
3409 2252 3421 2287 :
3455 2234 3537 2289 Sit

1973 2322 2133 2374 omnis
2163 2323 2310 2375 homo
2336 2321 2479 2375 velox
2514 2322 2579 2374 ad
2607 2322 2931 2389 audiendum,
2981 2325 3155 2375 tardus
3180 2334 3343 2377 autem
3369 2324 3436 2376 ad
3460 2325 3538 2378 lo-

1973 2413 2224 2481 quendam
2254 2412 2451 2485 (Jacobi
2474 2414 2613 2482 1,19)
2644 2431 2655 2465 :
2680 2422 2733 2467 et
2764 2414 2851 2468 ille
2900 2413 2953 2467 in
2982 2414 3192 2467 Psalmo
3217 2416 3308 2479 ait,
3337 2415 3543 2468 Auditui

1975 2522 2083 2558 meo
2102 2506 2241 2559 dabis
2266 2505 2643 2559 exsultationem
2663 2514 2707 2558 et
2729 2506 2976 2567 (tentiam;
2993 2506 3343 2575 continuoque
3364 2508 3544 2575 subje-

1939 2609 1948 2619 ‘
1977 2597 2067 2663 cit,
2096 2597 2159 2650 Et
2196 2597 2513 2651 exsultabant
2535 2615 2647 2651 ossa
2684 2599 2945 2651 humiliata
2975 2598 3144 2667 (Psal.
3173 2616 3223 2661 ι,
3264 2599 3372 2669 10).
3405 2599 3549 2654 Vidit

1979 2690 2118 2745 enim
2147 2690 2200 2743 in
2226 2689 2485 2743 audiendo
2518 2690 2760 2744 facillime
2793 2690 2992 2744 servari
3021 2689 3388 2756 humilitatem,
3431 2706 3549 2760 qua:

1981 2781 2209 2835 difficilis
2248 2780 2403 2835 estin
2433 2781 2700 2847 docendo;
2728 2783 2974 2852 quoniam
3022 2797 3242 2837 necesse
3270 2790 3426 2838 estut
3452 2783 3550 2839 do-

1983 2881 2099 2926 ctor
2126 2871 2315 2927 habeat
2342 2872 2668 2940 superiorem
2690 2873 2987 2939 locum,ubi
3012 2873 3333 2929 laboriosum
3353 2882 3435 2929 est
3459 2875 3553 2931 ob-

1991 2964 2159 3019 tinere
2184 2978 2252 3018 ne
2277 2964 2525 3033 subrepat
2549 2964 2725 3018 elatio.

2056 3058 2109 3112 3.
2155 3056 2380 3112 Videsne
2407 3057 2848 3128 quemadmodum
2897 3058 3254 3127 periclitemur
3281 3073 3311 3112 a
3352 3059 3541 3129 quibus

1989 3147 2091 3202 hoc
2113 3156 2464 3216 exspectatur,
2484 3158 2540 3202 ut
2566 3165 2669 3202 non
2697 3149 2865 3203 solum
2893 3149 3137 3205 doctores
3161 3152 3343 3214 simus,
3374 3166 3556 3205 verum

1989 3241 2147 3296 etiam
2174 3256 2294 3295 cum
2319 3241 2483 3295 simus
2509 3241 2770 3307 homines,
2798 3230 2971 3296 divina
3001 3242 3326 3297 doceamus?
3354 3243 3459 3298 Sed
3481 3243 3559 3297 la-

1991 3331 2176 3386 borum
2198 3332 2655 3401 periculorumque
2684 3342 2985 3387 nostrorum
3007 3334 3269 3402 singulare
3311 3343 3392 3389 est
3422 3335 3560 3388 sola-

1994 3425 2146 3490 tium,
2178 3440 2296 3479 cum
2324 3425 2391 3479 ita
2414 3426 2688 3495 proﬁcitis,
2720 3434 2776 3478 ut
2796 3426 2886 3479 illo
2908 3427 3224 3495 perveniatis
3251 3427 3338 3481 ubi
3368 3427 3561 3481 nullius

1995 3516 2221 3570 hominis
2246 3516 2476 3571 doctoris
2495 3519 2710 3586 egeatis.
2738 3516 2842 3571 [sto
2862 3526 3035 3572 autem
3064 3517 3299 3586 periculo
3323 3534 3426 3572 non
3446 3526 3563 3572 tan-

1997 3616 2105 3661 tum
2136 3622 2265 3669 nos;
2298 3623 2419 3661 nam
2458 3608 2525 3661 ad
2562 3608 2709 3661 illum
2753 3608 2819 3662 de
2847 3624 2950 3678 quo
2988 3608 3224 3663 dicturus
3268 3622 3407 3677 sum,
3438 3609 3564 3680 quid

1997 3712 2178 3753 sumus
2207 3700 2345 3753 nos?
2370 3713 2472 3751 non
2499 3713 2626 3767 ergo
2660 3712 2759 3752 nos
2794 3707 2995 3752 tantum
3033 3698 3269 3768 periculo
3307 3699 3426 3763 isto,
3472 3699 3567 3754 sed

1997 3789 2154 3843 etiam
2180 3789 2268 3844 ille
2298 3789 2491 3843 Doctor
2518 3790 2762 3844 Gentium
2786 3789 3133 3859 periclitatum
3177 3804 3235 3845 se
3258 3805 3376 3845 esse
3405 3798 3569 3846 testa-

2000 3886 2102 3945 tur,
2125 3895 2243 3933 cum
2278 3880 2404 3933 dicit
2433 3897 2446 3933 :
2478 3878 2560 3932 Ne
2597 3880 2939 3950 magnitudine
2962 3882 3317 3935 revelationum
3346 3898 3569 3934 mearum

2000 3971 2231 4034 extollar,
2260 3970 2407 4022 datus
2448 3978 2517 4023 est
2540 3971 2661 4022 mihi
2712 3971 2942 4024 stimulus
2967 3972 3134 4025 carnis
3186 3971 3205 4043 (
3232 3972 3273 4025 ll
3298 3971 3413 4026 Cor.
3469 3988 3564 4038 xu,

2005 4062 2061 4131 7)
2106 4070 2208 4116 etc.
2241 4061 2390 4117 Unde
2418 4072 2471 4116 et
2516 4063 2627 4131 ipse
2649 4062 2919 4128 Dominus,
2953 4063 3379 4132 tumoris‘hujus
3400 4064 3569 4117 admi-

2004 4154 2184 4207 rabilis
2211 4153 2466 4218 medicus,
2510 4152 2704 4219 Nolite,
2744 4154 2930 4222 inquit,
2980 4154 3042 4207 ab
3078 4153 3358 4208 hominibus
3405 4155 3571 4209 vocari

2004 4242 2199 4309 Rabbi;
2227 4261 2356 4297 unus
2380 4254 2451 4297 est
2483 4245 2615 4298 enim
2644 4246 2876 4314 magister
2902 4254 3059 4297 vester
3091 4243 3318 4299 Christus
3361 4244 3569 4313 (Matth.

2007 4351 2157 4399 χχιιι,
2176 4335 2228 4405 8)
2261 4353 2273 4387 :
2300 4336 2439 4404 quod
2470 4338 2703 4391 retinens
2724 4337 2862 4392 idem
2883 4338 2995 4405 ipse
3016 4337 3463 4392 DoctorGentmm
3489 4354 3572 4393 at-

2006 4428 2095 4490 cit,
2128 4426 2302 4497 Neque
2316 4428 2609 4498 quiplantat
2631 4438 2705 4482 est
2737 4428 2948 4497 aliquid,
2987 4444 3143 4497 neque
3167 4429 3253 4497 qui
3280 4430 3451 4500 rigat;
3486 4430 3575 4485 sed

2005 4519 2092 4590 qui
2116 4519 2473 4571 incrementum
2524 4519 2610 4572 dat
2650 4518 2785 4573 Deus
2818 4516 2860 4590 (Ι
2880 4518 2998 4576 Cor.
3042 4535 3118 4584 ιιι,
3150 4520 3227 4592 7).
3250 4520 3361 4575 Hoc
3408 4529 3463 4575 et
3490 4521 3578 4576 ille

2008 4609 2248 4663 meminit
2294 4610 2383 4678 qui
2434 4610 2487 4662 iu
2513 4609 2649 4663 natis
2677 4610 2955 4664 mulierum
2979 4619 3177 4680 quanto
3219 4626 3437 4680 magnus
3462 4620 3580 4665 erat

2010 4697 2229 4770 (Matth.
2278 4714 2369 4763 ιι,
2425 4698 2561 4767 ll),
2612 4707 2756 4752 tanto
2796 4714 2854 4753 se
2895 4700 2947 4753 in
2986 4700 3228 4755 omnibus
3271 4699 3581 4754 humiliabat

2011 4788 2193 4858 (Eccli.
2217 4805 2290 4855 ιιι,
2316 4790 2428 4858 20),
2458 4787 2726 4858 indignum
2756 4804 2813 4844 se
2848 4790 3117 4845 affirmans
3140 4790 3230 4859 qui
3254 4790 3447 4845 Christi
3468 4790 3577 4845 cal-

2009 4890 2279 4936 ceamenta
2299 4890 2529 4949 portaret
2550 4880 2694 4952 (Luc.
2715 4898 2790 4947 ιιι,
2812 4881 2919 4953 16).
2937 4882 3072 4948 Quid
3088 4882 3227 4935 enim
3248 4882 3387 4935 aliud
3410 4890 3581 4936 osten-

2010 4971 2089 5026 dit
2116 4973 2199 5025 ubi
2230 4975 2327 5025 ait:
2353 4972 2453 5036 Qui
2474 4973 2619 5025 habet
2636 4989 2888 5041 sponsam,
2908 4989 3119 5043 sponsus
3147 4982 3218 5025 est
3235 4990 3251 5035 ;
3268 4973 3459 5025 amicus
3483 4989 3579 5025 au-

2013 5074 2109 5118 tem
2133 5065 2305 5134 sponsi
2343 5073 2441 5117 stat
2474 5075 2521 5117 et
2547 5065 2687 5118 audit
2713 5082 2844 5131 eum,
2891 5076 2935 5118 et
2963 5065 3148 5135 gaudio
3172 5065 3353 5135 gaudet
3377 5074 3582 5135 propter

2012 5172 2174 5210 vocem
2191 5157 2362 5226 sponsi
2387 5156 2562 5226 (Joan.
2618 5172 2690 5222 ιιι,
2722 5156 2853 5227 29)?
2882 5155 2976 5210 Hic
2993 5164 3073 5209 est
3122 5156 3209 5209 ille
3254 5155 3483 5217 auditus,
3516 5155 3584 5209 de

2013 5264 2119 5319 quo
2170 5250 2324 5317 paulo
2370 5258 2494 5303 ante
2532 5250 2938 5302 commemoravi
2970 5248 3023 5302 in
3071 5248 3281 5302 Psalmo
3309 5247 3534 5316 positum
3566 5264 3580 5301 :

2016 5341 2223 5394 Auditui
2245 5357 2351 5394 meo
2372 5341 2512 5393 dabis
2534 5342 2912 5395 exsultationem
2928 5350 2975 5395 et
3017 5341 3261 5407 laetitiam,
3287 5349 3334 5395 et
3358 5340 3584 5394 exsulta-

2013 5432 2135 5487 bunt
2160 5448 2275 5486 ossa
2303 5432 2587 5487 humiliata.

2085 5527 2139 5580 4.
2178 5525 2405 5580 Proinde
2436 5533 2582 5580 tanto
2609 5540 2694 5581 me
2719 5524 2943 5592 certius,
2976 5531 3123 5580 tanto
3150 5524 3366 5580 solidius
3392 5566 3407 5590 ,
3437 5532 3586 5581 tanto

2014 5660 2251 5772 mw
2510 5658 2604 5709 sed
2636 5657 2812 5725 melius
2833 5658 2939 5725 ead.
2966 5665 3066 5730 Am.
3089 5663 3162 5707 Er.
3188 5664 3240 5727 et
3265 5662 3375 5708 Ias.
3399 5654 3587 5737 plures.
