4084 6332
401 300 541 358 1115

401 431 524 470 cum
567 409 1114 484 gravitatesuavitas,
1163 421 1282 462 cum
1331 405 1531 484 pudore
1573 401 1830 484 sapientia
1873 422 1894 484 ε.
1919 405 1988 460 sit

399 495 546 542 certa
568 475 978 554 "atquelibrata
1010 479 1204 554 suique
1253 477 1654 554 opportunitate
1688 475 1985 554 gratissima

401 555 598 610 silentii
641 546 892 618 verbique
927 550 1077 603 ratio.
1107 547 1214 604 Nec
1247 563 1474 616 unquam
1513 546 1728 600 omnino
1769 547 1986 614 virginis

399 641 462 680 os
485 627 750 694 loquatur,
777 631 834 694 ut
859 621 1084 694 tacuisse
1109 619 1422 694 melius_sit.
1461 618 1590 694 Cum
1635 618 1828 694 ingenti
1856 631 1984 694 cau-

401 686 748 750 tione'debet
785 691 950 762 loqui,
983 692 1066 762 cui
1105 706 1210 744 non
1252 690 1420 744 solum
1463 689 1650 752 malus,
1692 687 1785 742 sed
1824 686 1986 742 etiam

399 768 607 824 otiosus
636 778 814 820 sermo
838 761 1083 816 vitandus
1105 771 1206 816 est.

469 835 696 892 CAPUT
745 833 864 889 XX.
904 862 978 873 —
1019 832 1233 887 Summa
1277 830 1370 885 tibi
1407 829 1627 885 scientia
1667 829 1754 894 sit,
1801 828 1986 883 notitia

399 923 626 972 summa,
650 905 773 960 vitia
797 905 1128 972 virtutesque
1152 902 1474 971 distinguere
1500 917 1511 953 :
1541 915 1660 970 qua:
1681 915 1983 972 quanquam

399 970 898 1048 semper-contraria
933 970 1203 1048 sibisint,
1213 970 1398 1048 aliqua
1425 980 1598 1048 tamen
1630 985 1702 1048 ex_
1726 970 1803 1023 eis
1841 979 1984 1048 tanta

395 1041 690 1122 junguntur
705 1045 1076 1122 similitudine,
1097 1053 1155 1122 ut_
1173 1043 1402 1122 discerni
1421 1042 1638 1122 omnino
1655 1041 1738 1094 vix
1761 1043 1981 1122 possint.

396 1112 571 1188 Quam
613 1119 764 1173 multi
803 1117 944 1188 enim
979 1115 1281 1188 superbiam
1313 1113 1568 1188 libertatis
1607 1113 1736 1188 loco
1763 1112 1981 1177 ducunt,

398 1182 752 1246 adulationem
779 1203 878 1259 pro
905 1182 1202 1240 humilitate
1231 1184 1547 1259 suscipiunt,
1574 1182 1826 1259 malitiam
1843 1198 1984 1259 Prli-

396 1261 592 1317 demite
639 1253 1028 1328 amplectuntur
1069 1259 1205 1328 vice,
1235 1264 1307 1328 iet
1342 1255 1586 1328 _stultitiae
1630 1253 1988 1328 simplicitatis

397 1348 590 1387 nomen
637 1325 944 1400 imponunt,
988 1337 1146 1397 atque
1184 1326 1354 1400 fallaci
1395 1341 1458 1400 ac
1493 1325 1982 1400 _pessiiua_decepti

398 1395 768 1466 similitudine,
793 1395 937 1454 vitiis
956 1414 1050 1468 pro
1064 1395 1351 1452 virtutibus
1371 1395 1703 1468 gloriantur?
1727 1396 1790 1450 Et
1807 1410 1981 1464 quan-

396 1489 554 1544 quam
589 1475 702 1526 htee
725 1475 899 1526 omnia
931 1466 1276 1544 subtilissima
1304 1466 1870 1544 intelligentia.tlebeas
1893 1483 1980 1544 se-

396 1536 602 1614 parare,
625 1553 946 1611 cunctasque
967 1541 1186 1614 virtutes
1206 1554 1326 1594 cum
1347 1539 1458 1614 suis
1477 1537 1630 1592 lineis
1653 1536 1982 1614 insequendo

395 1609 654 1684 nusquam
687 1609 903 1684 prorsus
937 1611 1264 1684 abscedere;
1295 1610 1560 1681 principue
1591 1617 1763 1662 tamen
1807 1609 1982 1662 lictam

395 1682 744 1739 humilitatem
765 1683 992 1754 fugiens,
1019 1682 1162 1736 illam
1187 1691 1394 1754 sectare
1413 1693 1529 1749 qua:
1550 1693 1679 1754 vera
1695 1689 1795 1743 est,
1821 1693 1979 1754 quam

393 1756 640 1811 Christus
665 1749 849 1809 docuit
875 1754 1258 1818 humilitatem,
1289 1753 1342 1805 in
1379 1767 1480 1819 qua
1505 1765 1610 1803 non
1641 1750 1708 1803 sit
1736 1749 1980 1816 superbia

395 1828 616 1882 inclusa.
647 1826 788 1880 Multi
819 1825 960 1878 enim
987 1823 1143 1892 hujus
1172 1821 1381 1876 virtutis
1407 1821 1666 1886 umbram,
1697 1820 1979 1892 veritatem

392 1899 510 1967 ejus
566 1905 859 1967 sequuntur
907 1891 1077 1964 pauci.
1123 1893 1378 1967 Perfacile
1427 1902 1510 1948 est
1557 1893 1696 1967 enim
1739 1891 1978 1967 aliquem

393 1961 595 2024 vestem
625 1961 820 2022 habere
845 1961 1221 2035 contemptam,
1250 1964 1480 2018 salutare
1505 1961 1838 2028 submissius,
1868 1977 1982 2014 ma-

396 2055 496 2094 nus
533 2048 588 2094 et
625 2053 801 2110 gentia
835 2035 1444 2110 deoscularitiuclinato
1483 2035 1534 2088 in
1575 2043 1768 2086 terram
1809 2035 1979 2110 capite

392 2104 665 2180 oculisque
717 2107 936 2176 dejectis
993 2107 1345 2180 humilitatem
1400 2119 1464 2160 ac
1519 2104 1977 2180 mansuetudinem

393 2175 654 2252 polliceri,
697 2175 855 2252 lenta
882 2193 1010 2234 voce
1049 2178 1303 2252 tenuique
1347 2191 1622 2252 sermones
1671 2175 1976 2244 infringere,

393 2248 662 2322 suspirare
687 2250 947 2322 crebrius,
971 2257 1025 2304 et
1043 2250 1110 2304 ad
1132 2248 1532 2322 omnevcrbum
1562 2255 1894 2322 peccatouem
1917 2261 1980 2300 ae

393 2316 646 2377 mis-erunt
679 2336 738 2376 se
767 2321 1037 2385 clamare;
1065 2329 1120 2374 et
1152 2321 1198 2373 si
1225 2320 1307 2372 vel
1337 2318 1440 2372 levi
1467 2333 1715 2372 sermone
1745 2316 1979 2372 olfensus

392 2394 481 2458 sit,
510 2393 762 2448 continuo
797 2391 1040 2446 attollere
1079 2390 1446 2460 supercilium,
1477 2389 1653 2443 levare
1692 2390 1975 2460 cervicem,

391 2474 447 2519 et
475 2465 756 2520 delicatum
783 2463 928 2517 illum
953 2464 1064 2516 oris
1087 2459 1276 2516 sonum
1300 2461 1486 2514 insano
1506 2467 1724 2528 repente
1745 2459 1979 2514 clamore

390 2543 620 2590 mutare.
649 2533 822 2588 Aliam
851 2547 948 2587 nos
979 2531 1329 2586 humilitatem
1356 2531 1598 2584 Christus
1634 2529 1848 2594 docuit,
1887 2530 1978 2598 qui

393 2621 491 2660 nos
525 2607 590 2660 ad
627 2605 930 2673 exemplum
965 2617 1120 2658 suum
1158 2603 1418 2673 hortatur,
1463 2602 1680 2673 dicens,
1725 2599 1910 2673 Discite
1934 2616 1980 2673 _a

391 2693 489 2738 me,
513 2677 631 2744 quia
655 2669 944 2738 mitis-sum,
972 2683 1018 2728 et
1055 2672 1260 2726 humilis
1289 2671 1486 2744 cog-del
1514 2671 1698 2744 Matth.
1739 2685 1814 2732 χι,
1841 2669 1912 2724 ‘29
1933 2669 1974 2740 ).

392 2747 494 2812 Qui
527 2741 647 2800 cum
678 2744 1100 2808 malediceretur,
1129 2758 1238 2796 non
1267 2741 1612 2812 maledicebat
1633 2757 1656 2812 ί
1676 2756 1796 2794 eum
1825 2751 1978 2810 pate-

392 2810 562 2882 retur,
588 2831 696 2869 non
719 2814 1140 2868 comminabatur
1171 2813 1214 2883 (Ι
1245 2812 1385 2883 Petr.
1408 2829 1466 2878 ii,
1488 2810 1603 2883 25).
1626 2810 1800 2883 Quam
1823 2811 1976 2883 nobis

394 2881 742 2941 humilitatem
773 2885 960 2940 beatus
985 2881 1189 2938 Petrus
1205 2882 1436 2938 insinuat
1461 2901 1474 2937 :
1505 2881 1556 2935 Μ
1565 2881 1874 2942 isericordes,
1900 2882 1981 2934 in-

393 2958 537 3027 quit,
567 2967 612 3010 et
641 2956 852 3010 humiles
871 2996 886 3021 ,
925 2971 1036 3027 non
1064 2955 1328 3027 recidentes
1355 2953 1549 3027 malum
1575 2951 1858 3027 promulo,
1891 2968 1980 3004 nec

393 3023 715 3100 maledictum
751 3044 840 3094 pro
873 3026 1137 3100 maledicto
1168 3024 1297 3100 (Id.
1330 3041 1406 3088 ιιι,
1436 3025 1490 3100 8,
1522 3027 1553 3078 9
1575 3023 1616 3100 )_.
1657 3023 1979 3100 Auferautur

394 3099 571 3153 omnia
597 3099 842 3166 ﬁgmenta
875 3094 1188 3164 verborum,
1204 3103 1416 3166 cessent
1443 3094 1676 3150 simulati
1703 3102 1902 3166 gestus,
1927 3101 1980 3147 et

393 3179 518 3223 ante
559 3165 890 3222 occasionem
937 3183 1116 3222 sermo
1163 3165 1420 3238 placidius.
1473 3167 1663 3220 Verum
1723 3165 1976 3238 humilem

393 3241 646 3308 patientia
693 3237 924 3293 ostendit
967 3236 1194 3306 injuriai.
1245 3237 1430 3308 Nullus
1472 3251 1599 3306 ergo
1645 3251 1878 3308 unquam
1923 3236 1976 3289 in

395 3307 574 3365 mente
601 3318 686 3363 tua
717 3310 874 3362 ullius
899 3309 969 3363 sit
993 3310 1103 3362 vitii
1135 3310 1322 3372 locus;
1351 3307 1482 3362 nihil
1513 3309 1562 3361 in
1593 3319 1644 3363 te
1669 3307 1976 3378 superbum,

393 3382 522 3435 nihil
553 3396 828 3450 arrogans,
851 3380 980 3434 nihil
1000 3378 1229 3450 denique
1259 3377 1785 3450 fastidiosum._Apud
1813 3378 1978 3450 Deum

393 3467 501 3506 non
527 3459 609 3505 est
637 3447 921 3520 quidquam
952 3447 1246 3506 humilitate
1275 3449 1572 3504 sublimius.
1599 3447 1716 3517 Ipse
1747 3448 1981 3520 loquitur

396 3539 490 3592 per
521 3519 860 3591 prophetam,
891 3521 1058 3592 Super
1081 3539 1229 3592 quem
1253 3521 1408 3575 alium
1436 3521 1732 3590 respiciam,
1763 3519 1858 3571 nisi
1895 3535 1981 3592 ειιτ

395 3590 484 3662 per
504 3590 738 3646 humilem
769 3607 816 3645 et
839 3590 1056 3662 quietum
1079 3590 1102 3654 ,⁷
1130 3603 1176 3646 et
1200 3599 1488 3645 trementem
1519 3606 1770 3662 sermones
1803 3590 1981 3662 meos?

397 3660 568 3734 (lsai.
593 3679 738 3728 LXVI,
772 3661 870 3734 2.)
900 3671 954 3718 et
979 3663 1330 3734 nunquamin
1353 3663 1491 3734 iram
1525 3660 1836 3716 exardescat
1861 3661 1978 3714 ani-

395 3732 534 3799 mus,
557 3734 698 3804 quod
721 3743 802 3788 est
829 3732 1172 3788 Seminarium
1201 3733 1328 3786 odii.
1352 3732 1553 3804 Tantus
1575 3740 1806 3786 mentem
1835 3739 1977 3784 tuam

393 3803 598 3871 repleat
627 3806 785 3858 timor
825 3805 936 3870 Dei,
967 3815 1022 3858 ut
1062 3805 1318 3874 indignari
1360 3803 1578 3857 omnino
1611 3817 1734 3874 non
1758 3804 1974 3874 audeas,

345 3889 347 3892 ‘
391 3883 450 3928 et
474 3875 604 3927 iram
631 3885 778 3929 metu
809 3875 1009 3930 vincas.
1039 3872 1233 3930 Beatus
1261 3875 1549 3943 Apostolus
1575 3872 1837 3927 mandans
1861 3873 1978 3928 ani-

395 3959 534 3996 mam
558 3953 814 4007 nostrain,
835 3961 1060 4014 eamque
1083 3947 1136 3998 in
1157 3945 1510 3998 habitaculum
1537 3944 1630 3996 Dei
1655 3958 1976 4011 pra-parans,

393 4014 589 4068 clamat
612 4023 666 4069 et
692 4015 820 4068 dicit
843 4032 854 4066 :
889 4013 1064 4069 Omnis
1093 4015 1398 4077 amaritudo,
1421 4023 1464 4068 et
1485 4014 1584 4077 ira,
1607 4024 1652 4066 et
1674 4014 1974 4082 indignatio,

393 4093 438 4137 et
462 4084 672 4150 clamor,
696 4095 740 4138 et
759 4084 1072 4152 blasphemia
1089 4091 1350 4154 auferatur
1369 4103 1399 4137 α
1419 4083 1554 4138 vobis
1575 4101 1687 4137 cum
1708 4084 1843 4136 onmi
1865 4099 1978 4135 ma-

393 4154 504 4225 litia
524 4155 738 4225 (Ephes.
764 4172 836 4219 iv,
861 4157 972 4225 51).

463 4224 689 4282 CAPUT
721 4226 860 4281 XXI.
882 4224 954 4266 -έ
977 4227 1295 4281 Adulatores
1327 4236 1384 4280 ut
1405 4225 1648 4280 inimicos
1676 4240 1825 4291 cave,
1847 4240 1980 4295 quo-

395 4313 514 4379 ium
537 4311 1000 4379 sermonesﬂsupet:
1015 4299 1189 4379 oleum
1212 4297 1420 4379 molles,
1442 4306 1498 4351 et
1517 4297 1616 4379 ipsi
1637 4307 1760 4351 sunt
1779 4297 1973 4379 jacula.

395 4366 758 4438 Corrumpunt
805 4369 940 4424 lictis
986 4369 1227 4423 laudibus
1271 4369 1414 4423 leves
1462 4366 1700 4432 animas,
1742 4368 1977 4438 etimale

393 4437 639 4494 credulis,
669 4440 934 4494 mentibus
971 4439 1222 4494 blandum
1262 4439 1450 4494 vulnus
1497 4438 1756 4508 inlligunt.
1797 4437 1977 4492 Crevit

393 4508 496 4564 hoc
537 4511 588 4564 in
633 4519 814 4565 nostra
853 4519 1010 4566 aetate
1037 4512 1254 4578 vitium,
1283 4519 1338 4565 et
1365 4511 1415 4564 in
1449 4510 1634 4564 ultimo
1663 4511 1768 4563 line
1793 4509 1972 4576 stetit,

393 4595 494 4636 nec
528 4580 638 4650 jam
667 4583 846 4651 augeri
883 4591 1076 4651 potest.
1117 4581 1170 4634 In
1213 4581 1349 4635 hanc
1384 4595 1574 4635 onmes
1601 4595 1699 4634 nos
1737 4580 1974 4634 scholam

391 4651 731 4720 studiumque
764 4653 1028 4719 dedimus,
1061 4663 1119 4708 ut
1145 4651 1378 4706 officium
1421 4660 1666 4720 putemus
1713 4651 1969 4716 illudere;

391 4725 635 4792 quodque
656 4723 756 4792 ipsi
780 4724 846 4778 ab
871 4725 988 4777 aliis
1019 4726 1240 4779 libenter
1267 4723 1576 4792 accipimus,
1601 4721 1652 4775 id
1679 4722 1798 4775 aliis
1822 4723 1974 4791 quasi

395 4793 660 4864 quoddam
691 4807 883 4850 munus
907 4793 1176 4848 offerimus
1194 4835 1208 4860 ,
1236 4804 1289 4848 et
1317 4809 1411 4864 spe
1437 4793 1754 4862 recipiendae
1779 4793 1970 4864 laudis,

390 4877 484 4918 eos
509 4879 538 4916 a
565 4863 758 4933 quibus
799 4864 1002 4918 laudari
1039 4865 1304 4932 volumus,
1332 4863 1456 4919 ante
1494 4865 1788 4918 laudamus.
1819 4863 1974 4932 Saepe

392 4933 718 4988 adulantium
745 4935 1040 4989 resistimus
1064 4937 1244 4990 verbis
1269 4935 1335 4990 ad
1364 4935 1550 4990 faciem
1566 4975 1581 5001 ,
1605 4944 1658 4990 et
1685 4936 1734 4988 in
1764 4945 1974 4990 secreto

395 5006 588 5060 mentis
628 5004 898 5070 favemus,
931 5007 1328 5075 maximumque
1373 5005 1599 5060 fructum
1641 5005 1848 5074 cepisse
1875 5021 1974 5060 nos

393 5075 652 5140 ducimus,
679 5077 722 5146 si
749 5076 832 5128 vel
861 5077 996 5130 lictis
1023 5077 1264 5130 laudibus
1296 5077 1664 5144 praedicantur.
1689 5075 1796 5130 Nec
1825 5077 1971 5146 cogi-

395 5155 570 5216 tamus
589 5145 715 5215 quid
737 5147 836 5216 ipsi
864 5148 1050 5213 simus,
1074 5147 1168 5201 sed
1190 5148 1314 5216 quid
1335 5149 1516 5202 alteris
1537 5162 1656 5202 esse
1675 5145 1968 5201 videanmr.

395 5215 547 5287 Unde
575 5232 641 5272 eo
661 5215 912 5285 perducta
933 5233 1020 5272 res
1049 5227 1150 5282 est,
1181 5215 1236 5272 ut
1265 5219 1502 5287 neglecta
1531 5218 1752 5272 veritate
1773 5217 1970 5283 meriti,

392 5285 462 5342 de
487 5288 599 5342 sola
622 5288 874 5356 opinione
899 5303 1144 5342 curemus
1163 5331 1178 5355 ,
1211 5289 1300 5358 qui
1331 5285 1689 5358 testiinonium
1719 5287 1840 5342 vita:
1872 5305 1971 5342 no-

393 5366 520 5412 stra:
547 5375 652 5413 non
679 5375 708 5412 a
733 5361 1058 5414 conscientia
1089 5368 1265 5414 nostra
1284 5399 1298 5420 ,
1339 5360 1432 5413 sed
1473 5375 1502 5412 a
1543 5357 1679 5412 fama
1722 5360 1988 5427 petimus,

396 5427 556 5500 Beata
585 5445 736 5484 mens
759 5437 874 5496 est,
903 5445 1021 5500 quae
1051 5429 1284 5499 perfecte
1312 5429 1412 5484 hoc
1438 5429 1619 5483 vitium
1652 5425 1842 5495 vincit,
1873 5425 1990 5484 nee‘

395 5499 638 5554 adulatur
663 5499 964 5570 aliquando,
991 5517 1086 5556 nec
1115 5501 1346 5554 adnlanti
1373 5501 1576 5565 credit;
1605 5515 1722 5569 qua:
1750 5515 1848 5554 nec
1874 5501 1972 5556 dc-

395 5569 522 5641 cipit
548 5569 791 5636 alterum,
825 5587 922 5626 nec
953 5571 1059 5641 ipsa
1091 5571 1368 5639 decipitur,
1397 5580 1706 5640 tantumque
1735 5570 1833 5624 hoc
1857 5588 1968 5625 ma-

391 5639 502 5696 lum
535 5657 632 5696 nec
663 5643 786 5696 facit
811 5639 1096 5711 aliquando
1126 5659 1224 5696 nec
1253 5645 1464 5711 patitur.
1491 5639 1633 5694 Nihil
1661 5657 1890 5711 unquam
1921 5645 1970 5698 in

395 5719 446 5764 te
485 5711 662 5768 fictum
705 5715 806 5779 sit,
853 5714 981 5767 nihil
1031 5715 1247 5768 omnino
1293 5713 1542 5766 fucatam.
1577 5713 1970 5768 Conscientiam

394 5790 538 5846 tuam
559 5825 575 5858 ,
613 5800 734 5858 qua:
777 5798 924 5844 certe
953 5785 1063 5844 Deo
1093 5800 1307 5864 semper
1335 5793 1509 5862 patet,
1543 5785 1594 5840 in
1633 5785 1970 5843 multitudine

1847 291 2213 350 APPENDIX.

3543 299 3683 366 Itis

2097 403 2295 484 versari
2335 413 2482 484 puta.
2519 403 2970 484 Nunquamaliud
2999 407 3162 484 corde
3183 448 3200 474 ,
3229 409 3371 484 aliud
3399 428 3493 471 ore
3529 431 3668 484 prae-

2098 419 2295 458 versart
2375 418 2482 458 uta.
2520 418 2800 476 numquam
2827 418 2970 461 aliud
2999 418 3162 464 corde
3183 448 3200 474 ,
3229 418 3371 467 aliud
3399 428 3493 471 ore
3529 431 3667 484 prte-

2098 474 2302 554 teiidas.
2325 418 2585 544 Suidquid
2615 477 2775 554 pudet
2797 477 2992 554 dicere,
3019 479 3212 548 pudeat
3230 483 3390 554 etiam
3411 486 3667 554 cogitare.

2097 544 2228 598 Illud
2255 561 2386 622 vero
2410 557 2592 600 notum
2615 544 3002 622 jam_omiiibus
3021 544 3186 620 atque
3211 544 3534 622 divulgatum
3565 564 3666 622 est,

2092 631 2250 696 quam
2278 617 2420 671 utilis
2441 633 2703 696 quamque
2734 619 2862 696 huic
2881 617 3150 689 proposito
3172 617 3468 696 necessaria
3491 633 3574 679 est
3589 617 3673 694 je;

2088 687 2358 762 juniorum
2385 695 2436 742 et
2463 687 2796 762 abstinentia:
2815 687 3012 756 virtus,
3041 694 3274 748 maxime
3301 693 3356 747 in
3388 693 3470 749 his
3495 687 3667 762 annis,

2093 757 2147 809 in
2176 759 2367 826 quibus
2399 759 2608 828 corpori
2638 761 2806 828 major
2830 770 2990 816 :estus
3017 763 3314 818 inest..Non
3343 757 3666 824 manducare

2093 828 2270 904 itaque
2297 831 3159 904 carnem,Aneqiiebibereviiiuni
3179 877 3193 900 ,
3224 837 3510 904 apostolica
3540 851 3669 892 voce

2091 897 2358 954 laudatum
2401 909 2502 954 est.
2541 897 2806 975 Quidquid
2852 903 2980 956 illud
3029 913 3110 958 est
3154 897 3294 975 quod
3341 905 3671 964 inflammare

2091 979 2534 1048 corpus_potest,
2579 973 2720 1048 quod
2767 973 3076 1048 fomentum
3105 973 3335 1046 suggerit
3375 977 3668 1048 voluptati,

2091 1041 2348 1118 castitatis
2375 1056 2556 1118 amore
2584 1041 2886 1118 fugiendum
2907 1055 3006 1118 est.
3031 1044 3142 1100 Nec
3169 1041 3442 1118 tamenita
3477 1041 3670 1118 magno

2091 1107 2246 1188 hujus
2273 1111 2348 1165 rei
2379 1112 2560 1167 labore
2585 1107 2792 1188 gravari
2825 1123 2876 1168 te
2899 1115 3142 1188 volumus
3163 1157 3176 1181 ,
3205 1129 3260 1171 ut
3283 1117 3383 1172 sub
3413 1119 3528 1188 ipso
3557 1107 3668 1174 sta-

2091 1181 2184 1256 tim
2224 1197 2388 1237 onere
2431 1181 2743 1256 succumbas
2771 1201 2785 1238 :
2815 1200 2913 1256 per
2949 1185 3091 1255 quod
3129 1189 3310 1254 multi,
3337 1181 3462 1242 dum
3505 1190 3669 1245 nimio

2089 1248 2298 1328 fervore
2320 1253 2510 1328 mentis
2535 1255 2794 1310 rationem
2815 1248 3028 1310 suarum
3051 1257 3238 1312 virium
3263 1248 3368 1312 non
3387 1260 3666 1328 haberent,

2087 1322 2264 1400 subito
2289 1323 2670 1400 conciderunt,
2707 1336 2762 1400 et
2789 1342 2924 1395 pene
2959 1337 3083 1382 ante
3120 1328 3476 1396 debilitatem,
3505 1322 3664 1400 quani

2087 1394 2444 1474 sanctitatem,
2467 1394 2534 1450 de
2557 1394 2824 1474 proposito
2849 1412 2946 1474 suo
2965 1401 3236 1474 consecuti
3249 1410 3398 1474 sunt.
3423 1394 3667 1470 Optimus

2087 1473 2170 1540 est
2197 1465 2246 1518 in
2277 1465 2422 1518 omni
2451 1481 2507 1540 re
2537 1467 2762 1540 modus,
2793 1477 2846 1522 et
2875 1469 3150 1540 laudabilis
3177 1471 3368 1540 ubique
3397 1465 3664 1528 mensura.

2085 1533 2293 1614 Corpus
2315 1551 2418 1589 non
2445 1533 2810 1614 frangendum,
2831 1539 2928 1614 sed
2955 1541 3241 1614 regendum
3268 1533 3370 1597 est.
3396 1543 3514 1614 Sint
3537 1559 3666 1614 ergo

2083 1605 2360 1678 moderata
2379 1605 2588 1678 sancta,
2613 1618 2668 1663 et
2689 1610 2946 1678 simplicia
2976 1605 3196 1665 inomni
3227 1615 3417 1668 mentis
3445 1605 3663 1669 humili-

2089 1683 2193 1751 tate
2223 1677 2453 1745 jejunia,
2491 1696 2609 1748 qua:
2651 1680 2719 1734 ita
2761 1691 3036 1735 attenuent
3071 1697 3292 1751 corpus,
3324 1699 3390 1738 ne
3431 1685 3666 1740 animum

2085 1745 2322 1822 elevent;
2352 1763 2418 1802 ne
2449 1745 2533 1804 res
2558 1751 2868 1822 humilitatis
2891 1752 3068 1821 gignat
3092 1745 3424 1822 superbiam,
3457 1763 3510 1810 et
3537 1757 3664 1810 vitia

2083 1816 2152 1870 de
2189 1819 2391 1892 virtute
2423 1831 2722 1892 nascantur.
2761 1816 2910 1892 Ego,
2935 1816 3137 1892 inquit,
3160 1816 3281 1877 cum
3307 1816 3430 1878 mihi
3459 1825 3656 1880 molesti

2084 1899 2272 1954 essent,
2304 1889 2547 1965 indueliar
2573 1891 2758 1965 cilicio,
2791 1889 2836 1947 et
2867 1889 3195 1965 humiliabam
3237 1896 3290 1948 in
3321 1897 3521 1965 jejunio
3551 1898 3665 1950 ani-

2083 1974 2218 2034 mum
2245 1960 2601 2034 iiieanthsal.
2629 1979 2822 2030 xxxnv,
2852 1965 2960 2034 15).
2989 1964 3160 2018 Vestis
3187 1960 3433 2034 abjec'ti'o,
3462 1967 3568 2020 cibi
3590 1968 3667 2022 vi—

2085 2029 2223 2094 litas,
2246 2029 2728 2102 jejuniilassitudo,
2749 2029 3084 2102 exstinguere
3099 2029 3312 2099 debent,
3338 2029 3442 2091 non
3463 2038 3666 2093 nutrire

2083 2101 2410 2170 superbiam.
2435 2102 2566 2169 Quis
2592 2120 2705 2160 rem
2735 2101 3010 2161 medicina:
3035 2108 3222 2160 vulnus
3256 2108 3430 2170 faciat,
3461 2117 3514 2162 et
3541 2107 3666 2164 inde

2083 2185 2210 2224 sana
2241 2173 2398 2228 laedat
2421 2190 2662 2244 quicque,
2689 2177 2826 2230 unde
2844 2176 2951 2245 jam
2979 2178 3103 2231 laesa
3131 2177 3362 2232 curanda
3391 2179 3552 2232 sunt?
3573 2187 3665 2232 aut

2082 2257 2200 2352 qiuip
2215 2246 2492 2352 supercqit
2513 2261 2636 2314 spes
2657 2247 2862 2312 salutis,
2887 2247 2932 2301 si
2959 2249 3058 2302 ista
3079 2249 3272 2303 animat
3293 2248 3525 2303 remedia
3551 2249 3664 2319 ipsa

2084 2351 2089 2352 ,
2134 2331 2161 2352 ll
2250 2330 2412 2352 nnunn

2083 2323 2186 2366 Sint
2215 2329 2415 2368 venena
2433 2323 2448 2367 ‘t

2154 2384 2378 2441 CAPUT
2406 2385 2572 2459 XXII.
2593 2417 2664 2427 —
2687 2387 2946 2442 Laborem
2968 2387 3155 2459 jejunii
3181 2389 3256 2444 tui
3284 2389 3664 2446 misericordiae

2083 2469 2244 2530 opera
2273 2458 2764 2530 commendent,et
2790 2458 3108 2514 abstinentia
3140 2470 3226 2514 tua
3253 2475 3542 2530 pauperum
3571 2476 3662 2516 re-

2083 2525 2314 2602 fectione
2339 2527 2408 2602 sit
2431 2529 2648 2602 gratior.
2677 2529 2928 2584 Dominus
2954 2530 3186 2602 loquitur
3209 2525 3304 2602 per
3327 2525 3662 2602 preplietam,

2083 2547 2314 2580 iectwne
2339 2547 2408 2580 snt
2431 2547 2648 2596 gratior.
2677 2547 2928 2584 uominus
2955 2547 3006 2584 io
3047 2547 3186 2588 nitur
3209 2547 3304 2602 per
3327 2547 3662 2602 propnetam,

2083 2595 2488 2674 yismicordiqm
2511 2601 2644 2674 polo,
2669 2608 2838 2674 etnon
2867 2547 3176 2674 sacri/(icium
3202 2601 3355 2674 (Osee
3378 2617 3450 2674 v1,
3481 2601 3534 2674 6)
3565 2621 3577 2656 :
3609 2603 3662 2658 in

2084 2665 2372 2740 Evangelia
2399 2667 2594 2723 Christi
2625 2671 2784 2724 verba
2821 2665 3074 2740 legimus,
3107 2665 3252 2726 Beati
3284 2665 3662 2740 misericordes,

2081 2739 2318 2862 quoniam
2343 2740 2438 2809 ipsi
2463 2741 2856 2794 misericordiam
2877 2739 3240 2810 consequentur
3268 2741 3480 2815 (Matth.
3505 2759 3562 2808 ν,
3586 2739 3664 2816 7).

2123 2807 2209 2862 ed.
2237 2824 2439 2862 auaeso.
2473 2809 2608 2862 hanc
2637 2825 2815 2862 curam
2845 2813 2959 2862 vice
2987 2822 3070 2862 tua
3101 2814 3216 2862 avia
3245 2821 3520 2862 maternae
3545 2830 3664 2862 sus-

2123 2807 2209 2884 ed,
2237 2807 2439 2884 quiest),
2473 2809 2608 2884 hanc
2637 2825 2815 2864 curam
2845 2813 2959 2866 vice
2987 2807 3070 2866 tua
3101 2814 3216 2866 avia
3245 2807 3520 2884 materque
3545 2807 3664 2868 Stis-

2083 2877 2317 2953 cipiant_;
2349 2880 2574 2953 illtehas
2607 2889 2784 2950 partes
2811 2897 2907 2951 pro
2931 2891 2983 2936 te
3009 2891 3200 2953 agant,
3229 2884 3332 2938 illa:
3359 2877 3666 2940 thesaurum

2085 2957 2229 3003 tamn
2279 2951 2332 3005 in
2376 2951 2570 3006 coelum
2611 2953 2804 3010 levent.
2847 2951 3061 3006 Illarum
3102 2955 3170 3008 sit
3199 2953 3494 3010 esurientes
3520 2956 3666 3010 alere

2083 3021 2224 3086 cibo,
2243 3023 2438 3076 vestire
2459 3023 2648 3086 nudos,
2673 3024 2887 3078 visitare
2913 3023 3172 3088 infirmos,
3193 3025 3503 3094 peregrinos
3527 3035 3668 3080 tecto

2083 3093 2373 3165 suscipere,
2399 3101 2454 3165 et
2473 3095 2660 3165 aiterni
2684 3109 2778 3165 Spe
2807 3096 3008 3164 pra-inii
3029 3093 3242 3152 Christo
3265 3093 3667 3165 in’pauperibus

2083 3159 2329 3237 funerari,
2349 3164 2438 3237 qui
2459 3164 2611 3237 dixit,
2634 3159 2990 3236 Quodcumque
3005 3166 3191 3237 fecistis
3207 3167 3296 3219 uni
3312 3159 3374 3220 ei:
3390 3159 3468 3220 his
3489 3167 3668 3237 fratri-

2084 3233 2173 3286 bus
2201 3235 2322 3288 meis
2345 3236 2587 3310 minimis,
2617 3237 2740 3310 mihi
2771 3233 2957 3305 fecistis
2980 3233 3188 3310 (Idem.
3214 3253 3346 3304 xxv,
3391 3237 3460 3292 40
3550 3237 3666 3296 Tibi

2082 3319 2209 3356 vero
2244 3307 2474 3360 maxime
2513 3308 2638 3360 dum
2685 3307 2734 3360 in
2781 3309 3052 3376 preposito
3083 3317 3405 3362 maturescat
3433 3307 3664 3375 animus,

2083 3376 2149 3430 ab
2173 3377 2418 3447 omnibus
2447 3378 2880 3447 occupationibus
2905 3379 3262 3434 recedendum
3293 3387 3396 3443 est,
3429 3386 3484 3434 et
3509 3393 3668 3434 omne

2083 3445 2347 3518 studium,
2375 3445 2651 3518 omnisque
2676 3463 2801 3502 cura
2835 3451 2888 3502 in
2917 3450 3226 3504 ordinaudis
3250 3449 3490 3504 moribus
3513 3451 3666 3504 exhi-

2083 3517 2276 3572 benda.
2305 3517 2505 3585 Quibus
2549 3517 2620 3572 ita
2661 3533 2849 3574 vacare
2883 3519 3080 3584 debes,
3110 3529 3164 3575 et
3204 3528 3368 3574 totam
3403 3534 3665 3590 occupare

2085 3598 2338 3654 mentem,
2356 3597 2413 3642 ut
2437 3605 2542 3642 non
2562 3590 2778 3645 divitem
2803 3599 2854 3645 te
2875 3591 3073 3646 sentias
3094 3605 3232 3654 esse,
3253 3606 3350 3645 nec
3371 3589 3664 3646 dominam.

2085 3659 2384 3713 Nobilitatis
2404 3659 2472 3712 ad
2495 3659 2596 3714 hoc
2619 3669 2820 3715 tantum
2849 3662 3176 3728 memineris,
3200 3670 3256 3716 ut
3279 3677 3400 3716 cum
3427 3661 3667 3716 claritate

2083 3731 2294 3798 generis
2311 3745 2517 3784 morum
2539 3734 2815 3786 sanctitate
2830 3733 3121 3786 contendas
3140 3749 3154 3797 ;
3177 3741 3232 3786 et
3250 3747 3372 3788 cum
3389 3733 3666 3787 nobilitate

2083 3801 2528 3873 corporisganimi
2561 3803 2762 3873 rvirtnte
2801 3804 3030 3858 nobilior
3074 3801 3352 3872 proficias;
3395 3804 3666 3873 magisque

2084 3871 2172 3943 illa
2213 3871 2484 3926 nobilitate
2521 3872 2797 3943 glorieris,
2828 3891 2946 3943 qute
2987 3871 3122 3928 filios
3154 3873 3250 3928 Dei
3278 3883 3332 3927 et
3359 3871 3664 3928 eohairedes

2082 3942 2277 4013 Christi
2307 3943 2445 4013 facit.
2477 3942 2558 4013 Ad
2585 3957 2742 4011 quam
2771 3945 2810 3996 si
2844 3942 3056 4013 semper
3085 3943 3364 4012 inspicias,
3389 3943 3516 3996 dum
3545 3957 3662 3998 ενοι

2083 4011 2164 4066 dis
2190 4011 2438 4083 gaudium
2471 4019 2521 4064 te
2549 4011 2742 4067 habere
2767 4014 2906 4082 quod
2940 4011 3109 4083 majus
3135 4011 3246 4078 est,
3273 4013 3474 4068 desinis
3503 4013 3569 4068 de
3595 4029 3662 4068 co

2081 4083 2221 4152 quod
2255 4081 2428 4134 minus
2457 4091 2540 4136 est
2565 4081 2799 4151 gloriari;
2829 4081 3140 4138 Omnis—ista
3185 4083 3423 4152 j'iraaclari
3452 4085 3664 4152 generis

2081 4153 2328 4225 dignitas,
2351 4164 2406 4205 et
2427 4153 2630 4225 illustre
2651 4153 2822 4207 Anicii
2848 4155 3120 4225 sanguinis
3138 4154 3320 4220 decus,
3345 4155 3410 4208 ad
3432 4155 3662 4208 animam

2081 4223 2488 4277 transferantur.
2507 4223 2602 4278 Ille
2621 4225 2816 4290 clarus,
2841 4225 2932 4280 ille
2951 4223 3212 4290 sublimis,
3238 4225 3327 4280 ille
3348 4225 3418 4279 sit
3439 4225 3660 4290 nobilis;

2082 4295 2323 4366 illeituuc
2349 4294 2606 4364 integram
2633 4294 2962 4350 nobilitatem
2989 4311 3138 4351 suam
3169 4311 3388 4351 servare
3411 4311 3470 4351 se
3492 4305 3661 4366 putet,

2081 4367 2126 4420 si
2155 4365 2474 4434 (indignetur
2501 4366 2703 4421 servire
2731 4367 2899 4430 vitiis,
2929 4367 2998 4420 ab
3027 4369 3210 4436 eisque
3239 4382 3344 4421 non
3375 4365 3616 4436 superari
3642 4384 3656 4420 :

2081 4451 2111 4490 a
2133 4451 2237 4506 quo
2259 4437 2402 4490 enim
2424 4438 2542 4506 quis
2562 4447 2863 4506 superatur,
2878 4437 3036 4506 hujus
3055 4447 3110 4493 et
3128 4435 3311 4494 Servus
3331 4447 3415 4493 est
3434 4435 3498 4507 (ll
3517 4435 3660 4492 Petr.

2082 4523 2119 4570 I,
2141 4509 2252 4575 19).
2277 4507 2412 4574 Quid
2431 4508 2572 4562 enim
2595 4507 2694 4562 hac
2712 4509 2966 4564 servitute
2981 4509 3142 4562 animi
3167 4509 3449 4579 indignius,
3469 4509 3660 4578 quidve

2081 4579 2316 4649 turpius,
2347 4593 2502 4648 quam
2533 4595 2656 4633 cum
2699 4579 2748 4632 in
2794 4595 2860 4634 eo
2903 4589 2995 4633 aut
3033 4579 3335 4634 dominatur
3361 4579 3540 4634 odium
3573 4589 3665 4635 aut

2079 4661 2264 4720 regnat
2293 4649 2523 4704 invidia?
2547 4665 2703 4720 quam
2733 4665 2853 4705 cum
2883 4665 3003 4705 eum
3039 4661 3128 4705 aut
3157 4651 3374 4704 avaritia
3405 4650 3662 4720 possidet,

2079 4731 2172 4774 aut
2198 4731 2410 4790 captum
2441 4721 2517 4776 ira
2551 4729 2725 4786 tenet,
2755 4723 2840 4776 vel
2867 4731 3016 4776 certe
3041 4731 3231 4776 etetera
3263 4721 3362 4774 sibi
3395 4723 3515 4775 vitia
3545 4723 3664 4776 vin-

2081 4791 2300 4846 dicant?
2327 4791 2439 4846 Non
2472 4802 2554 4847 est
2580 4792 2722 4862 quod
2755 4793 2854 4846 sibi
2883 4793 3075 4862 aliquis
3103 4793 3169 4847 de
3198 4791 3472 4846 nobilitate
3497 4807 3662 4862 gene—

2079 4865 2153 4917 ris
2183 4863 2498 4926 blandiatur,
2529 4865 2571 4916 si
2601 4880 2665 4917 ex
2693 4864 2912 4918 meliore
2939 4873 3090 4933 parte
3117 4863 3179 4917 Iit
3205 4862 3432 4917 famulus
3457 4863 3662 4933 :rmulto

2077 4941 2160 4988 est
2205 4933 2469 5002 indignius
2515 4944 2692 4990 mente
2736 4932 2968 5002 servire,
2994 4949 3153 5004 quam
3197 4947 3440 5002 corpore.
3467 4932 3666 5003 Super—

2079 5005 2244 5076 lluum
2267 5005 2498 5058 arbitror
2526 5016 2576 5060 te
2597 5021 2844 5070 monere,
2873 5003 3030 5076 quam
3055 5019 3214 5076 parca
3241 5003 3294 5058 in
3317 5005 3656 5076 procedendo

2077 5075 2276 5131 debeas
2302 5089 2442 5140 esse,
2466 5091 2622 5146 quam
2654 5093 2770 5130 rara
2793 5093 2807 5142 ;
2840 5075 2960 5130 cum
2991 5081 3044 5132 te
3059 5075 3174 5130 hoc
3201 5076 3360 5129 etiam
3388 5075 3662 5132 siccularis

2078 5147 2145 5200 ab
2187 5147 2406 5200 infantia
2435 5149 2682 5202 honestas
2712 5147 2981 5212 docuerit,
3011 5157 3064 5202 et
3091 5147 3244 5202 facile
3285 5147 3574 5217 intelligas,
3607 5146 3663 5202 id

2057 5217 2170 5272 tibi
2210 5217 2379 5271 multo
2421 5220 2588 5288 magis
2615 5219 2668 5272 in
2699 5217 2797 5272 hac
2822 5219 2926 5272 vita
2953 5233 3072 5273 esse
3108 5217 3426 5273 servandum
3449 5259 3464 5284 ,
3497 5233 3658 5288 quam

2079 5288 2310 5342 maxime
2340 5297 2602 5343 secretum
2629 5289 2802 5344 decet.
2827 5289 2960 5343 Illud
2987 5289 3270 5354 admoneo,
3297 5297 3356 5343 ut
3383 5289 3510 5358 ipsis
3530 5303 3663 5359 quo-

2079 5375 2182 5429 que
2201 5359 2626 5424 salutationibus,
2644 5375 2762 5430 quae
2785 5361 2877 5414 tibi
2898 5361 2948 5414 in
2970 5360 3212 5415 cubiculo
3234 5370 3323 5414 tuo
3343 5359 3660 5415 exhibendae

2078 5439 2236 5494 sunt,
2265 5431 2622 5486 certissimum
2665 5430 2882 5486 modum
2923 5447 3088 5500 ponas
3117 5450 3132 5486 :
3164 5448 3268 5486 non
3313 5432 3418 5485 sint
3451 5431 3660 5499 nimiae,

2079 5517 2250 5570 neque
2273 5501 2614 5572 quotidianae,
2643 5517 2710 5556 ne
2735 5517 2840 5556 non
2870 5513 2974 5558 tam
3004 5501 3234 5558 officium
3263 5517 3420 5572 quam
3451 5502 3659 5572 inquie-

2082 5575 2315 5626 tudinem
2347 5585 2598 5642 prtestare
2617 5572 2916 5627 videantur.

2149 5641 2374 5698 CAPUT
2420 5643 2606 5700 XXIII.
2633 5673 2706 5684 -—
2743 5643 2807 5698 Et
2847 5657 3144 5714 quanquam
3189 5658 3348 5698 omne
3393 5641 3514 5696 vitae
3560 5653 3661 5700 tua

2081 5722 2288 5783 tempus
2335 5714 2515 5769 divino
2557 5715 2753 5770 debeas
2801 5713 2951 5784 operi
3000 5713 3342 5778 consecrare,
3375 5721 3430 5768 et
3462 5713 3664 5772 nullam

2081 5801 2298 5858 prorsus
2332 5793 2512 5850 horam
2545 5813 2566 5846 η
2596 5787 2854 5844 snirituali
2883 5789 3122 5860 proiectu
3143 5799 3362 5842 vacuam
3387 5799 3507 5843 esse
3531 5799 3663 5850 con-
