2042 3166
194 133 271 169 ⁴1117

201 188 302 218 verbum
325 187 388 220 Dei,
412 195 456 220 per
476 194 573 215 onmem
595 185 733 215 orationem
758 188 780 211 et
800 184 993 211 obsecrationem

198 223 309 260 implies.
324 220 493 260 “Adi-lii).
517 222 550 260 Et
569 222 691 260 quoniam
716 221 749 260 de
767 220 818 247 hoc
842 220 910 260 bello
926 220 994 260 licct

201 255 281 286 enim
297 257 402 284 l'cminis
416 255 589 291 triumphare}
604 256 771 291 suscipchaac
784 263 857 282 arma
872 255 953 286 Pauli,
966 261 994 282 et

201 294 268 321 tanti
295 293 443 320 hortatione
464 292 537 319 dticis
563 297 662 319 certam
688 298 818 326 praesume
843 291 991 317 victoriam.

202 330 264 357 "(EC
277 329 347 355 enim
358 328 379 355 si
394 332 422 354 tu
434 328 525 360 omnia
542 327 716 354 instrumenta
733 326 880 361 possideas.
899 333 992 353 srcura

202 364 330 401 procedes
342 363 374 390 ad
388 363 511 401 ‘prgelinm
525 363 670 401 spirituale,
682 369 730 401 nec
741 361 992 401 pavebisrdiabo'lum

201 396 261 427 cum
276 404 330 426 toto
340 396 457 425 exercitu
468 406 526 425 suo.
538 396 640 426 Cadent
649 397 719 424 enim
729 405 743 423 a
756 397 838 423 latcre
851 400 896 423 tuo
909 396 991 426 inillc.

201 440 227 463 et
242 434 332 461 decem
349 434 432 461 millia
446 442 459 459 a
475 433 576 461 dcxtris
587 433 648 464 tuis,
660 432 692 458 ad
704 436 729 458 te
741 436 826 458 autem
839 439 994 465 nonappro-

202 470 367 504 pinquabunt
380 469 463 504 (Paul.
482 476 526 499 xc,
544 469 582 503 ’7).
598 468 693 494 Beatus
706 475 810 504 quoque
823 466 936 504 Jacobus
949 466 993 494 ille

199 502 297 532 Christi
312 502 388 530 uiilcs‘
399 505 534 534 emeritus,
553 511 604 529 non
621 504 723 529 minore
743 502 819 529 nobis
834 502 993 529 auctoritate

200 541 233 568 de
249 541 298 566 hoc
313 540 383 566 bello
405 539 542 566 victoriam
568 538 726 572 pollicetur:
742 537 843 564 Subditi
854 558 861 570 ,
889 538 971 572 inquit
984 558 991 569 ,

200 580 277 603 estote
291 575 359 606 Deo;
370 575 475 601 resistite
484 571 686 605 autcm’diabolo,
702 577 725 599 et
738 572 815 606 fugiet
826 580 842 597 (ι
854 572 920 598 vobis
936 571 994 606 (Ja-

201 611 255 637 cobi
280 618 324 642 iv,
346 611 386 644 Ἴ).
411 609 530 636 Ostendit
552 608 685 644 quomodo
705 608 830 644 resistere
848 607 993 644 debeamus

200 646 318 676 diabolo,
335 646 355 671 si
367 642 458 679 'utiquc.
471 646 553 671 simus
563 642 660 670 subditi
676 644 738 675 Deo,
750 642 860 677 ejusque
872 642 992 679 faciendo

200 681 363 708 voluntatem
375 701 382 712 ,
397 677 425 706 ut
437 679 552 706 divinam
566 678 644 706 ctiam
661 686 811 705 mereamur
822 677 949 712 gratiam,
966 681 993 705 et

201 716 304 743 facilius
318 723 431 749 nequam
442 715 543 750 spiritui
555 714 653 741 auxilio
664 713 747 740 sancti
758 713 871 748 Spiritus
885 713 993 750 resista-

200 759 270 778 mus.
287 751 377 785 Ncquc
391 748 560 784 vero'apcrta
578 754 669 776 contra
680 756 733 785 nos
745 748 992 785 pugnatacieant-c

200 787 305 821 publica
322 783 458 812 uobiscum
474 783 558 811 fronte
572 784 757 821 congreditur;
774 783 896 821 seddolo
911 784 993 821 vincit

200 819 232 849 ac
245 821 346 853 fraude,
359 825 502 853 nostraque
517 825 609 847 contra
627 827 675 846 nos
695 820 776 846 utitur
791 819 935 845 voluntate.
954 819 991 846 De

201 864 334 884 consensu
348 861 438 882 nostro
453 856 620 882 adversarius
640 855 709 881 vires
722 854 832 888 accipit,
850 859 993 889 nostroque

201 900 261 924 nos,
276 897 301 918 ut
318 891 370 918 dici
386 891 463 922 solet,
476 890 575 925 jugulat
592 890 688 924 gladio.
704 890 828 917 lnllrinus
844 890 927 916 hostis
940 894 990 921 est,

222 928 246 953 ui
261 934 313 953 non
330 930 418 961 potest
431 927 537 952 vincere
551 926 602 952 nisi
616 925 757 951 volentem.
780 925 874 951 Procul
890 933 903 951 a
917 925 992 951 uoltis

222 935 246 953 ut
261 935 313 953 non
330 935 418 961 potest
431 935 537 952 vincere
551 935 602 952 nlSl
616 935 757 951 ΥΟΙΘΙΙΗἺΙΙ.
780 935 874 951 ιτυειιι
890 935 903 951 il
917 935 992 951 "UDIS

200 935 366 996 desperatio.
391 962 481 995 procul
506 961 592 987 omnis
614 961 646 987 ab
670 961 758 987 animo
780 960 885 986 rcccdat
911 968 993 995 pavor

202 995 426 1024 adversariorum.
443 996 499 1023 Non
514 996 679 1030 atljuvcmns,
692 995 737 1022 sed
752 996 888 1022 vincamus
899 996 993 1022 adver-

201 1033 296 1059 sarios.
313 1033 378 1059 Dant
398 1032 434 1058 illi
449 1031 555 1066 quidem
569 1031 727 1063 consilium,
744 1030 791 1057 sed
814 1036 933 1057 nostrum
953 1035 994 1058 cst

202 1068 245 1095 vel
259 1068 358 1100 eligere
372 1067 413 1093 vel
433 1074 558 1095 respuere
572 1066 640 1100 quod
665 1070 815 1100 suggerunt.
838 1066 894 1092 Non
921 1067 992 1092 enim

202 1102 332 1138 cogendo,
347 1102 393 1128 scd
408 1102 544 1138 suadendo
559 1106 653 1128 noccni
663 1109 737 1138 ;_non
749 1105 907 1138 extorquent
918 1109 930 1126 a
942 1109 993 1138 uo-

202 1136 246 1164 nis
260 1145 431 1170 consensum,
446 1137 491 1163 sed
517 1140 652 1171 expetunt.
678 1136 754 1163 Unde
781 1137 860 1163 etiam
884 1137 993 1163 Ananiae

201 1173 298 1199 dicitur
312 1182 318 1199 :
332 1172 416 1204 Quare
440 1172 542 1198 tentavit
565 1180 608 1198 cor
633 1177 701 1197 luunt
725 1176 836 1202 solantis,
858 1172 956 1198 mentiri
971 1176 994 1198 te

203 1208 311 1242 Spiritui
321 1212 408 1234 sancto
423 1206 488 1242 (Act.
506 1215 533 1238 v,
549 1206 595 1268 ΞΓ
608 1206 683 1240 Quod
700 1206 789 1241 iitiqne
805 1207 841 1233 illi
858 1207 993 1237 apostolus

203 1250 334 1268 nunnuam
348 1243 498 1268 imputaret.
510 1243 530 1268 si
544 1243 560 1268 it
583 1243 681 1268 absotie
694 1242 776 1268 iusius
787 1242 923 1268 voluntate
935 1242 993 1268 dia-

202 1250 334 1276 nunquam
348 1243 498 1275 imputaret,
510 1243 530 1268 si
544 1242 569 1268 id
583 1243 681 1276 absqtie
694 1242 776 1274 ipsius
787 1242 923 1268 voluntate
935 1242 993 1268 dia-

202 1278 280 1305 bolus
295 1277 483 1311 fecisset.lpsa
502 1278 580 1304 etiam
606 1277 660 1304 Eva
685 1277 743 1303 idco
764 1277 956 1304 condemnatur
978 1284 993 1304 a

203 1313 327 1345 Domino,
341 1314 402 1348 quia
416 1315 449 1339 ab
463 1320 495 1339 eo
509 1321 586 1345 quem
602 1317 703 1346 poterat
716 1320 853 1346 superare,
870 1317 993 1346 superata

203 1352 263 1375 est:
279 1356 328 1375 nec
347 1349 417 1375 enim
442 1349 582 1374 meruisset
604 1355 618 1373 a
641 1348 752 1373 Domino
770 1348 871 1381 justitia
896 1348 992 1382 puniri,

203 1390 263 1418 qua;
274 1383 343 1410 vicia
359 1388 409 1414 est,
421 1382 472 1408 nisi
486 1383 592 1409 vincere
604 1383 658 1416 ipsa
671 1383 807 1418 potuisset.

238 1417 350 1445 CAPUT
371 1417 464 1445 XXVI.
484 1432 520 1437 —
534 1418 778 1451 Htijusun-quissimi
795 1417 879 1444 hostis
893 1421 935 1444 est
950 1418 995 1445 illa

203 1454 245 1480 vel
260 1454 345 1487 prima
356 1453 496 1484 calliditas.
511 1458 536 1480 et
549 1460 593 1480 ars
603 1452 654 1479 doli
667 1453 753 1486 plena,
770 1453 878 1485 fatigare
896 1453 996 1487 cogita—

206 1489 322 1515 tionibus
335 1488 414 1515 rudes
434 1489 545 1520 animas,
560 1492 587 1514 et
599 1487 709 1514 novellis
731 1488 755 1514 in
772 1488 908 1522 proposito
921 1496 995 1515 men-

203 1523 275 1550 tibus
287 1524 320 1550 de
343 1524 398 1557 ipsa
410 1523 541 1550 interdum
557 1523 759 1550 conversatione
773 1523 868 1549 aitet-rc
895 1531 995 1550 mmro-

203 1566 271 1592 rem,
286 1563 315 1585 ut
329 1558 403 1586 facile
418 1559 451 1585 ab
471 1558 547 1593 hujus
562 1559 600 1586 rei
616 1558 732 1592 profectu
749 1558 915 1585 deterreatur
936 1559 994 1585 ani-

204 1601 263 1620 mus
275 1614 282 1626 ,
296 1594 372 1628 cujus
388 1594 461 1620 initia
474 1602 562 1620 amara
576 1593 738 1628 cognoverit.
751 1592 845 1628 itaque
858 1594 927 1621 solet
942 1598 994 1621 tam

204 1628 326 1656 sordidas
339 1637 526 1662 nonnunquam
541 1633 568 1656 et
580 1629 674 1663 impias
689 1629 863 1663 cogitationes
876 1629 995 1657 inserere

204 1664 296 1696 menti,
311 1669 340 1691 ut
358 1665 400 1698 qui
420 1669 544 1697 tentatur,
560 1664 623 1691 dum
645 1672 720 1691 suum
750 1664 815 1690 illud
839 1668 914 1698 putat
935 1671 996 1692 esse

204 1700 274 1733 quod
285 1700 391 1733 cogitat,
404 1700 562 1727 deteriorem
578 1707 608 1727 se
630 1707 677 1733 per
688 1699 810 1733 spiritum
830 1700 994 1727 immundum

203 1735 339 1769 proposito
350 1742 399 1761 suo
412 1736 554 1762 arbitretur
567 1735 702 1767 effectum,
715 1735 850 1769 multoque
861 1736 995 1769 puriorem

203 1770 319 1797 animam
342 1770 466 1797 habuisse
481 1778 510 1797 se
524 1770 630 1802 credat,
644 1778 703 1797 cum
730 1770 816 1797 adhuc
838 1777 881 1797 ros
905 1771 996 1798 smculi

203 1808 315 1832 amaret.
331 1805 393 1832 Vult
420 1806 489 1832 enim
513 1806 555 1838 iis,
570 1806 664 1840 quibus
688 1805 787 1831 invidet
808 1805 995 1834 callidissimus

204 1840 335 1871 inimicus,
357 1840 493 1867 horrorem
508 1840 636 1874 propositi
656 1848 689 1867 ex
707 1840 893 1875 desperatione
909 1842 996 1869 facere

204 1875 369 1902 sanctitatis:
384 1881 411 1902 ut
424 1883 471 1904 eos
485 1876 623 1903 obsidente
637 1875 750 1906 tristitia,
767 1877 815 1903 etsi
830 1884 844 1902 a
859 1877 995 1910 proposito

203 1917 256 1936 non
269 1915 385 1943 revocet,
397 1916 470 1938 certe
488 1912 598 1938 retineat
611 1919 626 1937 a
639 1911 767 1945 profectu.
791 1912 901 1944 Propter
924 1911 995 1946 quod

204 1945 319 1981 maxime
327 1951 477 1981 sanctarum
490 1947 536 1973 tibi
546 1946 742 1980 Scripturaruui
754 1946 870 1973 studium
885 1945 996 1981 diligen-

203 1980 266 2006 dum
281 1984 331 2012 est,
347 1980 516 2007 illuminanda
530 1981 626 2007 divinis
639 1982 751 2015 eloquiis
765 1982 862 2014 anima,
878 1986 904 2008 et
917 1980 996 2008 coru-

204 2019 295 2050 scante
315 2015 361 2042 llei
381 2016 461 2043 verbo
478 2016 575 2042 diaboli
596 2016 755 2050 repellendae
779 2021 841 2043 sunt
868 2017 993 2043 tenebrat.

203 2049 263 2077 Cito
284 2050 353 2077 enim
367 2050 430 2085 fugit
443 2051 487 2078 ille
503 2052 536 2077 ab
550 2059 580 2077 ca
602 2052 688 2078 anima
699 2072 706 2084 ,
721 2059 798 2085 quain
813 2059 902 2078 sermo
925 2051 994 2078 divi—

202 2085 413 2116 nus,illuminat.
429 2094 487 2121 quin
501 2086 653 2113 coelestibus
668 2094 774 2120 Semper
792 2087 995 2121 cogitationibus

205 2126 358 2155 occupatur,
382 2121 409 2148 in
422 2130 472 2156 qua
484 2122 620 2149 assiduum
646 2126 688 2149 est
714 2122 760 2149 Dei
786 2123 894 2149 verbum
919 2124 994 2155 cujus

178 2157 180 2159 ⁷
204 2155 256 2188 vim
273 2163 384 2190 nequam
399 2158 506 2191 spiritus
516 2166 568 2190 pun
582 2161 668 2191 potest
682 2157 761 2184 ferre.
774 2157 807 2184 Et
822 2158 919 2184 idcirco
934 2159 995 2185 lica-

200 2195 244 2225 tus
269 2191 331 2218 illud
349 2193 491 2225 Apostolus
510 2193 653 2227 spiritualis
677 2193 737 2226 belli
753 2193 821 2220 inter
836 2198 934 2223 canem
953 2195 994 2222 iii-

203 2231 349 2255 strumcnta
363 2228 623 2262 gladiocomparavit
634 2228 642 2263 (
654 2228 748 2263 Ep/tt’s.
763 2229 870 2263 νι,1’1).
887 2229 935 2256 Est
947 2238 994 2256 au-

202 2266 255 2298 tem
271 2263 427 2289 tutissimum
438 2269 517 2298 atquc
531 2263 686 2298 perfectum,
701 2268 729 2290 ut
742 2269 878 2291 assuescat
889 2264 993 2293 animus

201 2295 313 2337 sollicita
327 2306 432 2332 semper
446 2295 616 2337 pervigilique
634 2299 753 2337 custodia
770 2299 923 2337 discernere
946 2308 992 2327 co-

201 2333 343 2369 gitationes
358 2341 429 2365 smus.
444 2335 511 2361 clad
522 2333 642 2369 primum
658 2335 739 2362 animi
757 2340 857 2362 mottun
872 2336 912 2363 vel
932 2344 993 2369 pro-

200 2367 266 2405 bare
281 2369 326 2405 vel
335 2369 477 2403 reprobare
496 2367 565 2404 quod
579 2371 687 2405 cogitat.
702 2375 730 2397 ut
743 2371 782 2397 vel
797 2372 878 2398 bonas
891 2367 992 2405 cogita-

203 2403 288 2442 tiones
304 2404 367 2442 alat.
380 2405 420 2442 vel
434 2403 523 2432 statim
538 2403 688 2440 exstinguat
702 2407 794 2433 malas.
809 2406 857 2433 Hic
877 2403 992 2442 namque

202 2438 317 2477 foiisest
332 2439 410 2477 boni,
428 2444 454 2466 et
465 2442 542 2477 origo
556 2438 679 2475 peccandi
692 2450 700 2473 ;
716 2442 856 2477 omnisque
879 2438 993 2476 ingeniis

200 2473 287 2512 delicti
301 2474 326 2502 in
338 2475 418 2502 Corde
427 2473 588 2512 principium
606 2482 650 2505 est
663 2478 787 2511 cogitatio
796 2473 877 2512 ."qnte
897 2473 992 2505 u'num-

202 2509 325 2543 quodquc
338 2517 407 2548 opus
416 2511 485 2548 velut
499 2509 524 2538 in
536 2512 649 2546 quadam
668 2509 756 2544 cordis
770 2509 859 2540 tabula
874 2513 992 2548 depingit

199 2548 341 2580 antequam
361 2546 446 2571 iaciat.
460 2545 525 2572 Nam
542 2545 596 2578 Sive,
612 2549 653 2573 il‘c
669 2554 753 2576 actus.
768 2549 824 2576 sive
841 2545 931 2576 seruio
945 2545 988 2580 sit.

198 2584 226 2618 tit
241 2579 398 2618 proferatur.
416 2586 475 2607 ante
487 2583 650 2618 disponitur;
667 2588 690 2610 ct
703 2583 890 2618 Cogitationum
903 2579 991 2612 cousi¥

199 2614 413 2652 liotliscornitur
433 2617 500 2649 quod
522 2617 636 2644 futui-nm
658 2624 706 2645 c~t.
727 2614 805 2646 \Vides
824 2628 902 2652 quam
918 2619 991 2648 brevi

188 2649 331 2690 interdum
343 2656 477 2690 monii-tito
494 2661 604 2690 qumque
619 2655 666 2680 ista
683 2655 739 2688 quis
761 2649 876 2689 cogitet,
892 2656 991 2690 cogita-

198 2686 409 2725 taqneperllciat
424 2695 429 2712 :
445 2695 493 2713 ncc
505 2689 646 2722 quidquam
663 2686 771 2716 titilliinO
787 2686 827 2716 vel
845 2686 939 2725 linguri
948 2691 990 2718 vel

191 2723 606 2759 lniaiiucicterisquemembris
634 2726 719 2758 agitur
742 2725 790 2751 nisi
816 2723 991 2759 cogitationes

193 2762 259 2791 ante
268 2757 434 2787 diclavei'iiit.
452 2758 525 2785 Undc
540 2765 564 2785 ct
576 2761 701 2786 llotiiiiius
716 2761 740 2786 iu
752 2757 896 2791 Evangelii!
908 2762 986 2788 dicit:

223 2800 236 2818 ε
251 2793 324 2831 corde
339 2793 446 2831 hominis
464 2796 600 2831 procedunt
613 2796 775 2831 cogitationes
789 2796 872 2827 ηιαιιε.
888 2797 990 2824 adulte-

197 2827 284 2866 riuin,_
297 2829 439 2866 fornicatio,
464 2827 620 2864 homicidia,
643 2827 723 2865 furta,
749 2832 815 2866 falsa
836 2832 987 2866 testimonia,

195 2863 454 2904 avaritia-nequitia,
481 2866 566 2902 dolui,
588 2863 757 2903 impudicitia;
779 2867 869 2896 acutae
892 2863 986 2905 matus;

941 125 1127 167 arrisum.

1766 127 1835 162 11111

1046 183 1210 227 blasplmmia.
1226 183 1350 227 inperitia,
1365 182 1472 227 stultitia
1482 183 1631 227 integunt
1649 192 1705 226 ᾳνω
1719 186 1835 227 coinqui-

1046 225 1105 246 mmt
1120 220 1230 247 homines
1246 219 1348 256 (Matth.
1365 227 1410 256 xv,
1426 219 1471 256 19,
1486 219 1543 253 20).
1554 218 1720 256 Omnis'cigo
1735 218 1834 249 Soll‘i'ci-

1047 256 1108 281 tudo
1121 260 1175 286 tua,
1189 255 1275 281 omnis
1287 253 1397 281 intentio
1416 254 1493 282 debet
1510 262 1569 281 esse
1586 253 1808 283 cordis'custodia
1825 265 1832 284 :

1047 290 1080 317 ibi
1097 296 1121 316 te
1137 291 1251 317 maxime
1266 294 1370 325 oportet
1385 289 1526 317 observare
1539 295 1673 324 peccatum
1685 311 1692 323 ,
1705 291 1748 317 tibi
1762 294 1835 319 nascl

1046 326 1129 361 solet;
1155 325 1297 360 statimque
1319 325 1352 351 ad
1377 325 1488 360 primam
1516 326 1667 353 mutationis
1688 333 1837 361 repugnare

1046 360 1151 402 faciem,
1176 365 1203 387 ct
1224 361 1501 402 malum-antequam
1523 365 1633 393 crescat,
1655 360 1834 402 exstinguere.

1045 396 1176 423 Ncccnim
1190 395 1395 430 exspectandum
1412 400 1452 422 est
1465 395 1700 430 augnteiitiim,cjtis
1714 395 1762 428 rei,
1775 404 1835 431 qua:

1046 430 1221 458 timcridehct
1239 439 1252 458 a
1272 439 1361 466 parvo,
1374 434 1470 465 etquai
1491 435 1562 458 tanto
1582 430 1686 458 facilius
1707 430 1829 465 vincitur,

1046 465 1144 499 quanio
1159 466 1182 492 ei
1202 467 1279 493 citius
1294 469 1465 501 repugnatur.
1494 466 1553 493 Ideo
1580 467 1676 495 clamat
1698 466 1835 502 Scriptura

1045 501 1132 527 divina
1146 501 1449 538 {Omniutstodiu‘sema
1464 510 1507 528 cor
1523 506 1610 538 tuum;
1633 510 1664 528 ea:
1687 502 1743 538 ipso
1760 501 1835 529 enim

1045 537 1191 576 επί1.¹’,⁸.¹“ἰέἕέ
1206 536 1345 576 αἐτξιθρμν,
1361 536 1418 576 9.5)-
1434 572 1440 576 .
1539 532 1553 576 .’

1080 572 1191 599 CAPUT
1210 571 1316 599 XXVll.
1328 586 1362 592 -—
1378 571 1592 606 Distinguendum
1607 577 1647 599 est
1661 577 1747 601 autem
1763 573 1832 600 inter

1045 606 1108 644 istas
1122 607 1295 644 cogitationes
1307 607 1402 641 quibus
1415 607 1534 633 voluntas
1548 607 1706 644 favct,rquas
1717 616 1776 635 cutn
1791 607 1833 635 di-

1045 641 1158 668 lectione
1172 643 1347 676 amplectitur,
1365 647 1391 669 et
1415 643 1484 669 inter
1509 650 1554 669 eas
1580 641 1754 677 cogitationes
1776 651 1835 678 quae

1046 677 1130 704 tenuis
1157 678 1258 703 umbrte
1279 678 1358 704 modo
1384 678 1569 712 piwtervolare
1591 683 1705 705 mentem
1733 679 1833 711 solent,

1045 720 1155 748 Sicscqtic
1169 713 1350 739 tantummodo
1360 713 1400 739 vcl
1417 714 1577 740 transeundo
1589 719 1737 746 monstrare
1747 735 1754 746 ,
1769 721 1834 748 quas

1044 747 1128 774 Gra'ci
1144 751 1229 779 τύπους
1241 753 1336 775 vocant
1348 757 1355 780 ;
1369 748 1408 774 vel
1424 752 1497 776 certe
1511 749 1579 775 intcr
1594 748 1651 776 illas
1673 757 1732 783 qua:
1753 747 1833 783 repu-

1044 784 1132 820 gilanti
1153 791 1183 810 ac
1209 784 1289 810 invito
1314 784 1403 811 animo
1423 787 1607 820 suggeruntur,
1636 784 1835 820 qtiibusrmcns

1045 826 1103 846 cum
1121 818 1231 846 horrore
1246 819 1357 853 quodam
1374 818 1496 845 renititur
1514 827 1545 846 ac
1563 820 1671 851 resistit,
1693 819 1787 854 quibus
1805 824 1836 846 ut

1044 856 1214 881 contristatur
1237 854 1374 885 admi~sis,
1401 854 1435 880 ita
1458 854 1555 888 gaudet
1574 855 1700 888 expulsis.
1730 855 1756 881 In
1781 854 1835 882 illis

1045 890 1149 924 quidam
1162 898 1219 924 qum
1234 897 1262 916 sc
1279 890 1462 917 levitcrmcuti
1474 890 1626 923 ostendunt,
1647 893 1673 916 et
1695 889 1770 924 quasi
1793 889 1834 916 fti-

1044 925 1140 959 gicudo
1152 926 1332 952 deinmistraut
1344 932 1382 957 se,
1397 932 1445 952 nuc
1457 930 1591 959 peccatum
1606 925 1714 951 omnino
1726 932 1774 951 nec
1786 932 1835 960 pu-

1045 967 1094 993 gna
1109 965 1163 991 cst;
1179 961 1203 986 iu
1228 961 1259 987 iis
1273 966 1360 987 atitein
1382 968 1442 987 cum
1464 961 1558 994 quibus
1575 960 1725 995 aliquandiu
1747 961 1836 988 anima

1046 995 1167 1027 luctattir,
1186 995 1281 1030 quibus
1304 996 1402 1023 resistit
1422 995 1551 1027 voluntas,
1576 995 1677 1030 atqualt:
1701 1000 1835 1023 certamen

1045 1035 1095 1057 Bst.
1112 1031 1164 1057 Aut
1183 1032 1252 1057 enim
1268 1031 1448 1058 consentimus
1467 1035 1493 1057 ct
1512 1031 1657 1062 vincimur;
1674 1036 1719 1057 aut
1731 1031 1835 1065 respui-

1046 1073 1105 1092 mus
1120 1072 1145 1093 ct
1157 1067 1296 1098 vincimus,
1309 1071 1335 1093 ct
1346 1067 1506 1099 acquiriiuus
1519 1067 1552 1093 de
1574 1066 1732 1100 pugnationc
1750 1066 1835 1092 victo-

1046 1101 1122 1127 riam.
1140 1101 1165 1127 lu
1181 1102 1222 1128 illa
1238 1110 1301 1136 crgo
1319 1102 1501 1128 tantummodo
1517 1103 1676 1136 cogitatione
1695 1108 1834 1137 peccatum

1046 1140 1102 1165 est.
1122 1145 1180 1170 qum
1201 1137 1360 1172 suggestioni
1380 1144 1539 1163 consensum
1563 1137 1657 1163 mentis
1675 1137 1756 1168 dedit,
1776 1144 1836 1172 qua;

1047 1172 1143 1198 malum
1171 1180 1246 1198 suum
1275 1173 1369 1199 blande
1395 1172 1485 1202 l'ovct,
1512 1180 1570 1206 quae
1593 1172 1618 1198 iu
1641 1172 1736 1198 factum
1758 1172 1838 1206 gestit

1046 1206 1202 1240 irrumpere.
1226 1207 1379 1242 Huiusmodi
1399 1207 1542 1240 cogitatio,
1565 1207 1668 1234 etiamsi
1695 1214 1726 1233 ex
1749 1207 1837 1242 aliquo

1047 1242 1171 1276 impedita
1199 1250 1261 1268 casu
1280 1251 1331 1269 non
1347 1242 1455 1276 impleat
1473 1242 1645 1274 voluntatem,
1664 1242 1837 1269 nihilominus

1046 1278 1151 1303 actione
1171 1278 1289 1304 criminis
1306 1277 1498 1304 condemnatur
1510 1285 1525 1304 a
1537 1277 1658 1311 Domino,
1675 1283 1701 1304 ut
1722 1277 1784 1304 illud
1810 1277 1837 1305 in

1047 1312 1191 1346 Evangelio
1207 1313 1319 1347 legimus
1333 1322 1339 1339 :
1356 1313 1404 1344 Qui
1419 1312 1522 1342 viderit,
1538 1313 1621 1347 inquit
1633 1333 1639 1343 ,
1665 1312 1791 1339 mulierem
1805 1312 1838 1338 ad

1048 1349 1272 1383 concupiscemlmii
1288 1356 1341 1374 eam
1353 1369 1359 1380 ,
1373 1348 1429 1383 jmu
1444 1348 1581 1374 masc/intus
1597 1353 1632 1374 est
1649 1356 1703 1374 eam
1723 1349 1749 1374 iii
1764 1348 1838 1374 corde

1047 1390 1091 1408 suo
1106 1378 1211 1418 (Matth.
1227 1391 1253 1414 v,
1271 1383 1326 1417 Q8).
1343 1378 1419 1417 Apud
1436 1384 1528 1416 llcum,
1544 1383 1585 1409 cui
1601 1388 1661 1409 nota
1674 1388 1734 1409 stitit
1749 1383 1838 1410 omnia

1047 1418 1127 1444 etiam
1143 1423 1282 1452 antequam
1299 1418 1377 1449 fiant,
1396 1418 1517 1445 voluntas
1534 1418 1647 1452 perfecta
1661 1418 1774 1445 faciendi
1792 1426 1837 1445 rc-

1048 1457 1153 1487 ptitaltir
1164 1461 1308 1489 proropcre
1320 1453 1390 1480 facti.
1405 1453 1462 1487 Qua
1480 1453 1513 1489 de
1532 1461 1560 1480 rc
1573 1454 1655 1481 debes
1669 1453 1751 1489 (smpe
1766 1454 1837 1480 enim

1048 1493 1139 1522 repeto
1155 1488 1224 1522 quod
1241 1489 1295 1515 licri
1310 1496 1415 1522 semper
1425 1488 1495 1522 volo)
1507 1493 1611 1515 sanctas
1620 1489 1770 1523 Scripturas
1781 1489 1839 1516 sine

1048 1523 1244 1550 intermissione
1259 1524 1389 1555 meditari,
1401 1524 1493 1558 hisque
1507 1528 1577 1550 tuam
1593 1525 1695 1558 replere
1711 1529 1836 1556 mentem,

1048 1563 1074 1585 ct
1082 1559 1158 1585 malis
1166 1559 1368 1592 cogitationibus
1378 1560 1462 1586 locum
1474 1559 1606 1592 auferens,
1617 1560 1712 1586 divinis
1721 1560 1839 1587 animum

1047 1595 1169 1630 sensibus
1187 1602 1333 1628 occupare,
1355 1600 1538 1630 quantumque
1562 1595 1644 1622 Deum
1668 1594 1778 1630 diligas.
1805 1602 1839 1622 ex

1048 1629 1190 1665 dilectione
1202 1630 1267 1665 legis
1282 1630 1339 1663 ejus
1352 1630 1502 1657 ostendere.
1519 1629 1594 1657 Unde
1607 1629 1741 1665 Scriptura
1751 1630 1814 1657 dicit
1828 1639 1836 1657 :

1049 1664 1098 1701 Qui
1113 1666 1198 1691 timent
1215 1664 1349 1701 Dominum
1359 1686 1366 1698 ,
1381 1666 1590 1701 inquirentrquod
1609 1664 1788 1701 (geneplacititrn
1802 1669 1840 1692 est

1047 1700 1085 1726 illi
1094 1704 1142 1737 iet
1161 1700 1202 1737 qui
1222 1700 1331 1735 diligunt
1354 1709 1421 1730 eum.
1435 1700 1598 1737 replebuiitur
1611 1700 1731 1737 lege'ejtis
1745 1700 1837 1737 (Eccli.

1047 1743 1076 1768 ii,
1089 1735 1143 1770 19).
1161 1735 1234 1762 'l‘unc
1249 1736 1347 1763 sontics
1359 1741 1485 1771 quantum
1497 1735 1529 1762 ad
1540 1736 1597 1770 ejus
1607 1735 1725 1766 amorem
1734 1735 1841 1771 adjuvet

1049 1775 1074 1797 te
1088 1771 1228 1805 sapientia.
1249 1776 1373 1805 quantum
1387 1771 1420 1798 sit
1431 1771 1457 1798 in
1472 1774 1496 1797 te
1512 1771 1608 1798 divinae
1623 1771 1687 1805 legis
1701 1771 1838 1805 auxilium,

1048 1810 1074 1833 et
1097 1806 1208 1832 Domino
1221 1813 1281 1833 cum
1299 1806 1383 1839 'David
1399 1806 1458 1837 ltela
1472 1807 1605 1839 cantabis,
1635 1806 1667 1833 In
1687 1807 1760 1833 corde
1784 1815 1840 1834 meo

1047 1841 1167 1877 abscondi
1179 1841 1278 1876 eloquia
1291 1843 1346 1874 tua,
1362 1846 1452 1868 utnon
1467 1850 1564 1876 peccent
1578 1842 1622 1869 tibi
1636 1842 1726 1877 (Psat.
1741 1850 1837 1876 cxvut,

1048 1876 1103 1911 11).
1121 1876 1284 1904 Excitaudus
1303 1881 1344 1904 est
1356 1877 1427 1904 enim
1443 1877 1624 1911 spiritualihus
1638 1876 1752 1907 Stiniulis
1767 1885 1838 1904 scm-

1048 1920 1095 1945 per
1114 1912 1228 1944 animus,
1250 1917 1277 1939 et
1291 1912 1391 1947 majore
1406 1912 1524 1947 quotidie
1544 1913 1638 1940 ardore
1659 1913 1838 1940 renovandus.

1048 1946 1182 1973 Orationis
1206 1946 1341 1980 instantia,
1358 1946 1515 1974 illuminatio
1535 1948 1666 1980 lectionis,
1689 1948 1839 1976 sollicitudo

1047 1982 1205 2016 vigiliarum,
1226 1982 1356 2009 etdiurua
1382 1986 1409 2010 et
1435 1988 1562 2009 nocttirua
1587 1984 1643 2017 ejus
1670 1983 1839 2017 incitamenta

1047 2014 1117 2044 sunt.
1133 2017 1203 2043 Nihil
1213 2018 1284 2044 eniin
1298 2018 1324 2044 in
1348 2017 1398 2044 hoc
1421 2018 1556 2052 proposito
1575 2014 1629 2045 otio
1650 2014 1766 2046 deterius
1787 2023 1838 2052 cst,

1047 2052 1117 2086 quod
1133 2060 1184 2079 non
1200 2053 1367 2079 solummodo
1382 2061 1434 2079 non
1457 2054 1569 2086 acquirit
1591 2060 1657 2080 nova
1668 2075 1675 2086 ,
1692 2054 1738 2080 sed
1758 2054 1838 2081 ctiam

1048 2093 1120 2122 parta
1133 2089 1276 2114 consumit.
1292 2088 1397 2115 Sancta'
1410 2089 1470 2114 vitae
1483 2089 1551 2114 ratio
1563 2096 1688 2123 processu
1702 2088 1799 2123 gaudet
1812 2094 1840 2117 et

1047 2123 1152 2155 crescit,
1168 2123 1315 2151 cessatione
1334 2124 1459 2158 torpescit
1472 2127 1498 2150 et
1511 2124 1610 2151 dcticit.
1629 2124 1792 2157 Quotidianis
1813 2129 1840 2152 et

1047 2158 1198 2185 reccntibus
1220 2159 1344 2185 virtutum
1373 2159 1542 2186 incrementis
1565 2167 1640 2187 metis
1668 2160 1839 2187 instauranda

1047 2198 1096 2226 est,
1111 2198 1137 2220 et
1154 2194 1257 2221 vivendi
1272 2195 1347 2221 nobis
1357 2194 1466 2221 hocitcr
1482 2202 1533 2221 non
1546 2194 1578 2221 dc
1588 2199 1729 2227 transacto,
1745 2195 1792 2222 sed
1805 2196 1839 2229 de

1046 2230 1148 2264 reliquo
1167 2229 1341 2264 meticudum.
1358 2230 1488 2263 Quamdiu
1502 2238 1593 2258 sumus
1607 2231 1632 2257 in
1645 2231 1695 2258 hoc
1709 2238 1837 2265 corpore.

1047 2273 1179 2299 nunquam
1206 2272 1254 2291 nos
1274 2265 1306 2292 ad
1328 2266 1470 2300 perlectum
1492 2267 1598 2293 venisse
1623 2266 1778 2297 credamus;
1800 2266 1839 2294 sic

1046 2302 1115 2327 enim
1130 2301 1224 2332 melius
1238 2302 1397 2335 pervcnitur.
1416 2301 1587 2328 'l‘amdiunou
1599 2302 1745 2329 rclabimur
1755 2306 1837 2333 rctro,

1045 2336 1169 2370 quamdiu
1187 2336 1219 2362 ad
1236 2339 1321 2370 priora
1343 2337 1527 2363 contendimus
1544 2346 1551 2364 :
1566 2342 1591 2363 at
1611 2338 1654 2364 ubi
1679 2338 1839 2371 cmpcrimus

1046 2376 1127 2403 starc,
1144 2371 1332 2399 descendimus
1346 2380 1353 2405 ;
1370 2378 1542 2407 nostrumque
1559 2381 1610 2399 non
1633 2372 1753 2408 Iirogrcdi
1765 2393 1771 2405 ,
1782 2373 1838 2406 jam

1044 2408 1141 2434 rcvcrti
1154 2411 1203 2433 est.
1214 2408 1307 2434 Cesset
1317 2408 1401 2434 omnis
1416 2408 1530 2442 ignavia,
1542 2413 1568 2435 et
1582 2407 1681 2435 inutilis
1689 2408 1722 2435 de
1734 2414 1840 2443 praeter-

1045 2443 1082 2469 ito
1098 2443 1187 2469 labore
1210 2443 1347 2473 securitas.
1365 2443 1391 2471 Si
1404 2444 1526 2470 volumus
1541 2452 1591 2470 non
1608 2443 1710 2476 rcdirc,
1729 2451 1839 2470 curren-

1044 2478 1106 2505 dum
1122 2481 1172 2505 est.
1182 2478 1281 2505 Beatus
1295 2479 1436 2512 Apostolus
1447 2480 1479 2506 de
1492 2478 1534 2505 diu
1545 2479 1570 2505 in
1582 2479 1652 2506 diem
1662 2480 1754 2506 vivens
1771 2479 1836 2512 Deo,

1044 2522 1096 2540 non
1113 2513 1174 2547 quid
1190 2518 1251 2541 ante
1266 2514 1380 2546 fecisset,
1398 2514 1444 2541 scd
1457 2514 1518 2548 quid
1535 2514 1620 2542 l'aCt-re
1634 2515 1743 2542 deberet
1767 2522 1839 2541 scm-

1045 2556 1092 2583 pcr
1106 2549 1255 2588 attendens,
1271 2550 1374 2588 diccbat
1389 2549 1515 2588 :fralres
1530 2571 1537 2582 ,
1554 2558 1598 2588 ego
1612 2558 1650 2576 me
1665 2559 1714 2588 non
1725 2549 1839 2588 arbitror

1044 2585 1261 2620 comprehendisse
1274 2585 1380 2616 aliquid.
1398 2584 1483 2613 Unum
1498 2584 1591 2617 autem,
1604 2594 1660 2620 qiqc
1670 2585 1769 2620 quidem
1779 2589 1838 2612 sunt

1043 2625 1110 2646 retro
1124 2620 1279 2653 oblivisreus,
1294 2620 1328 2647 ad
1343 2630 1372 2647 ea
1384 2629 1452 2653 vero,
1464 2628 1519 2655 qum
1532 2627 1588 2647 sunt
1600 2621 1694 2656 priora.
1704 2629 1742 2647 me
1751 2626 1838 2656 extrit-

1043 2656 1114 2689 deus,
1129 2656 1163 2681 (id
1176 2655 1325 2692 destinatum
1339 2665 1472 2692 perat-quor
1483 2656 1595 2692 (gravium
1606 2664 1722 2691 superna:
1733 2655 1838 2683 vocatio-

1043 2665 1114 2689 aens,
1129 2665 1162 2681 (ta
1176 2665 1325 2683 acstinmum
1339 2665 1408 2692 prrsr
1428 2665 1472 2682 uor
1483 2665 1595 2682 orarium
1606 2665 1722 2691 superna:
1733 2665 1838 2683 vocatio-

1043 2691 1082 2717 nis
1111 2692 1156 2718 Dei
1182 2690 1309 2727 (Philipp.
1333 2700 1372 2724 iii,
1392 2665 1440 2727 ἦ,
1457 2691 1512 2727 14).
1532 2692 1559 2719 Si
1573 2692 1665 2718 bcalus
1682 2692 1778 2719 l‘aulus
1792 2691 1838 2720 ille

1042 2734 1089 2754 vas
1100 2727 1248 2759 electionis,
1261 2728 1303 2761 qui
1319 2728 1352 2753 ita
1369 2726 1502 2754 Christum
1520 2728 1626 2757 indutus
1640 2732 1706 2761 erat,
1723 2733 1748 2753 ut
1765 2727 1836 2754 ilice-

1042 2766 1091 2792 τρι,
1110 2762 1170 2788 Vivo
1181 2767 1263 2789 autem
1273 2764 1329 2797 jam
1346 2771 1395 2789 non
1408 2771 1452 2797 rga
1466 2784 1472 2794 ,
1487 2763 1545 2789 vivit
1558 2772 1614 2790 vero
1630 2762 1655 2790 in
1670 2772 1708 2790 me
1721 2762 1835 2790 Christus

1042 2796 1140 2833 (Galat.
1157 2805 1175 2824 It
1187 2818 1194 2830 ,
1205 2798 1262 2833 9-0),
1274 2796 1365 2824 adhuc
1389 2796 1474 2825 tamen
1488 2806 1517 2826 sc
1530 2799 1645 2826 cxloutlit
1660 2820 1666 2831 ,
1681 2798 1766 2826 adhuc
1779 2806 1837 2826 cre-

1041 2833 1101 2865 scit,
1116 2838 1142 2869 et
1165 2834 1287 2868 prolicit;
1310 2834 1372 2868 quid
1397 2841 1446 2861 uos
1469 2833 1556 2869 facere
1580 2835 1717 2867 debemus,
1740 2833 1850 2869 quibus.

1042 2866 1188 2902 optandum
1203 2874 1245 2898 est
1256 2874 1284 2897 ut
1296 2866 1324 2897 iii
1333 2869 1386 2899 line
1398 2874 1490 2905 nostro
1501 2866 1574 2898 Pauli
1588 2866 1717 2908 principio
1727 2866 1838 2906 compa-
