4070 6332
517 295 654 359 “19

514 411 729 468 remur?
760 411 898 481 Ergo
925 417 980 465 tu
1005 408 1142 481 hunc
1169 407 1484 481 imitare__qui
1510 404 1668 481 dixit1
1697 405 1978 481 Inritaior_es
1997 408 2092 461 mei

514 493 686 546 estote,
716 477 856 537 sicut
874 493 921 536 et
949 500 1038 553 ego
1061 480 1244 534 Christi
1267 479 1332 553 _(AI_
1361 479 1581 553 Cor._tv,
1606 479 1672 534 16
1695 482 1732 547 ).
1767 477 2093 533 Obliviscere

514 571 672 609 omne
698 549 1042 624 praeteritum,
1065 559 1119 624 et
1134 551 1368 624 quotidie
1391 549 1640 624 inchoare
1663 560 1711 603 te
1733 559 1873 624 puta,
1907 565 1974 602 ne
1998 564 2094 624 pro

515 621 764 694 prazscnti
792 624 896 688 die,
921 639 1025 692 quo
1050 622 1214 694 debes
1234 621 1432 694 servire
1465 622 1605 694 Deo,
1635 621 1966 694 praeteritum
1997 621 2094 673 im-
2145 683 2148 688 _

520 690 691 764 putes.
722 690 1170 766 Optitnequarsita
1197 691 1484 766 custodies,
1513 692 1558 745 si
1587 707 1811 766 semper
1827 690 2090 761 inquiras;

513 762 1243 829 damnum'paratasentient,
1268 763 1309 816 si
1336 777 1524 829 parare
1553 762 1864 817 cessaveris.

582 832 807 892 CAPUT
829 835 922 890 XX
935 833 1137 889 VIII.—
1151 836 1300 888 Dicas
1319 832 1560 899 forsitan,
1575 833 1802 888 Grandis
1819 832 1965 887 labor
1979 841 2088 886 est:

512 907 604 961 sed
632 908 835 974 reSpice
861 907 999 976 quod
1029 906 1344 975 promissum
1367 914 1468 958 est.
1497 904 1664 958 Omne
1687 919 1820 974 Opus
1841 905 1954 976 leve
1981 903 2092 976 fieri

511 979 668 1043 solet,
691 993 808 1032 cum
827 974 941 1046 ejus
962 974 1186 1047 pretium
1205 977 1499 1047 cogitatur;
1517 983 1570 1047 et
1591 989 1712 1042 spcs
1731 975 1932 1047 praemii
1955 974 2094 1027 sola-

512 1049 638 1101 tium
666 1058 746 1102 est
773 1043 985 1102 laboris.
1010 1048 1098 1102 Sic
1117 1047 1282 1101 durus
1308 1045 1537 1116 agricola
1560 1046 1816 1099 inaratum
1839 1043 1927 1099 ditt
1948 1059 2092 1116 eain-

511 1135 632 1188 pmn
655 1129 706 1172 et
729 1120 1028 1189 pinguiores
1053 1119 1163 1171 otio
1181 1114 1363 1189 glebas
1385 1116 1614 1189 violento
1636 1114 2093 1189 vomer-escidisse

511 1185 568 1241 se
589 1185 893 1257 gaudctfet
922 1190 1112 1243 mirum
1145 1185 1198 1242 in
1222 1187 1436 1242 modqu
1459 1187 1570 1256 ipsa
1592 1187 1769 1255 operis
1787 1185 2092 1240 difficultate

507 1255 662 1313 Iactus
681 1303 695 1327 ,
728 1277 874 1330 spem
907 1261 1098 1328 segetis
1124 1259 1190 1314 de
1217 1259 1396 1313 labore
1425 1259 1655 1312 metitur.
1685 1258 1772 1330 Sic
1797 1258 2092 1327 negotiator

506 1330 692 1385 avidus
717 1327 880 1385 maria
903 1327 1216 1396 contemnit,
1244 1339 1485 1398 spectare
1506 1342 1667 1382 ausus
1691 1327 1944 1382 ﬂuctuum
1966 1343 2092 1398 spu-

506 1415 620 1455 mas
640 1443 655 1464 ,
687 1402 993 1471 rabiemque
1025 1409 1338 1464 ventorum;
1370 1399 1698 1471 dumqucLin
1735 1399 1877 1471 omni
1909 1398 2091 1471 labore

505 1486 568 1526 ac
590 1473 826 1539 periculo
851 1469 1054 1526 lucrum
1075 1472 1289 1538 cogitat,
1319 1477 1373 1523 et
1398 1469 1760 1525 lassitudinem
1783 1469 1937 1523 simul
1958 1469 2090 1523 obli-

504 1543 725 1596 viscitur
742 1552 796 1597 et
818 1545 1082 1596 timorem.
1110 1541 1419 1605 Considera,
1449 1555 1649 1610 quaeso,
1675 1539 2087 1610 magnitudinem

507 1613 708 1680 prmmii
743 1613 836 1678 tui,
865 1614 1117 1692 simtamen
1143 1609 1480 1692 considerari:
1506 1621 1678 1680 potest
1706 1609 1958 1692 quidquid
1993 1613 2091 1692 im-

506 1699 745 1738 mensum
776 1694 877 1739 est.
910 1684 1035 1738 Post
1058 1685 1364 1739 abscessum
1393 1683 1617 1747 animas,
1657 1691 1773 1750 post
1797 1683 1972 1735 carnis
2005 1683 2087 1734 in-

506 1754 742 1821 teritum,
771 1765 890 1825 post
917 1755 1119 1810 favillas
1143 1764 1196 1809 et
1222 1753 1478 1817 cinerem,
1509 1753 1560 1806 in
1589 1753 1864 1825 meliorem
1894 1760 2088 1825 statum

503 1825 650 1893 virgo
671 1823 962 1892 reparanda
983 1842 1074 1891 es;
1099 1825 1403 1879 mandatum
1427 1831 1584 1878 teme
1605 1837 1799 1892 corpus
1821 1823 1870 1876 iu
1893 1823 2088 1876 coelum

503 1896 813 1950 elevandum
835 1904 936 1962 est,
960 1905 1013 1950 et
1033 1895 1255 1950 mortale
1283 1904 1427 1948 tuum
1454 1894 1864 1948 immortalitatis
1886 1893 2088 1947 honore

503 1967 812 2020 mutandum
839 1974 937 2020 est.
970 1967 1094 2019 Post
1120 1966 1233 2020 haec
1258 1966 1578 2034 Augelorum
1604 1980 1664 2018 es
1689 1964 1933 2019 donanda
1959 1979 2088 2017 con-

502 2037 694 2098 sortio,
729 2053 950 2105 regnum
979 2045 1258 2105 acceptura
1287 2039 1546 2091 caelorum
1567 2077 1582 2101 ,
1610 2045 1664 2090 et
1693 2037 1745 2088 in
1777 2043 2086 2105 perpetuum

502 2104 930 2175 rcgnaturarcunt
956 2104 1189 2162 Christo.
1231 2107 1367 2172 Quid
1396 2121 1524 2175 ergo
1563 2106 1824 2160 retribues
1866 2104 2088 2158 Domino

503 2192 598 2244 pro
627 2179 872 2232 omnibus
910 2194 1029 2248 qua:
1059 2177 1300 2232 retribuit
1331 2178 1421 2232 tibi
1454 2176 1626 2246 (Psal.
1651 2191 1780 2241 cxv,
1811 2176 1935 2248 1‘2)?
1961 2176 2086 2244 quid

506 2257 650 2300 tanto
676 2247 1073 2303 remuneratore
1097 2249 1312 2318 dignum
1338 2248 1532 2302 facies?
1557 2257 1647 2301 aut
1672 2263 1828 2318 quem
1854 2247 2085 2318 laborem

502 2317 691 2372 durtun
725 2321 952 2387 putabis,
985 2320 1136 2386 cujus
1167 2317 1310 2372 tanta
1341 2327 1465 2372 sunt
1493 2319 1748 2387 praamia?
1780 2317 1931 2372 Unde
1960 2317 2086 2371 bea-

504 2397 588 2441 tus
613 2391 918 2456 Apostolus,
952 2388 1144 2453 Nullaz,
1176 2390 1362 2459 inquit,
1392 2399 1506 2442 sunt
1540 2389 1805 2459 condigna:
1833 2388 2088 2459 passiones

503 2459 654 2532 hujus
695 2462 932 2532 temporis
969 2460 1049 2532 ad,
1072 2458 1313 2532 futuram,
1332 2458 2009 2532 glorianiqute’reuelabitur
2035 2459 2089 2512 in

501 2531 644 2600 nobis
670 2530 847 2599 (Rom.
878 2546 989 2594 vut,
1031 2528 1140 2600 18).
1183 2528 1489 2596 Οιιίιῐριιίιη
1530 2528 1748 2600 dignum
1787 2528 1872 2583 vel
1911 2528 2090 2583 lacere

504 2599 587 2654 vel
627 2601 734 2670 pati
768 2616 1048 2670 possumus
1074 2599 1123 2653 in
1151 2601 1296 2655 brevi
1325 2600 1426 2654 hoc
1453 2599 1689 2669 tempere
1718 2600 1839 2654 vita:
1869 2607 2085 2665 nostris,

499 2685 621 2724 cum
650 2672 698 2724 id
729 2671 1121 2725 immortalitate
1149 2673 1218 2724 sit
1245 2670 1735 2740 compensandum?
1939 2713 1959 2724 -

573 2741 798 2797 CAPUT
825 2741 1018 2796 XXIX.
1034 2741 1346 2810 —-Propter
1373 2740 1515 2810 quod
1539 2741 1679 2796 idem
1698 2743 1969 2811 apostolus
1990 2742 2085 2810 ait,

500 2810 569 2864 Id
586 2813 716 2865 enim
735 2816 867 2883 quod
888 2814 939 2865 in
956 2812 1187 2883 prtesenti
1202 2811 1384 2867 saeculo
1402 2821 1471 2866 est
1487 2810 1886 2883 momentaneum
1906 2831 1966 2867 ac
1987 2816 2091 2868 leve

501 2881 837 2936 tribulationis
863 2881 1075 2949 nostrae,
1103 2900 1259 2951 supra
1286 2883 1491 2938 modum
1531 2883 1581 2936 in
1611 2881 1915 2937 sublimitate
1938 2894 2088 2937 mter-

500 2970 620 3024 nunt
648 2954 824 3024 glorite
852 2955 1048 3023 pondus
1078 2965 1316 3023 operatur
1345 2953 1400 3006 in
1435 2953 1575 3024 nobis
1604 2953 1667 3024 (ll
1697 2953 1814 3008 Cor.
1856 2971 1942 3022 tv,
1975 2957 2085 3023 l7).

501 3022 1128 3096 Hespuantur’honores,
1157 3025 1517 3093 despiciantur
1549 3022 1745 3078 divitiae
1765 3065 1779 3090 ,
1812 3025 1923 3095 ipsa
1953 3022 2088 3096 quo-

502 3109 606 3163 que
631 3095 739 3167 vita
771 3103 949 3167 nostra
979 3096 1216 3167 martyrii
1251 3110 1433 3167 amore
1462 3103 1848 3167 contemnatur.
1890 3095 2090 3151 Etbmc

501 3165 698 3230 omnia,
726 3165 930 3219 etiamsi
965 3180 1058 3234 pro
1086 3165 1396 3220 aiternitatis
1428 3165 1644 3234 praemio
1674 3181 1776 3219 non
1808 3165 2084 3234 darentur,

501 3244 680 3306 essent
719 3245 895 3290 tamen
949 3236 1265 3306 quandoque
1323 3238 1576 3304 peritura.
1623 3236 1887 3306 Amittunt
1930 3239 2087 3292 etiam

502 3303 604 3359 hoc
637 3307 708 3359 illi
753 3307 841 3376 qui
885 3303 1096 3374 semper
1123 3303 1342 3375 cupiunt
1372 3306 1663 3376 possidere.
1693 3305 1867 3372 Quam
1895 3311 2089 3364 multos

503 3377 754 3430 memoria
793 3389 972 3431 nostra
1011 3378 1209 3431 retines
1239 3378 1288 3430 in
1319 3378 1562 3431 maximis
1590 3378 1880 3434 honoribus
1918 3396 1979 3434 ac
2004 3381 2089 3433 di-

502 3447 642 3518 vitiis
668 3449 1004 3511 constitutos,
1039 3456 1258 3516 repente
1287 3447 1353 3501 de
1382 3463 1591 3502 smnmo
1617 3449 1706 3502 illo
1736 3450 1982 3518 potentia:
2015 3453 2090 3505 fa-

501 3517 656 3590 stigio
682 3519 1009 3580 concidisse;
1042 3527 1096 3574 et
1121 3533 1212 3572 eos
1240 3518 1330 3589 qui
1358 3528 1564 3590 tumore
1592 3517 1750 3583 elati,
1768 3521 1906 3573 aliud
1937 3521 2091 3590 quid-

501 3587 624 3641 dam
667 3605 820 3657 quam
867 3590 1109 3645 homines
1135 3587 1347 3644 essese
1378 3589 1664 3658 putabant,
1705 3593 1848 3644 exitu
1879 3587 2086 3646 tandem

501 3673 600 3712 suo
643 3658 886 3730 docuisse
939 3675 1056 3730 nos
1082 3660 1208 3730 quid
1257 3659 1481 3730 fuerint!
1523 3660 1660 3725 Quid
1704 3663 1846 3714 enim
1890 3661 1944 3715 in
1988 3661 2089 3716 hoc

505 3728 701 3782 mundo
725 3730 950 3784 stabile?
976 3728 1252 3799 quid'vero
1273 3729 1484 3783 firmum
1504 3729 1624 3785 est?
1649 3731 1772 3799 quid
1797 3746 1954 3799 porro
1983 3747 2086 3786 non

502 3799 663 3871 breve
687 3809 741 3854 et
766 3801 1047 3871 incertum,
1079 3809 1133 3853 et
1158 3801 1302 3853 casui
1328 3816 1432 3853 non
1461 3801 1738 3855 serviens?
1766 3802 1922 3871 quale
1951 3802 2086 3857 istud

502 3869 699 3942 bonum
738 3878 850 3942 est,
889 3869 1031 3941 quod
1060 3885 1271 3940 semper
1301 3871 1488 3925 timeas
1519 3869 1797 3937 amittere,
1837 3873 1977 3942 quod
2003 3874 2086 3928 vel

502 3941 847 3995 auferendum
895 3943 990 3996 abs
1036 3950 1085 3994 te
1133 3949 1370 4006 metuas,
1409 3942 1493 3996 vel
1532 3957 1558 3993 a
1602 3949 1651 3996 te
1682 3941 2085 4011 relinquendum

503 4011 677 4066 scias?
704 4011 833 4066 Nam
863 4013 962 4066 etsi
994 4011 1139 4065 nullo
1165 4012 1420 4081 eripiatur
1443 4027 1569 4066 casu
1589 4054 1603 4075 ,
1637 4012 1717 4065 vel
1749 4023 1919 4068 morte
1943 4025 2088 4071 certe

505 4081 830 4152 perdendum
862 4091 961 4136 est.
996 4083 1065 4137 Et
1101 4083 1143 4136 si
1184 4084 1287 4136 vita
1327 4091 1505 4138 nostra
1540 4083 1788 4138 tendatur
1817 4099 1911 4153 per
1945 4087 2087 4140 mille

503 4169 692 4226 annos,
724 4163 778 4226 et
802 4155 866 4226 ad
892 4163 1185 4226 extremum
1218 4155 1361 4207 illum
1392 4155 1550 4209 totius
1581 4155 1719 4209 diem
1754 4157 1924 4210 :elatis
1951 4172 2085 4226 quo-

504 4225 698 4278 tidiana
744 4225 1048 4280 deliciarum
1099 4225 1366 4295 voluptate
1413 4227 1720 4290 veniamus;
1763 4227 1917 4295 quale
1959 4225 2084 4293 hoc,

503 4310 704 4366 quieso.
733 4295 820 4366 diu
845 4304 947 4357 est,
977 4295 1116 4364 quod
1147 4294 1249 4366 fine
1275 4295 1519 4351 deletur?
1545 4306 1634 4350 aut
1658 4294 1790 4366 quis
1813 4297 1952 4352 illius
1993 4316 2087 4353 vo-

505 4365 723 4434 luptatis
746 4365 944 4419 fructus
965 4375 1064 4430 est,
1090 4365 1182 4434 qui
1205 4367 1384 4420 statim
1412 4376 1469 4420 ut
1493 4365 1798 4434 cessaverit,
1826 4369 2088 4425 videbitur

505 4436 600 4508 tibi
629 4451 729 4490 non
757 4436 953 4508 fuisse?
983 4437 1111 4508 Age,
1136 4437 1245 4505 jam
1271 4448 1589 4508 transactum
1613 4438 1735 4508 vita;
1757 4448 1857 4492 tute
1879 4447 2088 4508 tempus

507 4507 685 4578 animo
711 4507 942 4578 revoive.
984 4505 1170 4578 Nonne
1209 4507 1474 4562 videbitur
1503 4507 1593 4560 tibi
1633 4507 1818 4562 umbra
1844 4505 2085 4578 quaedam

506 4576 686 4641 fuisse,
719 4576 856 4644 quod
884 4577 1108 4640 transiit,
1137 4586 1189 4631 et
1219 4578 1382 4631 instar
1405 4579 1597 4631 somnii
1627 4579 1799 4633 tenuis
1827 4576 2086 4637 incertum

505 4662 624 4701 esse
668 4660 827 4720 omne
873 4648 1010 4716 quod
1059 4647 1308 4702 videtur?
1364 4648 1473 4703 Hoc
1505 4648 1651 4720 idem
1693 4658 1748 4704 et
1787 4649 2086 4720 decrepitus

505 4733 663 4790 senex
695 4717 892 4790 septire
923 4725 1126 4790 potest;
1167 4719 1258 4790 cui
1294 4719 1543 4773 convenit
1582 4720 1760 4774 dicere
1801 4735 1920 4774 cum
1953 4717 2085 4790 pro-

506 4788 659 4862 pheta
691 4805 704 4841 :
737 4786 862 4862 Dies
883 4789 1129 4862 ineisicut
1157 4788 1332 4862 umbra
1361 4791 1753 4857 declinaverunt,
1783 4799 1828 4846 et
1853 4808 1942 4862 ego
1960 4786 2089 4848 sicut

502 4857 673 4930 fenum
701 4859 811 4930 arui
846 4858 1013 4930 (Psal.
1039 4874 1122 4924 Cl,
1159 4859 1268 4930 12).

573 4927 996 5003 CAPUTXXX.
1018 4961 1088 5003 -έ-
1116 4927 1268 4998 Quod
1295 4931 1339 4984 si
1366 4929 1481 4986 hmo
1504 4932 1662 4987 etiam
1697 4931 1783 4989 hic
1807 4948 2088 5003 possumus

503 4997 703 5077 dicere,
732 5001 818 5054 ubi
853 5002 1106 5077 quamvis
1120 4997 1295 5056 brevis
1313 5043 1338 5077 ._
1363 5010 1544 5077 tamen
1569 5005 1700 5077 quia
1721 4997 1953 5073 praisens
1981 5019 2083 5077 est,

504 5070 608 5144 vita
638 5072 733 5144 ista
756 5072 930 5144 magni
955 5073 1198 5142 penditur
1217 5090 1232 5139 ;
1254 5073 1378 5144 quid
1407 5074 1457 5128 in
1482 5070 1657 5130 futuro
1673 5070 1860 5130 dicturi
1879 5070 2082 5144 sumus,

503 5141 1130 5218 ubi_r_najori_a_:_tcrnitalis
1152 5141 1448 5218 prwsentia,
1472 5155 1792 5201 transactum
1814 5163 1971 5203 omne
1992 5141 2087 5218 pro

503 5211 670 5285 nihilo
694 5214 810 5267 est?
841 5213 965 5285 Haec
991 5224 1044 5268 tu
1072 5211 1244 5272 tecum
1265 5215 1546 5285 diligenter
1568 5218 1864 5285 revolvens,
1892 5227 1946 5273 et
1971 5211 2088 5276 bre-

503 5282 716 5362 vitatem
747 5287 869 5339 vitae
899 5284 1056 5356 hujus
1083 5282 1392 5341 aeternitatis
1432 5282 2086 5362 contemplationedespi-

501 5355 670 5430 ciens,
696 5355 864 5426 ipsum
893 5372 1102 5427 quoque
1125 5367 1489 5430 contemptum
1517 5355 1694 5430 mundi
1719 5360 1904 5430 majori
1925 5355 2086 5418 animi

502 5426 696 5480 virtute
723 5426 1028 5499 contemne,
1053 5436 1107 5482 et
1129 5427 1194 5482 ad
1221 5426 1368 5482 illum
1397 5436 1599 5483 tantum
1625 5429 1764 5484 diem
1788 5426 1911 5499 para
1941 5443 2008 5496 te,
2035 5435 2084 5489 in

504 5511 610 5565 quo
638 5497 818 5569 mitndi
856 5498 1019 5569 gloria
1055 5499 1280 5553 finienda
1309 5511 1422 5562 est;
1459 5501 1625 5565 illum,
1659 5497 1892 5569 inquam,
1923 5505 2083 5567 diem.

503 5581 658 5635 quem
681 5566 921 5640 Salvamr
950 5568 1151 5640 diluvio
1175 5571 1534 5640 comparavit,
1575 5571 1661 5640 qui
1691 5566 1884 5626 multos
1914 5566 2086 5631 fallaci

504 5640 787 5711 securitate
816 5639 1068 5711 deceptos
1086 5639 1359 5711 ,_l‘_urtivo,
1393 5650 1450 5696 ut
1475 5643 1548 5696 ait
1579 5639 1612 5695 Ᾰ
1627 5643 1894 5711 postolus,
1936 5660 2085 5700 com-

504 5706 797 5781 prehendet
821 5706 1050 5781 adventu
1083 5709 1123 5780 (I
1148 5708 1324 5765 Thess.
1348 5706 1406 5776 7v,
1433 5711 1512 5781 2).

503 5776 606 5857 igne
632 5776 818 5837 Petrus
843 5776 1152 5838 describens
1177 5783 1268 5844 ait.
1298 5776 1536 5838 Adveniet
1555 5776 1856 5840 outemdies
1883 5776 2088 5845 Domini

1997 289 2362 351 APPENDIX.

1543 5711 1710 5781 Quem
1742 5713 1928 5786 beatus
1953 5731 2088 5786 quo-
2165 5775 2168 5780 ,

3655 296 3801 356 II”

2197 407 2326 460 sicut
2347 407 2524 480 [main
2548 423 2648 476 qua
2667 409 2778 480 cadi
2797 424 2978 480 magno
3001 409 3190 480 impetu
3214 410 3516 478 transibunt,
3541 413 3795 468 elementa

2195 492 2367 551 vero‘a
2387 478 2555 551 calore
2580 478 2904 551 resolventur’.
2939 478 3240 551 Cumigi'tur
3263 481 3370 535 lucc
3402 483 3572 536 omnia
3601 483 3798 538 dissol-

2196 548 2356 601 uenda
2382 549 2480 601 sint
2500 590 2513 613 ,
2545 549 2718 619 quales
2744 559 2934 619 oportet
2964 568 3053 604 nos
3085 548 3192 606 esse
3226 551 3278 605 in
3303 555 3490 607 sanctis
3517 571 3795 608 conversa-

2197 618 2412 672 tionibus
2439 630 2485 672 et
2517 618 2783 691 pietatihus
2807 631 3147 690 exspectantes
3177 632 3223 676 et
3250 633 3576 691 properantes
3607 626 3661 678 in
3689 627 3795 680 ud-

2196 699 2393 761 uentum
2421 690 2520 742 dici
2549 688 2781 755 Domini,
2825 692 2877 744 in
2896 688 3002 761 'quo
3030 693 3140 747 caeli
3163 688 3395 747 ardentes
3421 695 3678 749 solventur
3698 738 3714 758 ,
3745 707 3796 752 et

2195 760 2595 837 elententa__ignis
2621 761 2803 815 ardore
2843 760 3088 837 tabescent
3132 764 3197 834 (Il
3226 762 3366 837 Petr.
3394 781 3484 830 ιιι,
3525 766 3792 837 40-12)?

2198 830 2404 902 Hecens
2433 830 2624 885 factum
2654 841 2755 894 est,
2784 833 3000 902 etquod
3029 830 3148 901 ipsa"
3171 835 3384 896 audisti.
3416 851 3537 890 cum
3562 836 3630 891 ad
3661 830 3794 893 stri-

2195 900 2343 975 duiae
2371 903 2607 956 buccinae
2645 900 3301 975 sonuni_,’Goth0rumquc
3338 906 3627 962 clamorem
3650 951 3668 974 ,
3703 909 3792 962 Iu-

2233 972 2347 1026 ubri
2373 987 2626 1042 oppressa
2655 983 2798 1028 metu
2829 973 3042 1028 domina
3068 972 3406 1030 orbis'Roma
3439 972 3788 1034 contremuit.

2246 1043 2294 1096 bi
2327 1051 2450 1097 tunc
2480 1044 2767 1100 nobilitatis
2791 1045 2961 1098 ordo?
2999 1047 3088 1100 ubi
3125 1048 3256 1101 certi
3282 1056 3337 1102 et
3365 1048 3596 1102 distincti
3625 1049 3792 1106 ullius

2193 1113 2462 1185 dignitatis
2482 1114 2714 1184 gradus?
2737 1115 3000 1169 Permixta
3027 1117 3203 1171 omnia
3230 1127 3284 1172 et
3311 1119 3500 1172 timore
3527 1119 3788 1185 confusa;

2195 1185 2339 1238 omni
2384 1183 2562 1238 domui
2605 1185 2877 1254 planctus,
2923 1196 2978 1241 et
3021 1188 3237 1259 aequalis
3281 1187 3376 1242 fuit
3417 1204 3514 1259 per
3559 1183 3790 1246 cunctos

2195 1270 2360 1323 pavor
2389 1272 2402 1309 :
2432 1271 2595 1309 unum
2625 1264 2742 1310 erat
2766 1272 2952 1312 servus
2979 1266 3032 1311 et
3057 1258 3281 1323 nobilis;
3314 1258 3501 1314 eadem
3535 1261 3790 1318 omnibus

2195 1325 2367 1401 imago
2396 1327 2602 1401 mortis.
2632 1325 2742 1401 Nisi
2766 1329 2892 1401 quia
2919 1329 3083 1401 magis
3108 1344 3226 1384 eam
3253 1330 3508 1384 timebant
3544 1331 3640 1396 illi,
3669 1333 3790 1401 qui-

2195 1395 2293 1450 bus
2323 1397 2491 1450 fuerat
2532 1399 2638 1452 vita
2677 1395 2980 1466 jucundior.
3019 1395 3083 1453 Si
3128 1401 3199 1453 ita
3240 1401 3491 1456 mortales
3533 1395 3790 1461 timemus

2194 1465 2375 1522 hostes
2399 1477 2454 1522 et
2481 1465 2765 1523 humanam
2794 1483 3029 1536 manum,
3057 1470 3183 1536 quid
3213 1469 3465 1527 faciemus
3491 1488 3614 1527 cum
3638 1476 3790 1530 clan-

2191 1552 2321 1612 gore
2364 1539 2585 1612 terribili
2629 1541 2750 1612 tuba
2795 1541 3034 1594 intonare
3063 1539 3130 1594 de
3157 1542 3297 1596 coelo
3325 1544 3575 1612 coeperit,
3623 1555 3680 1599 et
3717 1546 3789 1601 ad

2193 1609 2339 1662 illam
2367 1609 2685 1677 Arehaugcli
2714 1625 2894 1665 vocem
2922 1612 3064 1664 omni
3092 1612 3311 1666 buccina
3339 1609 3620 1668 clariorem
3643 1623 3788 1671 totus

2191 1678 2349 1735 simul
2386 1682 2646 1752 remugict
2683 1681 2950 1735 mundus?
2995 1681 3126 1736 Cum
3167 1683 3455 1737 viderimus
3495 1700 3659 1752 super
3689 1701 3790 1743 nos

2193 1763 2298 1803 non
2327 1766 2482 1804 manu
2510 1750 2646 1805 facta
2669 1767 2816 1806 arma
2836 1753 3068 1816 concuti,
3091 1753 3182 1807 sed
3205 1764 3258 1807 et
3276 1754 3500 1808 virtutes
3521 1750 3787 1812 uictorum

2190 1823 2534 1882 commoveri.
2561 1823 2698 1876 sicut
2724 1823 2980 1892 propheta
3001 1823 3149 1889 dicit,
3175 1823 3300 1878 Cum
3324 1825 3510 1878 uenerit
3531 1824 3787 1882 Dominus

2192 1893 2570 1965 ponerem-bent
2607 1903 2753 1965 terra:
2789 1893 3070 1958 desertum,
3104 1904 3148 1947 et
3173 1904 3456 1965 peccatores
3487 1896 3699 1965 perdere
3725 1914 3790 1952 ea:

2191 1977 2284 2027 eo;
2311 1963 2429 2032 quis
2459 1973 2585 2036 tunc
2610 1964 2762 2018 nobis
2789 1979 2972 2036 pavor,
2999 1979 3118 2036 qua:
3144 1963 3313 2036 caligo
3332 2005 3346 2027 .
3375 1963 3496 2035 quaé
3523 1967 3784 2032 tenebrae,

2190 2047 2310 2086 cum
2342 2050 2437 2108 nos
2464 2035 2656 2108 saepius
2681 2049 2744 2089 ac
2772 2034 2926 2108 toties
2933 2033 3286 2108 _admonitos',
3319 2045 3371 2089 et
3396 2033 3586 2091 tamen
3613 2038 3788 2108 impa-

2191 2114 2334 2156 ratos
2357 2104 2470 2158 dies
2500 2105 2588 2178 ille
2613 2105 2906 2175 repererit?
2931 2103 3076 2178 Tunc
3096 2147 3110 2169 ,
3142 2106 3343 2178 inquit,
3371 2107 3612 2178 plangent
3635 2103 3791 2175 super

2190 2189 2244 2226 se
2269 2190 2438 2228 omnes
2464 2175 2620 2229 tribus
2639 2185 2784 2230 terra:
2807 2191 2824 2228 :
2842 2185 2890 2229 et
2911 2176 3143 2229 videbunt
3164 2175 3328 2244 ﬁlium
3348 2175 3566 2232 hominis
3586 2181 3788 2234 uenien-

2191 2252 2288 2319 tem
2313 2246 2363 2298 in
2387 2246 2597 2319 nubibus
2623 2247 2734 2319 cccli
2758 2263 2874 2319 cum
2893 2248 3074 2300 virtute
3091 2246 3251 2300 multa
3272 2258 3317 2301 et
3337 2251 3616 2319 majestate.
3642 2249 3789 2306 Tunc

2191 2314 2357 2368 dicent
2385 2316 2662 2380 montibus,
2692 2317 2868 2371 Cadite
2891 2334 3042 2387 super
3077 2334 3198 2382 nos;
3227 2327 3271 2372 et
3297 2314 3509 2373 collibus
3527 2361 3544 2387 ,
3577 2321 3790 2388 θρα-ἦτε

2192 2401 2320 2458 nos;
2348 2397 2392 2441 et
2422 2389 2600 2455 petris.
2633 2388 2836 2458 Aperite
2871 2405 2958 2442 vos
2998 2389 3140 2443 nobis
3179 2388 3389 2458 (Matth.
3426 2406 3576 2455 xxrv,
3606 2392 3708 2455 30,
3741 2401 3790 2446 et

2191 2452 2319 2529 _Luc.
2347 2452 2510 2523 xxiii,
2537 2459 2652 2526 50).
2681 2452 2879 2514 Verum
2923 2459 3037 2513 haec
3083 2452 3267 2515 eorum
3312 2461 3452 2525 sint,
3492 2452 3583 2529 qui
3625 2452 3789 2518 variis

2193 2525 2824 2603 hujus_mundi7deteuti
2868 2531 3040 2603 euris,
3087 2530 3368 2603 demutldi
3412 2525 3523 2585 non
3549 2535 3791 2603 cogitant

2193 2596 2426 2674 [ἰιιοτᾹΤιιΔ
2442 2615 2571 2654 vero
2589 2599 2956 2674 cuiadveutus
2981 2600 3178 2674 Christi
3205 2601 3412 2656 dierum
3440 2596 3788 2674 noctiumque

2193 2668 2464 2740 meditatio
2489 2678 2589 2734 est,
2617 2671 2700 2725 cui
2730 2687 2824 2740 pro
2847 2671 3188 2725 conscientia:
3215 2675 3442 2740 puritate
3467 2673 3681 2728 Domini
3702 2668 3789 2730 est

2192 2739 2421 2806 optanda
2441 2739 2878 2814 prmse_utia,’quae
2893 2739 3408 2802 consummationem
3429 2745 3613 2798 saeculi
3636 2747 3788 2814 quasi

2193 2817 2395 2882 certum
2439 2812 2640 2882 praemii
2684 2813 2754 2866 tui
2793 2822 3000 2882 tempus
3028 2824 3341 2882 exspectas;
3372 2812 3788 2872 exsultationem

2193 2879 2258 2932 de
2274 2882 2411 2934 cmlo
2427 2881 2625 2950 capies,
2651 2897 2754 2935 non
2778 2879 3042 2938 timorem.
3066 2879 3215 2938 Tune
3234 2884 3376 2939 enim
3402 2893 3456 2939 tu
3474 2896 3786 2942 sanctorum

2193 2951 2354 3027 mixta
2391 2952 2569 3027 choris
2588 2993 2615 3027 ,_
2636 2953 2920 3027 etsanctis
2930 2954 3198 3027 comitata
3229 2955 3524 3025 virginibus
3543 2997 3558 3018 ,
3587 2972 3788 3027 sponso

2192 3021 2402 3097 obviam
2432 3022 2735 3097 subvolabis
2755 3065 2769 3087 ,
2802 3023 3097 3097 _et_t_lices_;~
3122 3021 3502 3097 Inveni'quem
3539 3021 3788 3097 quaesivit

2193 3093 2370 3168 anima
2396 3107 2518 3168 mea
2541 3091 2710 3168 (Cant.
2741 3092 2841 3166 ιιι).
2873 3093 2982 3148 Nec
3010 3095 3166 3168 uilius
3191 3097 3300 3164 jam
3328 3091 3589 3168 temporis
3628 3115 3788 3168 sepa-

2195 3163 2453 3237 rationem
2471 3163 2728 3237 timebis,
2756 3163 2874 3237 qum
2898 3165 3066 3237 semel
3092 3163 3505 3237 immortalitatis
3533 3163 3706 3237 gloria
3735 3179 3790 3225 et

2177 3231 2604 3303 'ineorruptionis
2633 3231 2916 3303 splendore
2941 3235 3188 3290 donanda
3209 3251 3270 3292 es
3289 3277 3305 3302 ,
3343 3246 3397 3293 et
3424 3231 3562 3292 cum'
3571 3235 3788 3295 Christo

2193 3319 2405 3380 semper
2450 3303 2624 3380 futura
2667 3319 2759 3371 es,
2805 3306 3067 3380 Apostolo
3099 3307 3354 3380 dicente:
3390 3307 3648 3373 Quoniam
3679 3311 3788 3380 ipse

2192 3372 2442 3428 Dominus
2471 3376 2523 3428 in
2539 3377 2711 3444 jussu,
2744 3385 2789 3428 et
2819 3372 2870 3429 in
2893 3391 3009 3429 voce
3037 3377 3355 3446 Archangeli,
3389 3372 3435 3432 et
3461 3380 3515 3432 in
3545 3384 3664 3433 tuba
3690 3372 3788 3435 Dei

2192 3445 2454 3498 descendet
2484 3446 2545 3499 de
2572 3447 2704 3517 caelo
2722 3461 2741 3500 :
2763 3455 2811 3499 et
2840 3447 3022 3500 mortui
3049 3449 3136 3517 qui
3159 3450 3212 3501 in
3236 3445 3436 3504 Christo
3461 3460 3580 3504 sunt
3611 3468 3786 3504 resur-

2191 3524 2306 3592 gent
2505 3533 2525 3582 ;
2556 3516 2734 3570 deinde
2761 3518 2979 3592 nasuqui
3019 3516 3263 3592 vivimus,
3300 3521 3391 3592 (qui
3427 3521 3784 3592 relinquimur,

2190 3585 2344 3639 simul
2368 3588 2623 3654 rapiemur
2658 3603 2773 3640 cum
2811 3585 2914 3643 illis
2942 3589 2992 3641 in
3019 3588 3233 3642 nubibus
3257 3585 3451 3644 obuiam
3479 3585 3705 3647 Domino
3732 3585 3786 3646 iu

2191 3657 2545 3732 (ξφα-,μείζω
2585 3674 2784 3732 semper
2825 3675 2940 3712 cum
2977 3658 3176 3713 Christo
3203 3662 3399 3732 erimus?
3427 3661 3468 3732 (I
3506 3660 3688 3716 Thess.
3731 3679 3785 3731 v,

2192 3725 2277 3801 i5,
2307 3730 2326 3781 1
2336 3727 2567 3801 _6)._Il:ec
2585 3729 2660 3801 sit
2685 3725 2840 3801 igitur
2863 3744 2989 3783 cura
3019 3737 3104 3783 tua
3131 3746 3365 3801 semper,
3390 3725 3488 3786 hoc
3507 3725 3778 3797 studium;

2194 3797 2306 3851 bn-e
2328 3798 2524 3868 jugiter
2547 3798 2765 3868 virginis
2790 3801 2953 3855 corde
2981 3797 3277 3868 volvantur,
3307 3797 3362 3856 in
3387 3802 3468 3856 bis
3491 3803 3655 3858 totius
3677 3805 3785 3861 diei

2192 3877 2432 3944 versetur
2459 3869 2639 3935 labor,
2683 3871 2733 3924 in
2775 3869 2866 3944 his
2899 3870 3071 3944 noctis
3107 3887 3330 3944 somnus
3371 3883 3691 3944 reponatur,
3731 3878 3784 3931 in

2192 3936 2296 4011 hoc
2317 3940 2490 3992 anima
2513 3955 2695 3994 rursus
2715 3942 2947 4010 evigilet.
2980 3942 3189 3996 Etenim
3215 3943 3390 3998 nullus
3419 3936 3568 3997 labor
3592 3936 3780 4011 durus,

2192 4009 2391 4088 nullum
2423 4019 2629 4088 tempus
2653 4009 2868 4081 longum
2897 4012 3061 4068 videri
3088 4013 3267 4080 debet,
3300 4030 3406 4084 quo
3434 4015 3602 4083 gloria
3627 4009 3786 4073 aiter;

2192 4080 2372 4134 uitatis
2395 4083 2703 4150 acquiritur.

2279 4158 2597 4217 CENSURA
2636 4161 3141 4219 LOVANIENSIUM
3178 4164 3694 4226 THEOLOGORUM

2403 4247 2455 4286 IN
2491 4247 2621 4286 DUAS
2655 4248 2934 4289 EPISTOLAS
2971 4251 3202 4290 PROXIIB
3241 4250 3568 4302 SEQUENTES.

2262 4310 2523 4379 Impostor
2551 4312 2794 4367 indoctus
2820 4311 2920 4368 fuit
2947 4315 3185 4385 quisquis
3213 4329 3500 4386 sequentes
3530 4321 3787 4390 epistolas

2189 4389 2255 4444 de
2279 4391 2425 4444 obitu
2450 4391 2786 4462 Hieronymi,
2816 4393 3074 4449 confinxit
3101 4396 3200 4449 sub
3235 4399 3540 4455 nominibus
3569 4389 3639 4457 ’S.
3674 4403 3786 4456 Au-

2189 4470 2382 4539 gustini
2408 4469 2796 4551 “ad__CyrilIum
2839 4471 3294 4545 Jerosolymorum
3343 4480 3691 4551 episcopum,
3732 4491 3788 4536 et

2189 4557 2375 4634 contra
2402 4549 2457 4602 s.
2485 4548 2670 4634 Cyl-illi
2698 4552 2763 4605 ad
2789 4553 3327 4634 AugustinumiNam
3357 4548 3566 4614 constat
3605 4562 3786 4634 Cyril-

2191 4629 2298 4683 lum
2333 4637 2455 4683 ante
2484 4629 2866 4703 Hieronymum
2893 4633 3107 4688 obiisse.
3147 4633 3298 4692 Unde
3338 4629 3695 4712 Hieronymus
3733 4643 3787 4697 in

2190 4709 2326 4793 libro
2352 4709 2419 4764 de
2446 4711 2574 4765 viris
2605 4712 2898 4768 illustribus
2924 4715 3110 4769 scribit
3136 4734 3149 4769 :
3184 4715 3410 4787 Cyrillus
3447 4709 3790 4793 Jerosolgnur

2190 4792 2474 4863 episcopus,
2501 4809 2635 4859 scepe
2663 4794 2839 4864 pulsus
2866 4795 2929 4848 ab
2956 4796 3196 4863 ecclesia,
3225 4808 3273 4852 et
3297 4812 3549 4870 receptus,
3591 4792 3664 4855 ad
3695 4822 3776 4859 ex-

2191 4880 2406 4925 tremum
2432 4872 2522 4925 sub
2562 4872 2840 4927 Theodosio
2863 4875 3092 4945 principe
3123 4887 3234 4931 octo
3259 4882 3408 4936 annis
3432 4883 3791 4940 inconcussum

2191 4952 2530 5033 episcopatum
2560 4953 2733 5033 tenuit.
2769 4953 3030 5033 Praeterea
3060 4955 3146 5011 hic
3169 4956 3330 5015 falsus
3351 4961 3581 5033 Cyrillus
3608 4964 3663 5018 in
3690 4981 3792 5020 suo

2191 5031 2450 5114 rescripto
2478 5046 2594 5114 cap.
2619 5033 2672 5114 4,
2700 5032 3041 5114 sabinianum
3070 5046 3224 5092 vocat
3254 5031 3668 5098 hwrcsiarcliam
3698 5060 3790 5114 pe-

2191 5111 2463 5177 stiferum,
2497 5112 2616 5180 quia
2649 5112 2700 5164 in
2729 5110 2939 5166 Christo
2966 5113 3098 5169 duas
3138 5119 3415 5174 asserebat
3449 5110 3787 5187 voluntates;

2191 5189 2440 5270 additque
2470 5191 2848 5263 Hieronymum
2889 5194 3168 5266 epistolam
3199 5212 3360 5269 super
3393 5199 3549 5270 hujus
3585 5207 3792 5260 erroris

2191 5267 2550 5348 destructione
2570 5270 2823 5348 edidisse.
2849 5271 2929 5327 En
2949 5289 3057 5342 quo
3076 5267 3419 5348 consequitur
3443 5267 3583 5339 hunc
3603 5293 3792 5340 aucto-

2193 5362 2305 5400 rem
2333 5346 2634 5404 hzereticum
2657 5347 2842 5417 fuisse,
2867 5351 2964 5406 hac
2986 5346 3354 5422 intpostorem.
3378 5360 3440 5414 Et
3466 5360 3580 5416 [nec
3598 5371 3789 5418 contra

2193 5425 2290 5506 has
2316 5427 2568 5497 epistolas
2590 5443 2622 5483 e
2645 5429 2826 5484 multis
2852 5446 3038 5500 pauca,
3069 5431 3164 5488 sed
3189 5437 3473 5506 praecipua,
3495 5441 3789 5497 sufﬁciant.

2193 5505 2378 5594 Sancti
2413 5507 2690 5589 Augustini
2720 5505 2878 5580 (falso
2904 5511 3076 5594 tiiulo)
3116 5505 3489 5594 ad_i‘.vrilltitn_
3510 5519 3790 5594 Jerosoly-

2265 5580 2526 5663 mitan_u_n_i
2550 5581 2857 5662 episcopum
2879 5621 2893 5643 ,
3036 5580 3327 5654 magnificis
3351 5580 3790 5663 admirandisque

2267 5650 2437 5705 sancti
2467 5651 2772 5722 Hieronymi
2801 5651 3103 5707 virtutibus.

2720 5721 3050 5779 EPISTOLA
3086 5725 3271 5782 XVIII.

2269 5791 2650 5850 Gloriosissimi
2677 5791 2978 5852 christiana:
3007 5795 3127 5854 fidei
3155 5799 3401 5873 athletm,
3431 5813 3630 5862 sauctze
3657 5820 3783 5870 tua.
