4084 6332
314 421 442 478 1121

312 540 412 596 tris
440 532 690 610 Ecclesia:
710 537 896 610 lapidis
915 537 1210 610 angularis.
1242 537 1293 610 in
1325 551 1438 610 quo
1463 535 1764 610 admodum
1783 537 1876 610 fir-

314 619 453 665 mata
479 609 737 674 consistit,
765 606 910 663 nunc
933 606 1059 661 vero
1085 609 1136 662 in
1164 609 1363 663 cmlesti
1390 608 1552 677 gloria
1573 607 1662 662 Dei
1690 606 1878 662 sideris

313 680 565 750 radiantis
592 681 717 733 olim
748 679 1049 750 llieronymi
1088 679 1382 749 presbyteri
1411 677 1590 750 laudes
1610 719 1624 743 ,
1657 692 1878 750 venera-

312 749 432 804 bilis
460 759 608 818 patcr
636 749 848 817 Cyrillc,
882 747 1208 804 silendumne
1238 747 1410 817 putas,
1439 757 1529 802 aut
1563 748 1733 816 lingua
1763 747 1876 801 bal-

312 820 562 874 butientis
580 819 749 888 pueri,
768 829 824 872 ut
838 821 1006 873 virum
1029 819 1283 889 pollutum
1302 819 1454 872 labiis
1476 833 1560 872 me
1580 819 1875 889 locuturum

311 889 426 945 fore
446 886 610 944 reris?
629 889 758 945 Caeli
781 886 1261 958 enarrant'gloriam
1283 888 1396 950 Dei,
1414 897 1466 942 et
1486 888 1661 958 omnia
1677 903 1792 957 qua!
1811 886 1878 942 fe-

310 961 383 1014 cit
407 960 677 1024 Dominus,
705 976 824 1014 eum
852 959 903 1014 in
929 956 1126 1014 sanctis
1145 961 1254 1014 suis
1274 957 1507 1012 laudant.
1533 956 1704 1012 Silere
1721 957 1879 1011 debet

310 1031 581 1084 rationalis
601 1040 838 1084 creatura
859 1046 887 1083 a
909 1029 1061 1084 laude
1083 1029 1197 1096 Dei,
1220 1028 1506 1084 irrationali
1529 1043 1632 1082 non
1653 1027 1878 1081 silente?

309 1107 532 1164 taceam,
562 1115 628 1153 an
656 1101 873 1170 loquar;
904 1116 1022 1154 cum
1051 1100 1098 1153 si
1125 1109 1350 1170 taceam,
1380 1098 1649 1170 lapidibus
1665 1097 1878 1170 iubetur

307 1170 574 1224 clamare?
607 1167 762 1225 Certe
790 1169 993 1239 loquar,
1018 1179 1072 1224 et
1095 1184 1199 1223 non
1225 1169 1430 1233 tacebo,
1463 1169 1584 1222 totis
1604 1167 1802 1239 viribus
1825 1177 1878 1222 et

219 1243 232 1247 “
308 1241 530 1310 nisibus,
552 1240 769 1296 laudare
800 1237 1176 1310 Hieronymum
1206 1256 1219 1291 :
1251 1242 1339 1309 qui
1366 1238 1610 1310 quamvis
1636 1237 1879 1310 indignus

308 1318 364 1363 et
389 1309 710 1365 insufficiens
734 1310 973 1364 laudator
993 1307 1410 1375 exsistam—cum
1441 1324 1544 1362 non
1573 1309 1639 1361 sit
1659 1307 1876 1376 pulchra

309 1380 363 1433 in
404 1396 496 1434 ore
541 1380 830 1449 peccatoris
862 1380 1008 1445 laus;
1040 1389 1213 1433 tamen
1255 1379 1321 1432 ab
1361 1378 1595 1448 ejusdem
1639 1377 1878 1449 laudibus

307 1450 526 1505 minime
544 1448 794 1505 cessabo.
843 1449 1105 1504 Firmetur
1145 1451 1321 1518 itaque
1357 1464 1574 1511 manus,
1614 1457 1667 1502 et
1704 1448 1876 1517 lingua

309 1527 489 1574 nostra
518 1521 694 1590 palato
735 1536 839 1574 non
865 1519 1159 1586 adhzcreat,
1193 1520 1438 1590 quoniam
1477 1528 1619 1573 certe
1658 1534 1878 1590 magnus

307 1599 394 1644 est
419 1587 626 1645 iste—vir
652 1591 1045 1655 sanctissimus,
1076 1587 1330 1644 mirabilis
1358 1599 1412 1645 et
1441 1587 1754 1643 metuendus
1781 1604 1874 1642 su-

307 1674 408 1742 per
433 1674 620 1741 omnes
645 1661 730 1742 qui
761 1659 1065 1742 inpii-cuitu
1091 1669 1269 1742 nostro
1294 1669 1455 1742 sunt;
1485 1673 1704 1739 magnus
1735 1669 1878 1712 certe

308 1729 362 1784 in
408 1731 528 1784 vita;
567 1731 1023 1786 excellentissiman
1066 1730 1376 1795 sanctitate,
1427 1744 1648 1798 magnus
1693 1729 1744 1782 in
1792 1743 1877 1782 sa-

308 1799 524 1870 pientim
567 1800 846 1856 incfl'abilis
895 1801 1282 1871 profunditate,
1311 1814 1529 1871 magnus
1570 1798 1878 1871 iumajoris

306 1869 448 1925 nunc
472 1871 653 1940 gloria:
674 1869 996 1940 Quantitate;
1020 1870 1273 1926 mirabilis
1299 1871 1350 1923 in
1370 1869 1618 1939 prodigiis
1637 1869 1874 1934 insuetis,

307 1941 623 1996 metuendus
666 1941 736 1996 ob
780 1942 881 1996 sibi
919 1957 950 1995 a
992 1941 1212 1996 Domino
1257 1940 1496 1994 traditam
1545 1948 1875 2008 potestatem.

306 2009 475 2076 Quam
506 2012 679 2081 itaque
705 2027 924 2080 magnus
949 2011 1016 2064 sit
1043 2013 1139 2066 iste
1172 2011 1582 2080 gloriosissimus
1620 2010 1877 2081 Hierony-

307 2095 428 2135 mus
457 2081 509 2135 in
538 2080 648 2135 suae
676 2082 797 2135 vitae
824 2081 1278 2136 excellentissima:
1298 2082 1592 2143 sanctitate,
1616 2080 1878 2150 quomodo

307 2150 632 2222 patefaceret
654 2167 770 2206 mea
797 2153 990 2220 lingua,
1020 2167 1139 2206 cum
1163 2152 1425 2222 praecipue
1444 2160 1751 2222 cunctorum
1775 2167 1876 2222 non

307 2221 612 2276 sufﬁcerent
653 2222 950 2292 mortalium
996 2222 1221 2292 linguae,
1251 2231 1308 2275 ut
1353 2221 1464 2291 ejus
1511 2221 1876 2292 excellentiam

308 2292 670 2361 explicarent?
696 2291 875 2346 Liceat
899 2307 1025 2361 ergo
1051 2291 1151 2346 dici
1176 2292 1311 2346 alter
1335 2292 1418 2345 hic
1438 2292 1598 2353 Elias,
1630 2291 1762 2344 alter
1794 2291 1878 2345 hic

309 2360 524 2416 Samuel
542 2402 556 2424 ,
583 2364 716 2416 alter
735 2361 824 2417 hic
841 2360 1071 2418 Joannes
1099 2363 1330 2431 Baptista
1373 2363 1494 2415 vitae.
1546 2361 1877 2416 excellentis-

309 2431 462 2486 sima:
501 2433 798 2486 sanctitate.
851 2433 992 2487 Elias
1030 2442 1083 2487 et
1128 2433 1356 2487 Joannes
1405 2431 1637 2486 eremitac
1679 2432 1879 2500 magnis

310 2502 547 2555 ciborum
577 2512 631 2556 et
655 2503 878 2557 vestium
919 2503 1290 2572 asperitatibus
1327 2517 1537 2556 carnem
1577 2516 1878 2572 macerave-

309 2581 472 2632 runt;
521 2588 626 2644 non
667 2574 885 2628 minoris
925 2571 1043 2644 vice
1071 2573 1422 2644 Hieronymus
1447 2571 1873 2644 gloriosissimus,

314 2644 534 2696 eremita
554 2643 692 2698 idem
711 2659 804 2712 per
819 2642 1220 2712 quadriennium
1243 2641 1292 2696 in
1315 2641 1495 2698 eremo
1512 2641 1739 2712 ferarum
1767 2651 1880 2695 tau-

311 2719 425 2782 tum
451 2714 626 2766 socius
653 2710 902 2781 perstitit.
944 2714 1326 2782 Quinquaginta
1367 2714 1518 2766 anuis
1547 2710 1636 2782 (ut
1662 2727 1881 2766 venera-

311 2781 438 2836 bilis
468 2783 678 2837 Eusebii
718 2784 953 2850 ejusdem
998 2781 1241 2852 discipuli
1290 2784 1503 2847 litterac,
1545 2796 1675 2849 quas
1715 2783 1880 2849 pridie

312 2853 525 2933 recepi,
555 2853 771 2933 plenius
789 2852 1115 2933 fatebantur...
1131 2862 1184 2907 et
1213 2861 1276 2933 ut
1301 2869 1386 2906 me
1412 2852 1607 2906 certius
1631 2860 1699 2933 tu
1718 2852 1877 2933 idem

309 2923 497 2990 nosti),
519 2921 698 2975 viuum
725 2930 779 2975 et
807 2923 1028 2976 siceram
1051 2921 1344 2991 aliqualiter
1384 2938 1490 2985 pou
1528 2923 1787 2989 gustavit;
1815 2922 1881 2977 ab

313 2993 458 3045 omni
496 2993 733 3046 carnium
761 3001 816 3046 et
843 2993 998 3047 etiam
1027 2993 1247 3059 piscium
1283 3007 1377 3046 esu
1412 2992 1483 3045 ita
1508 3007 1566 3046 se
1593 2991 1877 3058 abstinuit,

309 3061 452 3131 quod
489 3063 571 3116 vix
601 3078 660 3116 ea
692 3064 963 3117 nominare
990 3062 1228 3126 volebat;
1254 3071 1460 3117 coctqu
1495 3061 1617 3131 quid
1645 3077 1750 3117 non
1782 3063 1880 3116 nisi

311 3129 366 3184 in
389 3131 572 3185 ultima
598 3132 908 3202 aegritudine
928 3133 1008 3187 bis
1033 3132 1296 3197 comedit;
1322 3129 1530 3186 cilicino
1567 3147 1723 3187 sacco
1761 3147 1880 3187 car-

310 3216 436 3272 nem
465 3203 623 3256 veluti
663 3202 930 3272 Ethiopis
957 3217 1249 3263 maceratis,
1278 3203 1506 3270 desuper
1533 3218 1706 3271 panno
1731 3203 1881 3256 vilis-

311 3271 448 3326 simo
490 3287 546 3326 se
589 3275 828 3340 tegebat;
851 3271 1070 3326 Stratum
1095 3273 1236 3326 aliud
1261 3274 1360 3326 nisi
1393 3285 1583 3326 terram
1614 3287 1880 3338 nunquam

312 3341 484 3395 scivit.
526 3341 640 3396 Non
669 3344 766 3396 nisi
793 3343 958 3397 semel
991 3343 1242 3396 fructibus
1281 3353 1371 3397 aut
1414 3342 1697 3398 herbarqu
1741 3343 1882 3398 foliis

312 3411 426 3465 sive
445 3412 710 3465 radicibus
735 3422 914 3481 pastus
941 3414 989 3465 in
1027 3413 1143 3477 die,
1175 3423 1292 3481 post
1328 3428 1579 3481 vesperas
1606 3429 1665 3468 se
1689 3414 1884 3467 oratio-

311 3481 468 3552 nibus
505 3483 777 3550 praebens,
807 3483 1057 3551 deinceps
1101 3499 1265 3552 usque
1301 3483 1365 3537 ad
1401 3484 1686 3538 secundam
1713 3484 1882 3538 noctis

312 3548 775 3622 horam'quotidie
818 3548 1102 3622 vigilabat;
1152 3548 1481 3621 postmodum
1526 3569 1652 3608 vero
1695 3569 1882 3608 somno

311 3619 484 3675 fessus
513 3619 574 3696 in
605 3632 743 3676 terra
786 3619 1056 3696 dormiens
1101 3619 1264 3696 usque
1301 3625 1365 3676 ad
1413 3624 1650 3696 mediam
1672 3634 1879 3696 noctem

312 3694 650 3763 quiescebat:
678 3709 777 3762 qua
807 3694 1018 3763 quidem
1062 3694 1312 3749 continuo
1353 3711 1574 3763 surgens
1595 3736 1608 3757 ,
1640 3694 1883 3750 lectioni-

310 3757 410 3833 bus
433 3773 487 3814 et
513 3757 788 3831 scripturis
815 3757 1162 3818 sanctissimis
1181 3803 1197 3828 ,
1225 3766 1416 3833 quibus
1437 3757 1544 3820 tota
1570 3765 1738 3818 radiat
1778 3766 1879 3819 Ec-

311 3830 473 3904 clesia
501 3833 573 3886 uti
601 3830 1140 3904 lapidihuspretiosis
1159 3876 1173 3899 ,
1197 3830 1448 3900 intentus,
1474 3850 1638 3904 usque
1662 3835 1728 3889 ad
1757 3849 1881 3890 esus

310 3898 496 3955 horam
512 3898 842 3976 perdurabat.
860 3898 932 3976 Ita
955 3898 1215 3976 levissima
1245 3904 1402 3976 ﬂebat
1427 3898 1659 3976 peccata,
1681 3916 1742 3976 ut
1761 3906 1881 3976 quis

310 3984 434 4023 eum
463 3975 773 4025 azstimasset
799 3975 1061 4026 hominem
1092 3974 1439 4029 interemisse.
1456 3975 1561 4028 Ter
1585 3977 1636 4028 in
1661 3975 1744 4028 die
1760 3974 1881 4029 ear-

308 4055 434 4093 nem
483 4041 612 4112 diris
658 4043 961 4096 verberibus
989 4043 1317 4110 flagellabat,
1349 4045 1420 4097 ita
1451 4052 1507 4098 ut
1534 4059 1598 4098 ex
1626 4045 1739 4112 ejus
1763 4061 1882 4099 cor-

308 4123 441 4178 pore
467 4111 619 4164 rivuli
649 4113 915 4180 sanguinis
936 4112 1231 4166 effluercnt.
1255 4113 1392 4177 Quin
1414 4115 1630 4167 verbum
1653 4111 1878 4168 otiosum

310 4180 524 4252 aliquod
553 4190 608 4236 ut
633 4191 830 4249 pestem
861 4184 1141 4236 maximam
1172 4180 1419 4252 fugiebat.
1440 4183 1550 4238 Sibi
1572 4185 1736 4237 otium
1766 4185 1881 4238 nul-

311 4247 422 4320 lum
448 4261 562 4304 erat
580 4292 595 4317 ,
625 4247 834 4319 semper
859 4261 950 4306 aut
974 4253 1142 4306 sacris
1169 4247 1498 4320 lectionibus,
1527 4264 1617 4308 aut
1639 4254 1878 4309 scriben-

311 4319 401 4393 do,
429 4331 524 4393 aut
561 4321 801 4376 docendo
841 4331 1058 4376 cunctos
1104 4319 1506 4377 exercitabatur.
1553 4323 1688 4392 Quid
1728 4325 1878 4393 plura

309 4388 534 4458 loquar?
557 4392 612 4445 Si
635 4403 936 4462 sanctorum
965 4393 1291 4462 singulorum
1320 4388 1679 4462 perquirerem
1723 4388 1874 4461 vitas,

309 4472 377 4510 eo
397 4499 412 4524 ,
445 4471 500 4513 ut
528 4471 671 4539 puto,
701 4461 953 4547 majorem
965 4461 1252 4547 "inciniuIem
1281 4461 1594 4544 invenirem.
1629 4465 1741 4547 Sed
1758 4468 1875 4547 quia

309 4545 430 4602 eum
458 4532 698 4602 superius
721 4533 946 4587 alterum
965 4533 1264 4588 Samuelem
1290 4535 1695 4602 nominavimus,
1719 4532 1879 4592 fuisse

307 4596 434 4654 huic
457 4596 681 4656 similem
709 4603 1012 4657 Samuelem
1054 4604 1417 4660 Ostendamus.
1460 4605 1558 4661 Hic
1592 4596 1738 4660 certe
1776 4607 1877 4662 Sa-

306 4671 472 4733 muel,
495 4673 582 4739 qui
603 4672 670 4727 de
695 4673 842 4727 vanis
869 4673 1166 4728 litterarum
1199 4675 1386 4730 studiis
1409 4677 1719 4731 verberibus
1747 4691 1876 4732 evo-

305 4750 476 4815 catus,
501 4756 665 4815 sactae
688 4743 972 4815 Scriptura:
998 4745 1291 4801 ministerio
1319 4745 1616 4815 deputatur.
1643 4745 1697 4800 In
1728 4747 1877 4815 cujus

304 4811 483 4866 vultus
510 4811 708 4886 lumine
745 4813 920 4886 divina
962 4816 1125 4883 gratia
1175 4811 1443 4877 influente,
1473 4818 1744 4886 utriusque
1772 4811 1876 4872 Te-

305 4885 555 4955 siamcnti
601 4885 779 4955 lumen
819 4883 1062 4949 vidimus,
1091 4894 1146 4939 et
1174 4887 1226 4939 in
1252 4886 1403 4955 cujus
1429 4887 1629 4942 brachii
1663 4883 1873 4941 fortitu-

305 4952 436 5025 dine
459 4953 822 5008 haereticorum
848 4970 970 5023 pars
989 4956 1218 5010 maxima
1237 4952 1595 5025 est'dispersa.
1616 4957 1711 5011 Hic
1729 4966 1876 5012 certe

304 5023 472 5092 gloria
516 5025 720 5097 virtutis
753 5032 960 5097 nostra:
1003 5025 1327 5097 transferens
1363 5023 1645 5097 utrumque
1688 5028 1865 5082 Testa-

306 5103 548 5168 inentum
576 5109 640 5168 ex
669 5094 1217 5168 lleltrmorutulingua
1247 5097 1298 5150 in
1323 5094 1570 5166 graecam
1591 5099 1786 5168 pariter
1821 5107 1876 5154 et

304 5162 520 5236 latinam
541 5205 554 5228 ,
583 5164 975 5236 diSponensque
1018 5162 1190 5236 ipsum
1227 5162 1454 5235 posteris
1491 5168 1542 5221 in
1583 5162 1836 5222 aeternum
1857 5213 1872 5236 ,

302 5232 584 5288 declarans
625 5232 906 5303 aenigmata
941 5241 995 5289 et
1029 5232 1286 5302 obscura,
1337 5237 1493 5290 dubia
1540 5248 1593 5292 et
1635 5232 1871 5304 nodosa,

303 5317 610 5372 praeparans
645 5304 940 5358 officiorum
973 5306 1166 5360 seriem
1199 5308 1402 5362 cunctis
1426 5307 1675 5362 Ecclesiae
1718 5310 1873 5363 mini-

301 5373 458 5434 stris.
493 5383 657 5429 totam
702 5390 836 5444 pene
875 5375 1166 5430 Ecclesiam
1206 5377 1504 5431 aedificavit.
1548 5377 1698 5433 Unde
1739 5380 1876 5435 bene

301 5457 527 5518 magnus
547 5454 767 5515 apparet
794 5445 847 5499 in
875 5446 1149 5518 sapientia;
1178 5447 1456 5502 ineﬂ'abilis
1496 5448 1869 5518 profunditate.

300 5512 596 5589 Liberales'
621 5512 794 5589 autem
843 5512 1087 5589 scientias
1118 5515 1199 5589 ita
1241 5518 1472 5587 perfecte
1496 5512 1700 5583 'scivit,
1733 5520 1871 5589 quod

300 5584 562 5658 relatione
590 5587 822 5640 omnium
867 5587 1040 5641 nullus
1066 5584 1258 5643 adhuc'
1277 5589 1375 5643 sibi
1421 5589 1608 5643 similis
1635 5584 1869 5658 apparet.

300 5653 382 5730 _De
397 5653 686 5726 Scripturis
698 5673 822 5730 vero
839 5658 1006 5730 sacris
1022 5658 1039 5730 f
1048 5659 1120 5711 uti
1137 5659 1420 5730 multarum
1440 5675 1654 5713 suarum
1673 5653 1874 5730 episto-

299 5723 494 5801 iarutn,
515 5723 652 5801 uuas
671 5727 736 5801 ad
762 5742 848 5780 mc
875 5725 1094 5793 direxit,
1112 5729 1434 5801 experientia
1477 5730 1686 5801 didici),
1705 5723 1874 5800 acqua-

297 5793 406 5850 lem
428 5795 526 5866 sibi
543 5793 821 5851 nemiuem
841 5813 1068 5866 unquam
1084 5793 1227 5853 novi.
1244 5793 1868 5864 llebraicorum,Cr~.ei:o-

296 5879 417 5923 rum
435 5905 451 5933 ,
475 5865 869 5931 Chaldaeorum,
893 5865 1172 5937 Persarum
1197 5879 1250 5940 et
1279 5869 1550 5933 Medorum
1571 5912 1585 5937 ,
1611 5871 1868 5935 Arabico-

1739 418 2099 474 APPENDIX.

3416 422 3556 478 H22

1984 551 2123 602 rum,
2144 546 2197 592 et
2216 545 2348 606 pene
2363 535 2595 591 omnium
2621 535 2887 590 nationum
2905 535 3108 606 linguas
3127 543 3180 590 et
3197 534 3416 600 litteras,
3440 546 3552 591 tan-
3612 530 3622 535 ’

1981 622 2137 674 quam
2155 607 2197 659 si
2215 607 2396 660 fuisset
2412 607 2462 659 in
2484 606 2681 660 eisdem
2705 615 2856 659 natus
2876 614 2930 660 et
2945 607 3214 667 educatus,
3233 606 3402 660 scivit.
3416 607 3549 672 Quid

1980 677 2131 745 plura
2164 677 2372 730 dicam?
2395 676 2522 743 Quae
2554 677 2898 746 Hieronymus
2940 676 3198 746 ignoravit
3242 676 3294 729 in
3341 685 3546 744 natura,

1983 747 2158 816 nullus
2189 746 2458 801 hominum
2481 763 2708 816 unquam
2739 747 2907 800 scivit.
2934 746 3047 800 Non
3070 760 3156 801 me
3182 747 3300 816 ista,
3332 761 3552 800 venera-

1982 815 2103 869 bilis
2133 825 2296 884 pater,
2328 815 2598 871 existimes
2627 816 2823 882 dicere,
2855 825 2912 870 ut
2941 827 3118 885 putem
3153 825 3204 870 te
3233 815 3542 887 Hieronymi

1983 895 2036 940 et
2062 887 2220 939 vitam
2242 897 2296 941 et
2321 887 2542 941 virtutes
2586 887 2735 955 pejus
2773 901 2857 940 me
2894 887 3061 955 scire,
3089 902 3207 940 cum
3235 886 3333 940 sibi
3372 886 3550 942 socius

1982 957 2253 1011 exstiteris
2281 959 2443 1012 multo
2466 967 2720 1025 tempore.
2753 956 2856 1010 Sed
2886 965 3053 1010 testor
3083 956 3268 1019 Deum,
3300 958 3546 1024 quoniam

1982 1025 2052 1080 ob
2099 1037 2204 1080 tam
2247 1027 2521 1082 ineffabilia
2550 1027 2646 1082 viri
2673 1027 3038 1092 sanctitatem,
3069 1027 3113 1081 si
3140 1026 3420 1082 voluissem
3467 1035 3547 1080 ta-

1981 1109 2144 1161 cere,
2200 1113 2303 1150 non
2357 1098 2662 1167 potuissem.
2713 1095 3042 1151 Confitentur
3083 1096 3338 1150 mirabilia
3390 1111 3548 1167 opera

1983 1167 2314 1237 sanctitatem
2341 1166 2489 1222 suam
2519 1177 2570 1223 et
2595 1167 2693 1237 ipsi
2719 1167 2838 1222 caali
2857 1208 2870 1227 ,
2900 1167 2950 1220 in
2981 1166 3170 1236 quibus
3200 1181 3418 1237 magnus
3449 1166 3547 1220 ha-

1981 1234 2114 1290 bitat
2151 1237 2266 1292 sine
2309 1237 2432 1292 ﬁne.
2463 1238 2598 1292 Nulli
2617 1234 2803 1306 itaque
2824 1234 3042 1292 dubium
3069 1245 3185 1302 est,
3218 1234 3352 1290 intra
3379 1236 3548 1291 Patris

1982 1308 2284 1361 mansiones
2310 1308 2478 1376 ipsum
2501 1323 2658 1362 unam
2675 1305 2739 1362 ex
2765 1308 3048 1373 majoribus
3075 1316 3127 1360 et
3155 1305 3548 1361 sublimioribus

1981 1376 2193 1431 sedibus
2213 1377 2470 1432 obtinere.
2498 1379 2630 1433 Cum
2661 1378 2798 1431 enim
2839 1377 2996 1431 homo
3036 1376 3228 1431 ibidem
3258 1377 3545 1430 secundum

1982 1461 2141 1514 Opera
2173 1449 2493 1516 prtemietur,
2522 1458 2576 1503 et
2600 1450 2698 1502 iste
2725 1446 3049 1516 perfectioris
3072 1461 3207 1516 pene
3238 1446 3358 1501 vita:
3386 1446 3550 1501 exsti-

1981 1517 2133 1581 terit;
2163 1518 2304 1572 clare
2329 1528 2472 1587 patet
2496 1520 2665 1588 ipsum
2691 1534 2850 1571 unum
2878 1517 2943 1571 de
2969 1516 3253 1588 majoribus
3271 1524 3344 1588 Aet
3381 1517 3546 1588 subli-

1981 1588 2236 1642 mioribus
2269 1585 2499 1643 cmlestis
2517 1585 2815 1644 Jerusalem
2850 1588 3051 1642 civibus
3093 1586 3224 1641 fore.
3257 1585 3408 1653 Quod
3436 1595 3545 1640 uta

1982 1657 2134 1712 nobis
2165 1658 2367 1726 plenius
2395 1669 2447 1714 et
2474 1660 2668 1714 certius
2691 1657 2952 1722 credatur,
2981 1656 3033 1711 in
3060 1657 3258 1712 mundo
3283 1672 3390 1726 pra:
3411 1672 3540 1711 cun-

1981 1729 2100 1790 ctis,
2130 1745 2350 1797 quorum
2377 1739 2556 1783 nostra
2587 1729 2896 1784 recordatur
2921 1735 3047 1782 tents
3065 1767 3080 1792 ,
3109 1727 3262 1781 valde
3289 1726 3546 1784 mirabilis

1982 1809 2198 1866 apparet
2223 1799 2471 1869 prodigiis
2502 1800 2741 1859 insuetis,
2770 1809 2820 1853 et
2852 1797 3116 1869 miraculis
3141 1797 3378 1869 infinitis,
3406 1812 3546 1869 quo-

1982 1883 2098 1921 rum
2125 1867 2252 1922 mihi
2278 1867 2450 1938 aliqua
2477 1869 2790 1924 venerabilis
2814 1868 3070 1923 Eusebius
3113 1867 3233 1938 suis
3256 1867 3444 1938 litteris
3470 1867 3545 1921 in-

1983 1939 2202 1992 timavit.
2225 1941 2296 1994 De
2313 1937 2518 1995 caeteris
2536 1955 2663 1995 vero
2689 1939 2938 2009 prodigiis
2953 1954 3070 2007 qua:
3091 1937 3398 2009 mirabiliter
3417 1938 3548 2009 fiunt

1984 2009 2248 2076 quotidie,
2282 2020 2338 2064 ut
2379 2012 2629 2066 continue
2675 2008 2937 2078 intelligo,
2964 2008 3304 2078 relationibus
3329 2008 3547 2076 cupiens

1984 2080 2328 2148 plurimorum
2349 2082 2551 2134 avidius
2574 2077 2868 2150 peraudire,
2895 2078 3019 2150 tibi,
3041 2087 3190 2147 pater
3213 2077 3544 2144 charissima,

1982 2150 2239 2218 supplico,
2274 2162 2330 2205 ut
2353 2151 2482 2204 mihi
2513 2149 2734 2205 in’brevi
2769 2149 3038 2204 volumine
3078 2163 3424 2218 quaacumque
3453 2163 3548 2218 po-

1986 2217 2110 2274 teris
2142 2236 2261 2274 vera
2283 2231 2336 2275 et
2363 2222 2508 2275 utilia
2534 2221 2784 2275 miracula
2819 2220 3064 2284 collecta,
3092 2217 3248 2288 quam
3291 2217 3548 2272 citiusfa-

1982 2290 2148 2344 cultas
2169 2291 2355 2357 aderit,
2374 2292 2608 2362 ejusdem
2621 2290 2924 2362 Hieronymi
2939 2288 3256 2362 sanctissimi
3271 2288 3550 2362 devotione

1985 2364 2342 2416 transmittere
2364 2359 2468 2417 non
2497 2363 2745 2431 deneges.
2776 2359 2881 2415 sed
2907 2368 2964 2413 ut
2992 2359 3154 2431 multa
3189 2359 3548 2431 merita_ll_ie-

1984 2432 2190 2500 ronymi
2235 2433 2549 2486 sanctissimi
2576 2427 2678 2485 non
2708 2432 2929 2493 lateant,
2959 2428 3081 2500 quid
3113 2443 3235 2500 erga
3261 2444 3349 2483 me
3373 2427 3548 2500 divina

1983 2498 2249 2554 amt—uento
2281 2503 2559 2556 clementia
2584 2545 2595 2566 ,
2625 2503 2675 2555 in
2706 2501 2820 2569 ipso
2846 2501 2924 2553 sui
2953 2499 3128 2569 obitus
3157 2498 3242 2553 die
3259 2498 3547 2566 .acciderit,

1983 2571 2262 2624 enarrabo.
2295 2572 2493 2627 Eodem
2540 2568 2764 2640 namque
2805 2570 2890 2624 die
2931 2579 2986 2624 et
3034 2568 3162 2622 hora
3200 2584 3330 2640 qua,
3362 2581 3551 2624 exutus

1984 2640 2279 2709 putredinis
2322 2653 2375 2698 et
2412 2639 2755 2696 immunditize
2797 2641 2970 2694 carnis
3017 2649 3163 2710 toga,
3202 2639 3551 2709 llierouymus

1983 2712 2347 2766 sanctissimus
2383 2713 2750 2768 vestimentum
2797 2719 3064 2778 perpetuac
3110 2709 3547 2774 immortalitatis,

1983 2779 2368 2851 inaestimabilis
2393 2783 2585 2836 laititiae
2614 2791 2667 2835 ct
2692 2782 2874 2851 gloriae
2901 2779 3102 2843 induit;
3135 2779 3548 2851 eramiHippone

1983 2849 2038 2903 in
2064 2852 2251 2905 cellula
2280 2867 2395 2906 mea
2421 2849 2716 2921 quiescens,
2740 2851 2891 2905 avide
2911 2851 3148 2921 cogitans
3167 2849 3334 2921 qualis
3357 2853 3551 2906 inesset

1984 2921 2258 2992 animabus
2288 2920 2579 2980 beatorum.
2609 2923 2700 2992 qui
2724 2937 2841 2975 cum
2864 2920 3077 2992 Christo
3095 2920 3344 2992 gaudent,
3367 2921 3550 2989 glorim

1984 2999 2038 3062 et
2063 2990 2362 3046 ltetitiarum
2392 2989 2690 3062 quantitas;
2722 2993 2939 3060 cupiens
2965 2991 3176 3062 inderex
3207 2989 3305 3044 hac
3332 2992 3549 3046 materia

1983 3059 2198 3132 brevem
2246 3059 2566 3132 componere
2605 3059 2917 3128 tractatum,
2944 3061 3210 3132 precibus
3247 3062 3552 3132 compulsus

1984 3131 2152 3202 nostri
2178 3131 2390 3195 Severi,
2420 3133 2682 3202 quondam
2710 3131 3024 3186 venerabilis
3051 3131 3258 3202 Martini
3277 3131 3552 3186 Turoaen-

1984 3201 2058 3254 sis
2084 3203 2317 3271 episc0pi
2339 3201 2611 3272 discipuli;
2643 3204 2842 3263 charta,
2874 3202 3096 3268 calamo,
3123 3201 3467 3271 pugillarique
3498 3203 3548 3257 in

1984 3272 2226 3326 manibus
2255 3275 2544 3342 susceptis,
2582 3284 2637 3327 ut
2682 3273 2893 3328 brevem
2938 3272 3225 3326 scriberem
3271 3273 3547 3340 epistolam

1985 3343 2316 3416 sanctissimo
2343 3344 2662 3416 Hieronymo
2686 3342 3048 3416 destinandam
3071 3384 3085 3406 ,
3102 3350 3174 3416 _ut
3194 3342 3456 3416 quidquid
3474 3359 3550 3416 ex

1984 3409 2087 3483 hoc
2115 3414 2352 3480 sentiret,
2381 3409 2739 3483 responderet.
2765 3413 3002 3468 Sciebam
3029 3413 3169 3467 enim
3192 3409 3244 3466 in
3278 3409 3381 3465 tam
3411 3413 3549 3467 diffi-

1985 3481 2072 3534 cili
2095 3485 2385 3551 quaestioue
2411 3499 2442 3538 a
2469 3481 2613 3539 nullo
2638 3485 2741 3538 alio
2767 3483 3052 3544 viventium
3067 3497 3151 3536 me
3175 3497 3328 3550 posse
3359 3484 3550 3538 melius

1985 3551 2163 3607 doceri
2184 3564 2236 3608 et
2255 3555 2567 3609 evidentius.
2586 3554 2823 3623 Cumque
2839 3554 2944 3623 jam
2966 3552 3203 3608 scribens
3223 3552 3550 3623 salutationis

1986 3624 2260 3706 exordium
2289 3625 2610 3706 Hieronymo
2646 3622 3029 3706 pra-notarem,
3071 3622 3331 3706 ineffabile
3377 3623 3551 3704 subito

1987 3691 2163 3763 iumen
2189 3696 2382 3748 nostris
2402 3691 2625 3749 invisum
2649 3691 2993 3763 temporibus,
3015 3693 3311 3760 nostrisque
3334 3693 3551 3748 minime

1985 3760 2176 3829 linguis
2202 3764 2595 3832 declarandum,
2627 3760 3026 3819 cum’inefl'abili
3057 3763 3395 3832 inauditaque
3423 3763 3551 3818 udo.

1984 3847 2111 3906 rum
2128 3836 2360 3906 omnium
2389 3835 2670 3906 fragrantia
2693 3836 2967 3906 cellulam,
2995 3835 3047 3888 in
3077 3849 3179 3904 qua
3212 3835 3440 3906 istabam,
3469 3833 3551 3888 in-

1985 3905 2168 3974 travit,
2201 3905 2328 3959 hora
2355 3906 2464 3974 jam
2480 3905 2837 3973 ’completorii.
2864 3905 2980 3971 Quo
3005 3919 3034 3957 a
3064 3920 3149 3958 me
3173 3905 3303 3968 viso,
3333 3913 3550 3972 stupore

1984 3973 2437 4044 admirationeque
2486 3986 2781 4030 commotus
2811 4015 2826 4039 ,
2873 3975 3032 4027 auiuti
3083 3987 3137 4028 et
3189 3975 3548 4029 membrorum

1985 4043 2210 4098 virtutes
2247 4043 2464 4112 repénte
2506 4046 2676 4099 amisi.
2706 4045 3010 4099 Nesciebam
3058 4046 3197 4097 enim
3249 4052 3372 4098 tunc
3413 4045 3550 4112 quod

1953 4141 1956 4144 -
1983 4113 2199 4167 dextera
2233 4115 2488 4170 mirabilis
2512 4115 2604 4168 Dei
2631 4115 2912 4170 exaltasset
2941 4128 3149 4168 servum
3181 4129 3365 4178 suum,
3402 4126 3552 4169 notas

1983 4182 2180 4238 faciens
2220 4185 2271 4238 in
2319 4185 2522 4252 populis
2563 4185 2780 4239 virtutes
2824 4198 2978 4248 suas;
3012 4183 3309 4238 nesciebam
3353 4185 3549 4238 etenim

1981 4253 2122 4322 quod
2149 4254 2284 4309 Deus
2306 4255 2532 4324 antiquae
2553 4254 2907 4309 miserationis
2929 4269 3138 4309 servum
3165 4268 3316 4307 suum
3344 4254 3548 4308 fidelem

1981 4337 2012 4377 a
2037 4324 2213 4378 carnis
2233 4325 2573 4379 immunditiis
2602 4325 2956 4390 dissolvisset,
2989 4335 3042 4378 et
3070 4334 3172 4377 tam
3200 4324 3474 4379 sublimem
3501 4329 3548 4379 ei

1981 4393 2033 4447 in
2051 4395 2188 4448 coelo
2204 4395 2383 4449 sedem
2405 4403 2640 4464 parasset
2659 4411 2671 4460 ε
2691 4395 2988 4450 nesciebam
3005 4404 3150 4448 certe
3165 4396 3552 4463 investigabilcs

1983 4465 2094 4517 vias
2112 4464 2346 4529 Domini;
2371 4466 2670 4521 nesciebam
2698 4467 2973 4520 thesaurus
2993 4464 3211 4519 infinita:
3229 4466 3320 4520 Dei
3341 4467 3551 4535 sapien-

1982 4536 2068 4589 tia‘.
2095 4545 2149 4590 et
2184 4535 2448 4602 scientiae;
2480 4547 2680 4592 secreta
2726 4545 2781 4591 et
2821 4537 3025 4591 occulta
3070 4535 3161 4590 Dei
3205 4535 3398 4605 judicia
3445 4551 3550 4591 non

1981 4607 2364 4675 cognoscebam
2392 4623 2404 4659 :
2429 4609 2675 4676 quoniam
2707 4622 2840 4675 quos
2865 4606 2975 4660 vult
3012 4606 3140 4676 facit
3167 4621 3261 4661 sua
3301 4606 3546 4662 ineffabili

1980 4676 2240 4746 sapientia
2267 4676 2332 4730 ad
2358 4675 2783 4746 suiagnitionem
2811 4679 3011 4731 venire.
3039 4675 3182 4744 Quos
3209 4686 3384 4732 autem
3418 4693 3552 4746 pra-.-
3595 4690 3601 4693 ‘

1981 4744 2236 4813 destinat,
2268 4757 2438 4811 vocat,
2457 4744 2730 4814 justificat,
2759 4758 2812 4802 et
2837 4746 3116 4811 beatificat,
3139 4759 3292 4816 prout
3313 4744 3550 4802 decernit

1979 4818 2282 4872 convenire.
2331 4817 2511 4888 Itaque
2554 4819 2693 4888 quia
2723 4817 2880 4871 talem
2937 4818 3075 4872 oculi
3128 4817 3232 4872 mei
3281 4833 3547 4888 nunquam

1980 4897 2357 4956 perspexerant
2382 4887 2549 4941 lucem
2572 4929 2585 4948 ,
2614 4887 2836 4941 olfactus
2873 4903 3022 4941 meus
3049 4888 3266 4942 odorem
3297 4887 3523 4942 non'sen

1979 4969 2155 5022 serat;
2185 4968 2288 5011 tam
2317 4962 2489 5021 novis,
2509 4967 2614 5011 tam
2645 4957 2892 5012 inauditis
2915 4959 3064 5012 miris
3086 4957 3542 5026 obstupescebam.

1981 5026 2125 5082 Inter
2149 5028 2261 5081 lucc
2299 5038 2475 5081 autem
2507 5027 2640 5082 meis
2668 5027 2719 5081 in
2749 5043 2838 5083 me
2863 5028 3312 5098 perstrepentibus
3347 5029 3546 5098 cogita-

1979 5098 2212 5153 tionibus
2236 5099 2359 5168 quid
2390 5099 2488 5152 hoc
2512 5107 2670 5160 esset,
2694 5098 2761 5153 de
2785 5099 2900 5152 luce
2927 5097 3039 5150 haec
3063 5098 3245 5151 dicens
3265 5097 3431 5152 verba
3449 5115 3547 5154 vox

1979 5168 2230 5239 emicuit:
2255 5169 2563 5239 Augustine,
2602 5168 2905 5239 Augustine,
2933 5169 3051 5237 quid
3069 5238 3076 5239 ί
3097 5168 3318 5239 quam?
3346 5178 3553 5236 putasne

1979 5237 2114 5293 brevi
2150 5237 2412 5292 immittere
2454 5239 2651 5292 vasculo
2683 5237 2830 5292 utare
2877 5247 3028 5290 totum
3057 5238 3083 5292 i’
3123 5238 3254 5292 brevi
3297 5239 3552 5292 includere

1979 5309 2172 5380 pugillo
2213 5319 2458 5363 terrarum
2493 5308 2700 5362 orbem?
2738 5310 2916 5380 calum
2935 5309 3160 5380 ﬁrmare
3186 5323 3300 5380 ,_ne
3345 5309 3551 5380 usitatos

1981 5376 2205 5434 exerceat
2245 5380 2448 5433 motus?
2476 5380 2600 5445 Qua:
2644 5379 2818 5433 oculus
2855 5376 3045 5431 nullius
3087 5378 3347 5432 hominum
3385 5379 3552 5434 videre

1979 5450 2141 5521 potuit
2157 5491 2172 5517 ,
2203 5459 2318 5503 tuus
2340 5449 2559 5505 videbit?
2578 5465 2691 5518 qua:
2721 5448 2859 5502 auris
2882 5446 3025 5521 nulla
3053 5465 3142 5516 per
3159 5465 3336 5521 sonum
3362 5449 3546 5521 hausit,

1979 5517 2150 5573 audiet
2175 5529 2260 5573 tua
2277 5520 2304 5574 ?
2319 5536 2434 5590 qua?
2460 5535 2546 5574 cor
2568 5517 2842 5572 humanum
2862 5517 3145 5590 nullatenus
3164 5518 3428 5590 intellegit,
3461 5537 3550 5572 nec

1979 5591 2129 5645 etiam
2157 5587 2389 5661 cogitauit
2407 5632 2422 5656 ,
2449 5591 2704 5644 existimas
2737 5600 2783 5642 te
2819 5605 2963 5657 posse
2985 5587 3300 5661 intelligere?
3325 5587 3551 5661 Inﬁnita:

1978 5662 2051 5714 rei
2071 5661 2182 5730 quis
2207 5658 2297 5714 erit
2318 5662 2434 5730 finis
2449 5661 2474 5714 ?
2491 5661 2752 5730 immensa,
2780 5676 2878 5728 qua
2906 5675 3135 5730 mensura
3163 5659 3416 5712 metiaris?
3441 5658 3550 5713 Po-

1979 5728 2090 5785 tius
2118 5741 2273 5784 totum
2316 5728 2454 5784 mare
2477 5733 2531 5783 in
2557 5729 2832 5783 ιη·οείσεὶωο
2871 5728 3186 5782 clauderetur
3211 5730 3432 5792 vasculo,
3462 5747 3552 5799 po-

1979 5801 2079 5855 tius
2124 5811 2369 5855 terrarum
2411 5801 2575 5854 orbem
2619 5800 2855 5869 parvulus
2897 5808 3078 5852 teneret
3123 5799 3358 5869 pugillus,
3389 5802 3552 5868 potius

1979 5873 2156 5936 caelum
2176 5890 2207 5926 a
2231 5883 2366 5938 motu
2394 5871 2626 5926 continuo
2667 5869 2951 5936 desisteret,
2989 5885 3139 5936 quam
3179 5869 3477 5940 gaudiorum
3505 5881 3549 5925 et
