4084 6332
426 258 565 316 Hii

351 375 354 377 ’
416 369 596 428 vomis
638 365 917 420 durissima
964 361 1224 432 torqueor!
1253 359 1318 412 Et
1347 357 1449 432 boc
1493 363 1799 432 per‘totum
1849 352 1998 432 illum

419 423 579 492 diem
608 423 1066 507 quantisvocibus'
1091 429 1578 507 poterat_cla_mans,
1611 423 1738 478 liora
1764 425 1999 507 comple-

395 509 558 561 ‘torii
581 496 947 561 miserabiliter
974 496 1195 562 cunctis,
1225 499 1314 568 qui
1351 496 1419 550 ad
1445 496 1558 549 haec
1588 500 1996 556 concurrerant,

419 569 1099 644 cemeutilmsexSpirnV/il-
1127 640 1138 644 _
1320 635 1332 644 _
1353 635 1368 644 ,
1501 632 1532 644 ..
1719 630 1753 644 -.

507 629 734 701 CAPUT
765 629 931 712 Χι-ξ-
953 640 1237 693 lliereticus
1247 635 1456 712 quidam
1455 632 1601 712 alios
1622 629 1882 712 pestifera-
1896 629 2004 712 bte-

423 716 576 768 resis
592 717 804 774 arianae,
819 711 1224 781 cuianteineum
1237 703 1608 781 obitumﬁnem
1629 702 1744 781 pius
1770 702 2004 781 imponat

422 781 714 847 Dominus,
727 782 779 834 in
792 772 1021 834 ecclesia
1037 777 1164 832 Sion
1175 775 1385 847 gloriosi
1407 772 1709 847 Hieronymi
1723 772 2002 847 imaginem

420 867 666 909 cernens
688 839 713 905 τ’
733 848 960 912 Utinam,
986 839 1262 917 inquit,sic
1285 854 1464 917 tecum
1488 839 1678 917 viee6as
1699 840 1823 917 uicis
1839 839 2002 917 mauif

421 920 530 976 bus
553 908 850 984 tenuissem;
873 908 989 988 quia
1010 908 1377 988 te'meogladio
1399 909 1748 988 jugulassem!
1784 908 1905 988 Huic
1945 916 2004 962 ut

420 991 578 1045 dicta
613 990 774 1060 dedit.
805 978 1346 1060 gla'dium‘et'agiitans
1373 978 1482 1035 tota
1510 981 1559 1034 vi
1590 978 1847 1060 ipsum-in
1871 979 2001 1030 ima-

421 1061 578 1128 ginis
603 1059 741 1115 illius
767 1048 945 1127 guttur
974 1048 1354 1128 iiiftsit_.'Quam
1372 1061 1592 1128 magni?
1617 1049 1717 1103 iste
1740 1048 2002 1115 Hierony-

423 1120 559 1184 iitus
587 1139 664 1183 tot
692 1120 888 1182 faciens
935 1124 1220 1186 mirabilia,
1254 1125 1337 1175 cui
1381 1120 1670 1175 secundum
1711 1132 1803 1170 sua
1841 1131 2000 1185 opera

421 1199 627 1253 similis
653 1213 756 1252 non
786 1195 1032 1264 apparet!
1058 1189 1456 1264 Potuitquidem
1489 1186 1844 1264 imbecillisjn
1869 1187 2001 1264 ima‘

422 1269 577 1334 ginis
597 1276 808 1336 gutture
822 1257 1054 1337 gladium
1079 1263 1237 1330 [igere
1268 1257 1524 1321 dextera:
1561 1257 1656 1312 sed
1681 1257 2004 1337 de_imagin_e

421 1333 690 1406 gladium,
723 1346 776 1390 et
807 1333 1039 1404 a‘gladio
1069 1345 1302 1406 manum,
1340 1342 1616 1406 quousque
1642 1341 1727 1380 res
1754 1333 1998 1386 innotuit,

421 1398 1041 1480 Extraltcr—e‘nullatenus
1067 1401 1159 1454 fuit
1184 1398 1550 1480 compositos
1569 1411 1858 1480 quoquee}
1886 1411 2005 1480 per-

423 1477 701 1532 cussionis
729 1476 1121 1546 loco_tanquam
1148 1485 1212 1524 ex
1246 1470 1472 1522 hominis
1499 1480 1721 1546 corpore
1746 1470 1792 1516 vi
1803 1470 1848 1546 ri
1877 1479 2001 1546 saa-

422 1548 612 1616 guinis
646 1545 783 1616 unda
816 1534 1004 1616 ﬂuxit,
1035 1555 1153 1611 quae
1203 1552 1369 1608 usque
1414 1535 1709 1616 modo_pro
1747 1534 2004 1616 miraculo

423 1605 759 1669 declarando
808 1605 1300 1678 fluerenimquamf
1318 1615 1507 1678 cessat.
1564 1605 1760 1678 Eadem
1789 1607 2004 1678 insuper

426 1687 593 1751 hora,
625 1700 726 1753 qua
777 1698 864 1738 res
891 1683 968 1736 sic
993 1691 1107 1735 acta
1142 1673 1244 1741 est,
1281 1677 1450 1753 judici_
1484 1678 1537 1753 in
1577 1675 1714 1753 atrio
1757 1673 2002 1753 eaistenti

424 1741 860 1824 idem'gl'oriosus
883 1753 1239 1824 Hieronymus
1256 1741 1376 1824 c'um
1401 1745 1577 1824 gladio
1596 1741 2004 1824 gutturi-inliso

421 1812 735 1892 apparéus,
768 1837 864 1892 pro
897 1812 1188 1892 offensione
1227 1812 1523 1892 litijiismodi
1559 1812 1846 1892 vindictam
1888 1812 2001 1892 lieri

423 1881 742 1961 postulavit,
771 1881 990 1961 narrans
1017 1887 1258 1961 equidem
1294 1881 1420 1961 sibi
1444 1885 1666 1944 factam;
1699 1891 1748 1934 et
1777 1881 1892 1961 hafc
1918 1882 2001 1961 di:

423 1951 571 2017 cens
597 1951 742 2017 abiit;
771 1951 1110 2026 Stupefacttis
1137 1958 1309 2025 itaque
1329 1955 1518 2026 judex,
1541 1969 1658 2006 cum
1680 1952 1887 2026 cancris
1913 1951 2002 2019 qui

422 2033 716 2091 astabant,
745 2031 810 2083 ad
841 2023 1120 2083 ecclesiam
1165 2023 1474 2094 properans,
1508 2023 1812 2094 ltzt-reticum
1847 2036 2002 2094 manu

423 2101 671 2170 gladium
691 2099 926 2154 infixum
949 2091 1212 2151 tenentem
1241 2091 1458 2170 reperit.
1475 2093 1581 2170 Qui
1606 2091 1890 2170 protinus}.
1904 2099 1937 2170 εἴ
1949 2091 2000 2143 1ιί

423 2159 705 2236 viderunt,
731 2184 942 2224 manum
969 2169 1064 2221 fuit
1091 2159 1544 2236 composagladio
1563 2159 2003 2236 removendi.Ca_-

426 2230 755 2308 ptusitaqne
785 2238 1080 2300 luereticus,
1102 2235 1154 2308 in
1173 2230 1273 2308 sua
1319 2230 1638 2308 permanens
1675 2230 1865 2283 duritia
1884 2267 1901 2293 ,
1933 2230 2005 2283 ob

425 2300 582 2363 aliud
621 2300 682 2363 se
707 2323 810 2362 non
846 2308 1055 2370 dolere,
1088 2304 1187 2358 nisi
1236 2302 1377 2371 quod
1423 2300 1598 2371 vivum
1651 2314 1754 2371 non
1801 2308 2007 2371 teneret

427 2379 843 2449 Hieronymum,
873 2367 1152 2449 garriens,
1171 2388 1202 2427 a
1247 2367 1423 2449 populi
1453 2369 1790 2449 multitudine
1819 2367 2008 2437 lapidi-

426 2441 1030 2522 bus‘,rl_ig:ni_s,_et_tsibt_ts,
1061 2454 1112 2496 et
1141 2442 1336 2522 lanceis
1360 2441 1651 2509 jugulatur.
1917 2498 1960 2522 γ’.

504 2510 732 2572 CAPUT
763 2512 1120 2581 Ill—Nepos
1137 2525 1284 2564 meus
1305 2510 1560 2581 Joannes,
1571 2524 1726 2581 quem
1739 2510 2001 2581 agnoscis,

425 2587 584 2659 omni
607 2587 811 2659 fulgens
840 2577 1259 2659 pulcliritudine,
1286 2595 1442 2659 quem
1473 2578 1599 2631 mihi
1631 2579 1680 2659 in
1712 2577 1884 2631 locum
1914 2577 2004 2659 lilii

425 2649 709 2726 adoptavi,
723 2663 780 2707 ut
791 2649 936 2721 puto,
956 2652 1048 2706 tibi
1067 2651 1234 2726 pridie
1247 2649 1369 2718 quid
1386 2649 1433 2726 ei
1449 2649 2001 2726 evenerit,et_iarravit_:

431 2717 735 2779 sed'tamen
763 2717 820 2775 ut
836 2721 1167 2790 praestantius
1196 2717 1903 2790 memorimyeommcndetur,
1934 2718 2005 2769 si-

437 2795 608 2848 lentio
637 2809 739 2847 non
766 2785 1022 2846 transibo.
1051 2789 1243 2857 Captus
1267 2788 1440 2855 itaque
1465 2787 1600 2839 idem
1625 2785 2006 2857 Joannesante

433 2865 576 2918 duos
601 2876 769 2917 annos
805 2877 835 2913 a
891 2860 1094 2921 Persis,
1130 2855 1187 2911 et
1228 2857 1506 2911 Persarum
1570 2857 1706 2922 regis
1750 2855 2006 2907 ministris

433 2934 702 2993 venditus.
735 2939 948 3000 propter
963 2929 1282 3000 eminentem
1300 2940 1446 2978 suam
1471 2924 1910 3000 pulchritudinem
1939 2924 2004 2977 ad

433 3004 581 3071 regis
609 2992 900 3071 exercenda
929 2999 1181 3071 obsequia
1206 2992 1772 3071 deputatuhﬁumque
1803 3009 1895 3071 per
1914 3009 2009 3046 an-

433 3063 564 3126 nuin
588 3071 638 3124 in
659 3070 801 3124 curia
828 3084 931 3123 non
965 3063 1123 3136 parvo
1151 3063 1332 3136 dolore
1355 3073 1408 3118 et
1429 3065 1586 3136 tzrdio
1611 3063 2002 3136 permansisset,

433 3142 626 3196 eodem
664 3133 1006 3193 revolutionis
1029 3137 1151 3191 anni
1180 3135 1285 3198 die,
1316 3133 1588 3202 prandenti
1617 3133 1723 3200 regi
1746 3135 2002 3198 serviens,

437 3227 552 3280 pra:
579 3210 789 3264 tristltia
816 3225 874 3280 se
909 3223 940 3262 a
974 3205 1349 3280 lactymis'non
1383 3205 1550 3280 potuit
1575 3205 1865 3280 continere.
1898 3203 2006 3258 Hoc

435 3272 534 3334 res
563 3281 794 3340 intuens,
827 3272 1176 3347 lacrymarum
1205 3275 1272 3327 ab
1293 3290 1358 3326 eo
1383 3274 1535 3328 avide
1557 3272 1743 3342 quaerit
1763 3289 2002 3347 causam.

433 3351 553 3415 Qua
579 3358 866 3416 comperta,
898 3343 952 3399 in
978 3347 1205 3416 quodam
1231 3360 1350 3416 eum
1386 3352 1561 3416 castro
1587 3343 1840 3416 custodiri
1865 3343 2002 3396 fecit.

436 3413 529 3488 Ibi
548 3413 943 3488 nocte-quadam
965 3413 1211 3488 existenti
1232 3414 1372 3488 diris
1389 3413 1632 3488 lacrymis
1649 3413 1881 3480 undique
1905 3429 2009 3466 ma-

433 3487 675 3552 defacto,
732 3483 784 3540 in
810 3488 1012 3542 somnis
1041 3485 1215 3538 eidem
1241 3483 1502 3552 gloriosus
1534 3483 1882 3550 Hieronymus
1913 3499 2005 3536 ve-

434 3559 612 3619 niens.
644 3571 962 3624 manumque
981 3555 1117 3623 ejus,
1151 3563 1204 3606 ut
1228 3553 1326 3606 sibi
1357 3553 1909 3624 videbatm-,_eapiens,
1940 3552 2005 3604 ad

433 3629 702 3683 civitatem
718 3621 1195 3681 Jerusalem‘secum
1212 3623 1379 3675 duint.
1403 3621 1812 3690 Expergefacms
1829 3637 2002 3683 mane,

438 3707 636 3765 putans
665 3712 722 3750 se
749 3699 798 3750 in
826 3704 1002 3765 castro
1029 3709 1058 3765 a
1082 3693 1335 3765 militibus
1362 3692 1597 3765 retineri,
1630 3693 1681 3744 in
1701 3691 1881 3755 domo,
1903 3706 2006 3760 qua

433 3760 651 3831 inaueo,
691 3781 750 3820 se
775 3764 992 3818 invenit.
1025 3764 1120 3830 Qui
1148 3760 1494 3816 admiratione
1521 3762 1662 3814 velut
1685 3776 1888 3825 amens,
1920 3771 2006 3814 ut-

435 3851 556 3890 rum
578 3837 628 3889 in
654 3845 829 3889 castro
855 3835 935 3887 vel
963 3835 1012 3886 in
1039 3831 1305 3886 domicilio
1331 3846 1450 3883 meo
1491 3840 1674 3894 staret,
1709 3831 2007 3884 nullatenus

436 3906 800 3965 discernebat;
855 3905 905 3955 in
962 3919 1020 3956 se
1065 3911 1333 3970 postremo
1372 3899 1598 3970 rediens,
1647 3901 1840 3953 emissa
1876 3915 2005 3970 voce

435 3974 786 4029 dormientem
817 3967 1080 4026 familiam‘
1095 3970 1358 4024 excitavit.
1387 3967 1614 4022 Cui-runt
1647 3971 1805 4038 igitur
1827 3969 1892 4022 ad
1922 3985 2007 4024 me

437 4041 642 4108 famuli,
664 4042 851 4096 adesse
874 4041 1129 4095 Joannem
1176 4037 1422 4108 ineffabili
1463 4039 1653 4108 gaudio
1684 4038 2002 4092 nuntiantes.

435 4112 612 4179 Quare
631 4106 824 4165 dubius
851 4123 1324 4176 accurrens,quem
1355 4106 1571 4179 aPersis
1599 4108 1828 4179 vinctum
1853 4117 2005 4179 puta-

435 4177 580 4246 bam,
601 4191 1125 4253 pnesentemperno.
1155 4179 1270 4253 Quo
1290 4177 1525 4253 quidem,
1555 4178 1694 4246 quod
1719 4177 1766 4230 ei
1796 4177 2006 4253 accide-

437 4245 892 4315 rat.’c'narrante,
928 4249 1036 4302 Deo
1075 4257 1130 4301 et
1175 4247 1410 4316 glorioso
1455 4245 1777 4318 Hieronymo
1824 4247 2005 4301 laudes

434 4322 680 4374 maximae
711 4319 1092 4384 persoivuntur.

509 4389 732 4445 CAPUT
787 4389 924 4443 Xltl.
946 4416 1016 4428 —
1038 4385 1462 4442 Sanctimonialis
1485 4383 1724 4452 quaedam
1747 4384 1957 4440 domina
1985 4426 2001 4452 ,

435 4460 672 4517 omnium
692 4473 821 4526 pene
838 4457 1186 4526 pulcherrima
1201 4456 1512 4526 feminarum
1517 4496 1532 4516 ,
1543 4455 2002 4524 attatejuveneula,

435 4529 530 4583 sed
547 4524 705 4582 animi
723 4524 974 4596 sapientia
988 4526 1138 4579 valde
1155 4541 1308 4596 cana,
1324 4526 1414 4578 bca
1424 4525 1458 4577 ti
1471 4524 1772 4596 Hieronymi
1785 4526 2009 4580 devotis-

437 4599 590 4656 sima,
605 4600 654 4651 in
672 4594 897 4666 quodam
910 4596 1153 4650 ctenobio
1171 4595 1510 4666 dominarum
1521 4594 1690 4666 multa
1705 4596 2000 4659 sanctitate,

438 4679 498 4722 ut
515 4663 718 4735 opinor,
749 4667 920 4720 adlmc
947 4667 1110 4719 vivit:
1132 4665 1238 4735 cpi,
1257 4664 1396 4732 quod
1412 4663 1617 4735 audies,
1634 4664 1822 4718 dicitur
1836 4668 2005 4718 conti-

435 4729 597 4806 gisse.
621 4729 713 4789 Sit
739 4736 928 4806 mulier
956 4737 1066 4789 lucc
1089 4729 1205 4806 aliis
1237 4729 1642 4806 inﬂexemplum,
1673 4749 1790 4802 qua:
1818 4735 1918 4788 huc
1943 4737 2004 4788 il-

439 4803 627 4872 lucque
657 4822 750 4871 per
777 4805 978 4872 plateas
1004 4814 1060 4859 et
1088 4805 1232 4857 vicos
1271 4803 1571 4859 discurrere
1616 4817 1718 4856 non
1770 4815 1999 4864 cessant.

436 4891 532 4930 ana
558 4877 837 4929 stultorum
869 4874 1138 4928 hominum
1177 4875 1522 4940 illaqueautes
1552 4874 1752 4927 animas
1780 4875 1998 4927 visione.

437 4945 593 5001 Nullo
638 4954 711 5000 tot
755 4945 992 4997 diabolus
1032 4943 1236 4997 animas
1273 4953 1418 4997 recte
1444 4943 1616 5010 capit,
1648 4953 1775 5012 quot
1817 4945 2002 5012 laqueo

439 5015 669 5084 pessimo
705 5014 1003 5067 mulierum.
1044 5012 1466 5084 Sanctimonialis
1509 5015 1639 5076 haec,
1686 5023 1740 5066 ut
1767 5015 2000 5068 onmium

437 5083 770 5137 dominarum
819 5083 1119 5138 testimonio
1166 5083 1871 5151 comprobatur,nunquam,
1903 5085 2000 5137 nisi

400 5199 402 5201 .
437 5169 554 5208 eam
585 5154 807 5206 ttiaxitna
835 5152 1118 5221 compellat
1147 5154 1453 5213 necessitas,
1479 5161 1624 5206 extra
1642 5168 1788 5206 suam
1814 5153 2000 5208 cellam

438 5223 656 5292 gradum
689 5222 834 5292 ligit:
862 5237 1032 5291 neque
1056 5222 1196 5274 enim
1235 5221 1373 5292 aliud
1399 5222 1500 5290 agit
1533 5237 1682 5289 opus,
1727 5238 1882 5291 quam
1913 5233 2003 5278 aut

438 5291 765 5347 orationibus
790 5302 958 5356 vacat,
999 5299 1091 5343 aut
1144 5291 1456 5345 lectionibus
1496 5299 1548 5344 et
1578 5292 2001 5348 meditationibus

440 5363 754 5430 implicatur,
785 5371 876 5414 aut
915 5376 1108 5430 corpus
1133 5361 1302 5414 reﬁcit
1341 5360 1673 5415 dormieudo.
1723 5362 1814 5414 llis
1839 5362 2000 5416 durus

439 5446 660 5500 serpens
682 5430 935 5502 antiquus
955 5429 1196 5485 diabolus
1233 5429 1480 5502 operibus
1507 5430 1769 5502 invidens,
1799 5441 1855 5502 ut
1881 5447 1999 5487 eam

437 5516 470 5573 ῃ
516 5498 700 5573 sancto
727 5498 998 5573 proposito
1048 5510 1343 5573 revocaret,
1379 5498 1664 5573 cujusdam
1689 5501 1998 5573 nobilissimi

433 5568 914 5652 iuvenis-animum.
932 5570 986 5626 in
1023 5569 1260 5652 ejusdem
1283 5568 1772 5652 sanctimonialis
1798 5578 1998 5652 tantum

438 5638 673 5710 incitavit
689 5638 1194 5713 concupiscentiam,
1214 5640 1356 5712 quod
1377 5638 1449 5694 nil
1475 5647 1679 5710 poterat
1697 5639 1784 5696 die
1811 5650 2000 5709 noctu-

1875 240 2234 300 API’LNDtX.

3543 245 3689 302 Hi9.

2105 366 2208 416 que
2231 349 2370 422 aliud
2389 391 2402 410 .
2445 351 2545 405 nisi
2575 350 2838 422 quomodo
2859 360 3038 422 posset
3065 366 3181 422 eam
3220 353 3494 422 attingere,
3527 368 3671 422 cogi-

2107 429 2238 472 tare.
2265 418 2414 473 Circa
2437 418 2812 475 monasterium
2831 419 2939 473 veri
2955 419 3168 474 hnninis
3185 418 3486 473 cbo-nemus
3504 418 3680 477 conti-

2106 503 2209 558 nite
2235 503 2475 557 pergens,
2503 490 2703 543 nullum
2730 488 3018 542 remedium
3043 488 3184 542 aliud
3214 490 3450 556 reperire
3475 490 3678 558 quibat.

2105 556 2272 611 Tanta
2302 556 2525 626 namque
2551 558 2774 612 inscitia:
2793 559 2932 612 nube
2955 558 3232 626 caligabat,
3259 567 3316 612 ut
3334 556 3599 612 multo'ties
3619 575 3677 614 sc

2105 628 2216 680 suis
2241 628 2548 696 perniciosis
2577 628 2840 681 turbatum
2868 627 3140 682 affectibus
3164 642 3389 682 cernens
3407 667 3423 690 ,
3452 627 3679 682 voluerit

2106 710 2166 749 se
2195 697 2346 763 aquis
2369 697 2578 751 tradere
2615 696 2999 750 suifocandum.
3041 696 3198 752 Stulti
3228 698 3425 750 amoris
3454 699 3672 751 stultum

2100 763 2350 835 juvenem
2377 767 2444 818 ita
2468 776 2653 820 catena
2681 765 2749 822 de
2776 767 2874 836 die,
2887 766 2938 820 in
2959 765 3355 836 diemstringit,
3385 776 3442 819 ut
3476 767 3589 820 haec
3607 771 3674 820 ad

2109 835 2527 890 sanctimonialis
2571 849 2730 891 aures
2779 835 3047 890 insinuare
3072 835 3142 890 ob
3168 836 3307 890 illius
3336 850 3440 889 non
3485 837 3678 891 audeat

2105 904 2430 974 pudicitiam.
2457 904 2570 971 Qua
2599 905 2667 960 de
2686 921 2743 959 re
2769 904 2916 960 omni
2941 904 3008 959 ad
3033 903 3134 961 hoc
3155 905 3352 959 auxilio
3369 905 3673 969 destitutus,

2106 973 2386 1042 quemdam
2414 975 2687 1044 inveniens
2708 989 2941 1044 magum,
2965 975 3236 1038 veneﬁcia,
3263 974 3562 1030 dtemonum
3594 974 3679 1029 in-

2105 1045 2430 1114 cantationes
2476 1042 2718 1098 nefandis
2761 1042 3382 1114 artibusexeroentem,
3428 1059 3673 1114 magnam

2106 1113 2382 1181 promittit,
2414 1114 2495 1178 si,
2526 1113 2667 1182 quod
2695 1122 2840 1180 optat
2864 1154 2878 1179 ,
2923 1113 3147 1182 adeptus
3199 1113 3390 1180 fuerit,
3439 1113 3678 1182 pecunia:

2107 1184 2472 1251 quantitatem.
2502 1182 2652 1239 Tunc
2690 1197 2876 1251 magus
2900 1185 3275 1238 veneficiorum
3307 1199 3521 1238 suormn
3552 1199 3673 1238 car-

2107 1251 2338 1322 minibus
2361 1262 2634 1306 evocatum
2658 1252 2953 1307 daemonem
2981 1253 3276 1322 decipiendi
3311 1267 3470 1308 causa
3521 1262 3676 1308 nocte

2109 1322 2279 1393 media
2303 1321 2490 1393 festiue
2513 1323 2578 1375 ad
2594 1331 2842 1393 sanctam
2868 1321 3416 1377 destinatmonialem.
3457 1323 3535 1377 Ad
3564 1324 3680 1379 ccl-

2107 1389 2267 1460 lulam
2299 1392 2476 1460 itaque
2503 1389 2759 1446 accedens
2784 1393 2992 1447 daemon
3020 1395 3244 1448 transire
3278 1395 3410 1446 ultra
3438 1393 3670 1458 cellulae,

2106 1458 2413 1532 Hieronymi
2449 1461 2691 1532 imaginis
2723 1463 2774 1515 in
2805 1462 2937 1516 cella
2973 1464 3125 1530 pictae
3153 1464 3340 1516 timore
3363 1463 3546 1526 nimio,
3580 1478 3674 1516 ne-

2106 1529 2219 1598 quit
2247 1529 2426 1584 limen.
2454 1531 2580 1584 Mira
2600 1547 2704 1596 res,
2733 1529 3042 1600 Augustine,
3064 1541 3120 1585 ut
3145 1532 3518 1599 multiplicibus
3537 1543 3678 1600 patet
3752 1563 3765 1575 -

2105 1600 2398 1671 exemplis;
2439 1609 2614 1655 tantus
2658 1601 2871 1671 gloriosi
2919 1601 3220 1671 Hieronymi
3266 1602 3424 1655 timor
3465 1601 3676 1666 diabolo

2107 1668 2278 1740 inest,
2293 1677 2348 1740 ut
2370 1671 2528 1724 etiam
2547 1668 2889 1739 sumpictune
2911 1687 3014 1724 non
3035 1668 3228 1740 audeat
3245 1685 3519 1740 apparere.
3548 1671 3676 1724 Nam

2105 1738 2150 1790 si
2179 1739 2260 1809 cui
2291 1739 2358 1792 ab
2379 1740 2566 1794 eodem
2597 1738 2815 1794 obSesso
2841 1742 3047 1809 corpori
3077 1738 3679 1809 pretiosa'demonstrc-

2105 1813 2195 1879 tur
2233 1808 2441 1879 imago,
2485 1810 2553 1862 ab
2596 1809 2785 1865 eodem
2834 1808 3086 1864 continuo
3120 1810 3361 1864 diabolus
3391 1810 3672 1877 elfngatnr.

2106 1874 2269 1945 Igitur
2294 1874 2634 1949 commissum
2661 1880 2829 1946 stupri
2857 1895 2990 1947 opus
3009 1895 3233 1949 nequam
3253 1879 3469 1947 spiritus
3489 1874 3680 1947 despc-

2106 1961 2230 2019 rans
2259 1947 2323 2000 ad
2353 1949 2646 2003 mittentem
2680 1951 2978 2014 revertitur,
3006 1947 3213 2018 sibique
3243 1951 3419 2019 negari
3466 1950 3531 2002 ad
3559 1965 3677 2002 mo-

2108 2017 2299 2100 nialem
2328 2019 2602 2100 introitum
2625 2019 2805 2087 pandit
2823 2020 2892 2072 ob
2915 2020 3127 2100 gloriosi
3161 2017 3681 2100 llieroitytni_im3igi-

2106 2100 2227 2158 nem
2255 2088 2306 2140 in
2335 2088 2467 2141 cella
2504 2089 2695 2156 pictam
2726 2106 2740 2143 :
2771 2104 2927 2158 quem
2967 2089 3216 2144 deridens
3242 2088 3426 2158 magus
3451 2088 3672 2141 dimisit.

2108 2155 2331 2227 Moxque
2350 2155 2623 2211 evocatum
2654 2155 2810 2210 alium
2832 2157 3126 2212 dzemonem
3140 2173 3295 2227 quam
3323 2155 3496 2226 potest
3520 2158 3681 2214 mittit

2107 2225 2262 2279 citius
2284 2227 2350 2297 ad
2378 2227 2675 2296 ltujusmodi
2705 2242 2864 2295 opera
2896 2225 3333 2297 finienda,'litque
3348 2227 3582 2282 secundo
3626 2228 3680 2282 id

2106 2297 2244 2364 quod
2278 2295 2466 2364 primo.
2516 2299 2584 2350 At
2627 2297 2892 2351 secundus
2927 2312 3020 2365 per
3064 2295 3264 2350 horam
3287 2295 3422 2365 forte
3459 2311 3680 2352 nrmens

2105 2374 2341 2427 coactus,
2367 2365 2603 2419 excelsas
2619 2367 2780 2435 coepit
2799 2364 2956 2420 voces
2981 2368 3223 2421 emittere
3247 2364 3337 2421 :Si
3365 2381 3462 2428 me,
3495 2365 3679 2420 Hiero-

2107 2451 2274 2503 uyme,
2325 2436 2442 2488 hinc
2485 2436 2608 2489 sinis
2637 2435 2880 2500 recedere,
2914 2436 3011 2488 huc
3039 2435 3250 2489 ulterius
3295 2449 3396 2488 non
3437 2445 3678 2492 revertar.

2107 2504 2188 2575 Ad
2215 2504 2329 2575 hare
2354 2505 2644 2574 stupefacta
2674 2505 2882 2566 mulier,
2911 2521 3028 2575 quae
3057 2505 3110 2559 in
3141 2505 3469 2560 orationibus
3489 2506 3540 2559 in
3567 2506 3680 2560 cel-

2108 2573 2210 2626 lula
2241 2574 2548 2646 inhzrrebat,
2581 2577 2698 2643 quis
2727 2577 2852 2629 istas
2882 2573 3066 2646 fundat
3091 2575 3460 2646 voces,nimio
3482 2590 3683 2646 pavore

2110 2653 2468 2711 percontatur.
2502 2645 2612 2697 Non
2632 2653 2876 2700 cessante
2901 2645 3113 2700 diabolo
3141 2645 3219 2699 sic
3239 2645 3506 2711 clamare,
3537 2647 3686 2700 exci-

2110 2722 2232 2765 tatae
2255 2714 2392 2766 illius
2414 2715 2639 2768 cmnobii
2666 2716 2941 2780 moniales,
2973 2716 3162 2769 timore
3183 2730 3446 2783 percussa:
3468 2717 3676 2783 grandi,

2109 2784 2349 2836 tren'mlae
2391 2784 2456 2836 ad
2511 2785 2649 2838 illam
2697 2785 3214 2848 accurruutcellam,
3265 2800 3425 2849 cruce
3472 2784 3682 2840 Domini

2108 2861 2400 2919 pra-eunte.
2433 2855 2499 2906 At
2531 2855 2614 2906 ubi
2639 2854 2782 2907 illum
2808 2853 2919 2908 fore
2946 2869 3169 2923 nequam
3201 2853 3442 2923 spiritum
3471 2855 3677 2921 sciunt,

2107 2923 2350 2975 enutdem
2379 2923 2677 2989 conjurant,
2724 2931 2782 2977 ut
2805 2924 3132 2990 debeat,qua
3162 2923 3229 2978 dc
3253 2939 3410 2978 causa
3455 2925 3678 2989 venerit,

2109 2991 2370 3063 intimare.
2416 2993 2645 3046 Narrans
2675 2994 2849 3060 itaque
2887 2993 3130 3048 diabolus
3155 2995 3230 3047 rei
3275 2994 3485 3058 seriem,
3517 3009 3686 3063 sequo

2105 3062 2389 3133 gemitibus
2410 3071 2463 3115 et
2491 3063 2773 3116 ululatibus
2795 3064 3030 3130 pandens
3050 3065 3248 3118 catenis
3283 3064 3419 3133 ignis
3447 3062 3678 3119 vinctum

2107 3130 2748 3203 a‘Hieronymoretineri,
2779 3144 2929 3203 rOgat
2949 3149 3040 3187 eas
3066 3150 3121 3188 ut
3144 3135 3254 3188 suis
3280 3130 3546 3188 mereatur
3563 3150 3682 3203 pre-

2107 3199 2258 3254 cibus
2285 3199 2512 3256 abeundi
2532 3204 2751 3270 gratiam
2775 3202 3030 3257 invenire.
3061 3205 3123 3257 At
3151 3204 3235 3255 ubi
3272 3205 3385 3258 haec
3420 3199 3680 3259 moniales

2107 3270 2344 3343 audiunt,
2373 3272 2480 3326 Deo
2514 3281 2567 3326 et
2588 3273 2822 3340 glorioso
2853 3272 3173 3343 Hieronymo
3207 3273 3388 3328 laudes
3429 3274 3676 3335 reddunt.

2108 3341 2414 3405 sutpgiliciter
2443 3344 2769 3410 postulantes
2800 3352 2855 3394 ut
2894 3341 3186 3396 dmmoncm
3215 3343 3350 3398 hunc
3381 3344 3679 3398 nullatenus

2110 3425 2449 3464 reversurum
2475 3413 2541 3465 de
2574 3413 2759 3466 eodem
2785 3412 3028 3467 caniobio
3046 3413 3318 3481 effugaret.
3360 3413 3452 3466 Vix
3485 3415 3681 3467 oratio-

2109 3495 2232 3552 num
2261 3481 2438 3552 verbis
2467 3483 2644 3552 finitis,
2664 3482 2904 3536 diabolus
2930 3484 3133 3552 magnis
3159 3482 3476 3537 stridoribus
3503 3497 3680 3538 exeo-

2108 3548 2226 3601 dem
2260 3551 2377 3604 loco
2428 3551 2681 3604 reci-deus
2723 3567 2930 3616 magum
2980 3548 3136 3617 adiit;
3181 3568 3409 3621 eumque
3438 3553 3674 3621 capiens,

2110 3621 2300 3692 tantis_
2327 3621 2631 3674 verberibus
2673 3631 2726 3675 et
2783 3623 3103 3692 cruciatilms
3153 3623 3452 3690 flagellavit,
3504 3631 3558 3676 ut
3585 3639 3681 3692 per

2110 3688 2534 3762 nn:ltaltorarum
2557 3692 2720 3759 spatia
2735 3691 2947 3762 aliquod
2964 3692 3122 3762 ivitale
3139 3688 3343 3759 signum
3363 3693 3447 3745 vix
3458 3688 3681 3762 appare-

2109 3760 2368 3832 retttliris
2394 3760 2627 3832 clamans
2655 3762 2902 3814 vocibus:
2924 3761 3026 3832 Mei
3052 3763 3304 3815 cruciatus
3327 3760 3674 3832 causa—fuisti,

2107 3829 2175 3880 ad
2215 3829 2355 3881 illam
2403 3845 2480 3883 me
2507 3829 2763 3883 destinam
2801 3831 3100 3892 monialem;
3147 3843 3278 3884 certe
3317 3833 3368 3884 in
3413 3843 3460 3884 te
3489 3829 3685 3885 eisdem-

2107 3899 2389 3952 verberibus
2410 3900 2716 3953 uindicabor.
2750 3900 2889 3952 Inter
2914 3900 3027 3955 ba-c
3054 3911 3229 3955 autem
3257 3902 3412 3953 verba
3433 3911 3536 3954 tam
3557 3901 3680 3955 hor-

2109 3968 2221 4050 rida
2272 3985 2468 4050 magns
2497 3985 2616 4022 cum
2648 3985 2704 4023 se
2721 3983 2862 4050 pene
2889 3971 3137 4050 perniciei
3170 3971 3678 4050 proxitnumcertte-

2108 4043 2210 4101 ret,
2242 4051 2366 4090 suas
2389 4038 2568 4091 videns
2593 4038 2736 4091 artes
2758 4039 2954 4092 nullum
2982 4040 3080 4091 sibi
3103 4041 3354 4094 auxilium
3397 4040 3686 4106 adbibere,

2108 4107 2172 4158 ad
2196 4108 2356 4179 totius
2375 4109 2558 4176 refugii
2593 4119 2797 4175 portttnt
2819 4109 3223 4179 _l_lieronymum
3251 4109 3536 4179 gloriosum
3563 4109 3673 4177 jam

2109 4176 2390 4249 naufragus
2413 4193 2471 4232 se
2499 4175 2730 4246 dirigens
2758 4195 2772 4230 :
2805 4175 3063 4249 Gloriose,
3112 4175 3280 4248 inquit
3301 4219 3316 4242 ,
3350 4175 3688 4249 llierongjnte,_

2107 4246 2226 4298 huic
2267 4248 2334 4299 ad
2361 4257 2499 4300 tuam
2523 4249 2834 4300 clementiam
2864 4247 3065 4300 subveni
3103 4246 3280 4302 mitem
3306 4246 3602 4311 decurrenti,
3627 4251 3687 4304 ei:

2105 4314 2254 4388 solita
2300 4317 2652 4370 misericordia!
2681 4317 2832 4388 idoua
2879 4317 3198 4387 prtegraua'in
3247 4335 3345 4372 nou
3399 4319 3670 4388 denegans.

2108 4383 2357 4459 Promitto
2385 4403 2615 4459 namque,
2646 4387 2690 4440 si
2712 4389 2810 4440 tuis
2830 4383 2924 4440 huc
2944 4383 3068 4459 hora
3087 4388 3292 4459 adiutus
3312 4383 3543 4453 auxiliis,
3555 4405 3672 4459 ρρν-

2107 4455 2252 4507 niciei
2264 4465 2367 4508 tam
2387 4455 2608 4510 horribili
2622 4474 2724 4510 non
2741 4458 3077 4513 succumbam.
3093 4458 3227 4524 quod
3237 4459 3465 4526 deinceps
3486 4455 3683 4513 cunctis

2105 4535 2287 4578 exutus
2307 4526 2546 4595 fallaciis,
2575 4545 2606 4580 a
2629 4527 2727 4580 tuis
2753 4527 2996 4595 obsequiis
3025 4543 3126 4579 non
3154 4531 3399 4580 recedam.
3429 4527 3521 4581 His
3556 4531 3672 4581 lini-

2109 4595 2195 4665 tis,
2222 4597 2363 4649 velut
2392 4596 2587 4661 fuluius,
2618 4597 2685 4648 ab
2713 4597 2898 4650 eodem
2944 4611 3166 4665 nequam
3199 4599 3410 4664 spiritus
3440 4601 3669 4652 evanuit.

2107 4664 2211 4718 Per
2238 4682 2432 4718 aminm
2475 4674 2650 4720 autem
2697 4666 2834 4720 idem
2881 4664 3044 4735 jacuit
3088 4665 3396 4721 verberibus
3445 4668 3672 4722 afﬂictus

2108 4750 2292 4806 magns
2317 4735 2370 4788 in
2401 4745 2601 4789 tantum
2647 4737 2727 4788 sui
2775 4736 3013 4804 corporis
3053 4737 3223 4806 impos
3247 4779 3260 4799 ,
3289 4737 3428 4806 quod
3459 4741 3673 4792 nonnisi

2105 4805 2278 4876 alieno
2303 4806 2499 4858 auxilio
2540 4808 2709 4875 potuit
2755 4819 2814 4859 se
2858 4821 3091 4860 movere.
3129 4805 3258 4862 Mox
3288 4805 3423 4862 idem
3451 4819 3666 4876 accepta

2107 4875 2411 4942 pmnitcutia
2447 4889 2662 4947 magus,
2699 4885 2978 4947 antequam
3005 4876 3072 4929 de
3100 4877 3236 4930 lecto
3260 4887 3515 4947 surgeret,
3537 4894 3670 4930 enu-

2104 4947 2201 4997 etis
2229 4946 2522 4998 t-Oinbustis
2549 4945 2839 5011 codicibus,
2865 4946 3054 5014 quibus
3078 4953 3220 5000 artes
3262 4945 3376 5000 illas
3412 4949 3672 5015 aequissu-

2105 5028 2220 5066 mas
2246 5016 2543 5075 exercebat,
2568 5016 2902 5083 venditisque
2939 5017 3180 5069 omnibus
3201 5031 3319 5084 quae
3350 5017 3593 5080 habebat,
3616 5041 3628 5065 ι
3648 5027 3671 5073 t

2106 5085 2423 5155 pauperibus
2443 5085 2692 5155 erogatis,
2717 5087 3149 5155 complctoanno
3170 5086 3220 5138 in
3244 5086 3331 5139 illa
3357 5103 3416 5141 se
3450 5088 3519 5139 ob
3559 5103 3670 5154 pa:-

2105 5154 2378 5206 nitentiam
2408 5154 2757 5223 peragendam
2790 5154 2844 5207 in
2867 5154 3093 5223 quadam
3121 5157 3371 5224 spelunca
3390 5157 3662 5221 claudens,

2101 5238 2284 5276 eremo
2311 5227 2361 5276 in
2383 5241 2482 5292 qua
2513 5241 2606 5292 per
2619 5225 3020 5293 quadriennium
3043 5225 3303 5294 gloriosus
3318 5227 3665 5280 stetitlliero—

2104 5295 2503 5365 nymus,__mu!ta
2524 5297 2800 5348 sanctitate
2815 5296 2934 5347 \‘ilac
2960 5305 3010 5348 et
3038 5297 3361 5365 poenitentia:
3383 5297 3668 5364 aSperitato

2104 5363 2282 5443 pollet.
2311 5363 2443 5429 Huc,
2471 5365 2911 5443 qtt_:eso,_juvettes
2937 5363 3122 5420 omnes
3134 5366 3376 5443 currant,
3490 5367 3664 5443 insani

2097 5433 2305 5500 juvenis
2343 5436 2590 5500 exemplo
2628 5435 2866 5499 discant,
2911 5451 2977 5488 ne
3010 5435 3149 5502 quod
3192 5435 3265 5488 illi
3308 5437 3546 5502 contigit.
3565 5434 3662 5489 sibi

2105 5503 2435 5574 postmodum
2460 5505 2674 5557 doleant
2696 5505 2995 5573 contigisse.
3019 5506 3236 5558 Insanus
3257 5506 3432 5574 itaque
3453 5505 3664 5573 juvenis
3691 5563 3694 5565 _

2102 5573 2262 5644 tantis
2288 5575 2681 5644 circumligatus
2706 5574 2924 5641 luxuria:
2949 5575 3172 5642 laqueis,
3205 5573 3387 5644 videns
3411 5591 3468 5628 se
3484 5580 3676 5629 omnia:

2107 5640 2267 5697 modo
2308 5657 2418 5698 sua:
2441 5640 2774 5699 'miicrriaue
2799 5640 3083 5714 voluptatis
3106 5643 3372 5700 desiderio
3397 5644 3660 5700 nefandis-
3704 5657 3713 5698 '_
