4084 6332
261 250 396 309 υὸδ

263 374 379 418 sent
398 356 650 414 miracula
678 356 969 417 verissima,
997 365 1049 407 et
1079 355 1218 407 utilia
1242 353 1556 415 enarranda,
1582 368 1737 420 quain
1766 369 1831 407 ea

265 448 379 500 quae
405 432 456 484 in
493 428 651 500 brevi
675 427 788 500 hoc
805 426 1056 500 0p_ii_sc_ulo
1082 433 1204 500 siiiit
1231 425 1444 500 scripta.
1478 423 1579 500 sed
1612 438 1678 476 ne
1703 438 1828 490 pro-

267 493 464 555 Iixitate
509 498 685 565 operis
725 495 919 562 aliquid
959 495 1247 565 legentibus
1285 493 1422 546 tzedii
1466 493 1683 565 oriatur,
1721 507 1830 565 _u_no

266 572 377 626 solo
399 561 672 629 miraculo,
697 561 835 634 quod
858 561 1087 617 nonduin
1114 564 1320 634 expleto
1347 577 1526 617 mense
1547 564 1599 615 in
1620 561 1833 634 Bethle-

267 640 387 695 hem
418 646 687 707 peractum
708 632 809 698 est,
840 634 1098 703 perfectus
1126 633 1246 707 huic
1270 635 1413 699 operi
1448 634 1565 685 linis
1591 632 1829 707 erit.__|)ie

265 702 529 764 dominico
550 714 812 759 transacto
834 702 950 772 post
973 714 1181 757 octavas
1203 703 1561 772 Pentecostes.
1585 702 1828 755 omnibus

266 779 397 833 meis
439 774 779 845 sullraganeis
816 770 1095 842 episcopis,
1135 782 1189 845 et
1226 770 1557 845 multitudine
1601 772 1825 822 maxima

260 858 370 901 tam
404 841 635 900 virorum
662 860 817 913 quam
853 841 1134 897 mulierum
1174 843 1224 895 iu
1251 841 1495 913 ecclesia,
1524 841 1575 913 in
1604 855 1703 913 qua
1739 855 1827 891 sa-

264 917 614 973 cratissimum
633 910 853 983 quiescit
884 912 1181 983 Hieronymi
1201 910 1444 983 cadaver,
1468 910 1681 983 insimul
1702 924 1828 983 eou-

264 988 491 1054 gregatis
534 978 735 1037 honore
761 982 957 1054 debito
1010 978 1455 1054 et'veneratioiie
1502 988 1605 1032 tam
1651 978 1824 1054 debita

262 1049 418 1125 quain
444 1054 662 1125 devota;
693 1053 863 1125 primo
886 1062 1095 1118 egomet
1128 1050 1292 1104 sacris
1334 1049 1823 1125 indutus_vestibus,

263 1118 327 1176 a'd
352 1122 529 1177 locum
560 1118 724 1177 fovea:
751 1123 800 1174 in
831 1137 930 1190 qua
960 1134 1152 1188 corpus
1177 1118 1707 1187 venerandumjacet,
1738 1134 1826 1171 ac-

254 1193 477 1255 cedens,
506 1202 696 1246 terram
726 1192 859 1260 cuipi
880 1190 1112 1244 ell‘odere
1131 1190 1432 1260 sepulturae,
1459 1197 1716 1260 quatenus
1738 1202 1825 1260 sa-

262 1263 614 1317 cratissimum
659 1261 783 1315 illud
813 1257 1021 1328 corpus
1064 1257 1479 1320 inde’ablatum,
1528 1257 1581 1311 in
1625 1258 1825 1328 tumulo

262 1346 562 1387 marmoreo
583 1332 709 1384 mira
738 1327 1124 1399 pulchritudine
1144 1329 1371 1397 undique
1395 1328 1660 1399 decorate,
1685 1327 1824 1394 quod

261 1402 360 1455 hac
400 1401 467 1455 de
511 1416 667 1456 causa
693 1398 862 1453 fuerat
889 1399 1211 1461 fabricatum,
1244 1398 1573 1466 postmodum
1604 1410 1827 1464 ponere-

260 1479 364 1525 tur.
398 1468 531 1524 Cum
553 1470 662 1546 jam
701 1469 849 1546 fovea
878 1468 1014 1546 foret
1039 1483 1222 1546 vacua,
1260 1467 1463 1523 cunctis
1488 1467 1826 1546 cernentibus

250 1555 449 1609 corpus
471 1540 861 1594 sanctissimum
884 1540 934 1593 in
957 1538 1130 1592 medio
1148 1539 1326 1599 fovete,
1352 1546 1600 1609 tanquam
1626 1538 1676 1588 in
1699 1550 1825 1590 aere

256 1625 286 1663 a
326 1605 466 1663 nulla
502 1618 647 1677 parte
678 1619 867 1664 terram
908 1618 1127 1677 tangens
1166 1607 1504 1677 permanebat
1544 1605 1822 1677 integrum,

254 1695 356 1734 nec
381 1675 725 1747 corruptione
745 1679 915 1745 aliqua
937 1675 1204 1730 violatum.
1237 1676 1387 1742 Quod
1409 1676 1531 1747 inde
1556 1675 1826 1747 elevantes

251 1764 374 1802 cum
405 1745 575 1803 odore
600 1759 705 1802 tam
737 1748 1029 1802 vehementi
1060 1758 1110 1800 et
1140 1748 1307 1809 suavi,
1341 1745 1479 1813 quod
1508 1745 1664 1798 talem
1694 1746 1825 1797 olla.

256 1828 374 1872 ctus
396 1820 671 1873 hominum
693 1832 955 1887 nunquam
978 1816 1159 1875 sensit,
1183 1815 1629 1887 collocavimusjii
1651 1814 1822 1879 altari,

254 1896 518 1957 quatenus
545 1904 576 1941 a
615 1883 1078 1957 populo'reliquize
1115 1886 1461 1957 sanctissima;
1496 1883 1822 1938 viderentur.

248 1953 392 2025 Quot
417 1953 722 2013 autem'illo
746 1958 831 2012 die
856 1972 939 2010 me
962 1953 1270 2024 cunctisque
1289 1956 1377 2024 qui
1398 1953 1617 2025 aderant
1644 1964 1825 2025 astan-

245 2023 394 2082 vtibus
421 2028 534 2082 sint
564 2037 770 2097 peracta
798 2028 1044 2081 miracula
1064 2023 1602 2097 gloriosa,:expli_care
1630 2039 1689 2097 ea
1714 2023 1828 2097 nul-

252 2098 461 2151 latenus
487 2094 706 2166 compos
734 2112 924 2152 essem.
954 2094 1093 2151 Cruci
1124 2094 1388 2149 sexdecim
1430 2094 1827 2166 illas_reliquias

242 2175 537 2236 tangentes
559 2163 711 2233 facie,
733 2167 900 2221 visum
924 2167 1159 2235 protinus
1183 2173 1512 2236 receperunt.
1539 2163 1671 2236 Tres
1698 2179 1830 2236 prae-

252 2234 404 2305 cipue
442 2237 755 2291 daemoniaci
796 2234 995 2290 catenis
1035 2235 1215 2300 vincti,
1262 2235 1312 2287 in
1360 2234 1502 2286 illam
1550 2234 1828 2288 ecclesiam

253 2304 604 2374 plurimorum
624 2306 905 2371 hominum
934 2308 1173 2359 manibus
1202 2304 1477 2373 deportati,
1508 2314 1629 2356 sunt
1663 2305 1828 2372 proti-

254 2391 354 2430 nus
388 2376 622 2449 Iiberati.
676 2376 907 2449 Mulieris
928 2375 1229 2449 Acujusdam
1276 2374 1472 2449 ιζιόιιιιξ⁸
1496 2374 1828 2449 paupercula:

246 2447 538 2516 puerulus,
559 2446 682 2516 ejus
709 2447 899 2516 unicus
920 2441 1077 2511 titius,
1107 2446 1157 2497 in
1197 2444 1418 2498 ecclesia
1446 2441 1545 2495 fuit
1568 2442 1677 2511 prie
1700 2458 1829 2511 gen-

255 2515 387 2569 tium
414 2515 754 2569 multitudine
795 2515 1113 2579 sull‘ocatus;
1155 2528 1311 2582 quem
1352 2522 1522 2566 mater
1566 2523 1827 2566 inortuum

256 2586 563 2647 inveniens,
587 2585 773 2639 dolens
796 2597 850 2638 et
875 2586 1079 2653 lugens,
1117 2599 1237 2636 mox
1267 2583 1318 2653 iii
1346 2582 1484 2635 ulnis
1510 2583 1715 2653 puerile
1738 2596 1830 2650 ca-

254 2655 419 2709 daver
443 2654 512 2732 ad
539 2653 763 2732 foveam,
795 2656 845 2732 in
858 2650 973 2732 Δ(ιιιὶι
998 2650 1457 2732 sepultumluerat
1480 2667 1672 2719 corpus
1688 2652 1827 2732 .Hie-

256 2725 468 2796 ronymi
505 2725 745 2796 gloriosi,
783 2721 1076 2796 deferens;
1100 2738 1220 2796 eum
1262 2723 1314 2775 in
1355 2721 1822 2796 foveainprojecit,

252 2790 373 2848 haec
414 2790 601 2849 dicens
641 2794 800 2847 verba
827 2810 841 2845 :
867 2793 1055 2847 Sancte
1096 2792 1396 2860 Hieronyme
1439 2790 1669 2859 gloriose.
1695 2791 1830 2860 fliinc

250 2879 357 2916 non
382 2863 636 2929 recedam,
656 2864 810 2916 donec
836 2866 1065 2917 restituas
1088 2862 1209 2915 milii
1233 2859 1432 2914 unicum
1453 2876 1615 2913 meum
1642 2859 1826 2927 lilium,

248 2949 405 3002 quem
432 2934 599 2986 amisi.
637 2932 888 2987 Mirabilis
923 2943 1068 2987 certe
1097 2935 1231 2987 lteus
1272 2932 1324 2984 in
1362 2933 1558 2985 sanctis
1586 2930 1718 3002 suis,
1748 2929 1829 3002 fa:

257 3000 405 3057 ciens
440 3003 675 3073 prodigia
728 3004 950 3057 insueta.
1001 3001 1189 3073 Statim
1244 3009 1300 3073 ut
1344 3009 1537 3054 terrain
1582 3000 1828 3073 exstincti

258 3070 466 3140 pueruli
506 3070 700 3142 corpus
746 3075 935 3142 tetigit,
976 3072 1150 3126 eidem
1196 3072 1492 3142 anima~_est
1525 3070 1825 3142 conjuncta.

256 3143 482 3209 Quidam
508 3140 807 3212 vir'corpus
834 3140 1108 3211 cujusdam
1137 3142 1218 3194 sui
1245 3141 1336 3194 lilii
1369 3140 1435 3194 de
1462 3140 1750 3212 sepultura,
1774 3140 1827 3194 iii
1854 3195 1859 3199 ,

258 3228 359 3279 qua
393 3228 489 3282 per
513 3210 739 3266 triduum
765 3210 1023 3282 jacuerat,
1044 3221 1355 3272 extractum,
1381 3224 1501 3282 mox
1531 3212 1595 3263 ad
1622 3210 1828 3282 foveam

260 3279 404 3337 illani
424 3282 633 3346 detulit,
662 3291 717 3336 et
738 3279 863 3336 ἰιιιιό
892 3284 943 3336 in
971 3282 1172 3336 foveam
1194 3282 1270 3336 sic
1291 3279 1544 3349 projecit;
1571 3281 1659 3349 qui
1675 3279 1831 3349 juve-

258 3352 342 3407 nis
369 3352 636 3407 fuitillico
654 3353 780 3406 vice
820 3353 1052 3407 pristinae
1093 3355 1385 3405 restitutus.
1423 3350 1827 3405 Innumerabilia

250 3436 396 3491 pene
425 3422 598 3476 forent
617 3422 890 3486 miracula,
912 3438 1031 3491 qua:
1051 3432 1260 3490 peracta
1284 3430 1407 3475 sunt
1428 3435 1460 3474 a
1486 3436 1637 3473 inane
1664 3436 1829 3491 usque

256 3490 324 3545 aii
358 3507 629 3560 vesperas,
668 3507 773 3560 quo
808 3490 1018 3561 quidem
1051 3502 1285 3559 tempore
1324 3490 1609 3559 gloriosum
1645 3490 1829 3544 lliero-

246 3561 404 3631 nymi
434 3562 660 3631 cadaver
694 3561 763 3616 de
788 3560 935 3616 fovea
963 3562 1307 3629 dissepultum
1338 3562 1404 3631 in
1445 3560 1598 3613 altari
1627 3561 1830 3614 exstitit

258 3630 598 3685 collocatum.
634 3630 738 3686 Sed
769 3641 942 3685 tamen
971 3631 1038 3685 ad
1070 3630 1367 3699 hiijusmodi
1407 3631 1655 3683 miracula
1687 3631 1827 3684 ulte-

258 3700 369 3823 ;ius
395 3716 499 3754 non
527 3700 829 3823 pii-ogedam.
861 3700 1032 3756 Unum
1057 3700 1199 3771 quod
1226 3710 1380 3755 nocte
1417 3701 1659 3769 sequenti
1687 3700 1829 3759 acci-

297 3780 355 3823 it.
384 3785 489 3823 non
520 3786 563 3823 SI
587 3790 615 3823 e
653 3786 706 3823 ο.

246 3770 355 3832 -ἀὶι,
384 3785 489 3824 non
520 3771 706 3824 Silebo.

312 3840 554 3911 jCAPUT
593 3839 803 3895 XXVII.
824 3870 897 3880 —
915 3839 972 3895 In
998 3839 1127 3895 hora
1154 3854 1283 3911 ergo
1310 3838 1608 3911 vespertina
1635 3853 1827 3909 corpus

258 3908 392 3963 illud
435 3911 847 3964 sacratissimum
888 3912 939 3965 in
976 3908 1318 3965 monumento
1342 3908 1481 3979 quod
1512 3908 1828 3978 prteparavi-

258 3994 399 4051 mus,
434 3980 734 4051 posuimus;
762 3980 854 4034 sed
880 3995 1038 4051 mane
1063 3989 1462 4051 monumentum
1489 3993 1710 4051 vacuum
1744 3987 1829 4051 est

258 4048 554 4115 inventum,
581 4060 635 4102 et
655 4064 847 4117 corpus
874 4049 1263 4104 sanctissimum
1293 4050 1460 4103 foveae
1485 4049 1721 4117 pristinae
1746 4050 1828 4103 in-

248 4117 504 4173 venimus
537 4118 856 4172 restitutum.
885 4118 1035 4187 Quod
1063 4119 1189 4172 dum
1224 4132 1325 4187 ego
1352 4117 1630 4187 plurimum
1654 4118 1824 4172 admi-

257 4202 429 4252 rarer,
460 4197 611 4241 nocte
631 4188 872 4258 sequenti
903 4188 1029 4242 mihi
1055 4186 1539 4259 dormieiitibeatus
1564 4186 1826 4259 llicrony-

248 4272 378 4327 tinus
402 4271 662 4326 apparens
696 4256 747 4312 in
772 4259 994 4323 visione,
1023 4258 1246 4326 plurima
1283 4256 1412 4311 milii
1438 4256 1653 4327 grandia
1681 4256 1828 4327 pate-

248 4326 382 4395 .fecit
400 4344 414 4380 :
434 4325 525 4381 sed
549 4327 685 4381 inter
701 4337 914 4391 caetera,
934 4325 1056 4382 talia
1074 4328 1201 4381 mihi
1224 4328 1381 4382 verba
1397 4328 1528 4381 dixit
1550 4344 1563 4379 :
1589 4325 1822 4395 Noueris,

250 4393 463 4466 Cyrille,
489 4397 624 4465 quod
646 4414 827 4466 corpus
856 4414 1017 4450 meum
1044 4397 1107 4451 de
1131 4398 1292 4466 fovea,
1317 4398 1371 4450 in
1396 4413 1497 4466 qua
1514 4398 1673 4465 jacet,
1710 4393 1826 4453 nuli-

255 4465 450 4536 latenus
473 4465 777 4531 extrahetur,
798 4483 1053 4535 quousque
1074 4469 1245 4521 civitas
1259 4465 1540 4536 Jerusalem
1558 4468 1621 4520 ab
1645 4467 1826 4536 inﬁde-

246 4534 383 4606 libus
426 4537 651 4606 capietur
670 4552 690 4591 :
712 4534 818 4604 quo,
835 4538 1035 4604 quidem
1080 4547 1300 4606 tempore
1328 4535 1543 4590 Romam
1580 4534 1818 4604 delatum,

253 4603 437 4658 ibidem
479 4603 880 4677 inultotenmore
914 4603 1201 4677 requiescet.
1245 4606 1328 4661 Ad
1356 4606 1820 4677 haecuexpergefa-

252 4682 390 4746 eius,
419 4690 537 4746 quae
562 4675 816 4741 videram,
846 4675 1049 4732 cunctis
1070 4676 1333 4746 episcopis
1360 4685 1414 4731 et
1438 4675 1556 4730 aliis
1584 4675 1709 4731 viris
1734 4693 1823 4731 ca-

254 4741 467 4799 tholicis
486 4747 746 4817 enarravi.
773 4746 908 4812 Quid
930 4756 989 4802 et
1009 4741 1221 4817 quando
1243 4741 1355 4801 hac
1378 4746 1641 4817 evenient,
1668 4747 1824 4817 aliter

253 4825 361 4885 non
384 4828 633 4882 agnosco.
659 4815 714 4870 Si
743 4817 871 4885 quid
899 4814 1144 4871 utile'aut
1170 4816 1364 4870 bonum
1393 4816 1445 4870 in
1474 4814 1572 4869 hac
1599 4816 1820 4885 epistola

252 4880 382 4956 dixi,
423 4880 530 4937 non
568 4886 719 4956 meis,
752 4880 844 4940 sed
885 4886 1249 4956 gloriosissimi
1287 4885 1589 4956 Hieronymi
1620 4880 1822 4943 meritis

254 4951 559 5025 imputetur.
582 4954 655 5025 Si
690 4956 815 5024 quid
845 4951 971 5009 vero
1010 4954 1355 5025 superﬂuum,
1400 4951 1583 5009 inutile
1625 4967 1679 5010 et
1714 4972 1821 5011 non

253 5019 484 5094 bonum;
511 5023 686 5094 solum
709 5019 849 5078 mea:
877 5019 1192 5094 insipientia:
1228 5034 1283 5079 et
1310 5019 1638 5094 negligentiae
1662 5041 1820 5080 causa

236 5089 354 5165 hoc
376 5092 651 5165 accidisse,
690 5094 759 5165 ab
795 5089 1040 5147 omnibus
1071 5094 1354 5163 judicetur.
1380 5089 1502 5157 Elei,
1533 5097 1820 5165 Augustine

232 5156 582 5226 icharissiiue,
611 5156 661 5214 in
692 5164 793 5217 tuis
824 5156 1150 5218 orationibus
1174 5178 1378 5217 memor
1402 5174 1536 5218 esto.

852 5275 1218 5330 ADMONITIO

546 5377 598 5417 IN
625 5377 1026 5427 SUBSEQUENTEII
1053 5382 1512 5421 ALTEBCATIONEII.

316 5467 569 5537 Epistolai
606 5489 831 5527 CLXXVIII
869 5475 1040 5529 locum
1084 5477 1135 5529 in
1175 5478 1535 5545 superioribus
1568 5479 1817 5533 editioni-

248 5558 349 5615 bus
376 5562 624 5618 hactenus
650 5568 922 5636 occupavit
946 5569 1273 5637 supposititia
1302 5571 1486 5624 istharc
1509 5573 1815 5637 Altercatio,

241 5653 483 5717 quamvis
519 5669 577 5709 se
620 5654 731 5725 ipsa
770 5670 855 5710 res
882 5657 1069 5729 prodat
1103 5658 1308 5713 indiciis
1335 5674 1453 5713 cuni
1484 5662 1674 5726 certis,
1709 5674 1817 5716 tutu

1703 239 2063 293 Al‘i'ENUIX.

3380 251 3507 305 “Si

1939 351 2249 406 manifestis.
2272 351 2375 407 Nar
2403 364 2453 406 at
2480 354 2691 423 quidem
2716 358 3035 426 Augustinus
3056 358 3107 413 in
3130 361 3368 428 cpistola,
3390 382 3506 431 qua:

1938 459 2077 497 nunc
2104 443 2286 497 ordine
2313 454 2394 499 est
2418 460 2708 511 ccxxxvui,
2740 464 2798 503 se
2828 465 2946 502 cum
2986 451 3259 505 Pascentio
3297 454 3363 507 de
3401 456 3505 511 tide

1935 548 2113 585 coram
2139 533 2433 601 disputasse
2459 553 2472 588 :
2501 550 2683 590 verum
2712 536 2763 590 in
2788 538 2872 591 illa
2897 539 3247 608 disputatione
3266 542 3507 598 obtinere

1935 624 2001 676 ab
2026 622 2331 677 adversario
2361 640 2463 677 non
2496 626 2696 692 pctuit,
2730 635 2785 680 ut
2822 630 3009 682 notarii
3052 630 3358 700 exciperent
3384 648 3506 701 quzn

1934 712 2276 778 dicebantur;
2309 713 2464 783 hujus
2492 725 2667 769 autem
2699 718 3067 774 Altercationis
3095 730 3208 774 acta
3252 722 3329 775 sic
3367 723 3506 778 rele~

1934 810 2149 863 runtur,
2178 804 2326 873 quasi
2353 806 2525 858 omnia
2552 822 2580 858 a
2610 808 2828 861 notariis
2855 809 2921 863 de
2946 810 3106 864 verbo
3131 822 3346 881 excepta
3386 813 3505 867 lucc

1932 893 2087 947 rint:
2129 895 2212 947 illa
2261 896 2545 973 disputatio
2591 899 2903 966 Carthagine
2957 902 3131 956 habita
3184 904 3311 969 fuit,
3356 905 3502 973 juxta

1932 982 2227 1039 Possidium
2256 1001 2305 1039 c.
2336 988 2434 1051 l7;
2479 986 2592 1041 lucc
2622 988 2672 1041 in
2708 989 2858 1042 titulo
2890 1000 3208 1058 praenotatur
3233 1005 3345 1047 acta
3381 996 3505 1063 Ilipa

1933 1088 2089 1140 pone.
2110 1076 2283 1145 Atque
2306 1075 2428 1130 huic
2450 1077 2719 1146 prmluisse
2742 1079 2950 1149 tingitur
2967 1081 3275 1137 Laurentius
3293 1086 3504 1153 quidam

1927 1160 2111 1230 judex,
2140 1165 2227 1233 qui
2255 1164 2570 1219 Laurentius
2596 1167 2647 1220 in
2673 1169 2891 1223 exordio
2919 1171 3173 1239 signiﬁcat
3205 1174 3505 1229 altercatio-

1930 1267 2051 1307 nem
2084 1254 2311 1322 aliquam
2349 1256 2711 1311 vehementem
2759 1258 2898 1313 inter
2937 1272 3112 1328 partes
3150 1263 3342 1331 pridem
3374 1280 3507 1331 prm-

1934 1343 2192 1406 cessisse;
2223 1354 2273 1395 at
2311 1345 2364 1397 in
2396 1345 2480 1398 illa
2507 1346 2907 1415 Cartliaginensi
2946 1349 3294 1419 disputatione
3332 1354 3505 1405 nullus

1930 1431 2246 1498 priesidebat
2262 1432 2454 1499 judex;
2475 1434 2763 1489 intererant
2779 1439 3138 1492 tantummodo
3156 1439 3391 1494 honorati
3411 1444 3504 1496 viri

1930 1520 2149 1588 aliquot,
2174 1522 2249 1575 rei
2270 1533 2432 1591 gesta:
2462 1533 2622 1577 testes
2647 1523 2838 1588 futuri;
2869 1542 3039 1593 neque
3060 1537 3180 1581 ante
3201 1529 3343 1581 illum
3366 1530 3504 1584 diem

1929 1610 2250 1679 colloquium
2274 1611 2437 1666 ullum
2459 1626 2575 1665 cum
2598 1612 2873 1666 Pascentio
2894 1614 3147 1669 habuerat
3166 1618 3502 1686 Augustinus,

1931 1699 2002 1751 uti
2030 1715 2093 1752 ex
2123 1699 2308 1753 eadem
2339 1700 2492 1768 epist.
2522 1715 2803 1768 ccxxxvui,
2832 1718 2887 1755 n.
2918 1707 2971 1767 8,
3004 1704 3327 1773 intelligitur.

2000 1789 2248 1858 Superest
2278 1792 2433 1859 igitur
2458 1803 2515 1845 ut
2541 1794 2653 1847 ha-c
2675 1794 2840 1848 altera
2862 1795 3066 1849 dicatur
3084 1812 3202 1851 esse
3223 1799 3506 1854 Altercaiio

1930 1883 2194 1950 posterius
2218 1883 2409 1938 habita.
2437 1885 2592 1953 Atqui
2616 1886 2883 1941 Possidius
2910 1889 3113 1942 unicam
3139 1893 3375 1958 agnoscit
3397 1893 3507 1946 col-

1931 1971 2180 2027 lationem
2228 1988 2348 2027 cum
2400 1973 2708 2038 Pascentio;
2752 1977 2901 2045 cujus
2947 1978 3239 2032 collationis
3283 1982 3503 2046 exitum,

1935 2076 2141 2116 necnon
2172 2063 2424 2131 epistolas
2453 2063 2565 2132 ejus
2593 2068 2871 2120 occasione
2898 2077 3077 2135 postea
3106 2069 3244 2123 ultro
3269 2071 3508 2139 citroque

1932 2154 2157 2222 scriptas
2179 2154 2449 2207 memoria:
2470 2155 2734 2209 mandavit
2750 2171 3003 2226 perquam
3021 2158 3326 2229 diligenter;
3353 2162 3507 2215 haud~

1930 2259 2193 2313 quaquam
2215 2244 2426 2299 silentio
2447 2247 2705 2301 missurus
2726 2247 3008 2302 secundam
3031 2249 3507 2319 solemnioremque

1931 2351 2113 2390 Coram
2132 2336 2311 2406 judice
2335 2338 2689 2402 collationem,
2720 2340 2763 2392 si
2791 2339 2888 2408 ipsi
2913 2349 3035 2392 nota
3064 2340 3262 2404 luisset,
3290 2356 3486 2409 prteser

1932 2426 2024 2478 tiiii
2052 2426 2102 2479 in
2130 2441 2231 2495 qua
2253 2426 2415 2493 judex
2446 2428 2759 2499 sententiam
2788 2428 3005 2482 dixisset
3026 2429 3311 2482 secundum
3336 2432 3502 2499 Augu-

1931 2516 2149 2569 stinum.
2181 2516 2331 2571 Adde
2373 2517 2572 2571 nullain
2610 2516 2829 2586 hujusce
2858 2518 3155 2572 collationis
3190 2520 3507 2573 mentionem

1934 2605 2046 2659 ﬁeri
2077 2607 2127 2659 in
2154 2606 2606 2661 Retractatiounm
2638 2608 2802 2668 libris,
2836 2608 3040 2661 tametsi
3065 2610 3215 2671 alias,
3245 2625 3510 2677 quaecum-

1932 2709 2034 2764 que
2078 2696 2128 2748 in
2172 2696 2382 2765 scriptis
2425 2695 2624 2750 relict-e
2671 2706 2830 2759 sunt,
2875 2697 3184 2751 collationes
3236 2708 3509 2753 recenseat

1931 2784 2287 2854 Augustinus;
2320 2800 2417 2840 nec
2448 2785 2686 2839 dubitare
2714 2787 2898 2850 liceat,
2928 2787 3052 2856 quin
3091 2787 3508 2843 [ietractationes

1931 2874 2157 2930 ediderit
2181 2877 2449 2945 aliquanto
2477 2888 2590 2945 post
2621 2877 2744 2930 illud
2770 2888 2993 2945 tempus,
3016 2894 3117 2946 quo
3145 2879 3255 2946 ipse
3280 2878 3509 2933 Pascen-

1936 2963 2063 3017 tiiiiii
2106 2967 2266 3018 (etatis
2303 2983 2363 3019 ac
2391 2967 2649 3036 dignitatis
2686 2967 2858 3020 merito
2893 2969 3214 3037 superiorem
3259 2969 3505 3037 habebat,

1933 3064 1990 3110 ut
2016 3055 2207 3110 dicitur
2236 3056 2321 3110 hic
2348 3067 2401 3111 cl
2432 3058 2481 3111 in
2512 3058 2666 3126 epist.
2693 3073 2951 3112 ccxxxviii
2971 3099 2985 3122 ,
3016 3075 3069 3112 ii.
3105 3059 3153 3113 l.

2003 3145 2250 3202 Jainvero
2291 3147 2415 3202 dum
2456 3149 2605 3203 istius
2636 3148 3004 3203 Altercationis
3044 3160 3189 3220 gesta
3220 3152 3504 3219 percurris,

1930 3235 2081 3290 initio
2100 3236 2312 3305 quidem
2335 3237 2519 3291 credas
2539 3238 2653 3291 dies
2673 3239 2956 3293 nonnullos
2976 3255 3002 3292 a
3024 3240 3197 3309 primo
3220 3256 3508 3309 congressu

1929 3327 1995 3381 ad
2029 3326 2168 3382 hunc
2196 3328 2483 3383 secundum
2523 3328 2806 3384 efﬂuxisse.
2849 3330 2999 3398 Quod
3029 3332 3167 3386 enim
3200 3332 3285 3387 hic
3312 3351 3337 3385 a
3364 3333 3506 3387 Lan-

1930 3417 2101 3471 rentio
2127 3417 2321 3473 dictum
2348 3419 2500 3488 legis,
2531 3420 2575 3472 si
2598 3428 2708 3489 post
2732 3420 2858 3473 illud
2878 3430 3036 3473 totum
3059 3421 3193 3492 quod
3213 3440 3332 3491 pars
3352 3424 3506 3494 parti,
3528 3482 3532 3486 _

1932 3523 2142 3575 persona
2168 3523 2394 3577 persona:
2416 3509 2627 3561 convicii
2644 3509 2811 3562 intulit
2836 3509 3049 3578 pridem,
3074 3524 3201 3577 etc.,
3220 3511 3283 3563 ad
3303 3528 3362 3565 ea
3383 3528 3511 3582 pro.

1933 3597 2015 3650 cul
2042 3596 2203 3651 dubio
2230 3599 2446 3662 referas,
2475 3614 2591 3668 qua:
2619 3598 2684 3653 de
2709 3599 2879 3668 primo
2907 3615 3191 3668 congressu
3222 3602 3509 3656 recitantur

1930 3687 1981 3740 in
2010 3687 2163 3755 epist.
2193 3703 2472 3752 CCXXXVJII.
2506 3689 2571 3742 Et
2595 3700 2739 3743 certe
2779 3689 2915 3743 inter
2939 3699 3216 3760 utrumque
3250 3707 3504 3761 congres-

1929 3791 2048 3831 sum
2066 3776 2279 3846 aliquod
2299 3777 2680 3831 admittendum
2705 3777 2871 3832 luerat
2887 3779 3256 3834 intermedium
3280 3790 3505 3851 tempus,

1929 3882 2035 3938 quo
2064 3867 2311 3922 nimirum
2350 3868 2521 3922 amba:
2560 3880 2737 3939 partes
2765 3870 3084 3941 Carthagine
3114 3872 3350 3928 venirent
3376 3874 3506 3944 Hip-

1928 3969 2157 4024 ponem,
2199 3965 2357 4027 utque
2384 3971 2474 4011 eas
2501 3956 2567 4011 ad
2605 3972 2665 4012 se
2705 3965 2886 4011 mutuo
2927 3960 3190 4014 mitterent
3233 3963 3504 4032 epistolas,

1928 4062 2060 4114 quas
2085 4057 2207 4100 ante
2234 4048 2576 4115 posteriorem
2603 4062 2947 4118 congressum
2971 4050 3121 4104 datas
3141 4050 3301 4105 fuisse
3320 4053 3506 4121 liquet.

1928 4137 2174 4190 Attamen
2205 4137 2510 4191 l‘ascentius
2544 4139 2795 4192 continuo
2838 4139 3104 4194 inducitur
3143 4140 3210 4195 de
3247 4144 3503 4211 superiori

1928 4240 2214 4295 congressu
2245 4227 2322 4280 sic
2350 4226 2601 4298 loquens,
2645 4228 2794 4298 quasi
2834 4228 3000 4298 pridie
3041 4230 3251 4284 habitus
3286 4231 3500 4286 luisset:

1929 4315 1997 4370 Et
2020 4316 2253 4387 quoniam
2282 4314 2510 4369 hesterna
2538 4316 2647 4381 die,
2680 4316 2869 4387 inquit,
2897 4334 3010 4372 cum
3040 4318 3355 4373 laudabiliter
3382 4340 3503 4374 san—

1926 4414 2061 4457 ctum
2087 4404 2314 4458 virum...
2342 4403 2643 4457 Auxentium
2666 4406 2972 4460 nominarem
2989 4447 3005 4473 ,
3036 4416 3083 4460 et
3109 4425 3252 4479 quem
3275 4410 3406 4462 idem
3434 4413 3505 4463 vir

1926 4508 1954 4546 e
1989 4491 2181 4545 duobus
2214 4491 2389 4562 [uisset
2425 4502 2660 4560 secutus,
2690 4502 2862 4546 utrum
2886 4495 3063 4548 Arium
3100 4513 3165 4549 an
3201 4492 3527 4552 ΕιιιιοηιὶιιιιιΔ

1924 4583 2057 4637 idem
2076 4587 2234 4654 frater
2254 4584 2557 4655 Augustinus
2578 4585 2920 4655 scrupulosius
2938 4587 3238 4655 inquireret;
3265 4607 3353 4661 ego
3378 4608 3502 4643 ami-

1924 4672 2090 4727 tliema
2117 4675 2355 4728 continuo
2381 4676 2665 4731 memoratis
2700 4677 2820 4730 Aria
2852 4686 2901 4732 et
2932 4677 3184 4734 Eunomia
3213 4681 3376 4736 dicere
3403 4701 3502 4735 non

1924 4763 2176 4825 dubitavi,
2204 4766 2444 4837 ﬂagitans
2473 4775 2528 4820 ut
2554 4767 2661 4837 ipse
2695 4784 2888 4839 quoque
2921 4775 3135 4838 ὁμσὺσιον
3173 4776 3501 4827 anathemati-

1922 4867 2076 4921 κανεῖ,
2107 4872 2163 4910 co
2191 4860 2324 4927 quod
2350 4858 2595 4930 scriptum
2621 4858 2675 4912 in
2705 4856 2870 4914 Libris
2903 4861 3165 4916 dominicis
3193 4864 3393 4918 minime
3418 4882 3498 4918 re-

1924 4948 2167 5017 periatur,
2201 4956 2304 5002 etc.
2333 4946 2392 5003 Id
2420 4948 2665 5004 videlicet
2696 4951 2867 5020 reipsa
2893 4961 3096 5021 gestum
3122 4952 3219 5007 fuit
3249 4955 3299 5008 in
3331 4958 3497 5024 prima

1923 5039 2202 5092 collatione
2229 5039 2375 5107 juxta
2402 5040 2560 5110 epist.
2583 5055 2878 5108 ccxxxvui,
2908 5059 2961 5096 ιι.
2988 5043 3039 5107 ιι,
3074 5044 3172 5097 nisi
3201 5046 3339 5114 quod
3368 5047 3495 5102 illud

1922 5127 1989 5180 de
2017 5132 2276 5181 Aiixentio
2305 5143 2408 5181 non
2439 5129 2556 5199 ipse
2589 5130 2910 5199 Augustinus
2946 5133 3215 5201 qumsivit,
3248 5136 3341 5189 sed
3370 5138 3498 5208 Aly-

1923 5218 2061 5287 pius.
2103 5216 2311 5287 Neque,
2343 5218 2655 5287 opinamur,
2700 5221 2976 5289 quisquam
3015 5224 3366 5291 suspicabitur
3394 5227 3497 5282 hoc

1922 5320 2130 5359 rursum
2159 5307 2443 5376 contigisse
2477 5308 2647 5363 altero
2687 5310 2804 5375 die,
2845 5311 2932 5379 qui
2971 5311 3377 5369 Altercationeni
3406 5333 3466 5372 se
3494 5352 3495 5355 η

1920 5397 2147 5450 cundani
2176 5398 2412 5466 proxime
2441 5402 2785 5468 prmcesserit.
2809 5400 2938 5467 Quis
2961 5404 3155 5455 etenim
3184 5405 3235 5458 in
3262 5407 3493 5461 animum

1923 5487 2131 5541 inducat
2159 5489 2426 5557 querelam
2471 5488 2709 5545 eamdem
2751 5491 3002 5546 adversus
3043 5499 3255 5561 ὀμοὺσιον
3300 5509 3495 5552 motam

1923 5575 2083 5630 fuisse
2109 5577 2298 5631 iterum
2327 5592 2356 5631 a
2388 5578 2697 5643 Pascentio,
2741 5589 2898 5650 atque
2943 5583 3112 5651 ipsum
3156 5585 3221 5639 ad
3260 5589 3496 5645 solemne

1882 5663 2000 5720 “cci
2019 5679 2187 5722 tamen
2216 5685 2391 5723 coram
2420 5670 2699 5725 Laurentio
2738 5673 2961 5741 prarside
2991 5674 3325 5734 descendisse
3356 5682 3412 5733 ἰιι
3446 5682 3494 5736 id
