4084 6332
555 260 688 315 H55

550 386 713 426 unum
741 369 900 425 etiam
937 368 1095 423 tertio
1134 367 1470 431 obtenderet,
1503 378 1693 433 nempe
1722 362 1872 439 quod
1908 378 1972 417 ea
2011 378 2117 417 vox

548 461 737 530 scripta
762 461 815 514 in
841 459 1005 514 Libris
1031 458 1292 513 dominicis
1319 473 1419 510 non
1446 455 1760 527 reperiatur;
1786 462 2125 523 posteaquam

551 554 724 620 ipsum
754 551 1075 621 Augustinus
1104 564 1168 603 ex
1198 563 1324 602 voce
1350 546 1567 618 lngeniti
1586 586 1602 612 ,
1635 562 1791 616 quam
1823 544 2127 599 Pascentius

549 644 617 699 de
646 645 754 699 Deo
783 644 939 699 Patre
965 650 1327 710 usurpaverat,
1358 649 1462 694 tam
1488 641 1695 710 egregie
1722 638 2045 694 confutasset
2071 638 2125 691 iu

550 733 722 804 primo
750 733 1040 788 certamine
1059 771 1076 797 ,
1108 732 1181 785 uti
1212 731 1262 785 iu
1292 730 1446 799 epist.
1469 744 1734 784 ccxxxmt
1760 727 2043 783 narratur?

619 822 701 877 Ad
729 824 841 880 lucc
869 836 956 876 res
985 821 1071 875 hic
1096 822 1267 890 agitur
1290 819 1572 875 admodum
1602 819 1787 889 frigide
1814 819 1881 873 ab
1904 826 2126 887 utraque

548 924 718 984 parte,
743 914 877 968 adeo
898 921 953 967 ut
974 911 1074 967 sibi
1096 912 1320 965 invicem
1346 909 1433 964 vix
1458 910 1811 978 respondeant
1833 908 1932 962 nisi
1962 909 2125 961 inter-

545 1006 796 1075 loquente
825 1013 879 1058 et
907 1003 1258 1073 compellente
1286 1001 1591 1055 Laurentio.
1629 1000 1694 1053 Et
1730 1014 1856 1053 sane
1890 998 2123 1069 pseudo-

544 1094 855 1150 Pascentius
880 1094 967 1149 ille
994 1109 1097 1147 non
1125 1108 1245 1147 eum
1274 1092 1433 1145 refert
1456 1091 1706 1144 Arianum
1733 1090 2001 1152 comitem,
2031 1089 2120 1157 qui

544 1203 574 1240 a
604 1185 845 1241 Possidio
881 1183 1231 1248 describitur,
1278 1182 1429 1251 ﬁdem
1469 1181 1765 1234 catholicam
1803 1180 2035 1233 atrociter
2062 1195 2122 1232 ac

540 1278 727 1351 iugiter
751 1292 1069 1348 Oppugnans,
1093 1284 1139 1329 et
1157 1273 1551 1345 quamplurimas
1569 1272 1845 1326 sacerdotes
1866 1270 1978 1337 Dei,
2003 1271 2123 1324 sim-

544 1370 743 1438 pliciori
767 1370 870 1439 ﬁde
895 1370 1127 1432 viventes,
1154 1366 1417 1420 dicacitate
1436 1381 1493 1417 ac
1519 1373 1755 1432 potestate
1778 1363 2037 1433 exagitans
2063 1378 2122 1415 ac

542 1460 874 1529 perturbans;
897 1457 1125 1529 denique
1164 1463 1285 1527 post
1324 1455 1546 1524 primam
1584 1453 1917 1507 collationem
1960 1452 2121 1524 magis

541 1551 798 1621 magisque
823 1550 980 1603 iratus
1008 1557 1055 1602 et
1082 1549 1284 1618 furens,
1314 1546 1573 1621 mendacia
1603 1546 1760 1599 multa
1789 1562 1879 1615 pro
1906 1545 2006 1613 ﬁde
2028 1563 2121 1599 sua

540 1643 674 1713 [alsa
700 1644 914 1708 iactam.
941 1641 1122 1710 Neque
1147 1640 1352 1694 felicius
1380 1639 1516 1693 alter
1541 1638 1815 1707 Augustini
1838 1653 2116 1708 personam

537 1732 680 1801 agit;
716 1746 879 1801 pauca
919 1740 1240 1800 opportune,
1278 1728 1439 1781 multa
1484 1727 1776 1794 inerudite,
1817 1727 2120 1798 perturbate

539 1823 714 1875 omnia
757 1830 915 1891 atque
956 1819 1214 1889 indigeste
1245 1816 1551 1887 proferens,
1587 1816 1822 1885 nihilque
1859 1818 2119 1886 resipiens

439 1899 455 1911 ’
538 1927 655 1966 eam
685 1909 977 1965 disserendi
1005 1908 1328 1965 facultatem.
1356 1921 1456 1976 qua
1487 1906 1772 1960 instructus
1796 1906 2119 1975 Augustinus

537 2001 656 2055 aliis
685 2000 735 2055 in
764 1996 1210 2069 disputationibus
1243 1998 1478 2051 eminere
1505 1996 1728 2049 solebat.

606 2089 757 2146 Nunc
780 2091 846 2144 ad
870 2088 1154 2144 dictionem
1185 2088 1230 2142 si
1259 2087 1493 2141 animum
1523 2086 1891 2149 advertamus,
1920 2084 2117 2140 abhor-

538 2191 620 2235 ret
650 2181 806 2251 longe
848 2182 914 2235 ab
952 2178 1230 2249 Augustini
1273 2176 1430 2244 stilo,
1460 2184 1519 2231 ut
1557 2191 1681 2231 mox
1725 2176 1906 2231 videre
1947 2184 2029 2230 est
2065 2177 2116 2230 in

536 2270 683 2325 hisce
706 2269 953 2340 loquendi
979 2268 1257 2324 formulis:
1287 2266 1332 2322 Ο
1353 2266 1659 2322 nobilissime
1680 2266 1800 2336 ﬁdei
1834 2267 1910 2319 vir
1944 2265 2121 2334 prtesi-

536 2363 681 2417 tlens.
713 2360 1125 2417 Circumamictus
1152 2375 1279 2414 certe
1304 2362 1469 2413 carnis
1504 2358 1692 2412 trabea.
1743 2357 1999 2412 Veridicus
2033 2357 2120 2412 ille

536 2464 836 2508 secretorum
874 2453 1117 2521 interpres
1158 2451 1440 2504 divinorum
1479 2449 1719 2502 Joannes.
1760 2446 2022 2519 Tanquam
2056 2447 2121 2501 de

536 2546 846 2598 immanitate
872 2560 972 2597 non
1001 2542 1255 2612 pervident
1279 2542 1450 2595 trabis.
1487 2540 1583 2595 Ubi
1610 2550 1655 2594 et
1678 2542 1789 2610 ipsa
1818 2558 1934 2596 caro
1964 2541 2119 2595 voluit

536 2636 600 2688 de
626 2634 826 2706 Virgine
846 2625 984 2687 nasci
1003 2632 1272 2687 dominica.
1295 2631 1407 2696 Qua
1428 2632 1546 2684 dicit
1566 2631 1856 2701 intimatque
1875 2630 1966 2685 Dei
1986 2649 2119 2685 mor-

537 2727 719 2780 talibus
744 2733 953 2779 secreta.
992 2723 1129 2790 Quid
1172 2723 1359 2793 plura?
1404 2722 1599 2776 Eadem
1644 2730 1725 2776 est
1772 2736 2115 2791 personarum

537 2817 770 2872 omnium
802 2815 1009 2886 loquela
1030 2855 1044 2879 ,
1073 2829 1234 2868 unum
1264 2811 1475 2868 dicendi
1510 2826 1679 2882 genus
1715 2827 1811 2882 per
1840 2820 2001 2867 totam
2027 2812 2120 2866 Al-

537 2908 912 2973 tercationem;
970 2921 1129 2977 quam
1174 2905 1419 2959 nimirum
1465 2919 1568 2957 una
1622 2917 1811 2958 manus
1865 2903 2119 2972 stilusque

537 3016 677 3056 unus
717 3001 974 3056 exaravit.
1006 2998 1111 3054 Sed
1140 2998 1320 3052 mirari
1357 2996 1500 3051 subit
1538 2994 1663 3050 illud
1700 2993 1839 3065 quod
1880 2995 1930 3047 in
1960 2994 2116 3063 epist.

536 3108 835 3157 ccxxxvut,
865 3108 920 3146 n.
943 3090 998 3158 9,
1026 3090 1234 3161 legitur,
1268 3088 1372 3143 Pro
1398 3088 1499 3157 ﬁde
1523 3103 1673 3157 quam
1702 3085 2007 3156 Reipublicte
2033 3086 2122 3138 de-

536 3184 649 3250 bes,
679 3201 778 3237 non
808 3184 949 3236 times
976 3181 1243 3236 maledicta
1270 3180 1685 3253 provincialium;
1724 3194 1816 3248 pro
1842 3178 1944 3246 [ide
1968 3194 2117 3248 quant

468 3320 487 3343 ,
538 3274 736 3331 Christo
756 3274 921 3338 debes,
946 3273 1086 3326 times
1104 3272 1382 3326 calumnias
1402 3269 1762 3340 Episcoporum
1787 3284 1806 3321 :
1826 3267 1929 3321 huc
1949 3276 2119 3323 trans-

536 3366 701 3421 latum
734 3364 896 3419 fuisse
940 3364 1042 3417 hoc
1079 3372 1268 3432 pacto,
1300 3361 1447 3431 quasi
1487 3360 1554 3413 ab
1586 3359 1879 3429 Augustino
1917 3358 2117 3412 dictum

537 3456 639 3521 sit,
680 3453 863 3508 Fidem
890 3452 1198 3525 Reipublicae
1223 3452 1401 3505 debens
1432 3450 1756 3514 Pascentius,
1787 3449 1906 3518 ﬁdei
1928 3466 2120 3519 quoque

537 3562 678 3610 suat,
709 3562 858 3614 quam
897 3545 1096 3599 Christo
1138 3544 1313 3610 debet,
1436 3542 1669 3614 dignetur
1703 3559 1881 3596 nomen
1907 3541 2116 3596 edicere.

539 3636 675 3703 Quid
702 3636 843 3690 enim
874 3634 941 3687 ad
978 3649 1090 3689 rem
1129 3633 1306 3686 minus
1344 3631 1620 3700 apposite?
1651 3632 1814 3685 Porro
1839 3630 2023 3684 eadem
2052 3645 2118 3685 ex

540 3728 761 3798 epistola
786 3727 1003 3781 ductum
1034 3736 1115 3781 est
1144 3725 1217 3783 id,
1251 3724 1389 3795 quod
1419 3724 1628 3777 additur
1652 3724 1904 3777 dbutiuuo
1929 3723 1999 3777 de
2021 3722 2123 3778 Pa-

541 3819 728 3874 sceutii
751 3825 1009 3888 potestate
1037 3826 1089 3870 et
1116 3825 1289 3880 atate,
1318 3824 1510 3884 prmter
1534 3814 1633 3867 alia
1664 3814 1937 3867 nonnulla.

614 3909 747 3964 illud
774 3907 984 3962 tandem
1011 3905 1414 3977 haudquaquam
1445 3904 1865 3973 prmtereundum
1888 3904 2117 3969 silentio,

543 3999 822 4071 Augustini
845 3997 912 4053 ad
934 3998 1265 4053 Pascentium
1288 3995 1537 4066 epistolas
1556 3995 1812 4050 contineri
1846 3995 1897 4049 in
1927 3996 2121 4051 nostris

545 4093 672 4151 Mss.
694 4091 981 4155 sexdecim,
1010 4105 1115 4162 quo
1139 4106 1203 4144 ex
1230 4104 1449 4143 numero
1475 4103 1542 4142 ne
1563 4104 1698 4142 unus
1722 4088 1931 4157 quidem
1953 4088 2120 4143 codex

544 4184 850 4255 adjunctam
880 4181 1039 4236 habet
1067 4180 1477 4234 Altercationem
1508 4178 1650 4231 illam
1681 4195 1694 4232 :
1725 4194 1881 4246 quam
1912 4178 2121 4233 nonnisi

545 4273 770 4328 seorsim
808 4271 1043 4342 reperire
1085 4270 1237 4323 nobis
1281 4268 1425 4321 licuit
1467 4267 1520 4321 in
1544 4266 1713 4320 tribus
1744 4266 1892 4332 Mss.,
1919 4267 2123 4322 scilicet

547 4363 908 4425 Laudunensi,
930 4360 1231 4416 Arnull‘ensi
1253 4370 1304 4414 et
1322 4356 1649 4424 Corbeiensi,
1676 4358 1763 4429 qui
1784 4373 1969 4414 omnes
1990 4376 2127 4429 pra:-

544 4452 703 4513 dictis
727 4453 964 4524 epistolis
992 4459 1192 4506 carent.

617 4547 749 4612 Qua:
770 4560 891 4601 cum
918 4545 990 4598 ita
1013 4543 1138 4610 sint,
1160 4542 1271 4612 jam
1297 4534 1567 4611 intelligis,
1589 4538 1796 4594 erudite
1817 4539 2000 4605 lector,
2025 4554 2125 4595 uos

547 4644 609 4693 ut
645 4634 701 4691 id
736 4634 974 4705 opusculi
1002 4648 1168 4704 genus
1192 4632 1382 4701 spuriis
1409 4630 1780 4701 scriptionibus
1812 4645 2122 4687 accensere-

549 4743 692 4795 tuus,
712 4727 969 4783 adductos
994 4723 1155 4780 fuisse
1177 4723 1354 4778 multis
1377 4732 1430 4778 et
1447 4723 1692 4793 gravibus
1711 4723 1903 4777 causis.
1925 4722 2126 4792 Quibus

548 4830 823 4891 postremo
858 4819 975 4875 loco
1017 4817 1221 4873 accedit
1258 4832 1365 4872 non
1403 4816 1535 4873 levis
1575 4816 1876 4887 conjectura
1905 4817 1973 4872 de
1999 4833 2126 4872 vero

550 4913 715 4982 ipsius
740 4922 953 4967 auctore
973 4892 1161 4980 Vigilio
1183 4908 1439 4980 Tapsensi
1467 4909 1739 4978 episcopo,
1767 4908 1856 4978 qui
1876 4907 2126 4964 Vandalis

549 5006 785 5060 arianam
817 5004 1062 5059 lnrresim
1102 5003 1153 5057 in
1190 5000 1365 5057 Africa
1411 5000 1853 5070 propagantibus,
1884 5016 2003 5054 cum
2042 5017 2128 5055 re-

552 5112 785 5167 pugnare
812 5096 980 5165 palam
1010 5109 1105 5164 pro
1130 5094 1389 5147 catholica
1417 5092 1521 5146 lide
1551 5091 1867 5158 disputando
1894 5106 1997 5146 non
2027 5091 2126 5145 sibi

550 5186 765 5250 liceret,
809 5185 988 5239 emisit
1035 5184 1087 5238 in
1134 5182 1320 5252 vulgus
1363 5182 1613 5249 Opuscula
1661 5181 1900 5252 quaedam
1943 5192 2126 5236 contra

549 5276 807 5340 Arianos,
840 5274 1020 5329 inditis
1048 5274 1347 5327 nominibus
1374 5272 1719 5342 insigniorum
1748 5271 2000 5351 Ecclesia:
2028 5273 2128 5328 do.-

548 5379 776 5434 ctorum,
811 5367 1102 5428 Athanasii.
1137 5365 1424 5429 Ambrosii,
1451 5365 1761 5435 Augustini;
1789 5376 1842 5421 et
1867 5365 2005 5421 inter
2026 5366 2129 5420 alia

551 5460 744 5517 librum
768 5469 950 5514 contra
975 5458 1297 5513 Feliciannm
1322 5458 1617 5528 Augustino
1644 5457 1892 5512 tributum
1921 5457 2054 5513 falso
2075 5459 2128 5513 in

550 5550 913 5623 superioribus
941 5549 1280 5614 cditionibus,
1310 5558 1537 5623 tom.v1,
1566 5564 1769 5603 necnon
1798 5548 1934 5603 hanc
1960 5549 2127 5619 ipsam

550 5656 653 5711 qua
681 5642 747 5696 de
771 5642 944 5711 agitur
970 5625 1411 5705 Altercationem,
1432 5639 1505 5695 uti
1532 5640 1862 5711 suspicamur
1888 5655 1954 5697 ex
1984 5641 2130 5697 simi-
2166 5658 2193 5679 ο

1995 250 2356 307 APPENDIX.

3671 256 3811 311 H5O

2235 358 2456 415 litudine
2483 370 2539 417 et
2561 360 2851 428 afﬁnitate,
2881 376 3001 433 quae
3038 361 3178 419 inter
3216 377 3335 419 eam
3376 362 3607 435 aliasque
3633 364 3811 436 Vigilii

2235 449 2624 505 lucubrationes
2652 453 2949 508 intercedit.
2979 452 3215 522 lixcmpli
3242 454 3405 522 gratia
3422 494 3438 519 ,
3461 459 3813 525 quemadmo-

2232 539 2357 592 dum
2389 540 2439 594 iu
2472 541 2826 597 Altercatione
2852 542 3117 597 Athanasii
3144 560 3264 598 cum
3289 546 3415 598 Ario
3434 586 3449 608 ,
3475 545 3688 600 exhibet
3716 546 3813 602 ille

2232 629 2460 684 Probum
2506 633 2830 702 cognitorem
2877 643 2931 688 et
2966 634 3233 703 judicem,
3268 636 3354 704 qui
3403 636 3552 689 initio
3592 636 3813 705 adjuvat

2231 728 2406 786 partes
2431 721 2577 782 Arii,
2615 730 2670 774 ut
2713 722 2764 775 in
2812 722 2917 776 fine
2958 724 3246 777 secundum
3290 722 3635 778 Athanasium
3671 724 3810 780 ferat

2228 811 2545 864 sententiam
2577 829 2591 866 :
2621 812 2691 866 ita
2718 812 2801 866 hic
2824 829 2916 867 nn.
2940 814 2973 868 5
2997 823 3048 866 et
3074 814 3124 877 7,
3156 813 3468 869 Laurentius
3487 816 3730 883 cognitor
3754 824 3810 869 et

2222 898 2385 969 judcx
2413 902 2551 956 favet
2587 904 2821 957 nonnihil
2850 904 3162 970 Pasceutio,
3194 904 3327 959 adeo
3355 914 3411 959 ut
3439 906 3609 961 eidem
3636 907 3807 975 judici

2226 989 2461 1044 divinum
2497 992 2755 1062 judicium
2798 994 3067 1047 minitetur
3101 995 3684 1065 pseudo-Augustinus,
3717 996 3805 1050 cui

2226 1080 2436 1134 demum
2461 1082 2984 1152 pseudo-Augustino
3002 1086 3303 1140 certaminis
3324 1086 3546 1155 palmam
3569 1085 3807 1140 Lauren-

2224 1176 2330 1225 tius
2357 1172 2642 1241 adjudicat.
2690 1174 2744 1229 In
2788 1175 2873 1228 illa
2919 1175 3100 1243 paucis
3140 1186 3405 1230 momenta
3432 1192 3526 1231 sua
3556 1177 3808 1245 proponit

2224 1261 2412 1325 Arius,
2446 1273 2500 1315 nt
2528 1264 2595 1316 ab
2620 1264 2911 1318 Athanasio
2940 1266 3120 1320 multis
3149 1265 3420 1321 refellatur
3448 1285 3460 1321 :
3493 1267 3545 1319 in
3576 1267 3675 1321 hac
3701 1267 3804 1320 Pa-

2224 1352 2457 1405 scentius
2486 1353 2569 1405 vix
2601 1352 2831 1422 loquitur
2870 1354 3151 1424 quidquam
3173 1396 3187 1418 ,
3228 1356 3327 1409 nisi
3366 1371 3469 1426 quo
3501 1356 3802 1424 disputandi

2226 1446 2472 1499 materies
2514 1447 2812 1512 prazbeatur
2854 1447 3400 1516 pseudo-Augustino.
3444 1447 3709 1501 Praeterea
3750 1448 3804 1501 in

2224 1544 2445 1604 utraque
2464 1536 2819 1590 Altercatione
2842 1547 3128 1591 occurrunt
3154 1551 3305 1606 pares
3329 1537 3574 1606 loquendi
3601 1537 3804 1590 formu-

2222 1624 2318 1687 la),
2350 1641 2538 1694 nempe
2580 1627 2629 1679 iu
2672 1626 2761 1680 illa
2798 1627 3001 1681 Probus
3034 1645 3048 1681 :
3082 1627 3510 1694 Quemadmodum
3554 1628 3798 1691 credatis,

2224 1714 2407 1783 inquit,
2442 1716 2633 1769 decenti
2661 1717 3007 1788 prosecutione
3027 1717 3240 1785 signate.
3268 1717 3334 1772 Et
3357 1718 3623 1786 aliquanto
3644 1727 3799 1788 post:

2222 1801 2291 1858 Id
2317 1821 2511 1876 quoque
2534 1806 2839 1861 Athanasius
2863 1824 2958 1861 sua
2982 1810 3326 1877 prosecutione
3347 1808 3589 1880 designet.
3617 1808 3673 1862 ln
3702 1812 3803 1863 hac

2222 1905 2398 1951 autem
2426 1898 2761 1967 Laurentius,
2788 1917 2842 1953 ιι.
2865 1900 2920 1967 5,
2950 1899 3079 1954 dicit
3104 1916 3118 1953 :
3140 1900 3534 1956 Advertisne....
3563 1902 3685 1970 quid
3707 1919 3803 1955 sua

2224 1989 2567 2057 prosecutione
2577 1988 2821 2061 designet,
2842 2000 2943 2046 etc.
2963 1989 3144 2060 itaque
3163 1991 3461 2055 methodns,
3484 1991 3660 2055 stilus,
3677 2007 3804 2046 sen-

2224 2078 2423 2141 tentiae,
2442 2092 2710 2134 anetoretn
2735 2095 2895 2134 unum
2912 2081 3260 2149 eamdemque
3278 2081 3513 2135 referunt
3532 2082 3799 2151 Vigilinm.

2225 2168 2271 2222 Is
2302 2182 2461 2236 porro
2487 2168 2748 2222 scribebat
2775 2182 2961 2223 versus
2997 2170 3153 2223 finem
3198 2169 3362 2239 quinti
3407 2170 3606 2224 smculi.
3648 2169 3803 2225 Unde

2221 2257 2439 2311 minime
2469 2256 2659 2311 mirum
2691 2268 2772 2312 est
2799 2257 3207 2313 Altercationem
3246 2274 3365 2314 cum
3394 2260 3673 2316 Pascentio
3701 2262 3802 2315 sub

2221 2346 2501 2418 Augustini
2521 2348 2736 2403 nomine
2757 2347 2955 2403 laudari
2975 2366 3004 2403 a
3027 2350 3309 2415 veteribus,
3333 2352 3405 2404 uti
3427 2350 3673 2406 laudatur
3691 2367 3801 2406 non

2221 2438 2381 2493 modo
2422 2439 2478 2494 in
2513 2438 2671 2493 Beda:
2707 2440 2915 2508 vulgata
2952 2441 3265 2495 colleCtione
3293 2443 3359 2496 ad
3386 2441 3408 2496 l
3435 2443 3558 2496 Cor.
3586 2458 3715 2510 χιιι,
3746 2455 3804 2499 et

2221 2529 2450 2600 Philipp.
2478 2545 2544 2592 ιι,
2576 2544 2733 2599 quam
2759 2529 3122 2588 colleclionem
3156 2531 3311 2585 Floro
3338 2531 3562 2587 diacono
3589 2533 3803 2603 Lugdu-

2221 2621 2392 2685 uensi,
2418 2620 2505 2690 qui
2525 2618 2699 2673 medio
2723 2621 2917 2673 sarculo
2942 2636 3081 2674 nmio
3099 2620 3296 2688 floruit,
3321 2623 3652 2678 tribuendam
3678 2640 3803 2680 esse

2219 2712 2473 2785 probatur
2503 2712 2554 2766 in
2583 2721 2820 2767 veterum
2857 2713 3228 2768 Analectorum
3274 2723 3403 2768 tom.
3435 2732 3488 2779 ις
3516 2717 3609 2770 sed
3638 2718 3800 2771 etiam

2222 2805 2273 2857 in
2301 2819 2391 2866 ea,
2424 2821 2546 2874 qum
2577 2803 2771 2858 ibidem
2800 2805 2955 2859 Bedm
2982 2807 3239 2861 asseritur
3257 2848 3273 2874 ,
3299 2806 3553 2863 hactenus
3576 2809 3798 2875 inedita,

2220 2893 2422 2949 scilicet
2450 2894 2513 2948 ad
2541 2893 2561 2948 l
2586 2893 2713 2949 Cor.
2740 2911 2853 2950 xw.

2291 2987 2521 3041 Consule
2550 2988 2875 3042 Bernardum
2914 2987 3229 3059 Vindingum
3258 3006 3290 3046 e
3324 2990 3519 3047 familia
3547 2994 3799 3062 Augusti-

2222 3077 2376 3131 niana
2397 3078 2745 3150 Theologum,
2772 3080 2863 3151 qui
2886 3080 2937 3135 id
2961 3084 3139 3150 operis
3160 3083 3396 3151 spurium
3417 3098 3537 3139 esse
3558 3094 3683 3139 ante
3703 3100 3801 3139 nos

2219 3170 2541 3224 existimavit
2566 3170 2618 3225 in
2645 3172 3025 3243 Augustiniano
3051 3170 3245 3227 Critico
3274 3173 3340 3228 ad
3369 3185 3564 3230 tomum
3594 3193 3629 3232 ιι
3656 3186 3708 3230 et
3732 3177 3800 3232 ad

2223 3269 2423 3313 tomum
2452 3276 2540 3325 vn;
2582 3276 2688 3330 quo
2736 3262 3014 3331 posteriori
3058 3261 3177 3318 loco
3217 3272 3461 3319 recenset
3496 3265 3800 3335 quindecim

2221 3354 2472 3421 Optnsonla
2499 3352 2567 3407 ab
2590 3364 2823 3417 auctore,
2850 3364 2910 3409 ut
2929 3362 3098 3425 putat,
3124 3370 3231 3409 uno
3254 3364 3309 3411 et
3326 3357 3515 3412 eodem
3538 3357 3794 3427 profecta.

2222 3445 2419 3501 Horum
2445 3461 2573 3501 vero
2602 3445 2829 3518 plurima
2853 3447 3043 3519 Vigilio
3068 3448 3323 3520 Tapsensi
3346 3448 3459 3520 jam
3487 3450 3554 3505 ab
3579 3450 3799 3507 eruditis

2222 3539 2540 3595 tribuuntur.

2712 3629 3044 3687 EPISTOLA
3080 3631 3181 3687 xx
3210 3633 3309 3703 (α),

2292 3720 2433 3789 Sive,
2446 3721 2521 3776 uti
2544 3721 2850 3777 Corbeiensis
2875 3723 3032 3777 codea:
3053 3724 3239 3794 aliique
3264 3722 3392 3779 Mss.
3422 3725 3725 3795 praferunt,

2220 3822 2446 3880 Collatia
2465 3825 2609 3881 Beati
2632 3826 2916 3883 Ancusruu
2937 3842 3056 3881 cum
3080 3826 3375 3883 PASCBNTIO
3394 3828 3598 3891 ariano,
3623 3827 3797 3883 habita

2291 3895 2345 3949 in
2372 3897 2531 3966 domo
2559 3896 2742 3952 Anicia
2770 3896 3210 3966 Hippone-Regio
3228 3940 3242 3959 ,
3276 3909 3537 3966 prasente
3560 3899 3803 3954 Lumen-

2294 3980 2385 4020 rto
2404 3965 2584 4036 judice
2611 3967 2814 4022 delecto
2838 3983 2869 4022 a
2896 3965 3190 4024 PAscsurio
3215 3965 3328 4023 viro
3352 3970 3646 4038 spectabili.

2296 4068 2347 4123 1.
2390 4068 2704 4123 Laurentius
2738 4070 2820 4123 vir
2853 4070 3177 4126 clarissimus
3216 4072 3453 4138 partibus
3481 4082 3533 4126 et
3560 4072 3801 4139 personis

2224 4138 2277 4193 in
2331 4141 2571 4194 cominus
2596 4140 2612 4172 ι
2650 4141 2833 4209 positis
2869 4141 3041 4195 dixit:
3077 4139 3173 4195 Dei
3201 4138 3573 4195 discutiendum
3605 4153 3675 4194 cst
3710 4158 3801 4193 ne-

2224 4211 2432 4279 gotium,
2461 4220 2748 4280 natumque
2769 4211 2899 4280 ejus,
2928 4211 2979 4263 in
3003 4227 3103 4279 qua
3129 4210 3352 4280 plerique
3377 4212 3621 4265 labuntur
3641 4212 3806 4263 homi-

2225 4295 2331 4340 nes.
2347 4280 2689 4352 examinanda
2710 4283 2977 4351 perfectio;
2999 4282 3045 4335 si
3064 4290 3177 4352 post
3197 4281 3327 4334 illud
3348 4291 3503 4334 totum
3529 4283 3665 4352 quod
3685 4297 3804 4348 pars

2227 4350 2391 4417 parti,
2419 4365 2632 4419 persona
2674 4365 2898 4419 persona.-
2929 4352 3138 4404 convicii
3164 4351 3331 4404 intulit
3361 4350 3551 4419 pridem
3575 4393 3587 4407 .
3611 4352 3722 4419 jam
3748 4352 3802 4402 in

2225 4419 2443 4488 utrisque
2460 4426 2626 4473 manet
2645 4420 2880 4474 serenitas
2903 4421 3203 4485 animorum,
3231 4421 3509 4474 venerande
3529 4422 3802 4488 Augustine

2226 4495 2277 4561 et
2292 4486 2525 4542 Poscenti
2543 4489 2864 4561 nobilissime,
2883 4490 3159 4561 dignemini
3176 4491 3421 4561 proﬁteri.
3448 4490 3522 4543 De
3544 4486 3649 4543 nec
3669 4493 3801 4561 enim

2225 4558 2487 4628 disputans
2514 4560 2710 4630 animus
2746 4559 2886 4630 debet
2923 4558 3143 4613 serenior
3176 4558 3424 4624 inveniri;
3447 4562 3565 4630 quia
3589 4559 3804 4630 repulsis

2226 4628 2556 4699 animositatis
2583 4628 2878 4698 caliginibus
2895 4670 2911 4695 ,
2939 4630 3094 4699 menti
3120 4646 3226 4683 sese
3252 4646 3394 4699 parte
3419 4628 3486 4683 ad
3516 4628 3802 4699 intelligen-

2226 4698 2568 4752 damnatura:
2607 4714 2713 4752 sua:
2747 4698 3137 4768 magnitudinem
3178 4698 3379 4768 facilius
3416 4699 3579 4766 o/I'ert.
3622 4698 3804 4751 Fidem

2226 4768 2379 4838 igitur
2403 4779 2618 4839 vestram
2641 4785 2704 4822 e1:
2731 4767 3037 4839 professione
3061 4767 3353 4837 opinionum
3384 4771 3611 4839 primitus
3639 4785 3800 4839 agno-

2226 4837 2362 4891 scere
2397 4837 2510 4892 volo
2526 4853 2547 4902 ;
2580 4849 2685 4891 tum
2712 4837 2911 4891 demum
2939 4839 3184 4907 requirere
3202 4880 3216 4901 ,
3244 4837 3409 4892 utrum
3441 4840 3581 4892 liceat
3623 4837 3805 4905 prater

2229 4907 2608 4979 Scripturarum
2629 4908 2909 4961 divinarum
2934 4908 3150 4978 eloquia,
3170 4910 3477 4978 usurpatibte
3499 4908 3803 4979 defensionis

2228 4979 2423 5048 merito,
2453 4978 2642 5047 aliquid
2666 4979 2932 5048 affirmare.
3099 5047 3107 5048 ί
3295 5046 3307 5048 ῃ
3836 5002 3845 5023 ι

2297 5046 2353 5100 2.
2396 5046 2719 5113 Augustinus
2755 5048 3034 5118 cpiscopus
3079 5047 3209 5101 dixit
3240 5065 3254 5101 :
3285 5046 3421 5103 Sunt
3463 5048 3634 5118 aliqua
3682 5048 3802 5102 ﬁdei

2230 5118 2529 5172 necessaria
2546 5133 2575 5171 a
2600 5118 2833 5186 patribus
2855 5118 3041 5184 posita,
3063 5133 3180 5185 qua:
3202 5119 3252 5171 in
3278 5119 3455 5172 verbis
3474 5118 3803 5171 diversarum

2230 5187 2524 5255 linguarum
2554 5190 2707 5241 aliter
2734 5197 2952 5247 sonant,
2990 5188 3127 5239 aliud
3161 5187 3302 5240 intus
3338 5190 3609 5242 continent
3640 5190 3691 5240 in
3721 5203 3808 5241 se—

2229 5267 2412 5319 creto;
2443 5257 2579 5309 sicut
2606 5258 2715 5324 ipsa
2741 5271 2867 5310 caro
2885 5257 3081 5311 Christi
3110 5257 3202 5311 Dei
3222 5266 3277 5310 et
3299 5257 3547 5319 hominis,
3576 5258 3809 5309 hominis

2234 5326 2372 5394 pleni
2403 5326 2758 5379 infirmitatem
2793 5328 3104 5381 ostendebat
3142 5329 3372 5381 exterius
3393 5368 3405 5389 ,
3439 5336 3492 5381 et
3518 5327 3812 5381 divinitatis

2232 5398 2477 5450 virtutem
2519 5396 2737 5464 gerebat
2779 5396 3016 5449 interius.
3063 5396 3262 5450 Tamen
3300 5396 3454 5450 iidem
3487 5396 3813 5465 Reipublicae

2232 5467 2432 5521 debeas
2466 5466 2548 5519 vir
2586 5465 2892 5534 spectabilis
2929 5467 3268 5534 Pascentius,
3296 5467 3420 5536 quia
3459 5467 3573 5536 ipse
3608 5466 3811 5522 exstitit

2296 5583 2314 5616 ι
2339 5582 2447 5632 Bad.
2475 5587 2575 5629 Am.
2600 5587 2653 5641 et
2672 5585 2766 5641 En,
2791 5575 2845 5630 in
2866 5590 3125 5631 earumne.

2296 5646 2369 5707 (α)
2394 5643 2518 5693 Alias
2549 5640 2655 5691 178.
