4054 6464
2864 414 2974 493 ἓξ
3074 424 3083 433 ’

1939 510 1957 526 Ῑ

673 571 2126 587 ,_____,______________.________,
3447 569 3490 575 -_

838 743 895 822 ."
1024 625 1195 818 ΙΝ
1293 708 1822 816 TOMUM
1925 618 2439 814 SECUN]

1139 625 1195 818 ἀ
1293 708 1822 816 TOMUM
1925 618 2740 814 SECUNDUM

902 912 945 959 ὀ

886 977 905 991 ι

1526 942 2205 1127 arma».
2391 1028 2453 1095 ς

1664 1191 2083 1231 4ο-

332 1277 406 1377 ῐῖι
434 1277 720 1374 οειιιῖθιίἰε
742 1277 984 1384 corporis
1013 1309 1261 1367 sensibus
1285 1314 1560 1377 prmstant,
1595 1305 1666 1359 ita
1694 1304 1974 1359 illustrium
1995 1303 2241 1358 ‘virorum
2262 1281 2522 1372 Epistulae
2547 1302 2757 1357 eteteris
2781 1316 2965 1356 eorum
2989 1302 3204 1371 scriptis
3229 1303 3426 1374 passim
3452 1319 3521 1361 an

267 1412 526 1469 tecellunt.
559 1408 617 1465 ln
651 1408 733 1464 eis
757 1409 899 1459 enim
930 1411 1177 1471 tanquam
1206 1400 1258 1454 in
1287 1398 1502 1469 gemino
1527 1397 1802 1451 oculorum
1831 1393 2050 1463 speculo
2070 1394 2301 1449 emicant
2326 1406 2567 1463 persona:
2590 1391 2766 1455 dotes,
2795 1391 3036 1458 allectus,
3065 1391 3286 1447 virtutes
3306 1403 3361 1449 et
3386 1394 3548 1459 vitia;

267 1506 340 1562 sic
365 1513 422 1559 ut
450 1518 612 1558 nemo
638 1496 807 1569 magis
832 1494 896 1550 ad
924 1495 1101 1549 vivum
1129 1508 1192 1548 ea
1222 1491 1523 1569 exprimere
1552 1490 1739 1560 possit,
1764 1500 1921 1543 nemo
1946 1485 2073 1541 alibi
2104 1486 2296 1541 melius
2322 1502 2479 1555 quam
2514 1485 2564 1539 in
2594 1483 2833 1553 epistolis
2866 1483 3081 1539 intueri.
3119 1482 3171 1536 ld
3202 1483 3249 1538 si
3276 1483 3343 1539 de
3369 1492 3550 1554 cujus-

278 1612 427 1667 quam
447 1592 600 1656 alius,
628 1556 773 1645 cerie
795 1588 861 1642 de
887 1584 1165 1656 Augustini
1195 1556 1418 1637 Litteris
1432 1589 1661 1646 constat,
1695 1579 1968 1667 itLquibus
1998 1578 2319 1632 sanctissimi
2346 1575 2589 1631 Ductoris
2612 1575 2822 1646 genius,
2863 1574 3166 1644 eloquentia
3193 1575 3322 1629 citra
3349 1575 3550 1649 fucum,

270 1645 560 1757 prudentia,
594 1679 761 1745 zelus,
793 1674 1313 1780 anim’kconstantia,
1348 1672 1583 1727 veritatis
1608 1686 1673 1725 ac
1707 1645 1925 1739 pietatis
1951 1668 2214 1735 studium,
2260 1668 2591 1733 humanitas,
2626 1666 2917 1729 modestia,
2961 1666 3185 1736 alimque
3211 1667 3432 1722 virtutes
3458 1645 3552 1723 re;

331 1778 338 1780 Α
430 1777 441 1780 -
601 1774 615 1780 -
814 1772 823 1780 .
850 1771 861 1780 .
1065 1767 1099 1780 η
1166 1762 1204 1780 ’n
1291 1767 1301 1777 υ
1497 1764 1548 1780 ιιι
1602 1764 1612 1775 ·
1682 1778 1690 1780 s
1715 1779 1723 1780 κ
1761 1763 1772 1774 ·
1850 1778 1865 1780 -
1897 1762 1979 1780 ιηΑ
2005 1763 2085 1780 41-λ
2113 1771 2191 1780 ιμη
2228 1768 2552 1780 -________--__.
2596 1759 2940 1780 A--..-_...2-.---_
2978 1768 3025 1780 ..ι
3060 1774 3157 1780 μμ..
3192 1761 3252 1780 1-,-
3309 1761 3347 1780 -2
3381 1758 3549 1780 J!_-_-

266 1777 561 1848 splendent.
591 1774 707 1829 Jam
737 1758 1034 1844 quidetth
1062 1762 1468 1822 Confessionmn
1497 1764 1649 1819 libris
1675 1778 1734 1818 se
1761 1763 1873 1833 ipse
1897 1762 2193 1817 luculenter
2221 1768 2559 1830 expresserat
2585 1759 2942 1830 Augustinus;
2976 1768 3030 1811 at
3057 1774 3161 1813 non
3191 1761 3281 1825 ita,
3306 1761 3350 1814 si
3373 1758 3557 1816 dicere

270 1871 421 1933 licet,
449 1868 679 1939 genuine
714 1866 851 1939 sicut
880 1865 932 1919 in
967 1860 1232 1932 Epistolis.
1267 1859 1351 1914 Fit
1377 1859 1519 1915 enim
1544 1867 1604 1914 ut
1630 1872 1749 1928 qua:
1778 1856 1845 1912 de
1871 1856 2065 1927 seipsis
2092 1855 2331 1911 scribunt
2356 1854 2558 1921 sancti,
2585 1864 2675 1908 aut
2714 1853 2999 1909 immodice
3027 1856 3313 1922 extollant,
3345 1856 3389 1911 si
3417 1854 3558 1910 mala

263 1964 393 2029 sint;
421 1936 515 2016 aut
542 1962 657 2032 plus
684 1936 839 2029 atque
864 1957 1195 2027 deprimant,
1237 1955 1281 2009 si
1313 1953 1448 2009 bona
1475 1970 1487 2006 :
1519 1952 1564 2006 si
1593 1967 1720 2007 vero
1744 1952 1862 2021 quis
1891 1950 2026 2005 alius
2053 1949 2120 2004 de
2146 1949 2276 2018 ipsis
2314 1948 2524 2014 seribit,
2557 1963 2660 2003 non
2688 1949 2815 2003 satis
2849 1964 3033 2004 eorum
3066 1949 3247 2003 intima
3278 1960 3559 2020 penetrare

265 2057 465 2128 possit;
499 2066 592 2110 aut
615 2053 823 2109 etiamsi
853 2053 1040 2122 possit,
1064 2049 1340 2121 aptissime
1363 2046 1632 2117 explicare
1654 2059 1760 2098 non
1789 2046 1978 2101 valeat.
2004 2043 2073 2097 At
2098 2042 2151 2096 in
2183 2042 2343 2095 variis
2371 2042 2612 2111 epistolis
2637 2052 2885 2096 auctores
2910 2051 3101 2111 sponte
3126 2057 3185 2097 se
3206 2043 3303 2111 ipsi
3328 2042 3562 2112 produnt

266 2150 589 2220 piugttntque
616 2145 806 2200 nativis
838 2142 1137 2206 coloribus,
1173 2155 1308 2211 quos
1333 2150 1539 2201 natura,
1572 2137 1740 2201 locus,
1772 2133 2003 2198 occasio,
2034 2148 2300 2205 persona},
2329 2133 2627 2203 argumenti
2656 2135 2876 2187 materia
2895 2173 2910 2198 ,
2937 2134 3098 2188 etiam
3125 2151 3155 2186 a
3182 2148 3286 2188 non
3315 2134 3559 2204 cogitau-

262 2218 401 2294 tibus
431 2238 742 2308 exprimunt
767 2253 781 2288 :
815 2233 951 2289 adeo
980 2244 1035 2287 ut
1059 2231 1287 2303 diligens
1312 2230 1485 2302 quivis
1510 2243 1690 2284 rerum
1718 2218 2009 2282 aestimator
2034 2226 2087 2279 in
2115 2224 2489 2295 epistolaribus
2517 2226 2729 2296 scriptis
2754 2227 2989 2282 auctoris
3025 2225 3213 2282 faciem
3242 2236 3296 2283 et
3320 2230 3561 2285 animum

272 2342 302 2377 ρ
328 2330 627 2399 propinquo
659 2324 849 2380 intueri
882 2324 1067 2393 possit.

329 2418 438 2474 Sed
461 2418 590 2472 illud
616 2417 835 2486 insuper
854 2414 1134 2486 Augustini
1157 2412 1411 2485 Epistolis
1439 2412 1749 2483 dignitatem
1780 2410 1947 2478 addit,
1977 2410 2119 2481 quod
2141 2425 2264 2465 cum
2290 2410 2662 2466 sanctissimus
2688 2411 2931 2466 Pontifex
2953 2414 3281 2483 gravissimis
3299 2415 3555 2475 Ecclesia:

259 2509 489 2578 negotiis
520 2506 679 2560 fuerit
703 2514 1025 2575 occupatus,
1070 2504 1427 2574 Epistolarum
1456 2504 1572 2571 ejus
1599 2502 1843 2557 collectio
1878 2518 1984 2556 non
2016 2511 2217 2556 tantum
2246 2500 2411 2571 ipsius
2444 2502 2700 2572 privatam
2721 2544 2737 2569 ,
2775 2503 2869 2558 sed
2900 2514 2953 2558 et
2984 2512 3146 2558 totam
3179 2505 3288 2561 fere
3312 2510 3565 2565 ecclesia-

259 2598 449 2653 sticam
478 2598 615 2651 illius
640 2596 895 2667 temporis
922 2594 1198 2651 hiSturiam
1226 2595 1631 2663 complectatur.
1663 2591 1815 2649 Unde
1846 2592 1890 2647 si
1912 2593 2033 2663 quis
2058 2593 2456 2648 Donatistarum
2482 2602 2539 2649 et
2574 2594 2998 2665 Pelagianorum,
3028 2613 3147 2666 qure
3181 2597 3301 2653 dua:
3334 2604 3567 2660 lia-reses

260 2685 559 2743 Ecclesium
589 2703 689 2756 per
715 2684 780 2773 id.
792 2695 998 2756 tempus
1026 2684 1258 2739 maxime
1287 2685 1623 2748 infestarunt,
1653 2699 1740 2738 res
1765 2692 1944 2753 gestas
1968 2683 2206 2739 studiose
2228 2684 2478 2754 indagare
2503 2701 2565 2740 ac
2593 2686 2749 2755 plene
2771 2687 3068 2757 intelligere
3088 2691 3253 2761 cupit,
3283 2694 3568 2763 Augustini

261 2774 532 2847 Epistulas
562 2776 703 2845 legat
728 2791 791 2829 ac
821 2774 1007 2829 scdulo
1037 2776 1291 2835 revolvat.
1325 2784 1380 2829 et
1402 2775 1537 2828 vutis
1564 2774 1774 2829 tandem
1803 2774 1914 2828 suis
1939 2782 2179 2844 Optatum
2207 2776 2365 2830 finem
2398 2776 2654 2847 imponet.

328 2867 533 2924 Verum
567 2869 619 2922 in
648 2868 1025 2938 superioribus
1062 2868 1383 2922 editionibus
1411 2866 1546 2921 adeo
1575 2866 1916 2937 perturbatus
1941 2877 2056 2922 erat
2086 2869 2587 2939 Augustinianarutn
2626 2872 2981 2940 Epistolarum
3012 2873 3166 2941 ordo,
3195 2885 3384 2933 utnon
3415 2879 3571 2942 facile

263 2961 553 3030 quisquam
584 2959 635 3012 id
662 2960 1160 3030 assequipotuisset
1195 2959 1396 3029 allStIItc
1426 2958 1583 3025 longa
1617 2969 1671 3013 ct
1696 2974 1838 3030 smpe
1872 2961 2094 3031 repetita
2126 2961 2353 3018 lectione
2382 2979 2445 3017 ac
2479 2964 2845 3021 meditatione.
2876 2966 3008 3021 Nam
3049 2969 3287 3039 ejusdem
3317 2978 3574 3046 temporis

258 3058 314 3103 et
352 3050 655 3120 argumenti
700 3049 949 3128 Epistula:
981 3065 1092 3120 per~
1120 3058 1287 3104 totum
1314 3050 1649 3105 collectiOnis
1688 3065 1883 3121 corpus
1924 3051 2049 3106 hinc
2090 3052 2212 3107 inde
2260 3054 2516 3124 dispersa:
2548 3066 2729 3125 erant,
2778 3068 2886 3113 tum
2937 3062 3141 3129 priores
3183 3067 3574 3134 posterioribus

256 3140 580 3233 post-positm
608 3151 663 3194 et
688 3140 738 3194 in
772 3141 929 3195 finem
961 3140 1211 3209 reiectae;
1240 3156 1303 3195 ac
1327 3141 1572 3207 dcnnnn,
1602 3157 1720 3211 qua:
1751 3142 2079 3197 intoleranda
2105 3143 2349 3199 confusio
2382 3158 2495 3201 erat
2515 3189 2529 3213 ,
2558 3151 2839 3219 Augustini
2879 3155 3135 3226 rescripta
3175 3171 3333 3226 quam
3376 3160 3574 3233 longis-

259 3230 401 3284 sime
431 3230 501 3282 ab
532 3229 868 3300 interrogatis
892 3240 946 3284 et
974 3231 1233 3285 consultis
1261 3246 1638 3301 nummnquam
1686 3232 1909 3287 aberant
1940 3252 1953 3287 :
1984 3234 2091 3287 imo
2122 3235 2375 3305 rescripta
2407 3240 2662 3294 consultis
2690 3242 2844 3313 longe
2872 3245 3318 3317 praeferebantur;
3347 3229 3492 3310 adeo
3514 3268 3574 3312 ut

261 3317 459 3413 Evodii
489 3336 541 3372 v.
569 3335 621 3390 g.
651 3320 980 3413 consulentis
1011 3320 1258 3390 EpiStola:
1304 3332 1431 3413 post
1467 3322 1660 3413 multas
1692 3323 2066 3394 interjacentes
2106 3325 2373 3395 Epistulas
2418 3332 2699 3400 Augustini
2743 3349 3060 3406 responsum
3091 3354 3574 3413 consequerentur.

256 3407 607 3504 Quapmptcr
636 3410 929 3504 optandum
972 3418 1085 3464 erat
1131 3421 1186 3465 ut
1216 3412 1495 3482 Augustini
1546 3411 1799 3482 Epistola:
1840 3413 1891 3467 in
1941 3424 2144 3470 rectum
2176 3416 2420 3473 ordinem
2464 3435 2559 3489 pro
2605 3431 2901 3492 temporum
2934 3431 3138 3485 ratione
3177 3407 3567 3504 digereruitur.

250 3501 416 3568 Quod
452 3503 635 3574 procul
663 3502 828 3557 dubio
854 3511 1134 3557 curaturus
1159 3504 1344 3558 fuisset
1372 3504 1695 3574 Augustinus
1728 3506 1860 3573 ipse,
1888 3506 1932 3560 si
1959 3522 2140 3561 earnm
2171 3510 2540 3565 recensionem
2570 3528 2728 3583 quam
2760 3530 3089 3589 susceperat,
3120 3522 3167 3576 ci
3196 3501 3471 3582 absolvere
3496 3529 3568 3583 li-

253 3596 495 3650 cuisset.
526 3595 732 3666 Quippe
762 3595 815 3649 in
849 3594 1299 3650 Retraclationum
1326 3612 1541 3650 suarum
1572 3597 1831 3666 protentio
1851 3607 2036 3667 optare
2060 3614 2117 3654 se
2144 3608 2385 3667 testatur,
2416 3612 2470 3656 ut
2495 3619 2654 3673 opera
2682 3620 2776 3661 sua
2805 3623 2869 3661 co
2894 3624 3001 3680 quo
3020 3613 3217 3682 scripta
3238 3629 3359 3671 sunt
3382 3619 3572 3676 ordine

248 3687 635 3757 perlegantur,
668 3686 825 3756 eique
854 3687 927 3741 rei
955 3685 1199 3741 daturum
1231 3702 1290 3741 se
1319 3702 1559 3756 operam,
1588 3704 1695 3758 quo
1723 3687 1939 3743 demum
1970 3688 2267 3761 intelligant
2292 3693 2517 3748 lectores
2540 3698 2791 3764 quomodo
2814 3699 3076 3755 scribendo
3105 3706 3392 3774 profecerit.

321 3782 400 3833 At
430 3777 722 3849 quominus
753 3776 803 3830 id
840 3785 1168 3832 tentaremus
1199 3778 1603 3833 intercedebant
1630 3779 1858 3835 diversa:
1886 3794 2004 3846 res;
2048 3797 2239 3852 nempe
2270 3800 2397 3839 usus
2426 3788 2761 3858 superiorum
2793 3800 3091 3863 temporum
3111 3837 3126 3861 ,
3171 3812 3415 3869 receptus
3444 3803 3580 3859 ordo

242 3870 319 3927 ab
349 3871 523 3925 annis
548 3870 762 3925 circiter
784 3876 995 3924 centum
1023 3870 1373 3941 septuaginta,
1408 3872 1694 3928 citationes
1722 3873 1961 3939 usitata},
1994 3890 2127 3945 quas
2157 3878 2377 3943 violare,
2405 3888 2497 3933 aut
2519 3879 2736 3936 demum
2765 3896 3070 3953 pervertere
3100 3891 3247 3945 nefas
3273 3908 3392 3949 esse
3427 3896 3577 3951 vide-

245 3961 449 4029 batur,
495 3977 562 4017 ne
600 3961 821 4017 mutatio
846 3960 961 4016 haec
992 3962 1271 4031 plurimum
1302 3964 1496 4034 negotii
1525 3963 1779 4019 studiosis
1810 3964 2121 4022 facesseret.
2151 3968 2234 4023 Ad
2274 3971 2389 4026 haec
2414 3988 2521 4026 non
2560 3972 2704 4029 leves
2742 3974 3082 4035 diflicultates
3115 3983 3165 4034 in
3204 3987 3580 4044 constituendo

238 4056 635 4128 Epistularum
660 4057 866 4117 ordine.
897 4058 987 4127 qui
1016 4057 1262 4112 omnibus
1292 4057 1572 4127 probetur;
1602 4074 1723 4113 ctnn
1752 4058 1820 4114 de
1850 4061 2226 4117 nonnullarum
2256 4072 2414 4120 :etate
2459 4065 2729 4136 disputent
2766 4069 2979 4125 eruditi.
3015 4075 3187 4144 Atque
3216 4076 3331 4131 inec
3356 4081 3574 4147 potissi-

234 4169 402 4209 mum
432 4166 546 4208 nos
575 4153 711 4206 ratio
737 4152 1073 4215 morabatur;
1106 4156 1303 4224 quippe
1339 4153 1427 4222 qui
1461 4152 1511 4207 id
1544 4153 1808 4223 pra-cipue
1843 4154 1895 4208 in
1933 4155 2168 4210 animum
2203 4157 2529 4217 indusimus.
2576 4159 2678 4214 hoc
2712 4161 2765 4214 in
2803 4163 2984 4216 labore
3030 4176 3212 4219 nostro
3256 4182 3569 4231 neutrorum

234 4244 554 4304 sententiae
584 4252 788 4299 temere
829 4244 1095 4298 adversari
1127 4254 1218 4297 aut
1248 4246 1442 4299 lavere.
1482 4244 1608 4299 lla-c
1636 4262 1761 4316 ergo
1794 4257 2061 4302 momenta
2087 4264 2117 4301 a
2144 4249 2399 4303 mutando
2427 4250 2788 4319 Epistolarum
2825 4254 3015 4310 ordine
3057 4272 3156 4311 nos
3195 4260 3572 4336 deterrebant,

234 4358 347 4401 nec
376 4339 558 4397 facile
586 4337 637 4394 id
662 4353 694 4393 a
723 4338 878 4394 nobis
902 4348 1088 4394 contra
1115 4338 1423 4408 superiores
1454 4337 1718 4392 editiones
1742 4340 2140 4409 suscipiendum
2170 4341 2471 4398 videbatur.

320 4436 411 4491 Ex
443 4432 687 4488 adverso
715 4440 892 4487 tamen
919 4430 1063 4486 aliud
1089 4430 1383 4486 suadebant
1409 4447 1513 4485 nun
1542 4440 1745 4486 tantum
1778 4432 1923 4487 varia
1953 4432 2285 4488 eruditorum
2314 4436 2555 4508 exempla
2587 4437 2639 4491 in
2670 4435 2924 4508 Epistolis
2954 4441 3009 4496 S.
3033 4444 3316 4515 Cypriani,
3348 4448 3404 4505 S.
3432 4451 3574 4509 Leo-

233 4530 353 4595 nis,
404 4524 668 4592 etc.,sed
695 4525 855 4580 etiam
886 4526 1121 4577 virorum
1151 4539 1255 4578 non
1300 4524 1474 4577 minus
1500 4523 1719 4578 scientia
1750 4538 1909 4594 quam
1953 4524 2207 4594 dignitate
2248 4526 2611 4595 prmstantium
2649 4531 2973 4597 auctoritas,
3014 4534 3105 4603 qui
3151 4540 3443 4603 posteritati
3472 4542 3574 4598 hac

231 4637 388 4681 nova
421 4617 676 4675 editione
706 4617 1008 4671 consultmn
1036 4615 1305 4671 volebant.
1346 4614 1438 4670 His
1477 4616 1696 4670 omnino
1734 4615 1993 4685 exemplis
2029 4627 2083 4671 et
2119 4617 2522 4673 auctoritatibus
2556 4618 2804 4686 adducti,
2845 4622 3055 4678 tandem
3083 4631 3483 4695 consensimus,
3518 4643 3578 4689 ut

228 4710 559 4786 Augustini
603 4707 853 4779 Epistolas
880 4707 948 4762 ad
975 4723 1235 4762 annorum
1263 4706 1494 4773 seriem,
1526 4706 1700 4778 quoad
1734 4707 1846 4761 fieri
1877 4715 2084 4778 posset,
2119 4718 2419 4763 accuratam
2446 4725 2839 4767 revocaretnus.
2885 4713 2949 4767 Et
2986 4730 3054 4769 ne
3092 4715 3193 4770 levi
3235 4720 3583 4778 fundamento

231 4808 391 4864 hanc
424 4802 643 4859 seriem
680 4800 991 4873 designasse
1021 4800 1314 4866 videamur,
1358 4815 1462 4855 non
1497 4799 1660 4855 modo
1703 4799 1929 4865 nostris,
1978 4798 2071 4855 Sed
2099 4800 2259 4855 etiam
2298 4800 2485 4855 alienis
2524 4817 2642 4856 eam
2683 4802 2872 4858 studiis
2901 4816 2955 4858 et
2989 4808 3223 4862 consiliis
3250 4808 3573 4882 investigare

227 4900 591 4972 attigimus.
621 4892 932 4949 Nostrarum
960 4891 1096 4947 lianc
1134 4892 1186 4945 in
1230 4906 1340 4945 rem
1378 4899 1647 4945 momenta
1676 4890 1968 4956 rationum,
2004 4888 2196 4959 quibus
2233 4890 2476 4946 ordinem
2506 4907 2537 4946 a
2576 4891 2729 4947 nobis
2753 4895 3095 4949 constitutum
3130 4902 3582 4971 eomprubamus,

229 4990 414 5062 paulo
469 4982 703 5040 inferius
744 4983 1076 5055 subjicienda
1115 4991 1267 5048 sunt,
1300 4990 1580 5052 postquam
1613 4981 1866 5036 nonnulla
1909 4980 2052 5036 circa
2103 4996 2292 5037 novam
2340 4982 2477 5038 hanc
2507 4983 2863 5055 Epistolarum
2907 4988 3193 5045 editionem
3235 4992 3322 5047 hic
3366 4996 3586 5065 praemi-

226 5082 532 5141 Ierimus.
1924 5142 1929 5147 ἢ

308 5167 626 5237 Principio
655 5166 1018 5236 Epistolarum
1059 5165 1435 5237 clironologico
1469 5164 1657 5223 ordine
1697 5164 2011 5230 constituto,
2045 5179 2138 5219 eas
2165 5165 2217 5219 in
2248 5174 2475 5237 quatuor
2516 5168 2715 5225 classes
2741 5170 3113 5237 distinximus,
3156 5188 3380 5244 quarum
3412 5180 3583 5248 prima

228 5265 361 5322 illas
396 5259 651 5319 exhibet
678 5276 813 5331 quas
839 5261 1165 5333 Augustinus
1186 5260 1419 5317 nondum
1439 5260 1725 5330 episcopus
1751 5257 1981 5327 scripsit.
2012 5259 2125 5326 Qua
2157 5258 2207 5311 in
2232 5273 2295 5313 re
2321 5261 2670 5329 Augustinum
2696 5264 2865 5331 ipsum
2893 5265 3060 5319 secuti
3082 5276 3352 5322 auctorem
3374 5283 3582 5335 smnus,

228 5359 327 5430 qui
363 5359 430 5415 in
458 5354 941 5411 Retractatiunum
974 5355 1149 5425 priore
1202 5354 1337 5409 libro
1375 5369 1438 5410 ea
1483 5354 1738 5408 duntaxat
1776 5351 2042 5407 recensuit
2085 5352 2337 5422 opuscula
2364 5368 2482 5422 quae
2526 5365 2809 5425 antequam
2841 5358 2991 5412 fieret
3019 5359 3298 5426 cpiscopus
3329 5359 3378 5411 in
3411 5359 3585 5416 lucem

226 5450 601 5525 protulerat.
637 5445 694 5501 in
729 5448 959 5503 secunda
984 5450 1156 5504 classe
1180 5456 1633 5519 reprzesentantnr
1662 5444 1915 5517 Epistulae
1940 5458 2073 5515 quas
2101 5445 2168 5501 ab
2203 5445 2332 5499 inito
2361 5447 2668 5516 episcopatu
2695 5447 2761 5502 ad
2786 5449 3123 5503 collationem
3149 5466 3265 5502 enin
3298 5450 3588 5510 Donatistis

223 5544 613 5615 Carthagine
636 5541 873 5598 habitam
900 5551 955 5598 et
977 5543 1273 5613 Pelagianze
1300 5542 1570 5597 haereseos
1601 5542 1655 5595 in
1677 5539 1909 5594 Africam
1937 5538 2291 5593 invectionem
2315 5537 2495 5593 edidit.
2525 5539 2581 5593 In
2607 5538 2691 5594 his
2718 5541 2861 5595 enim
2883 5542 3090 5595 duobus
3114 5540 3225 5594 sive
3255 5546 3584 5615 relegendis,

220 5653 330 5700 seu
368 5635 747 5707 extirpandis
771 5637 1044 5692 erroribus
1065 5645 1345 5692 versantur
1365 5644 1425 5689 ut
1445 5633 1728 5704 plurimum
1759 5631 1840 5687 lue
1870 5632 2082 5696 littcr.e,
2105 5646 2223 5701 qua:
2242 5646 2427 5686 eorum
2452 5631 2621 5698 initia,
2653 5646 2984 5701 progressus,
3011 5639 3169 5699 atque
3192 5631 3587 5695 dattntttlinncu:

223 5740 533 5792 neutrale
560 5727 894 5785 describunt.
927 5728 1110 5784 Tertia
1144 5729 1508 5799 Epistolarum
1536 5728 1725 5783 classis
1752 5742 1842 5782 cas
1872 5724 2243 5796 complectitur
2267 5739 2400 5794 quas
2429 5722 2497 5777 ab
2527 5738 2591 5775 eo
2624 5734 2858 5792 tempore
2885 5721 2939 5776 S.
2969 5724 3159 5775 Doctor
3188 5724 3252 5775 ad
3284 5724 3400 5777 vine
3428 5728 3589 5783 linem

218 5826 546 5890 natavit,
576 5822 774 5893 quibus
801 5823 1003 5879 scilicet
1026 5832 1169 5877 certa
1200 5821 1402 5891 epoclta
1439 5830 1610 5891 potest
1638 5819 1916 5891 assignari.
1949 5816 2006 5873 In
2034 5827 2276 5889 quartam
2306 5817 2520 5871 demum
2552 5814 2776 5867 classem
2814 5812 3045 5881 reliquas
3076 5815 3348 5882 Augtt‘slini
3387 5815 3587 5873 litteras

212 5922 617 5996 “desimus,
650 5931 786 5989 quas
809 5915 1023 5987 quidem
1046 5913 1261 5985 scripsit
1284 5916 1593 5987 episcopus,
1626 5913 1771 5970 nulla
1801 5921 1980 5971 tamen
2003 5911 2107 5967 alia
2135 5909 2348 5981 pra-lixa
2370 5905 2623 5981 temporis
2646 5902 3270 5957 autcircumstaatiarum
3294 5912 3433 5965 nota,
3458 5920 3580 5978 qua:

772 6009 999 6074 SANCT.
1036 6010 1318 6079 Anausr.
1361 6006 1440 6071 ll.
1546 6047 1557 6057 .
1999 6092 2057 6099 η
3055 5995 3285 6071 ,"f’neJ
