4054 6302
407 392 472 449 Η
1840 392 2008 453 PRJE

2083 392 2226 454 me.
3612 414 3684 475 η

403 517 609 562 certum
640 515 852 575 tempus
880 521 987 575 prie
1014 521 1071 561 se
1101 507 1252 598 lerat.
1284 508 1362 563 Ex
1404 508 1504 563 hac
1544 524 1702 580 porro
1726 510 2086 581 quadruplicis
2111 513 2297 567 classis
2327 512 2667 572 distinctione
2708 517 2761 573 id
2788 522 3052 590 commodi
3078 524 3317 593 eveniet,
3355 529 3495 598 quod
3526 542 3682 590 antea

401 598 850 662 observabamus,
899 607 955 651 ιιι
1000 597 1460 655 studiosusiccla'
1504 613 1563 656 ea
1589 608 1712 671 (ua:
1730 600 1807 655 id
1840 600 2002 656 innaret

2112 602 2501 685 Donatistarum
2545 616 2600 663 nt
2630 606 3037 681 Pelagianorum
3081 615 3378 685 pertinent,
3424 636 3533 676 uno
3572 624 3680 679 fere

401 699 689 759 conspectu
714 704 776 743 ac
806 698 989 743 tenore
1012 691 1284 759 percipiat.
1710 691 1717 696 ’
2800 686 2803 691 ’

476 780 673 836 Deinde
704 780 998 835 monendus
1019 791 1101 836 est
1129 782 1298 837 lector
1322 782 1606 837 nonnullos
1633 792 1911 849 tractatus,
1938 785 2027 856 qui
2053 784 2309 841 hactenus
2340 786 2391 840 in
2424 787 2778 857 Epistolarum
2804 790 3043 848 ordinem
3069 794 3218 848 relati
3248 808 3390 859 sunt.
3420 799 3539 854 loco
3566 818 3678 857 mo-

399 883 485 929 tos
511 889 541 927 a
568 874 725 929 nobis
750 889 856 927 non
881 874 1063 939 fuisse,
1106 874 1311 928 tametsi
1344 875 1393 927 id
1428 889 1530 927 non
1566 874 1697 929 levis
1723 875 1979 957 monenti
1999 877 2239 932 rationes
2264 876 2486 932 suadere
2526 878 2855 933 videbantur.
2888 880 2942 935 in
2968 898 3032 936 eo
3061 898 3254 953 genere
3286 896 3369 942 est
3412 889 3677 957 publicum

399 966 528 1025 illud
567 966 975 1021 instrumentum
995 1008 1011 1032 ,
1044 982 1149 1036 quo
1180 965 1442 1020 Eraclium
1473 966 1702 1019 futurum
1750 967 1847 1021 sibi
1877 983 2241 1022 successorem
2268 968 2512 1039 designat
2538 971 2888 1039 Augustinus,
2934 982 3125 1040 praztcr
3165 976 3365 1046 aliquot
3394 981 3677 1047 prolixiora

397 1058 687 1129 opuscula,
720 1074 840 1128 qua:
868 1058 936 1111 ab
963 1058 1076 1128 ipso
1124 1058 1174 1111 in
1208 1056 1691 1111 Retractationibus
1733 1068 2018 1111 censentur
2047 1059 2187 1112 inter
2212 1058 2392 1111 libros.
2438 1058 2491 1112 id
2520 1075 2644 1112 vero
2673 1075 2703 1113 a
2740 1061 2890 1114 nobis
2921 1064 3211 1130 praestitum
3246 1066 3380 1121 haud
3412 1068 3538 1132 fuit,
3570 1088 3677 1140 quo

392 1153 480 1207 vel
509 1153 588 1206 sic
618 1152 871 1205 lectorum
901 1149 1204 1213 commodo,
1233 1160 1488 1220 quantum
1532 1150 1607 1202 las
1631 1156 1802 1210 esset,
1834 1148 2223 1201 consuleretur.
2260 1148 2453 1202 Verum
2487 1149 2614 1202 nihil
2642 1151 2995 1206 cunctandum
3039 1156 3367 1223 censuimus,
3400 1161 3523 1229 quin
3554 1161 3675 1229 reji-

396 1255 614 1300 cerctur
639 1243 688 1295 in
711 1240 1070 1313 Appendicem
1106 1241 1313 1310 vulgata
1348 1240 1433 1294 illa
1464 1240 1750 1294 Altcreatio
1776 1255 1895 1293 cum
1925 1238 2201 1293 Pasceutio
2221 1282 2233 1304 ,
2263 1254 2379 1309 qua:
2409 1255 2638 1293 eLxxvm
2670 1239 3043 1293 numerabatur
3070 1244 3205 1298 inter
3237 1250 3509 1318 Augustini
3551 1251 3675 1321 Epi-

392 1333 581 1391 stolas.
611 1332 758 1387 llanc
786 1330 927 1386 enim
953 1332 1342 1403 supposititiam
1371 1346 1492 1387 esse
1531 1329 1824 1386 manifestis
1847 1340 2056 1385 constat
2090 1330 2447 1401 argumentis,
2475 1346 2592 1400 qua:
2622 1330 2675 1383 in
2708 1330 3085 1386 Admonitione
3131 1332 3302 1387 eidem
3334 1338 3671 1397 Altercationi

394 1425 619 1496 prtcﬁxa
651 1421 947 1478 retulimus.

466 1514 735 1571 Prteterea
764 1528 878 1569 rem
912 1523 1112 1585 gratam
1143 1514 1430 1583 utilemque
1454 1512 1702 1567 studiosis
1729 1512 1959 1569 facturos
1992 1529 2088 1568 nos
2126 1514 2363 1568 arbitrati
2392 1530 2606 1580 sumus,
2639 1514 2685 1570 si
2730 1514 2985 1584 quasdam
3013 1514 3115 1571 bue
3145 1532 3514 1577 revocaremus
3543 1524 3671 1594 Epi-

397 1606 591 1672 stolas,
624 1619 729 1659 non
757 1605 927 1659 solum
955 1619 1086 1674 quas
1114 1606 1439 1675 Augustinus
1467 1609 1681 1660 nomine
1710 1621 1808 1660 suo
1848 1607 1987 1659 misit
2018 1605 2084 1660 ad
2112 1607 2264 1669 alios,
2298 1607 2390 1660 sed
2421 1623 2485 1661 ex
2518 1607 2619 1660 illis
2655 1607 2815 1661 etiam
2841 1626 2958 1677 qua:
2984 1608 3049 1663 ad
3081 1610 3249 1680 ipsum
3276 1629 3301 1664 a
3332 1613 3512 1669 multis
3540 1629 3662 1673 sunt

396 1695 633 1751 directae.
660 1692 749 1749 Sic
781 1690 989 1749 Timasii
1013 1704 1057 1747 et
1080 1693 1281 1761 Jacobi,
1312 1695 1387 1749 sic
1417 1694 1632 1749 Honorii
1658 1706 1704 1750 et
1733 1693 1999 1751 Theodosii
2028 1696 2417 1765 Imperatorum,
2450 1696 2805 1764 Quodvultdei,
2833 1698 3098 1769 Prosperi,
3136 1701 3326 1758 Hilarii
3344 1717 3500 1777 atque
3526 1711 3669 1764 Ano-

392 1788 535 1859 nymi
557 1786 623 1841 ad
650 1787 999 1857 Augustinum
1027 1786 1228 1841 litteras
1252 1805 1265 1839 :
1296 1788 1371 1841 sic
1398 1792 1451 1841 ct
1479 1787 1545 1840 ab
1570 1789 1689 1856 ipso
1716 1788 1866 1843 datas
1894 1790 1960 1842 ad
1994 1788 2255 1859 Pelagium
2280 1831 2294 1853 ,
2326 1791 2394 1843 ad
2425 1790 2809 1859 Simplicianum
2841 1792 2907 1846 de
2936 1808 3096 1863 Opere
3120 1794 3217 1865 ipsi
3246 1797 3439 1865 dicato,
3470 1804 3536 1854 ad
3565 1803 3667 1857 Au-

395 1880 606 1946 relium,
646 1879 713 1930 ad
753 1876 1037 1944 Valerium,
1069 1878 1137 1931 ad
1166 1876 1434 1932 Claudium
1454 1919 1467 1943 ,
1498 1880 1567 1931 ad
1596 1878 1999 1943 Quodvultdeum
2027 1896 2187 1949 super
2224 1879 2370 1933 libris
2401 1896 2586 1934 eorum
2623 1882 2834 1936 nomine
2872 1885 3190 1953 nuncupatis
3209 1928 3223 1950 ,
3266 1902 3383 1956 quzc
3410 1888 3493 1943 hic
3520 1902 3669 1948 antea

394 1971 850 2036 desiderabantur,
883 1983 979 2024 suo
1020 1970 1327 2025 inserendas
1366 1970 1485 2024 loco
1525 1971 1865 2024 curavimus:
1896 1972 1971 2023 uti
1996 1980 2051 2026 et
2085 1970 2466 2025 catholicorum
2509 1971 2877 2041 episcoporqu
2914 1974 3168 2042 rescripta
3213 1977 3279 2029 ad
3320 1975 3669 2035 Marcellinum

394 2064 987 2128 tribunum,occasione
1014 2062 1310 2117 collationis
1336 2061 1786 2132 Cartliag'rnensis,
1832 2078 2036 2117 necnon
2066 2062 2355 2131 Epistolam
2383 2062 2451 2114 ad
2480 2060 2759 2115 Proculum
2801 2072 2846 2117 et
2880 2062 3167 2133 Cylinnium
3203 2064 3504 2122 Gallicanos
3528 2073 3667 2125 anti-

392 2158 544 2215 stites
580 2152 797 2225 Leporii
830 2166 987 2208 causa
1026 2154 1427 2208 transmissamz
1456 2167 1574 2222 qua:
1614 2154 1861 2206 nimirum
1890 2154 2085 2221 scripta
2114 2167 2216 2205 non
2259 2152 2433 2207 minus
2461 2166 2557 2221 pro
2586 2153 2726 2207 veris
2764 2167 2826 2207 ac
2866 2155 3132 2223 germanis
3161 2155 3437 2225 Augustini
3468 2156 3667 2216 fetibus

396 2246 637 2303 habenda
666 2253 808 2310 sunt,
836 2260 993 2315 quam
1022 2244 1272 2312 Epistolas
1312 2245 1414 2297 ilhc
1439 2243 1870 2313 Cartltaginensis
1895 2260 1956 2298 ac
1990 2243 2302 2299 Milevitana:
2328 2244 2516 2317 synodi
2543 2247 2758 2301 nomine
2792 2245 2860 2298 ad
2887 2245 3237 2301 Innocentium
3263 2249 3477 2306 directa:
3496 2294 3512 2318 ,
3538 2258 3667 2323 quas

394 2340 468 2395 uti
492 2354 524 2394 a
542 2336 601 2393 S.
632 2338 858 2391 Doctore
883 2336 1105 2389 dictatas
1125 2350 1244 2389 cum
1273 2336 1391 2389 aliis
1419 2335 1531 2404 ejus
1552 2332 1806 2404 “Epistolis
1834 2331 2020 2390 omnes
2049 2337 2329 2407 recipiunt.

464 2430 586 2488 Hoc
612 2446 742 2487 vero
768 2432 927 2486 etiam
944 2428 1273 2483 revocandus
1301 2438 1415 2483 erat
1441 2429 1719 2483 'l'ractatus
1743 2430 1806 2482 de
1831 2430 1957 2483 bono
1995 2427 2280 2495 Viduitatis,
2311 2430 2410 2484 nisi
2439 2429 2491 2484 id
2526 2428 2885 2499 prohibuisset
2911 2436 3037 2485 us‘us
3062 2430 3374 2501 jampridem
3397 2444 3661 2504 receptus,

393 2528 483 2601 qui
511 2524 651 2580 Libri
676 2526 884 2580 titulum
911 2527 958 2581 ei
983 2528 1237 2595 assignat,
1264 2527 1472 2581 tametsi
1501 2542 1622 2579 vera
1650 2527 1719 2580 sit
1746 2525 2022 2596 Augustini
2053 2526 2122 2578 ad
2147 2524 2408 2579 Julianam
2438 2523 2673 2595 Epistula
2696 2567 2710 2587 ,
2751 2540 2919 2595 eoque
2949 2526 3161 2579 nomine
3184 2526 3323 2580 nulla
3356 2528 3471 2596 ejus
3501 2545 3659 2598 pecu-

404 2620 553 2676 liaris
574 2622 774 2676 mentio
803 2622 853 2674 in
881 2620 1333 2676 Retractationum
1366 2619 1518 2675 libris
1546 2619 1819 2674 habeatur.
1862 2616 2112 2687 Ejusdem
2135 2618 2452 2672 conditionis
2477 2626 2559 2671 est
2582 2632 2642 2670 ca
2666 2616 2903 2687 Epistola
2928 2632 3083 2686 quam
3113 2617 3168 2672 S.
3203 2617 3395 2671 Doctor
3417 2618 3657 2673 ﬁdelibus

395 2715 467 2769 ad
493 2730 599 2769 sua:
624 2713 1012 2783 dispensationis
1040 2730 1215 2767 curam
1245 2712 1600 2783 pertinentibus
1627 2712 1837 2782 scripsit
1863 2721 2048 2769 contra
2078 2709 2423 2777 Petilianum,
2452 2726 2569 2779 qua:
2604 2711 2670 2764 ab
2688 2710 2963 2779 Augustini
2996 2718 3230 2780 tempore
3254 2752 3268 2776 ,
3301 2712 3452 2766 sicuti
3485 2713 3534 2765 in
3564 2713 3656 2767 lib.

399 2805 436 2861 2
463 2805 940 2867 Retractatiouum,
972 2818 1022 2858 c.
1052 2804 1142 2869 25,
1171 2812 1412 2866 testatur,
1432 2803 1623 2871 prioris
1649 2803 1901 2856 adversus
1930 2800 2165 2870 ejusdem
2193 2801 2425 2855 ltzcretici
2450 2799 2677 2855 Litteras
2709 2801 2829 2854 libri
2862 2801 3033 2855 locum
3060 2802 3303 2855 obtinuit.
3344 2802 3663 2859 Occurrebat

404 2905 662 2966 prieterca
702 2890 983 2949 Secundini
1016 2891 1288 2947 ‘Manichwi
1334 2892 1399 2946 ad
1428 2894 1777 2963 Augustinum
1810 2890 2088 2960 Epistola,
2132 2907 2249 2959 quae
2294 2902 2350 2945 ut
2398 2890 2527 2944 nihil
2571 2891 2804 2945 continuet
2848 2892 3214 2947 observatione
3263 2893 3475 2963 dignmn
3522 2895 3660 2966 quod

406 2985 739 3041 eruditorum
770 2984 939 3038 oculis
961 2984 1150 3037 merito
1171 2984 1498 3051 subjiciatur,
1531 2984 1710 3037 relicta
1740 2991 1821 3037 est
1843 2983 1893 3035 in
1916 2991 2066 3035 sexto
2092 2982 2592 3051 Augustinianorum
2616 2997 2837 3051 eperum
2868 2993 3031 3051 tomo,
3064 2985 3129 3039 ob
3153 2982 3205 3039 id
3232 2986 3400 3040 solum
3421 2986 3660 3058 legenda,

404 3086 464 3134 ut
490 3092 551 3131 ea
572 3074 783 3146 plenius
802 3075 1165 3144 intelligantur
1193 3088 1311 3143 qua:
1342 3072 1448 3127 illic
1472 3074 1725 3127 adversus
1748 3074 2031 3127 Secundini
2058 3089 2267 3128 errores
2289 3074 2520 3143 diSputat
2544 3076 2886 3142 Augustinus.

476 3167 657 3237 Neque
692 3181 820 3220 vero
863 3164 1031 3220 editas
1072 3163 1327 3219 duntaxat
1370 3163 1635 3233 Epistolas
1682 3164 2016 3225 recudimus;
2058 3163 2151 3218 sed
2194 3179 2358 3219 novas
2403 3164 2602 3234 aliquot
2642 3165 2796 3233 primi
2846 3164 3030 3223 damus
3070 3165 3121 3220 in
3160 3165 3331 3221 lucem
3361 3186 3374 3220 :
3402 3168 3453 3223 in
3478 3169 3663 3239 quibus

407 3260 637 3318 occurrit
676 3258 950 3328 Augustini
983 3265 1093 3310 tum
1137 3256 1431 3326 presbyteri
1476 3255 1697 3325 insignis
1735 3254 1801 3308 ad
1842 3255 2086 3325 Alypium
2131 3258 2434 3326 episcopum
2472 3254 2886 3325 Tbagastensem
2917 3255 3150 3327 Epistola
3175 3302 3190 3321 ,
3222 3258 3369 3327 cujus
3414 3277 3663 3333 perquam

399 3351 668 3424 egregium
695 3357 778 3403 est
817 3356 1205 3417 argumentum.
1245 3344 1360 3400 Jam
1397 3345 1597 3415 pridem
1630 3344 2049 3399 Christianorum
2088 3346 2330 3398 convivia
2359 3345 2900 3415 chnpotationesque
2928 3348 2978 3400 in
3005 3349 3235 3405 basilicis
3273 3351 3426 3403 natali
3458 3362 3664 3407 sancto-

400 3459 520 3500 rum
548 3440 635 3495 die
670 3439 792 3493 lteri
833 3438 1019 3492 solitas
1041 3453 1069 3490 c
1106 3436 1288 3491 medio
1320 3435 1519 3490 tollere
1553 3436 1825 3504 satagebat
1863 3433 2204 3504 Augustinus.
2258 3434 2387 3505 Ejus
2420 3436 2566 3491 hanc
2608 3438 2660 3491 in
2699 3453 2807 3491 rem
2840 3437 2999 3491 verba
3026 3448 3147 3493 sunt
3177 3441 3227 3494 in
3258 3441 3421 3511 Epist.
3460 3457 3569 3497 χχιι
3598 3443 3663 3499 ad

400 3532 708 3595 Aurelium,
728 3540 792 3584 ‘n.
814 3528 858 3582 ὅ
886 3544 899 3580 :
931 3527 1269 3597 Auferendum
1294 3536 1364 3581 est
1396 3528 1591 3581 malum
1629 3543 1731 3579 non
1756 3541 1933 3595 aspere
1956 3567 1970 3589 ,
2000 3527 2088 3581 sed
2109 3527 2236 3579 sicut
2258 3529 2497 3599 scripturn
2524 3539 2615 3591 est,
2646 3530 2695 3582 in
2716 3528 2897 3597 spiritu
2933 3531 3148 3585 lenitatis
3174 3542 3217 3583 et
3248 3534 3660 3589 mansuetudinis.

404 3625 527 3685 Non
556 3624 777 3690 duriter,
798 3638 907 3675 non
929 3621 1076 3674 modo
1101 3622 1366 3692 imperiosa
1393 3621 1488 3674 ista
1517 3618 1760 3673 tolluntur
1776 3635 1796 3684 ;
1821 3619 1982 3692 magis
2008 3620 2252 3673 monendo
2283 3638 2432 3689 quant
2453 3621 2709 3675 minando.
2744 3622 2831 3677 Sic
2852 3624 2984 3676 enim
3012 3626 3260 3695 agendum
3291 3635 3362 3679 est
3390 3617 3511 3679 cunt
3537 3628 3667 3683 mul-

395 3720 614 3778 titudine
638 3718 966 3791 peccantium.
1002 3714 1195 3771 Narrat
1219 3730 1347 3786 ergo
1382 3714 1467 3768 hic
1500 3713 1945 3785 quemadmodum
1976 3729 2069 3783 per
2098 3722 2205 3768 tres
2232 3714 2365 3777 dies,
2406 3715 2818 3784 nominatimque
2846 3715 2898 3771 in
2924 3716 3125 3770 Leontii
3155 3719 3312 3771 natali
3344 3720 3448 3785 die,
3479 3730 3662 3773 aucto-

396 3813 639 3869 ritatibus
663 3827 730 3868 ex
756 3810 928 3865 divina
960 3808 1229 3879 Scriptura
1256 3808 1465 3877 petitis,
1500 3817 1606 3860 tum
1648 3807 1894 3877 precibus
1914 3848 1929 3873 ,
1964 3803 2183 3862 ﬂetibus
2207 3823 2268 3861 ac
2300 3807 2547 3878 lacrymis
2576 3808 2713 3877 apud
2744 3809 3031 3863 solemnem
3073 3811 3381 3867 concionem
3412 3814 3656 3880 instabat,

398 3907 622 3963 {tedam
654 3904 831 3957 bmcce
870 3903 1196 3955 consuetudo
1226 3902 1292 3955 ab
1324 3900 1559 3955 Ecclesia
1606 3900 1968 3955 eliminarctur
1997 3918 2010 3954 :
2038 3916 2157 3971 qua:
2204 3901 2289 3955 ubi
2340 3916 2625 3971 paucorum
2680 3919 2892 3957 movere
2940 3906 3144 3959 animos
3191 3905 3490 3972 intellexit,
3532 3907 3664 3971 mox

401 3997 608 4055 acriore
635 3992 811 4049 studio
834 3992 933 4048 alia
959 4003 1118 4062 atque
1147 3993 1249 4047 alia
1272 3991 1494 4063 subjecit
1522 3991 1851 4046 hortamenta
1870 4031 1888 4058 ,
1929 3999 1984 4045 et
2009 3990 2258 4062 imperata
2285 3993 2509 4046 oratione
2541 3994 2744 4056 piorum
2783 3978 3029 4062 sullragia
3060 3994 3296 4049 adhibuit
3319 4014 3333 4058 ;
3368 3998 3442 4050 sic
3474 4003 3531 4067 ut
3559 4000 3665 4049 Dm

400 4088 633 4144 donante
666 4082 878 4139 tandem
909 4098 937 4137 a
962 4082 1445 4154 compotationibus
1484 4083 1600 4139 isds
1641 4092 1902 4137 cessatum
1948 4083 2126 4139 fuerit.
2179 4084 2322 4139 Inter
2364 4085 2463 4138 alia
2512 4100 2636 4138 vero
2678 4100 2794 4156 qua:
2832 4085 2917 4141 hic
2959 4088 3256 4140 referuntur
3298 4089 3665 4145 ecclesiastica:

402 4178 1064 4248 disciplintemonumenta
1090 4215 1104 4240 ,
1149 4176 1366 4229 notandi
1393 4175 1523 4229 ritus
1555 4176 1606 4229 in
1632 4185 1935 4231 sanctorum
1972 4176 2398 4231 solemnitatibus
2440 4186 2550 4231 tum
2595 4177 2862 4247 usurpati,
2907 4193 3096 4245 nempe
3142 4194 3318 4231 sermo
3358 4179 3564 4255 habitus
3593 4179 3661 4235 ad

398 4278 685 4349 populum;
715 4291 881 4331 sacra:
912 4276 1165 4330 lectiones
1189 4286 1243 4330 et
1267 4275 1595 4331 Psalmorum
1621 4274 1913 4330 modulatio
1943 4275 2161 4329 alternis
2201 4272 2403 4326 vicibus
2430 4271 2665 4340 repetitae
2689 4288 2704 4336 ;
2735 4280 2850 4323 acta
2882 4268 3170 4342 Vespertina
3200 4288 3369 4343 sacra,
3395 4290 3509 4345 quin
3530 4280 3655 4344 quo-

400 4370 526 4427 tidie
550 4369 807 4427 celebrari
838 4367 1090 4423 solerent.

470 4460 743 4519 Prodeunt
782 4460 941 4517 simul
983 4475 1014 4514 e
1048 4459 1279 4514 tenebris
1313 4457 1428 4512 alia:
1461 4458 1578 4513 dua:
1600 4499 1616 4524 ,
1666 4459 1856 4529 quibus
1894 4472 2148 4514 numerus
2172 4455 2532 4526 Epistolarum
2570 4453 2845 4524 Augustini
2890 4452 2958 4507 ad
2995 4452 3269 4508 Paulinum
3296 4456 3577 4512 Noleoscm
3608 4458 3663 4513 in

401 4552 629 4612 Possidii
656 4552 830 4608 indice
859 4562 1144 4608 annotatus
1170 4552 1503 4622 completur;
1547 4551 1815 4605 breviores
1854 4549 2064 4620 quidem
2098 4548 2234 4615 illae,
2277 4547 2371 4604 sed
2401 4548 2705 4603 christiamc
2746 4541 2951 4614 pictatis
2980 4562 3041 4600 ac
3083 4547 3462 4602 benevolentize
3498 4564 3663 4623 sensu

396 4642 741 4716 plenissimaa.
790 4640 884 4696 His
923 4642 1126 4705 Paulini
1171 4642 1372 4697 litteras
1401 4652 1451 4695 et
1479 4642 1790 4711 opusculum
1823 4648 2006 4695 contra
2032 4639 2305 4712 Paganos,
2334 4639 2472 4710 quod
2498 4640 2565 4694 ab
2591 4639 2705 4709 ipso
2744 4637 3004 4692 ciaborari
3029 4636 3285 4695 didicerat
3312 4629 3656 4715 Augustinus,

399 4732 786 4788 ardentissimis
813 4732 950 4786 votis
969 4739 1223 4801 expetere
1252 4745 1310 4784 se
1328 4738 1671 4785 contestatur.
2684 4734 2687 4735 ⁷

474 4824 734 4880 Prolixior
760 4823 1121 4894 insigniorque
1147 4833 1232 4878 est
1259 4822 1324 4876 ad
1353 4823 1700 4876 Mercatorem
1730 4822 1985 4892 Epistola,
2019 4838 2083 4877 ex
2110 4822 2263 4875 tertia
2295 4831 2443 4892 parte
2468 4821 2595 4876 olim
2628 4822 2860 4877 exhibita
2887 4822 2937 4876 in
2964 4821 3056 4876 lib.
3087 4821 3152 4876 ad
3182 4820 3483 4895 Dulcitium,
3518 4808 3660 4882 nunc

399 4922 577 4969 autem
610 4915 832 4983 primum
860 4928 925 4969 ex
969 4915 1175 4984 integro
1201 4914 1322 4967 data
1355 4931 1367 4967 :
1393 4929 1507 4981 qua:
1538 4922 1594 4966 ut
1618 4928 1833 4980 peracre
1858 4911 2169 4966 Mercatoris
2198 4913 2458 4981 ingenium
2487 4954 2501 4976 ,
2547 4915 2615 4966 ita
2662 4912 2982 4981 singularem
3028 4914 3339 4968 modestiam
3381 4912 3659 4987 Augustini

394 5002 575 5075 prodit
595 5043 612 5069 ,
638 5000 725 5073 qui
755 5015 1159 5059 succensentem
1189 5002 1332 5073 quod
1353 5003 1452 5055 sibi
1483 5018 1588 5056 non
1614 5001 2004 5073 rescripsisset,
2038 5002 2229 5070 accipit
2252 5003 2663 5072 gratantissime.
2693 5001 2965 5056 Notandus
2997 5003 3047 5057 in
3077 5018 3138 5057 ea
3167 5008 3648 5065 controversiarum

398 5098 541 5155 inter
568 5098 867 5153 Catholicos
911 5111 963 5153 et
1003 5098 1313 5167 Pelagianos
1353 5106 1517 5151 status
1541 5137 1554 5159 ,
1603 5095 1740 5165 quod
1783 5096 1847 5149 ad
1889 5096 2232 5165 qtuestioncm
2261 5095 2326 5149 de
2354 5094 2625 5164 Baptismo
2666 5094 3003 5164 parvulorum
3039 5111 3101 5150 ac
3140 5095 3206 5150 de
3237 5080 3406 5153 morte
3445 5109 3660 5168 peccato

399 5192 652 5247 retributa
683 5192 940 5261 pertinet,
976 5188 1175 5258 liquido
1202 5190 1513 5259 explicatus.
1543 5186 1781 5243 Not::nda
1808 5188 1987 5241 itidem
2018 5189 2218 5259 epocba
2260 5188 2573 5242 Litterarum
2602 5188 2880 5258 Augustini
2908 5187 2974 5243 ad
3003 5188 3203 5242 Sixtum
3236 5199 3288 5244 et
3322 5191 3383 5243 ad
3414 5190 3659 5247 Cadusii-

394 5300 523 5339 num
554 5286 837 5341 diaconum
870 5282 953 5335 hic
979 5283 1214 5336 delinita.
1247 5282 1349 5336 Sed
1380 5281 1505 5335 illud
1534 5282 1584 5335 in
1609 5282 1789 5351 primis
1817 5280 2184 5334 observatione
2204 5280 2421 5349 dignum
2450 5286 2549 5342 est,
2582 5274 2720 5350 quod
2746 5296 2808 5334 ex
2841 5280 3024 5334 eadem
3051 5280 3270 5349 epistola
3295 5282 3655 5352 intelligimus,

394 5391 586 5445 nempe
610 5376 900 5430 catholicos
941 5375 1227 5441 scriptores
1253 5380 1397 5426 extra
1426 5372 1655 5427 Africam
1686 5371 1884 5441 positos
1913 5386 2009 5425 sua
2045 5370 2341 5440 Augustino
2375 5372 2567 5440 scripta
2592 5412 2606 5435 ,
2645 5386 2762 5439 quae
2789 5368 3041 5424 adversus
3070 5369 3377 5440 Pelagianos
3406 5360 3657 5443 edebant,

390 5465 621 5536 dirigere
657 5466 841 5521 solitos
881 5464 1063 5519 fuisse.
1109 5462 1275 5531 Hujus
1305 5464 1515 5532 quidem
1564 5464 1640 5518 rei
1679 5462 2037 5532 conjecturam
2082 5479 2276 5533 capere
2321 5463 2513 5517 licebat
2544 5479 2607 5517 ex
2639 5464 2878 5517 breviore
2908 5464 2971 5517 ad
3012 5464 3215 5518 Sixtum
3260 5464 3586 5532 Epistola,'n.
3616 5481 3656 5519 ι.

396 5554 597 5609 Verum
629 5554 681 5607 id
722 5556 877 5625 longe
906 5557 1101 5610 certius
1126 5554 1291 5622 liquet
1318 5570 1379 5608 ex
1410 5555 1491 5607 his
1515 5552 1788 5624 Augustini
1819 5554 1994 5608 verbis
2024 5554 2091 5607 ad
2124 5554 2471 5609 Mercatorem
2510 5574 2521 5607 :
2554 5554 2664 5627 Ego
2687 5555 2854 5626 itaque
2879 5567 2942 5620 te,
2973 5554 3049 5625 fili
3074 5555 3409 5625 dilectissime,
3434 5538 3656 5630 scriben-

396 5655 496 5700 tem
522 5646 647 5698 mihi
668 5645 744 5697 vel
771 5647 836 5697 ad
859 5664 936 5699 me
972 5646 1337 5699 consideranda
1359 5655 1443 5699 tua
1469 5646 1655 5717 scripta
1682 5647 1972 5713 mittentem,
2006 5645 2135 5700 absit
2157 5658 2210 5701 ut
2236 5650 2539 5719 negligenter
2560 5649 2836 5717 accipiam,
2864 5658 2966 5704 etc.
3520 5640 3525 5645 ’

467 5740 587 5796 iam
619 5749 743 5790 vero
775 5736 823 5789 in
860 5737 1018 5791 haece
1046 5737 1277 5794 editione
1312 5738 1746 5808 capitulatioues,
1790 5755 1909 5810 qurc
1953 5754 2153 5809 paucas
2183 5740 2235 5795 in
2280 5742 2544 5811 Epistolas
2583 5742 2804 5797 antehac
2843 5742 3067 5799 inducta:
3098 5753 3248 5801 erant
3270 5786 3289 5815 ,
3332 5746 3662 5818 retinemus;
