4054 6452
467 386 537 442 es
1703 381 1757 437 s.
1794 374 2160 437 AUGUSTINI
2201 377 2503 436 EPISCOPI
3677 384 3751 445 ιι

459 506 662 583 sophiae
692 506 851 563 ubere
877 501 1248 580 desperatione
1278 500 1421 569 veri,
1452 499 1593 573 quod
1620 508 1701 556 est
1745 498 1907 555 animi
1948 513 2046 569 pa-

466 600 647 657 bulum
670 642 684 667 ,
713 597 1038 654 refrenabar.

965 705 1293 762 EPISTOLA
1323 705 1368 761 ιι
1406 709 1425 729 ο
1447 706 1546 777 (α).

461 802 684 860 Zenobio
710 800 1012 857 desiderium
1031 800 1232 871 exponit
1255 815 1421 866 suum,
1442 808 1496 853 ut
1516 798 1905 870 disputationem
1921 800 2051 854 inter

864 910 917 949 se
939 902 1181 965 coeptam,
1209 896 1337 947 inter
1364 909 1417 947 se
1440 893 1640 963 ﬁniant.

907 1020 1126 1062 zsnoaio
1156 1002 1229 1077 (ὁ)
1258 1018 1593 1060 AUGUSTINUS.

536 1122 587 1176 1.
638 1121 780 1175 Bene
806 1119 944 1173 inter
968 1118 1066 1173 'nos
1091 1116 1374 1182 convenit,
1400 1124 1459 1171 ut
1477 1116 1668 1188 opinor
1686 1156 1700 1180 ,
1728 1116 1905 1171 omnia
1931 1132 2052 1187 quae

460 1225 751 1282 corporeus
771 1222 958 1264 sensus
983 1206 1211 1277 attingit,
1240 1222 1309 1261 ne
1329 1215 1525 1277 puncto
1550 1206 1764 1278 quidem
1792 1208 2050 1278 temporis

459 1303 648 1361 eodem
667 1299 826 1357 modo
851 1314 1070 1355 manere
1095 1314 1273 1369 posse,
1305 1299 1398 1354 sed
1428 1299 1565 1363 labi,
1593 1298 1811 1355 effluere
1833 1306 1888 1355 et
1916 1315 2052 1369 prae-

459 1410 587 1451 sens
608 1394 736 1450 nihil
764 1393 1027 1457 obtinere,
1054 1391 1105 1446 id
1126 1401 1209 1446 est
1226 1432 1240 1455 ,
1268 1400 1328 1446 ut
1347 1390 1511 1446 latine
1537 1392 1752 1462 loquar,
1784 1407 1892 1447 non
1909 1406 2049 1448 esse.

461 1488 663 1545 Horum
700 1486 879 1555 itaque
906 1482 1414 1555 perniciosissimum
1439 1497 1709 1549 amorem,
1744 1497 2053 1551 partarum-

460 1594 566 1652 que
594 1579 990 1651 plenissimum,
1035 1591 1163 1633 vera
1200 1584 1254 1632 et
1281 1575 1460 1631 divina
1490 1576 1825 1648 philosophia
1873 1582 2057 1632 monet

463 1672 672 1729 frenare
711 1678 869 1742 atque
894 1670 1105 1741 sopire;
1136 1676 1195 1723 ut
1233 1682 1293 1724 se
1331 1676 1443 1723 toto
1472 1668 1709 1733 animus,
1738 1668 1897 1723 etiam
1927 1667 2053 1723 dum

464 1768 565 1823 hoc
584 1780 779 1836 corpus
802 1764 930 1836 agit,
958 1764 1012 1819 in
1034 1778 1095 1819 ea
1121 1778 1239 1833 qua:
1259 1777 1470 1833 semper
1485 1762 1723 1834 ejusdem
1746 1763 1888 1818 modi
1910 1756 2052 1831 sunt,

463 1873 563 1915 nec
585 1857 864 1930 peregrino
894 1854 1114 1926 pulchro
1154 1855 1401 1927 placent,
1432 1855 1637 1911 feratur
1657 1866 1818 1927 atque
1842 1865 2052 1913 aestuet.

463 1950 592 2019 Qum
614 1965 734 2005 cum
764 1949 837 2004 ita
881 1948 1025 2015 sint,
1059 1956 1116 2003 et
1156 1962 1275 2003 cum
1306 1956 1359 2003 te
1388 1963 1576 2003 verum
1614 1963 1679 2005 ac
1724 1949 2016 2018 simplicem
2037 1990 2052 2014 ,

402 2100 409 2105 .
463 2044 635 2117 qualis
676 2043 792 2099 sine
835 2043 941 2098 ulla
980 2040 1341 2099 sollicitudine
1363 2041 1531 2098 amari
1558 2051 1742 2112 potes,
1775 2042 1829 2097 in
1857 2049 2055 2097 semet-

464 2137 577 2209 ipsa
618 2150 771 2192 mens
795 2134 999 2201 videat,
1046 2134 1275 2190 fatemur
1301 2144 1479 2189 tamen
1504 2148 1849 2204 congressum
1895 2134 2054 2189 istum

462 2238 623 2300 atque
642 2236 985 2297 conspectum
1024 2236 1169 2281 tuum
1191 2267 1207 2292 ,
1235 2242 1354 2281 cum
1383 2241 1413 2279 a
1452 2226 1605 2281 nobis
1630 2240 1858 2297 corpore
1886 2225 2060 2282 disce-

463 2322 582 2388 dis,
609 2319 845 2390 locisque
889 2318 1220 2389 sejungeris,
1264 2332 1505 2389 quaerere
1535 2333 1671 2383 nos,
1717 2334 1886 2389 eoque
1930 2318 2056 2375 dum

464 2414 591 2472 licet
624 2428 839 2483 cupere.
872 2411 1023 2479 Quod
1056 2410 1296 2481 profecto
1330 2410 1549 2476 vitium,
1583 2410 1630 2466 si
1658 2420 1708 2466 te
1734 2411 1873 2467 bene
1896 2412 2054 2479 novi,

465 2522 615 2562 amas
636 2506 689 2560 in
727 2504 914 2569 nobis;
950 2512 1005 2559 et
1033 2519 1154 2560 cum
1185 2503 1361 2559 omnia
1391 2503 1530 2558 bona
1557 2513 1707 2574 optes
1727 2505 2059 2563 charissimis

469 2606 524 2652 et
568 2594 993 2651 familiarissimis
1020 2594 1155 2663 tuis,
1196 2594 1263 2650 ab
1293 2593 1395 2650 hoc
1422 2609 1515 2650 eos
1553 2596 1728 2651 sanari
1758 2596 1969 2653 metuis.
1999 2596 2059 2653 Si

470 2697 649 2743 autem
690 2696 796 2742 tam
824 2686 1024 2757 potenti
1055 2685 1235 2741 animo
1279 2699 1366 2752 es,
1420 2694 1477 2740 ut
1519 2694 1572 2741 et
1599 2701 1888 2758 agnoscere
1916 2686 2060 2746 hunc

472 2780 742 2850 laqueum,
774 2787 828 2834 et
853 2793 918 2835 eo
946 2788 1131 2849 captos
1156 2777 1377 2833 irridere
1404 2779 1583 2833 valeas
1601 2820 1615 2844 ,
1649 2796 1731 2835 nte
1754 2788 1808 2835 tu
1833 2796 2057 2853 magnus

463 2881 619 2942 atque
642 2870 797 2926 alius.
825 2869 938 2941 Ego
963 2868 1177 2939 quidem
1201 2868 1452 2940 quamdiu
1478 2868 1727 2925 desidero
1752 2870 2052 2941 absentem,

464 2960 752 3017 desiderari
784 2975 871 3016 me
900 2960 1042 3014 volo.
1075 2959 1293 3031 lnvigilo
1323 2968 1500 3016 tamen
1522 3001 1537 3026 ,
1580 2969 1834 3030 quantum
1882 2977 2053 3032 queo,

463 3061 521 3108 et
544 3053 717 3109 enitor
736 3092 753 3118 ,
776 3060 830 3105 ut
860 3049 987 3105 nihil
1013 3064 1185 3105 amem
1216 3050 1359 3121 quod
1384 3050 1573 3105 abesse
1597 3066 1627 3106 a
1656 3066 1741 3106 me
1771 3036 1935 3107 invito
1961 3068 2057 3124 po-

466 3153 589 3199 test.
619 3142 859 3210 Quoeum
903 3140 1079 3196 officio
1118 3155 1436 3197 commoneo
1465 3150 1518 3195 te
1562 3142 1772 3197 interim
1793 3156 1823 3211 ,'
1851 3144 2055 3215 qualis-

465 3250 693 3307 cumque
733 3233 841 3299 sis,
888 3233 1189 3289 inchoatam
1230 3241 1404 3289 tecum
1441 3233 1850 3304 disputationem
1895 3237 2056 3307 perfi-

465 3327 708 3385 ciendam
734 3367 749 3391 ,
796 3327 841 3381 si
890 3308 1478 3395 curm'nobismetipsis
1524 3340 1726 3382 sumus.
1774 3326 1906 3383 Nam
1937 3343 2065 3388 eam

465 3436 588 3478 cum
614 3420 809 3493 Alypio
834 3418 1014 3489 perfici
1045 3432 1376 3489 nequaquam
1400 3419 1631 3475 sinerem
1654 3460 1669 3486 ,
1710 3419 1919 3476 etiamsi
1939 3421 2055 3477 vel-

468 3515 559 3570 let.
591 3512 705 3569 Non
739 3511 851 3566 vult
886 3518 1082 3566 autem.
1128 3508 1246 3566 Non
1272 3510 1414 3566 enim
1455 3518 1538 3566 est
1562 3509 1910 3567 humanitatis
1943 3512 2057 3583 ejus

467 3619 612 3661 nunc
634 3617 843 3659 mecum
871 3615 1088 3672 operam
1114 3600 1244 3657 dare
1264 3642 1280 3667 ,
1311 3610 1369 3656 ut
1398 3602 1449 3657 in
1474 3616 1631 3672 quam
1663 3603 1846 3658 multis
1872 3619 2060 3675 posse-

468 3710 590 3751 ntus
618 3694 809 3750 litteris
835 3701 888 3749 te
914 3691 1192 3749 nobiscum
1221 3700 1514 3760 teneamus,
1544 3694 1727 3750 nescio
1755 3710 1858 3767 qua
1880 3710 2059 3753 neces-

468 3788 629 3843 sitate
650 3784 958 3857 fugientem.

942 3853 1270 3911 EPISTULA
1299 3853 1368 3910 ιιι
1416 3857 1456 3879 ο·
1488 3852 1585 3926 (ε).

472 3948 717 4006 Nebridio
753 3944 1022 4018 respondet
1046 3946 1358 4019 Augustinus
1382 3946 1631 4002 immerito
1660 3964 1713 4003 se
1748 3947 1809 4003 ab
1834 3950 1946 4021 ipso
1970 3966 2059 4006 vo-

541 4040 649 4094 cari
672 4040 869 4094 beatum
892 4079 907 4104 ,
953 4037 1043 4109 qui
1076 4046 1180 4092 tam
1203 4039 1365 4093 multa
1388 4038 1601 4109 ignoret.
1636 4037 1751 4104 Qua
1789 4040 1842 4095 in
1883 4058 1940 4095 re
1962 4043 2061 4097 sita

539 4134 604 4189 sit
629 4149 746 4189 vera
773 4130 1046 4187 beatitudo.

894 4238 1143 4281 NEBRIDIO
1168 4222 1247 4297 (ἀ)
1279 4239 1622 4281 AUGUSTINUS.

544 4319 597 4373 1.
638 4317 829 4374 Utrum
860 4317 1041 4372 nescio
1066 4331 1205 4387 quo,
1254 4324 1311 4369 ut
1355 4317 1429 4371 ita
1453 4317 1624 4371 dicam
1650 4358 1665 4383 ,
1703 4316 2062 4390 blandiloquio

472 4419 564 4465 tuo
592 4410 784 4463 factum
813 4415 1029 4477 putem,
1066 4421 1133 4461 an
1158 4420 1283 4461 vere
1310 4406 1383 4461 ita
1424 4420 1484 4462 se
1508 4422 1596 4463 res
1628 4407 1851 4475 habeat;
1884 4410 2061 4465 incer-

473 4510 584 4555 tum
608 4498 748 4570 apud
782 4512 869 4554 me
892 4506 991 4554 est.
1024 4496 1155 4552 Nam
1183 4504 1404 4567 repente
1431 4497 1656 4565 accidit,
1685 4515 1784 4555 nec
1812 4501 1940 4555 satis
1966 4503 2062 4557 de-

473 4592 753 4648 liberatum
769 4598 870 4655 est,
902 4596 1161 4660 quatenus
1185 4586 1380 4643 debeat
1398 4588 1656 4643 committi
1680 4590 1821 4645 fidei.
1852 4589 2060 4663 Empe-

536 4726 553 4799 ζ
582 4725 644 4776 Ad
668 4732 776 4775 Mss.
800 4725 879 4774 cb.
904 4737 990 4835 ἐξ.
1015 4736 1099 4786 gv.
1114 4736 1164 4773 ιι.
1198 4720 1378 4772 r.duos
1390 4722 1465 4771 sb.
1489 4721 1609 4772 duos
1630 4729 1668 4773 t.
1704 4723 1827 4774 duos
1850 4740 1896 4775 γ.
1920 4738 2061 4777 reco—

536 4794 608 4835 iita
632 4794 726 4835 est.
752 4794 805 4835 et
826 4787 887 4835 ad
977 4795 1032 4835 it.
1055 4793 1167 4835 Lov.
1299 4826 1307 4833 .

472 4789 608 4854 gnita
632 4794 805 4854 est,_et
826 4787 887 4836 ad
912 4787 1032 4854 edit.
1055 4793 1205 4854 Lov.__
1228 4846 1255 4854 η
1280 4826 1307 4854 _.

536 4850 577 4869 “
597 4857 647 4898 tn
667 4846 814 4913 htijus
826 4849 1117 4913 recensione
1132 4846 1332 4913 adhibiti
1355 4854 1467 4898 sunt
1488 4860 1534 4897 a.
1557 4848 1649 4913 bu.
1665 4849 1748 4913 hg.
1766 4863 1883 4900 c.cc.
1910 4850 1959 4900 fi‘.
1977 4866 2060 4913 gv.

472 4928 525 4964 ιι.
563 4925 607 4961 r.
637 4924 679 4961 s.
718 4910 756 4960 ι.
786 4912 883 4960 duo
905 4923 951 4960 a.
973 4910 1071 4959 duo
1106 4910 1183 4958 sb.
1215 4916 1420 4973 quatuor
1445 4924 1491 4959 v.
1518 4917 1570 4959 et
1590 4910 1822 4960 Edem.
1849 4913 1959 4964 Bad.
1979 4910 2061 4964 Er.

479 4981 592 5024 [ιον.

538 5056 609 5119 (a)
635 5054 757 5105 Alias
776 5054 869 5105 2M
892 5068 903 5103 :
930 5067 1042 5120 quae
1067 5059 1232 5105 autem
1252 5053 1284 5104 2
1306 5060 1427 5115 erat,
1454 5067 1582 5105 nunc
1611 5056 1714 5107 155.
1740 5059 1915 5121 Scripta
1937 5060 2063 5109 circa

473 5119 604 5169 Idem
630 5125 838 5169 tempus.

588 5133 604 5166 1
630 5130 838 5166 tempus.

630 5125 1096 5255 qauieyest
1116 5178 1194 5255 cui
1208 5178 1367 5255 libros
1386 5178 1448 5255 de
1462 5179 1639 5255 (ξιςρίηρ
1662 5183 1951 5255 ειωῖαψπη
1975 5189 2061 5255 Au:

474 5239 727 5354 gpsztinus,
751 5254 831 5292 an.
854 5240 964 5292 386.
992 5241 1177 5292 videsis
1206 5242 1257 5289 in
1279 5248 1394 5290 tom.
1421 5248 1462 5301 l,
1488 5239 1572 5291 lib.
1600 5244 1621 5292 1
1648 5244 1713 5294 de
1734 5239 1907 5294 Ordine
1924 5278 1940 5303 ,
1963 5258 2006 5296 c.
2035 5246 2058 5295 1

477 5321 507 5354 e
586 5340 598 5351 .

477 5312 530 5357 et
551 5312 598 5354 2.

537 5366 608 5490 ἕξ)
625 5366 746 5415 Alias
763 5366 845 5438 15.1
868 5378 880 5414 :
899 5377 1011 5427 quae
1033 5366 1240 5436 autem?)
1254 5372 1375 5425 erat,
1393 5367 1647 5439 nunc_157.
1665 5367 1841 5440 Scripta
1856 5382 1934 5417 an.
1949 5366 2060 5419 587.

598 5430 617 5490 )
638 5428 894 5490 Nebridius
916 5425 1071 5478 dulces
1092 5440 1273 5477 ametis
1295 5434 1541 5490 Augustini
1565 5427 1783 5490 laudatur
1806 5445 1853 5479 ιιι
1872 5429 2060 5481 Confes-

598 5430 617 5493 )
638 5428 894 5493 Nebridius
916 5425 1071 5493 dulcis
1092 5425 1541 5493 mdcttsgaugustini
1565 5425 1783 5493 laudatur
1806 5432 1853 5479 in
1872 5429 2063 5493 Confes-

474 5489 665 5563 sionum
689 5489 844 5563 libris,
861 5490 1171 5563 maximeque
1190 5490 1345 5563 inlib.
1367 5489 1418 5547 9,
1434 5502 1478 5539 c.
1502 5492 1551 5551 5,
1566 5489 1787 5563 quo-loco
1804 5505 1895 5542 non

475 5560 579 5617 post
607 5554 826 5617 ejusdem
863 5550 1111 5614 Augustini
1136 5550 1422 5617 baptismttm
1443 5550 1787 5617 carne’solutus
1810 5568 1923 5617 esse
1943 5554 2063 5605 dici-

476 5616 584 5680 tur;
609 5616 657 5664 id
689 5621 768 5680 est
784 5646 800 5672 ,
832 5620 1092 5676 antequam
1124 5616 1415 5680 Augustinus
1423 5616 1831 5680 presbyteratum
1861 5616 2066 5680 adeptus

476 5627 584 5675 tur;
609 5627 657 5664 ια
689 5627 768 5663 ρει
784 5646 800 5672 ,
832 5627 1092 5676 antequam
1124 5627 1831 5725 angustinuS£resnyteratum
1861 5627 2064 5680 adeptus

475 5678 682 5750 fuisset,
707 5675 930 5750 adeoque
964 5683 1079 5726 ante
1110 5675 1393 5750 anLChristi
1460 5676 1532 5747 .f.
1552 5684 1704 5750 porro
1726 5677 1824 5750 ipsi
1847 5680 2064 5750 seribere

474 5738 624 5802 erepit
644 5738 940 5803 augustiuus
961 5750 1026 5789 ex
1048 5751 1166 5803 agro
1187 5738 1446 5803 cassiciaoo
1455 5738 1595 5803 juxta
1616 5738 1703 5803 lib2
1726 5738 1929 5803 9'oonf.,
1946 5754 1991 5791 e.
2011 5741 2062 5803 4,

474 5800 814 5915 32%;,
826 5801 1012 5867 aliquot
1023 5800 1225 5853 menses
1237 5800 1350 5851 anni
1372 5801 1607 5853 exeuntis
1616 5801 1711 5855 386
1723 5808 1778 5854 et.
1786 5802 1877 5855 587
1893 5800 2063 5856 incon;

2157 514 2273 559 clas
2310 505 2433 575 quid
2473 505 2609 561 istuc
2654 506 2743 561 sit.
2787 504 2923 575 Quid
2962 504 3187 561 censes?
3222 504 3395 575 Prope
3438 510 3751 577 persuasisti

2159 596 2324 663 mihi,
2346 614 2451 652 non
2476 596 2687 667 quidem
2710 598 2925 653 beatum
2945 610 3063 653 esse
3088 612 3209 662 me;
3240 612 3361 653 nam
3391 596 3445 653 id
3472 597 3638 655 solius
3660 615 3751 657 sa-

2160 689 2355 757 pientis
2380 688 2635 759 prazdium
2677 699 2796 753 est;
2828 688 2920 743 sed
2951 697 3097 744 certe
3122 687 3273 758 quasi
3298 688 3511 744 beatum
3538 707 3552 745 :
3584 700 3643 746 ut
3668 690 3750 747 di-

2160 782 2333 838 cimus
2379 781 2684 847 hominem,
2736 781 2886 853 quasi
2933 781 3204 836 hominem
3253 781 3306 836 in
3349 783 3752 853 comparatione

2163 871 2395 928 hominis
2419 872 2558 927 illius
2586 888 2742 943 quem
2771 872 2922 927 Plato
2944 880 3197 936 noverat;
3226 879 3317 927 aut
3339 872 3491 943 quasi
3521 874 3748 930 rotunda

2161 973 2219 1022 et
2241 965 2392 1038 quasi
2432 964 2632 1035 quadra
2657 979 2717 1020 ea
2758 979 2877 1035 quae
2904 963 3181 1031 videmus,
3224 977 3347 1019 cum
3387 964 3542 1036 longe
3580 965 3648 1020 ab
3672 964 3755 1023 eis

2161 1059 2339 1115 absint
2356 1076 2475 1132 qua:
2499 1074 2788 1130 paucorum
2807 1059 3013 1115 animus
3041 1056 3203 1114 videt.
3228 1055 3357 1129 Legi
3374 1058 3514 1114 enim
3542 1058 3752 1116 litteras

2163 1160 2280 1208 tuas
2304 1152 2372 1207 ad
2397 1152 2667 1208 lucernam
2690 1152 2797 1222 jam
2819 1157 3092 1217 ctenatus;
3125 1149 3371 1221 proxime
3391 1158 3506 1207 erat
3524 1150 3751 1218 cubitio,

2160 1243 2254 1300 sed
2294 1259 2402 1299 non
2434 1244 2505 1299 ita
2551 1244 2709 1299 etiam
2749 1242 2998 1298 dormitio
3030 1258 3044 1296 :
3075 1240 3272 1313 quippe
3298 1238 3391 1296 diu
3436 1256 3647 1297 mecum
3693 1242 3753 1297 in

2160 1334 2301 1390 lecto
2319 1335 2453 1391 situs
2476 1333 2736 1405 cogitavi,
2776 1340 2937 1403 atque
2954 1331 3054 1388 has
3080 1331 3322 1403 loquelas
3349 1330 3543 1399 habui,
3568 1332 3753 1404 Augu-

2161 1426 2333 1482 stinus
2362 1425 2477 1497 ipse
2504 1441 2625 1481 cum
2670 1424 2964 1497 Augustino
2996 1442 3011 1478 ε
3041 1422 3227 1479 Nonne
3266 1439 3450 1481 verum
3487 1433 3573 1481 est
3605 1425 3755 1497 quod

2162 1516 2415 1573 Nebridio
2438 1517 2638 1588 placet,
2669 1516 2855 1573 beatos
2895 1529 2995 1570 nos
3015 1515 3174 1571 esse?
3212 1512 3328 1570 Non
3375 1515 3593 1586 utique;
3626 1530 3753 1571 nam

2160 1609 2351 1664 stultos
2387 1608 2562 1664 adhuc
2584 1622 2703 1664 esse
2722 1648 2739 1674 ,
2785 1622 2886 1664 nec
2923 1607 3037 1677 ipse
3073 1605 3233 1663 audet
3260 1620 3473 1677 negare.
3504 1606 3641 1675 Quid
3662 1648 3676 1672 ,
3705 1606 3755 1662 si

2162 1702 2324 1759 etiam
2346 1700 2518 1757 stultis
2551 1700 2703 1757 beata
2732 1700 2836 1755 vita
2862 1698 3165 1771 contingit?
3207 1700 3407 1755 Durum
3433 1698 3584 1770 quasi
3622 1712 3755 1754 vero

2164 1811 2357 1866 parva,
2399 1794 2481 1851 vel
2524 1795 2624 1851 alia
2656 1794 2761 1848 ulla
2787 1792 3001 1850 miseria
3038 1793 3110 1848 sit
3147 1807 3308 1863 quam
3349 1791 3463 1862 ipsa
3502 1790 3751 1846 stultitia.

2167 1888 2321 1946 Unde
2339 1904 2467 1960 ergo
2494 1889 2566 1944 illi
2606 1888 2777 1943 visum
2803 1887 2922 1943 est?
2949 1901 3015 1941 an
3048 1886 3201 1941 lectis
3241 1885 3343 1940 illis
3368 1883 3564 1940 libellis
3588 1884 3753 1939 etiam

2163 1980 2456 2051 sapientem
2499 1994 2586 2035 me
2614 1993 2774 2034 ausus
2808 1984 2892 2034 est
2932 1975 3192 2032 credere?
3237 1974 3351 2031 Non
3400 1988 3570 2045 usque
3614 1974 3756 2030 adeo

2162 2071 2446 2129 temeraria
2471 2080 2553 2127 est
2580 2070 2764 2126 laetitia
2789 2069 3050 2141 gestiens,
3073 2066 3369 2139 praesertim
3397 2065 3630 2121 hominis
3656 2080 3757 2121 cu-

2161 2163 2253 2235 jus
2281 2163 2465 2235 quanti
2513 2162 2769 2233 ponderis
2797 2160 3152 2217 consideratio
3176 2158 3280 2223 sit,
3306 2157 3445 2213 bene
3481 2156 3749 2211 novimus.

2161 2255 2295 2313 Illud
2324 2256 2483 2327 igitur
2505 2264 2589 2312 est
2618 2274 2630 2310 :
2662 2254 2875 2325 scripsit
2913 2252 3054 2324 quod
3084 2250 3236 2307 nobis
3274 2250 3477 2321 putavit
3500 2248 3754 2305 dulcissi-

2162 2363 2310 2404 mum
2335 2347 2484 2415 fore;
2509 2348 2631 2418 quia
2662 2356 2717 2402 et
2744 2346 2820 2401 illi
2844 2345 3000 2400 dulce
3024 2343 3220 2399 factum
3250 2350 3333 2397 est
3357 2340 3613 2413 quidquid
3654 2355 3757 2411 po-

2162 2441 2367 2498 suimus
2392 2442 2444 2497 in
2472 2441 2576 2496 illis
2601 2439 2826 2505 litteris,
2853 2448 2907 2494 et
2926 2435 3141 2507 scripsit
3166 2434 3405 2506 gaudens
3423 2476 3438 2500 ,
3465 2447 3567 2488 nec
3588 2446 3752 2487 cura-

2162 2534 2239 2589 vit
2261 2533 2389 2605 quid
2417 2531 2853 2588 committendum
2879 2528 3131 2602 gaudenti
3157 2527 3364 2583 calamo
3387 2534 3548 2581 esset.
3575 2524 3715 2592 Quid
3731 2564 3747 2590 ,

2162 2626 2206 2682 si
2231 2625 2518 2696 Soliloquia
2548 2622 2799 2695 legisset?
2831 2622 3127 2678 Lzetaretur
3167 2618 3333 2674 multo
3359 2616 3752 2682 exundantius,

2162 2732 2262 2773 nec
2283 2725 2458 2773 tamen
2480 2716 2745 2787 reperiret
2770 2715 2891 2786 plus
2915 2712 3132 2786 aliquid,
3163 2711 3305 2784 quod
3331 2726 3415 2768 me
3436 2710 3752 2782 appellaret,

2161 2825 2319 2879 quam
2356 2809 2591 2864 beatum.
2634 2809 2751 2864 Cito
2785 2820 2915 2878 ergo
2947 2820 3215 2861 summum
3252 2819 3449 2861 nomen
3484 2801 3667 2860 effudit
3698 2804 3754 2859 in

2162 2916 2270 2969 me,
2301 2916 2400 2956 nec
2424 2901 2523 2956 sibi
2558 2900 2760 2971 aliquid
2785 2898 3084 2956 reservavit
3105 2897 3247 2970 quod
3269 2896 3337 2953 de
3359 2912 3445 2953 me
3469 2895 3639 2953 laetior
3655 2910 3755 2952 as-

2162 3003 2392 3052 severet.
2420 2994 2555 3049 Vide
2580 2994 2762 3050 laztitia
2789 2992 2915 3065 quid
2944 2991 3131 3049 faciat!

2230 3087 2286 3141 2.
2323 3085 2429 3142 Sed
2475 3085 2562 3140 ubi
2590 3092 2672 3141 est
2694 3085 2796 3140 ista
2825 3084 2976 3141 beata
3004 3081 3144 3138 vita?
3168 3081 3300 3137 ubi?
3323 3080 3573 3136 ubinam?
3594 3080 3609 3113 ¹
3630 3079 3678 3136 Ο
3706 3081 3756 3137 si

2162 3178 2275 3251 ipsa
2304 3187 2481 3243 esset,
2505 3177 2785 3248 repelleret
2820 3187 3028 3231 atomos
3050 3173 3283 3245 Epicuri.
3314 3173 3359 3228 Ο
3382 3172 3427 3228 si
3451 3173 3565 3243 ipsa
3584 3181 3754 3238 esset,

2161 3272 2323 3328 sciret
2351 3269 2482 3327 nihil
2510 3270 2759 3326 deorsum
2790 3283 2911 3325 esse
2946 3275 3142 3338 praeter
3166 3265 3444 3322 mundum.
3492 3264 3537 3321 0
3564 3265 3607 3321 si
3634 3264 3758 3336 ipsa

2161 3374 2335 3432 esset,
2367 3372 2548 3420 nosset
2593 3372 2833 3418 extrema
2870 3361 3097 3433 sphaerae
3139 3359 3341 3415 tardius
3381 3359 3545 3415 rotari
3590 3373 3758 3430 quam

2161 3455 2395 3512 medium
2413 3497 2428 3523 ,
2456 3463 2512 3510 et
2536 3454 2651 3510 alia
2669 3453 2860 3509 similia
2882 3468 3003 3524 qua:
3037 3450 3283 3506 similiter
3310 3449 3572 3506 novimus.
3598 3448 3761 3507 Nunc

2161 3563 2291 3606 vero
2317 3547 2585 3619 quomodo
2617 3547 2699 3603 vel
2720 3546 3119 3617 qualiscumque
3142 3544 3327 3600 beatus
3355 3558 3471 3599 sum
3490 3585 3505 3610 ,
3538 3543 3625 3615 qui
3655 3557 3763 3599 ne-

2163 3640 2277 3696 scio
2304 3655 2400 3695 cur
2443 3647 2624 3694 tantus
2649 3637 2879 3694 mundus
2904 3637 3004 3705 sit,
3044 3652 3165 3693 cum
3191 3636 3427 3691 rationes
3464 3635 3758 3706 figurarum

2164 3749 2262 3804 per
2288 3749 2418 3804 quas
2447 3742 2562 3797 est,
2596 3732 2730 3787 nihil
2757 3730 3072 3802 prohibeant
3100 3744 3219 3785 esse
3237 3771 3251 3796 ,
3284 3737 3483 3800 quanto
3509 3727 3627 3804 quis
3656 3742 3761 3784 vo-

2164 3803 2351 3894 luerit,
2374 3826 2724 3897 ampliorem?
2750 3826 2857 3880 Aut
2880 3823 3147 3895 quomodo
3167 3837 3273 3878 non
3300 3822 3430 3877 mihi
3458 3803 3756 3889 diceretur,

2166 3921 2275 3976 imo
2296 3934 2401 3974 non
2429 3933 2740 3989 cogeremur
2772 3916 3014 3985 confiteri
3041 3930 3265 3985 corpora
3304 3914 3357 3970 in
3380 3912 3638 3970 infinitum
3658 3928 3759 3971 se-

2164 4013 2295 4078 cari,
2319 4020 2422 4066 uta
2445 4020 2590 4066 certa
2606 4009 2751 4065 velut
2770 4008 2885 4063 basi
2911 4008 2962 4063 in
2983 4007 3333 4078 quantitatem
3358 4015 3557 4063 certam
3574 4012 3760 4063 certus

2166 4099 2605 4175 corpusculorum
2630 4115 2883 4173 numerus
2912 4100 3191 4172 surgeret?
3217 4100 3393 4167 Quare
3415 4114 3537 4155 cum
3557 4112 3760 4169 corpus

2168 4196 2369 4252 nullum
2391 4210 2513 4251 esse
2539 4193 2817 4250 minimum
2838 4192 3051 4259 sinitur,
3075 4206 3181 4263 quo
3197 4200 3353 4262 pacto
3374 4190 3610 4247 sinamus
3629 4204 3761 4246 esse

2167 4287 2583 4359 amplissimum,
2605 4301 2710 4357 quo
2738 4285 2964 4355 amplius
2983 4299 3103 4340 esse
3126 4298 3234 4339 non
3262 4284 3461 4355 possit;
3490 4283 3588 4339 nisi
3616 4282 3763 4339 forte

2168 4378 2298 4434 illud
2323 4377 2465 4449 quod
2494 4377 2685 4447 Alypio
2710 4375 2989 4447 aliquando
3013 4374 3122 4431 dixi
3157 4376 3515 4432 occultissime
3534 4417 3549 4441 ,
3595 4374 3763 4431 habet

2167 4485 2412 4541 magnam
2441 4469 2546 4523 vim
2581 4486 2593 4523 :
2626 4479 2685 4523 ut
2724 4468 2974 4538 quoniam
3004 4482 3261 4523 numerus
3294 4468 3382 4523 ille
3410 4466 3765 4539 intelligibilis

2168 4564 2373 4621 infinite
2416 4563 2636 4629 crescit,
2688 4577 2793 4618 non
2841 4569 3020 4618 tamen
3052 4560 3256 4617 infinite
3302 4561 3585 4622 minuitur,
3631 4576 3760 4617 nam

2170 4671 2277 4712 non
2308 4670 2431 4712 eum
2463 4655 2588 4711 licet
2615 4654 2756 4709 ultra
2779 4653 3061 4709 monadem
3089 4654 3393 4718 resolvere;
3420 4660 3604 4709 contra
3634 4667 3766 4707 sen-

2171 4746 2341 4804 sibilis
2368 4747 2526 4817 (nam
2565 4746 2692 4817 quid
2730 4754 2815 4801 est
2854 4744 2997 4801 aliud
3033 4744 3299 4801 sensibilis
3332 4760 3620 4811 numerus,
3651 4744 3762 4800 nisi

2168 4854 2556 4909 eorporeorum
2579 4838 2663 4894 vel
2685 4853 2967 4909 corporum
2983 4834 3313 4909 quantitas?)
3347 4836 3511 4891 minui
3541 4835 3762 4908 quidem

2168 4929 2403 4995 infinite,
2449 4930 2541 4986 sed
2580 4930 2784 4985 infinite
2827 4943 3070 4985 crescere
3096 4928 3360 5000 {nequeah
3388 4928 3457 4984 Et
3496 4928 3614 4984 ideo
3642 4928 3760 4983 for-

2169 5031 2314 5077 tasse
2340 5022 2533 5077 merito
2559 5019 2864 5092 philosophi
2898 5020 2950 5074 in
2983 5019 3142 5075 rebus
3174 5019 3590 5091 intelligibilibus
3612 5018 3762 5075 divi-

2170 5117 2272 5172 tias
2316 5123 2554 5186 ponunt,
2606 5112 2661 5168 in
2699 5111 3041 5169 sensibilibus
3082 5121 3389 5184 egestatem.
3430 5111 3569 5180 Quid
3609 5111 3759 5168 enim

2169 5208 2523 5264 aerumnosius
2571 5220 2728 5276 quam
2759 5204 2939 5260 minus
2965 5212 3125 5275 atque
3163 5202 3339 5259 minus
3362 5217 3576 5275 semper
3598 5216 3763 5273 posse

2171 5297 2324 5355 fieri?
2352 5296 2491 5365 Quid
2531 5296 2723 5366 ditius,
2752 5311 2913 5368 quam
2939 5311 3184 5353 crescere
3206 5305 3459 5367 quantum
3480 5295 3612 5352 velis
3630 5336 3645 5360 ,
3676 5293 3764 5351 ire

2169 5406 2275 5463 quo
2307 5391 2473 5457 velis,
2516 5389 2693 5447 redire
2721 5406 2840 5447 eum
2871 5385 3003 5445 velis
3022 5431 3036 5456 ,
3076 5405 3351 5463 quousque
3376 5390 3535 5459 velis,
3565 5398 3619 5445 et
3653 5388 3765 5445 hoc

2172 5485 2398 5541 multum
2415 5499 2597 5542 amare
2619 5484 2760 5557 quod
2788 5484 2953 5541 minui
2980 5499 3085 5541 non
3101 5485 3312 5556 potest?
3335 5483 3587 5557 Quisquis
3606 5498 3768 5539 nam-

2175 5591 2280 5648 que
2305 5576 2551 5649 intelligit
2573 5576 2705 5634 istos
2743 5592 3028 5643 numeros,
3059 5577 3188 5633 nihil
3213 5578 3289 5633 sic
3306 5585 3450 5633 amat
3472 5586 3530 5633 ut
3565 5591 3762 5633 mona-

2203 5744 2675 5814 .tvnusvaﬁcanus
2695 5745 3026 5814 cocleam
3046 5712 3766 5814 mutassem-imre

2166 5808 2213 5917 ἓξ
2224 5808 2719 5930 Lpngaticani
2743 5808 2822 5860 alii
2836 5810 2933 5861 duo
2952 5811 3155 5870 habent,
3182 5808 3319 5863 beata
3346 5811 3469 5877 vita,
3499 5810 3584 5864 ubi
3600 5824 3712 5864 veru
3731 5810 3768 5862 Ρ
