  <div class='ocr_page' id='page_1' title='image "/cluster/home/n/w/nwhite01/storage/ocr_20150623/33/uva.x000669810/040.png"; bbox 0 0 4054 6388; ppageno 0'>
   <div class='ocr_carea' id='block_1_1' title="bbox 189 269 1793 346">
    <p class='ocr_par' dir='ltr' id='par_1_1' title="bbox 189 269 1793 346">
     <span class='ocr_line' id='line_1_1' title="bbox 189 269 1793 346; baseline -0.002 -14"><span class='ocrx_word' id='word_1_1' title='bbox 189 270 253 332; x_wconf 79' lang='lat'><strong>65</strong></span> <span class='ocrx_word' id='word_1_2' title='bbox 847 339 852 345; x_wconf 52' lang='grc'><strong><em>,</em></strong></span> <span class='ocrx_word' id='word_1_3' title='bbox 952 339 958 346; x_wconf 31' lang='lat'><strong>.</strong></span> <span class='ocrx_word' id='word_1_4' title='bbox 1103 335 1111 341; x_wconf 59' lang='grc'><em>,</em></span> <span class='ocrx_word' id='word_1_5' title='bbox 1429 269 1793 330; x_wconf 77' lang='lat' dir='ltr'><strong>EPISTOLAB</strong></span> 
     </span>
    </p>
   </div>
   <div class='ocr_carea' id='block_1_2' title="bbox 1907 269 3490 346">
    <p class='ocr_par' dir='ltr' id='par_1_2' title="bbox 1945 271 3490 346">
     <span class='ocr_line' id='line_1_2' title="bbox 1945 271 3490 346; baseline 0.01 -16"><span class='ocrx_word' id='word_1_6' title='bbox 1945 273 2070 330; x_wconf 85' lang='lat' dir='ltr'><strong>CLA</strong></span> <span class='ocrx_word' id='word_1_7' title='bbox 2081 271 2220 333; x_wconf 86' lang='lat' dir='ltr'><strong>SSlS</strong></span> <span class='ocrx_word' id='word_1_8' title='bbox 2257 273 2298 331; x_wconf 84' lang='grc' dir='ltr'><strong>Ι.</strong></span> <span class='ocrx_word' id='word_1_9' title='bbox 3417 283 3490 346; x_wconf 72' lang='grc' dir='ltr'><strong><em>ω</em></strong></span> 
     </span>
    </p>
   </div>
   <div class='ocr_carea' id='block_1_3' title="bbox 195 372 1796 457">
    <p class='ocr_par' dir='ltr' id='par_1_3' title="bbox 195 372 1796 457">
     <span class='ocr_line' id='line_1_3' title="bbox 195 372 1796 457; baseline -0.003 -10"><span class='ocrx_word' id='word_1_10' title='bbox 195 391 354 457; x_wconf 86' lang='lat' dir='ltr'><strong>dem;</strong></span> <span class='ocrx_word' id='word_1_11' title='bbox 385 372 487 446; x_wconf 86' lang='lat' dir='ltr'><strong>nec</strong></span> <span class='ocrx_word' id='word_1_12' title='bbox 505 386 732 456; x_wconf 89' lang='lat' dir='ltr'><strong>mirum,</strong></span> <span class='ocrx_word' id='word_1_13' title='bbox 759 397 880 441; x_wconf 89' lang='lat' dir='ltr'><strong>cum</strong></span> <span class='ocrx_word' id='word_1_14' title='bbox 909 398 1005 457; x_wconf 91' lang='lat' dir='ltr'><strong>per</strong></span> <span class='ocrx_word' id='word_1_15' title='bbox 1027 397 1146 442; x_wconf 89' lang='lat' dir='ltr'><strong>eam</strong></span> <span class='ocrx_word' id='word_1_16' title='bbox 1172 383 1262 440; x_wconf 83' lang='lat' dir='ltr'><strong>flat</strong></span> <span class='ocrx_word' id='word_1_17' title='bbox 1279 425 1296 452; x_wconf 94' lang='lat'><strong>,</strong></span> <span class='ocrx_word' id='word_1_18' title='bbox 1327 393 1388 441; x_wconf 92' lang='lat' dir='ltr'><strong>ut</strong></span> <span class='ocrx_word' id='word_1_19' title='bbox 1408 387 1585 442; x_wconf 84' lang='lat' dir='ltr'><strong>caeteri</strong></span> <span class='ocrx_word' id='word_1_20' title='bbox 1612 401 1796 442; x_wconf 91' lang='lat' dir='ltr'><strong>amen-</strong></span> 
     </span>
    </p>
   </div>
   <div class='ocr_carea' id='block_1_4' title="bbox 201 477 1796 550">
    <p class='ocr_par' dir='ltr' id='par_1_4' title="bbox 201 477 1796 550">
     <span class='ocr_line' id='line_1_4' title="bbox 201 477 1796 550; baseline -0.004 -10"><span class='ocrx_word' id='word_1_21' title='bbox 201 495 306 541; x_wconf 92' lang='lat' dir='ltr'><strong>tur.</strong></span> <span class='ocrx_word' id='word_1_22' title='bbox 338 483 442 540; x_wconf 86' lang='lat' dir='ltr'><strong>Sed</strong></span> <span class='ocrx_word' id='word_1_23' title='bbox 473 493 652 540; x_wconf 85' lang='lat' dir='ltr'><strong>tamen</strong></span> <span class='ocrx_word' id='word_1_24' title='bbox 688 497 789 539; x_wconf 87' lang='lat' dir='ltr'><strong>cur</strong></span> <span class='ocrx_word' id='word_1_25' title='bbox 817 489 992 537; x_wconf 88' lang='lat' dir='ltr'><strong>tantus</strong></span> <span class='ocrx_word' id='word_1_26' title='bbox 1019 490 1100 536; x_wconf 91' lang='lat' dir='ltr'><strong>est</strong></span> <span class='ocrx_word' id='word_1_27' title='bbox 1126 477 1390 535; x_wconf 90' lang='lat' dir='ltr'><strong>mundus?</strong></span> <span class='ocrx_word' id='word_1_28' title='bbox 1422 489 1628 550; x_wconf 90' lang='lat' dir='ltr'><strong>poterat</strong></span> <span class='ocrx_word' id='word_1_29' title='bbox 1653 481 1796 536; x_wconf 91' lang='lat' dir='ltr'><strong>enim</strong></span> 
     </span>
    </p>
   </div>
   <div class='ocr_carea' id='block_1_5' title="bbox 199 569 1792 643">
    <p class='ocr_par' dir='ltr' id='par_1_5' title="bbox 199 569 1792 643">
     <span class='ocr_line' id='line_1_5' title="bbox 199 569 1792 643; baseline -0.004 -11"><span class='ocrx_word' id='word_1_30' title='bbox 199 591 318 632; x_wconf 84' lang='lat' dir='ltr'><strong>esse</strong></span> <span class='ocrx_word' id='word_1_31' title='bbox 347 575 430 630; x_wconf 88' lang='lat' dir='ltr'><strong>vel</strong></span> <span class='ocrx_word' id='word_1_32' title='bbox 461 578 668 643; x_wconf 83' lang='lat' dir='ltr'><strong>major,</strong></span> <span class='ocrx_word' id='word_1_33' title='bbox 702 572 792 628; x_wconf 86' lang='lat' dir='ltr'><strong>vel</strong></span> <span class='ocrx_word' id='word_1_34' title='bbox 837 572 1070 631; x_wconf 83' lang='lat' dir='ltr'><strong>brevior.</strong></span> <span class='ocrx_word' id='word_1_35' title='bbox 1101 569 1292 626; x_wconf 88' lang='lat' dir='ltr'><strong>Nescio</strong></span> <span class='ocrx_word' id='word_1_36' title='bbox 1324 588 1337 624; x_wconf 91' lang='lat'><strong>:</strong></span> <span class='ocrx_word' id='word_1_37' title='bbox 1373 571 1476 626; x_wconf 91' lang='lat' dir='ltr'><strong>tale</strong></span> <span class='ocrx_word' id='word_1_38' title='bbox 1506 580 1590 627; x_wconf 90' lang='lat' dir='ltr'><strong>est</strong></span> <span class='ocrx_word' id='word_1_39' title='bbox 1626 571 1792 628; x_wconf 90' lang='lat' dir='ltr'><strong>enim.</strong></span> 
     </span>
    </p>
   </div>
   <div class='ocr_carea' id='block_1_6' title="bbox 198 661 1796 734">
    <p class='ocr_par' dir='ltr' id='par_1_6' title="bbox 198 661 1796 734">
     <span class='ocr_line' id='line_1_6' title="bbox 198 661 1796 734; baseline -0.003 -12"><span class='ocrx_word' id='word_1_40' title='bbox 198 668 264 723; x_wconf 70' lang='lat' dir='ltr'><strong>Et</strong></span> <span class='ocrx_word' id='word_1_41' title='bbox 291 683 388 722; x_wconf 91' lang='lat' dir='ltr'><strong>cur</strong></span> <span class='ocrx_word' id='word_1_42' title='bbox 415 666 516 721; x_wconf 91' lang='lat' dir='ltr'><strong>hoc</strong></span> <span class='ocrx_word' id='word_1_43' title='bbox 541 665 662 720; x_wconf 92' lang='lat' dir='ltr'><strong>loco</strong></span> <span class='ocrx_word' id='word_1_44' title='bbox 701 664 877 734; x_wconf 81' lang='lat' dir='ltr'><strong>potius</strong></span> <span class='ocrx_word' id='word_1_45' title='bbox 901 678 1060 734; x_wconf 88' lang='lat' dir='ltr'><strong>quam</strong></span> <span class='ocrx_word' id='word_1_46' title='bbox 1087 661 1221 716; x_wconf 90' lang='lat' dir='ltr'><strong>illo?</strong></span> <span class='ocrx_word' id='word_1_47' title='bbox 1248 661 1358 717; x_wconf 88' lang='lat' dir='ltr'><strong>Nec</strong></span> <span class='ocrx_word' id='word_1_48' title='bbox 1382 662 1436 717; x_wconf 90' lang='lat' dir='ltr'><strong>in</strong></span> <span class='ocrx_word' id='word_1_49' title='bbox 1461 677 1522 717; x_wconf 93' lang='lat' dir='ltr'><strong>ea</strong></span> <span class='ocrx_word' id='word_1_50' title='bbox 1550 678 1610 718; x_wconf 91' lang='lat' dir='ltr'><strong>re</strong></span> <span class='ocrx_word' id='word_1_51' title='bbox 1637 662 1796 719; x_wconf 92' lang='lat' dir='ltr'><strong>debet</strong></span> 
     </span>
    </p>
   </div>
   <div class='ocr_carea' id='block_1_7' title="bbox 197 754 1791 828">
    <p class='ocr_par' dir='ltr' id='par_1_7' title="bbox 197 754 1791 828">
     <span class='ocr_line' id='line_1_7' title="bbox 197 754 1791 828; baseline -0.001 -16"><span class='ocrx_word' id='word_1_52' title='bbox 197 773 315 814; x_wconf 87' lang='lat' dir='ltr'><strong>esse</strong></span> <span class='ocrx_word' id='word_1_53' title='bbox 373 757 628 828; x_wconf 71' lang='lat' dir='ltr'><strong>qumstio,</strong></span> <span class='ocrx_word' id='word_1_54' title='bbox 678 755 767 811; x_wconf 91' lang='lat' dir='ltr'><strong>ubi</strong></span> <span class='ocrx_word' id='word_1_55' title='bbox 813 754 1068 826; x_wconf 83' lang='lat' dir='ltr'><strong>quidquid</strong></span> <span class='ocrx_word' id='word_1_56' title='bbox 1109 763 1286 820; x_wconf 86' lang='lat' dir='ltr'><strong>esset,</strong></span> <span class='ocrx_word' id='word_1_57' title='bbox 1344 757 1568 826; x_wconf 66' lang='lat' dir='ltr'><strong>quaestio</strong></span> <span class='ocrx_word' id='word_1_58' title='bbox 1629 764 1791 811; x_wconf 85' lang='lat' dir='ltr'><strong>esset.</strong></span> 
     </span>
    </p>
   </div>
   <div class='ocr_carea' id='block_1_8' title="bbox 202 845 1796 917">
    <p class='ocr_par' dir='ltr' id='par_1_8' title="bbox 202 845 1796 917">
     <span class='ocr_line' id='line_1_8' title="bbox 202 845 1796 917; baseline -0.002 -13"><span class='ocrx_word' id='word_1_59' title='bbox 202 849 376 905; x_wconf 90' lang='lat' dir='ltr'><strong>Unum</strong></span> <span class='ocrx_word' id='word_1_60' title='bbox 403 847 530 904; x_wconf 90' lang='lat' dir='ltr'><strong>illud</strong></span> <span class='ocrx_word' id='word_1_61' title='bbox 555 847 784 903; x_wconf 91' lang='lat' dir='ltr'><strong>multum</strong></span> <span class='ocrx_word' id='word_1_62' title='bbox 823 845 1103 915; x_wconf 82' lang='lat' dir='ltr'><strong>movebat,</strong></span> <span class='ocrx_word' id='word_1_63' title='bbox 1133 845 1274 917; x_wconf 91' lang='lat' dir='ltr'><strong>quod</strong></span> <span class='ocrx_word' id='word_1_64' title='bbox 1318 845 1524 901; x_wconf 80' lang='lat' dir='ltr'><strong>infinite</strong></span> <span class='ocrx_word' id='word_1_65' title='bbox 1569 861 1796 917; x_wconf 86' lang='lat' dir='ltr'><strong>corpora</strong></span> 
     </span>
    </p>
   </div>
   <div class='ocr_carea' id='block_1_9' title="bbox 195 937 1798 1008">
    <p class='ocr_par' dir='ltr' id='par_1_9' title="bbox 195 937 1798 1008">
     <span class='ocr_line' id='line_1_9' title="bbox 195 937 1798 1008; baseline -0.002 -12"><span class='ocrx_word' id='word_1_66' title='bbox 195 948 526 996; x_wconf 87' lang='lat' dir='ltr'><strong>secarentur.</strong></span> <span class='ocrx_word' id='word_1_67' title='bbox 559 938 655 994; x_wconf 88' lang='lat' dir='ltr'><strong>Cui</strong></span> <span class='ocrx_word' id='word_1_68' title='bbox 680 937 908 994; x_wconf 79' lang='lat' dir='ltr'><strong>fortasse</strong></span> <span class='ocrx_word' id='word_1_69' title='bbox 933 951 1252 1008; x_wconf 78' lang='lat' dir='ltr'><strong>responsum</strong></span> <span class='ocrx_word' id='word_1_70' title='bbox 1271 945 1353 993; x_wconf 90' lang='lat' dir='ltr'><strong>est</strong></span> <span class='ocrx_word' id='word_1_71' title='bbox 1370 977 1387 1006; x_wconf 96' lang='lat'><strong>,</strong></span> <span class='ocrx_word' id='word_1_72' title='bbox 1413 937 1484 994; x_wconf 90' lang='lat' dir='ltr'><strong>de</strong></span> <span class='ocrx_word' id='word_1_73' title='bbox 1507 938 1560 994; x_wconf 91' lang='lat' dir='ltr'><strong>vi</strong></span> <span class='ocrx_word' id='word_1_74' title='bbox 1583 946 1798 995; x_wconf 86' lang='lat' dir='ltr'><strong>contra-</strong></span> 
     </span>
    </p>
   </div>
   <div class='ocr_carea' id='block_1_10' title="bbox 196 1030 908 1102">
    <p class='ocr_par' dir='ltr' id='par_1_10' title="bbox 196 1030 908 1102">
     <span class='ocr_line' id='line_1_10' title="bbox 196 1030 908 1102; baseline -0.004 -15"><span class='ocrx_word' id='word_1_75' title='bbox 196 1033 279 1087; x_wconf 87' lang='lat' dir='ltr'><strong>ria</strong></span> <span class='ocrx_word' id='word_1_76' title='bbox 309 1030 654 1102; x_wconf 86' lang='lat' dir='ltr'><strong>intelligibilis</strong></span> <span class='ocrx_word' id='word_1_77' title='bbox 680 1030 908 1086; x_wconf 90' lang='lat' dir='ltr'><strong>numeri.</strong></span> 
     </span>
    </p>
   </div>
   <div class='ocr_carea' id='block_1_11' title="bbox 272 1122 1795 1197">
    <p class='ocr_par' dir='ltr' id='par_1_11' title="bbox 272 1122 1795 1197">
     <span class='ocr_line' id='line_1_11' title="bbox 272 1122 1795 1197; baseline -0.001 -15"><span class='ocrx_word' id='word_1_78' title='bbox 272 1128 327 1182; x_wconf 83' lang='lat'><strong>5.</strong></span> <span class='ocrx_word' id='word_1_79' title='bbox 371 1125 478 1183; x_wconf 85' lang='lat' dir='ltr'><strong>Sed</strong></span> <span class='ocrx_word' id='word_1_80' title='bbox 522 1133 813 1197; x_wconf 79' lang='lat' dir='ltr'><strong>exspecta;</strong></span> <span class='ocrx_word' id='word_1_81' title='bbox 852 1123 1132 1180; x_wconf 82' lang='lat' dir='ltr'><strong>videamus</strong></span> <span class='ocrx_word' id='word_1_82' title='bbox 1181 1122 1310 1195; x_wconf 92' lang='lat' dir='ltr'><strong>quid</strong></span> <span class='ocrx_word' id='word_1_83' title='bbox 1350 1125 1417 1179; x_wconf 89' lang='lat' dir='ltr'><strong>sit</strong></span> <span class='ocrx_word' id='word_1_84' title='bbox 1464 1124 1566 1180; x_wconf 92' lang='lat' dir='ltr'><strong>hoc</strong></span> <span class='ocrx_word' id='word_1_85' title='bbox 1614 1125 1795 1180; x_wconf 90' lang='lat' dir='ltr'><strong>nescio</strong></span> 
     </span>
    </p>
   </div>
   <div class='ocr_carea' id='block_1_12' title="bbox 198 1213 1795 1295">
    <p class='ocr_par' dir='ltr' id='par_1_12' title="bbox 198 1213 1795 1295">
     <span class='ocr_line' id='line_1_12' title="bbox 198 1213 1795 1295; baseline -0.001 -24"><span class='ocrx_word' id='word_1_86' title='bbox 198 1217 327 1288; x_wconf 89' lang='lat' dir='ltr'><strong>quid</strong></span> <span class='ocrx_word' id='word_1_87' title='bbox 350 1257 368 1286; x_wconf 92' lang='lat'><strong>,</strong></span> <span class='ocrx_word' id='word_1_88' title='bbox 413 1215 556 1287; x_wconf 91' lang='lat' dir='ltr'><strong>quod</strong></span> <span class='ocrx_word' id='word_1_89' title='bbox 598 1216 904 1288; x_wconf 76' lang='lat' dir='ltr'><strong>suggeritur</strong></span> <span class='ocrx_word' id='word_1_90' title='bbox 928 1213 1135 1271; x_wconf 87' lang='lat' dir='ltr'><strong>menti:</strong></span> <span class='ocrx_word' id='word_1_91' title='bbox 1159 1223 1307 1270; x_wconf 89' lang='lat' dir='ltr'><strong>certe</strong></span> <span class='ocrx_word' id='word_1_92' title='bbox 1334 1213 1604 1271; x_wconf 86' lang='lat' dir='ltr'><strong>sensibilis</strong></span> <span class='ocrx_word' id='word_1_93' title='bbox 1640 1229 1795 1295; x_wconf 82' lang='lat' dir='ltr'><strong>mun-</strong></span> 
     </span>
    </p>
   </div>
   <div class='ocr_carea' id='block_1_13' title="bbox 201 1307 1792 1380">
    <p class='ocr_par' dir='ltr' id='par_1_13' title="bbox 201 1307 1792 1380">
     <span class='ocr_line' id='line_1_13' title="bbox 201 1307 1792 1380; baseline -0.001 -15"><span class='ocrx_word' id='word_1_94' title='bbox 201 1310 300 1365; x_wconf 91' lang='lat' dir='ltr'><strong>dus</strong></span> <span class='ocrx_word' id='word_1_95' title='bbox 325 1310 510 1366; x_wconf 90' lang='lat' dir='ltr'><strong>nescio</strong></span> <span class='ocrx_word' id='word_1_96' title='bbox 537 1309 691 1380; x_wconf 89' lang='lat' dir='ltr'><strong>cujus</strong></span> <span class='ocrx_word' id='word_1_97' title='bbox 729 1308 1076 1380; x_wconf 86' lang='lat' dir='ltr'><strong>intelligibilis</strong></span> <span class='ocrx_word' id='word_1_98' title='bbox 1102 1308 1277 1378; x_wconf 81' lang='lat' dir='ltr'><strong>imago</strong></span> <span class='ocrx_word' id='word_1_99' title='bbox 1304 1322 1423 1363; x_wconf 91' lang='lat' dir='ltr'><strong>esse</strong></span> <span class='ocrx_word' id='word_1_100' title='bbox 1451 1307 1666 1363; x_wconf 91' lang='lat' dir='ltr'><strong>dicitur.</strong></span> <span class='ocrx_word' id='word_1_101' title='bbox 1693 1308 1792 1364; x_wconf 83' lang='lat' dir='ltr'><strong>Mi-</strong></span> 
     </span>
    </p>
   </div>
   <div class='ocr_carea' id='block_1_14' title="bbox 196 1399 1794 1473">
    <p class='ocr_par' dir='ltr' id='par_1_14' title="bbox 196 1399 1794 1473">
     <span class='ocr_line' id='line_1_14' title="bbox 196 1399 1794 1473; baseline -0.001 -15"><span class='ocrx_word' id='word_1_102' title='bbox 196 1418 314 1458; x_wconf 85' lang='lat' dir='ltr'><strong>rum</strong></span> <span class='ocrx_word' id='word_1_103' title='bbox 342 1411 522 1458; x_wconf 89' lang='lat' dir='ltr'><strong>autem</strong></span> <span class='ocrx_word' id='word_1_104' title='bbox 567 1411 652 1458; x_wconf 91' lang='lat' dir='ltr'><strong>est</strong></span> <span class='ocrx_word' id='word_1_105' title='bbox 691 1400 833 1473; x_wconf 92' lang='lat' dir='ltr'><strong>quod</strong></span> <span class='ocrx_word' id='word_1_106' title='bbox 877 1401 930 1455; x_wconf 91' lang='lat' dir='ltr'><strong>in</strong></span> <span class='ocrx_word' id='word_1_107' title='bbox 975 1399 1292 1471; x_wconf 77' lang='lat' dir='ltr'><strong>imaginibus</strong></span> <span class='ocrx_word' id='word_1_108' title='bbox 1336 1400 1610 1469; x_wconf 81' lang='lat' dir='ltr'><strong>videmus,</strong></span> <span class='ocrx_word' id='word_1_109' title='bbox 1663 1416 1794 1472; x_wconf 91' lang='lat' dir='ltr'><strong>quas</strong></span> 
     </span>
    </p>
   </div>
   <div class='ocr_carea' id='block_1_15' title="bbox 194 1491 1789 1566">
    <p class='ocr_par' dir='ltr' id='par_1_15' title="bbox 194 1491 1789 1566">
     <span class='ocr_line' id='line_1_15' title="bbox 194 1491 1789 1566; baseline -0.003 -16"><span class='ocrx_word' id='word_1_110' title='bbox 194 1493 414 1566; x_wconf 85' lang='lat' dir='ltr'><strong>specula</strong></span> <span class='ocrx_word' id='word_1_111' title='bbox 437 1493 679 1550; x_wconf 86' lang='lat' dir='ltr'><strong>referunt</strong></span> <span class='ocrx_word' id='word_1_112' title='bbox 703 1510 716 1547; x_wconf 89' lang='lat'><strong>:</strong></span> <span class='ocrx_word' id='word_1_113' title='bbox 751 1508 874 1547; x_wconf 90' lang='lat' dir='ltr'><strong>nam</strong></span> <span class='ocrx_word' id='word_1_114' title='bbox 895 1492 1140 1563; x_wconf 82' lang='lat' dir='ltr'><strong>quamvis</strong></span> <span class='ocrx_word' id='word_1_115' title='bbox 1168 1491 1400 1563; x_wconf 89' lang='lat' dir='ltr'><strong>ingentia</strong></span> <span class='ocrx_word' id='word_1_116' title='bbox 1424 1491 1638 1563; x_wconf 87' lang='lat' dir='ltr'><strong>specula</strong></span> <span class='ocrx_word' id='word_1_117' title='bbox 1663 1491 1789 1558; x_wconf 90' lang='lat' dir='ltr'><strong>sint,</strong></span> 
     </span>
    </p>
   </div>
   <div class='ocr_carea' id='block_1_16' title="bbox 194 1588 1794 1664">
    <p class='ocr_par' dir='ltr' id='par_1_16' title="bbox 194 1588 1794 1664">
     <span class='ocr_line' id='line_1_16' title="bbox 194 1588 1794 1664; baseline -0.001 -19"><span class='ocrx_word' id='word_1_118' title='bbox 194 1605 304 1645; x_wconf 90' lang='lat' dir='ltr'><strong>non</strong></span> <span class='ocrx_word' id='word_1_119' title='bbox 327 1589 560 1664; x_wconf 79' lang='lat' dir='ltr'><strong>reddunt</strong></span> <span class='ocrx_word' id='word_1_120' title='bbox 598 1588 829 1661; x_wconf 84' lang='lat' dir='ltr'><strong>majores</strong></span> <span class='ocrx_word' id='word_1_121' title='bbox 877 1588 1171 1660; x_wconf 75' lang='lat' dir='ltr'><strong>imagines,</strong></span> <span class='ocrx_word' id='word_1_122' title='bbox 1205 1603 1365 1659; x_wconf 90' lang='lat' dir='ltr'><strong>quam</strong></span> <span class='ocrx_word' id='word_1_123' title='bbox 1407 1598 1531 1644; x_wconf 91' lang='lat' dir='ltr'><strong>sunt</strong></span> <span class='ocrx_word' id='word_1_124' title='bbox 1568 1603 1794 1659; x_wconf 89' lang='lat' dir='ltr'><strong>corpora</strong></span> 
     </span>
    </p>
   </div>
   <div class='ocr_carea' id='block_1_17' title="bbox 195 1681 1791 1755">
    <p class='ocr_par' dir='ltr' id='par_1_17' title="bbox 195 1681 1791 1755">
     <span class='ocr_line' id='line_1_17' title="bbox 195 1681 1791 1755; baseline 0.001 -18"><span class='ocrx_word' id='word_1_125' title='bbox 195 1683 361 1737; x_wconf 88' lang='lat' dir='ltr'><strong>etiam</strong></span> <span class='ocrx_word' id='word_1_126' title='bbox 399 1681 714 1739; x_wconf 90' lang='lat' dir='ltr'><strong>brevissima</strong></span> <span class='ocrx_word' id='word_1_127' title='bbox 757 1681 988 1752; x_wconf 82' lang='lat' dir='ltr'><strong>objecta.</strong></span> <span class='ocrx_word' id='word_1_128' title='bbox 1019 1683 1078 1737; x_wconf 91' lang='lat' dir='ltr'><strong>ln</strong></span> <span class='ocrx_word' id='word_1_129' title='bbox 1120 1683 1298 1753; x_wconf 85' lang='lat' dir='ltr'><strong>parvis</strong></span> <span class='ocrx_word' id='word_1_130' title='bbox 1322 1691 1501 1738; x_wconf 90' lang='lat' dir='ltr'><strong>autem</strong></span> <span class='ocrx_word' id='word_1_131' title='bbox 1528 1684 1791 1755; x_wconf 91' lang='lat' dir='ltr'><strong>specillis,</strong></span> 
     </span>
    </p>
   </div>
   <div class='ocr_carea' id='block_1_18' title="bbox 192 1773 1796 1848">
    <p class='ocr_par' dir='ltr' id='par_1_18' title="bbox 192 1773 1796 1848">
     <span class='ocr_line' id='line_1_18' title="bbox 192 1773 1796 1848; baseline 0.002 -20"><span class='ocrx_word' id='word_1_132' title='bbox 192 1776 331 1831; x_wconf 88' lang='lat' dir='ltr'><strong>sicut</strong></span> <span class='ocrx_word' id='word_1_133' title='bbox 358 1775 413 1831; x_wconf 92' lang='lat' dir='ltr'><strong>in</strong></span> <span class='ocrx_word' id='word_1_134' title='bbox 437 1775 656 1846; x_wconf 88' lang='lat' dir='ltr'><strong>pupillis</strong></span> <span class='ocrx_word' id='word_1_135' title='bbox 683 1775 960 1831; x_wconf 92' lang='lat' dir='ltr'><strong>oculorum</strong></span> <span class='ocrx_word' id='word_1_136' title='bbox 978 1817 994 1844; x_wconf 95' lang='lat'><strong>,</strong></span> <span class='ocrx_word' id='word_1_137' title='bbox 1021 1775 1120 1831; x_wconf 91' lang='lat' dir='ltr'><strong>etsi</strong></span> <span class='ocrx_word' id='word_1_138' title='bbox 1138 1789 1330 1847; x_wconf 89' lang='lat' dir='ltr'><strong>magna</strong></span> <span class='ocrx_word' id='word_1_139' title='bbox 1360 1773 1526 1832; x_wconf 84' lang='lat' dir='ltr'><strong>facies</strong></span> <span class='ocrx_word' id='word_1_140' title='bbox 1548 1791 1667 1832; x_wconf 90' lang='lat' dir='ltr'><strong>sese</strong></span> <span class='ocrx_word' id='word_1_141' title='bbox 1694 1791 1796 1848; x_wconf 84' lang='lat' dir='ltr'><strong>op-</strong></span> 
     </span>
    </p>
   </div>
   <div class='ocr_carea' id='block_1_19' title="bbox 192 1867 1791 1940">
    <p class='ocr_par' dir='ltr' id='par_1_19' title="bbox 192 1867 1791 1940">
     <span class='ocr_line' id='line_1_19' title="bbox 192 1867 1791 1940; baseline 0.002 -17"><span class='ocrx_word' id='word_1_142' title='bbox 192 1877 392 1938; x_wconf 89' lang='lat' dir='ltr'><strong>ponat,</strong></span> <span class='ocrx_word' id='word_1_143' title='bbox 422 1869 737 1925; x_wconf 85' lang='lat' dir='ltr'><strong>brevissima</strong></span> <span class='ocrx_word' id='word_1_144' title='bbox 763 1869 937 1940; x_wconf 84' lang='lat' dir='ltr'><strong>imago</strong></span> <span class='ocrx_word' id='word_1_145' title='bbox 962 1883 1059 1939; x_wconf 89' lang='lat' dir='ltr'><strong>pro</strong></span> <span class='ocrx_word' id='word_1_146' title='bbox 1087 1867 1248 1924; x_wconf 89' lang='lat' dir='ltr'><strong>modo</strong></span> <span class='ocrx_word' id='word_1_147' title='bbox 1280 1869 1483 1940; x_wconf 90' lang='lat' dir='ltr'><strong>speculi</strong></span> <span class='ocrx_word' id='word_1_148' title='bbox 1511 1870 1791 1926; x_wconf 79' lang='lat' dir='ltr'><strong>formatur.</strong></span> 
     </span>
    </p>
   </div>
   <div class='ocr_carea' id='block_1_20' title="bbox 195 1961 1794 2033">
    <p class='ocr_par' dir='ltr' id='par_1_20' title="bbox 195 1961 1794 2033">
     <span class='ocr_line' id='line_1_20' title="bbox 195 1961 1794 2033; baseline 0.001 -17"><span class='ocrx_word' id='word_1_149' title='bbox 195 1961 342 2032; x_wconf 82' lang='lat' dir='ltr'><strong>Ergo</strong></span> <span class='ocrx_word' id='word_1_150' title='bbox 379 1973 434 2018; x_wconf 91' lang='lat' dir='ltr'><strong>et</strong></span> <span class='ocrx_word' id='word_1_151' title='bbox 469 1961 727 2033; x_wconf 88' lang='lat' dir='ltr'><strong>imagines</strong></span> <span class='ocrx_word' id='word_1_152' title='bbox 752 1977 1036 2033; x_wconf 88' lang='lat' dir='ltr'><strong>corporum</strong></span> <span class='ocrx_word' id='word_1_153' title='bbox 1080 1962 1247 2017; x_wconf 90' lang='lat' dir='ltr'><strong>minui</strong></span> <span class='ocrx_word' id='word_1_154' title='bbox 1286 1962 1442 2028; x_wconf 91' lang='lat' dir='ltr'><strong>licet,</strong></span> <span class='ocrx_word' id='word_1_155' title='bbox 1493 1963 1538 2018; x_wconf 92' lang='lat' dir='ltr'><strong>si</strong></span> <span class='ocrx_word' id='word_1_156' title='bbox 1579 1963 1794 2033; x_wconf 86' lang='lat' dir='ltr'><strong>specula</strong></span> 
     </span>
    </p>
   </div>
   <div class='ocr_carea' id='block_1_21' title="bbox 195 2053 1794 2124">
    <p class='ocr_par' dir='ltr' id='par_1_21' title="bbox 195 2053 1794 2124">
     <span class='ocr_line' id='line_1_21' title="bbox 195 2053 1794 2124; baseline 0.002 -18"><span class='ocrx_word' id='word_1_157' title='bbox 195 2054 511 2108; x_wconf 86' lang='lat' dir='ltr'><strong>minuantur</strong></span> <span class='ocrx_word' id='word_1_158' title='bbox 539 2071 552 2108; x_wconf 93' lang='lat'><strong>:</strong></span> <span class='ocrx_word' id='word_1_159' title='bbox 587 2054 802 2124; x_wconf 89' lang='lat' dir='ltr'><strong>augeri,</strong></span> <span class='ocrx_word' id='word_1_160' title='bbox 833 2054 876 2108; x_wconf 87' lang='lat' dir='ltr'><strong>si</strong></span> <span class='ocrx_word' id='word_1_161' title='bbox 899 2061 1221 2124; x_wconf 86' lang='lat' dir='ltr'><strong>augeantur,</strong></span> <span class='ocrx_word' id='word_1_162' title='bbox 1246 2069 1354 2110; x_wconf 90' lang='lat' dir='ltr'><strong>non</strong></span> <span class='ocrx_word' id='word_1_163' title='bbox 1377 2053 1518 2110; x_wconf 89' lang='lat' dir='ltr'><strong>licet.</strong></span> <span class='ocrx_word' id='word_1_164' title='bbox 1544 2054 1639 2109; x_wconf 87' lang='lat' dir='ltr'><strong>llic</strong></span> <span class='ocrx_word' id='word_1_165' title='bbox 1664 2068 1794 2124; x_wconf 84' lang='lat' dir='ltr'><strong>pro-</strong></span> 
     </span>
    </p>
   </div>
   <div class='ocr_carea' id='block_1_22' title="bbox 195 2143 1794 2217">
    <p class='ocr_par' dir='ltr' id='par_1_22' title="bbox 195 2143 1794 2217">
     <span class='ocr_line' id='line_1_22' title="bbox 195 2143 1794 2217; baseline 0.003 -20"><span class='ocrx_word' id='word_1_166' title='bbox 195 2143 338 2200; x_wconf 83' lang='lat' dir='ltr'><strong>fecto</strong></span> <span class='ocrx_word' id='word_1_167' title='bbox 365 2143 566 2214; x_wconf 88' lang='lat' dir='ltr'><strong>aliquid</strong></span> <span class='ocrx_word' id='word_1_168' title='bbox 601 2145 751 2212; x_wconf 88' lang='lat' dir='ltr'><strong>latet,</strong></span> <span class='ocrx_word' id='word_1_169' title='bbox 782 2144 877 2201; x_wconf 92' lang='lat' dir='ltr'><strong>sed</strong></span> <span class='ocrx_word' id='word_1_170' title='bbox 903 2161 1043 2200; x_wconf 92' lang='lat' dir='ltr'><strong>nunc</strong></span> <span class='ocrx_word' id='word_1_171' title='bbox 1072 2145 1447 2202; x_wconf 90' lang='lat' dir='ltr'><strong>dormiendum</strong></span> <span class='ocrx_word' id='word_1_172' title='bbox 1479 2154 1583 2202; x_wconf 90' lang='lat' dir='ltr'><strong>est.</strong></span> <span class='ocrx_word' id='word_1_173' title='bbox 1610 2144 1794 2217; x_wconf 86' lang='lat' dir='ltr'><strong>Neque</strong></span> 
     </span>
    </p>
   </div>
   <div class='ocr_carea' id='block_1_23' title="bbox 192 2235 1794 2308">
    <p class='ocr_par' dir='ltr' id='par_1_23' title="bbox 192 2235 1794 2308">
     <span class='ocr_line' id='line_1_23' title="bbox 192 2235 1794 2308; baseline 0.001 -18"><span class='ocrx_word' id='word_1_174' title='bbox 192 2238 341 2291; x_wconf 90' lang='lat' dir='ltr'><strong>enim</strong></span> <span class='ocrx_word' id='word_1_175' title='bbox 382 2235 635 2292; x_wconf 82' lang='lat' dir='ltr'><strong>Nebridio</strong></span> <span class='ocrx_word' id='word_1_176' title='bbox 658 2237 846 2292; x_wconf 88' lang='lat' dir='ltr'><strong>beatus</strong></span> <span class='ocrx_word' id='word_1_177' title='bbox 875 2237 1161 2308; x_wconf 64' lang='lat' dir='ltr'><strong>quaerendo</strong></span> <span class='ocrx_word' id='word_1_178' title='bbox 1182 2236 1379 2307; x_wconf 86' lang='lat' dir='ltr'><strong>_videor</strong></span> <span class='ocrx_word' id='word_1_179' title='bbox 1397 2280 1412 2305; x_wconf 96' lang='lat'><strong>,</strong></span> <span class='ocrx_word' id='word_1_180' title='bbox 1442 2236 1537 2292; x_wconf 85' lang='lat' dir='ltr'><strong>sed</strong></span> <span class='ocrx_word' id='word_1_181' title='bbox 1566 2235 1794 2293; x_wconf 83' lang='lat' dir='ltr'><strong>fortasse</strong></span> 
     </span>
    </p>
   </div>
   <div class='ocr_carea' id='block_1_24' title="bbox 195 2327 1794 2401">
    <p class='ocr_par' dir='ltr' id='par_1_24' title="bbox 195 2327 1794 2401">
     <span class='ocr_line' id='line_1_24' title="bbox 195 2327 1794 2401; baseline 0.002 -19"><span class='ocrx_word' id='word_1_182' title='bbox 195 2327 397 2398; x_wconf 89' lang='lat' dir='ltr'><strong>aliquid</strong></span> <span class='ocrx_word' id='word_1_183' title='bbox 429 2327 769 2384; x_wconf 88' lang='lat' dir='ltr'><strong>inveniendo.</strong></span> <span class='ocrx_word' id='word_1_184' title='bbox 797 2328 855 2384; x_wconf 92' lang='lat' dir='ltr'><strong>ld</strong></span> <span class='ocrx_word' id='word_1_185' title='bbox 880 2340 1058 2385; x_wconf 90' lang='lat' dir='ltr'><strong>autem</strong></span> <span class='ocrx_word' id='word_1_186' title='bbox 1089 2329 1288 2400; x_wconf 92' lang='lat' dir='ltr'><strong>aliquid</strong></span> <span class='ocrx_word' id='word_1_187' title='bbox 1313 2329 1438 2401; x_wconf 90' lang='lat' dir='ltr'><strong>quid</strong></span> <span class='ocrx_word' id='word_1_188' title='bbox 1459 2330 1578 2385; x_wconf 89' lang='lat' dir='ltr'><strong>est?</strong></span> <span class='ocrx_word' id='word_1_189' title='bbox 1606 2345 1673 2384; x_wconf 90' lang='lat' dir='ltr'><strong>an</strong></span> <span class='ocrx_word' id='word_1_190' title='bbox 1705 2330 1794 2385; x_wconf 88' lang='lat' dir='ltr'><strong>illa</strong></span> 
     </span>
    </p>
   </div>
   <div class='ocr_carea' id='block_1_25' title="bbox 197 2421 1789 2504">
    <p class='ocr_par' dir='ltr' id='par_1_25' title="bbox 197 2421 1789 2504">
     <span class='ocr_line' id='line_1_25' title="bbox 197 2421 1789 2504; baseline 0.001 -29"><span class='ocrx_word' id='word_1_191' title='bbox 197 2421 575 2504; x_wconf 61' lang='lat' dir='ltr'><strong>ratiocinatio.</strong></span> <span class='ocrx_word' id='word_1_192' title='bbox 603 2421 688 2476; x_wconf 91' lang='lat' dir='ltr'><strong>cui</strong></span> <span class='ocrx_word' id='word_1_193' title='bbox 715 2428 965 2492; x_wconf 86' lang='lat' dir='ltr'><strong>tauquam</strong></span> <span class='ocrx_word' id='word_1_194' title='bbox 990 2422 1161 2477; x_wconf 67' lang='lat' dir='ltr'><strong>unicae</strong></span> <span class='ocrx_word' id='word_1_195' title='bbox 1189 2437 1324 2477; x_wconf 75' lang='lat' dir='ltr'><strong>mea:</strong></span> <span class='ocrx_word' id='word_1_196' title='bbox 1356 2421 1585 2477; x_wconf 90' lang='lat' dir='ltr'><strong>blandiri</strong></span> <span class='ocrx_word' id='word_1_197' title='bbox 1609 2421 1756 2478; x_wconf 90' lang='lat' dir='ltr'><strong>soleo</strong></span> <span class='ocrx_word' id='word_1_198' title='bbox 1775 2465 1789 2489; x_wconf 97' lang='lat'><strong>,</strong></span> 
     </span>
    </p>
   </div>
   <div class='ocr_carea' id='block_1_26' title="bbox 197 2513 978 2569">
    <p class='ocr_par' dir='ltr' id='par_1_26' title="bbox 197 2513 978 2569">
     <span class='ocr_line' id='line_1_26' title="bbox 197 2513 978 2569; baseline 0.003 -2"><span class='ocrx_word' id='word_1_199' title='bbox 197 2524 254 2567; x_wconf 91' lang='lat' dir='ltr'><strong>et</strong></span> <span class='ocrx_word' id='word_1_200' title='bbox 279 2529 341 2569; x_wconf 84' lang='lat' dir='ltr'><strong>ea</strong></span> <span class='ocrx_word' id='word_1_201' title='bbox 372 2529 460 2569; x_wconf 89' lang='lat' dir='ltr'><strong>me</strong></span> <span class='ocrx_word' id='word_1_202' title='bbox 486 2513 643 2568; x_wconf 91' lang='lat' dir='ltr'><strong>nimis</strong></span> <span class='ocrx_word' id='word_1_203' title='bbox 671 2513 978 2569; x_wconf 83' lang='lat' dir='ltr'><strong>oblectare?</strong></span> 
     </span>
    </p>
   </div>
   <div class='ocr_carea' id='block_1_27' title="bbox 268 2604 1796 2677">
    <p class='ocr_par' dir='ltr' id='par_1_27' title="bbox 268 2604 1796 2677">
     <span class='ocr_line' id='line_1_27' title="bbox 268 2604 1796 2677; baseline 0.001 -17"><span class='ocrx_word' id='word_1_204' title='bbox 268 2606 322 2660; x_wconf 72' lang='grc'><strong>4.</strong></span> <span class='ocrx_word' id='word_1_205' title='bbox 357 2604 511 2661; x_wconf 85' lang='lat' dir='ltr'><strong>Unde</strong></span> <span class='ocrx_word' id='word_1_206' title='bbox 536 2605 881 2661; x_wconf 85' lang='lat' dir='ltr'><strong>constamus?</strong></span> <span class='ocrx_word' id='word_1_207' title='bbox 925 2605 1007 2660; x_wconf 79' lang='lat' dir='ltr'><strong>Ex</strong></span> <span class='ocrx_word' id='word_1_208' title='bbox 1052 2607 1232 2661; x_wconf 88' lang='lat' dir='ltr'><strong>animo</strong></span> <span class='ocrx_word' id='word_1_209' title='bbox 1279 2615 1335 2662; x_wconf 91' lang='lat' dir='ltr'><strong>et</strong></span> <span class='ocrx_word' id='word_1_210' title='bbox 1366 2620 1612 2677; x_wconf 91' lang='lat' dir='ltr'><strong>corpore.</strong></span> <span class='ocrx_word' id='word_1_211' title='bbox 1657 2605 1796 2674; x_wconf 86' lang='lat' dir='ltr'><strong>Quid</strong></span> 
     </span>
    </p>
   </div>
   <div class='ocr_carea' id='block_1_28' title="bbox 195 2695 1796 2767">
    <p class='ocr_par' dir='ltr' id='par_1_28' title="bbox 195 2695 1796 2767">
     <span class='ocr_line' id='line_1_28' title="bbox 195 2695 1796 2767; baseline 0.004 -19"><span class='ocrx_word' id='word_1_212' title='bbox 195 2695 390 2750; x_wconf 88' lang='lat' dir='ltr'><strong>horum</strong></span> <span class='ocrx_word' id='word_1_213' title='bbox 440 2696 675 2753; x_wconf 81' lang='lat' dir='ltr'><strong>melius?</strong></span> <span class='ocrx_word' id='word_1_214' title='bbox 719 2697 980 2753; x_wconf 84' lang='lat' dir='ltr'><strong>Videlicet</strong></span> <span class='ocrx_word' id='word_1_215' title='bbox 1019 2699 1249 2753; x_wconf 87' lang='lat' dir='ltr'><strong>animus.</strong></span> <span class='ocrx_word' id='word_1_216' title='bbox 1292 2697 1430 2767; x_wconf 89' lang='lat' dir='ltr'><strong>Quid</strong></span> <span class='ocrx_word' id='word_1_217' title='bbox 1482 2698 1700 2754; x_wconf 90' lang='lat' dir='ltr'><strong>laudant</strong></span> <span class='ocrx_word' id='word_1_218' title='bbox 1740 2701 1796 2756; x_wconf 92' lang='lat' dir='ltr'><strong>in</strong></span> 
     </span>
    </p>
   </div>
   <div class='ocr_carea' id='block_1_29' title="bbox 193 2787 1797 2860">
    <p class='ocr_par' dir='ltr' id='par_1_29' title="bbox 193 2787 1797 2860">
     <span class='ocr_line' id='line_1_29' title="bbox 193 2787 1797 2860; baseline 0.004 -19"><span class='ocrx_word' id='word_1_219' title='bbox 193 2788 462 2857; x_wconf 86' lang='lat' dir='ltr'><strong>corpore?</strong></span> <span class='ocrx_word' id='word_1_220' title='bbox 485 2787 630 2844; x_wconf 85' lang='lat' dir='ltr'><strong>Nihil</strong></span> <span class='ocrx_word' id='word_1_221' title='bbox 647 2788 792 2844; x_wconf 91' lang='lat' dir='ltr'><strong>aliud</strong></span> <span class='ocrx_word' id='word_1_222' title='bbox 809 2789 963 2845; x_wconf 92' lang='lat' dir='ltr'><strong>video</strong></span> <span class='ocrx_word' id='word_1_223' title='bbox 983 2804 1143 2860; x_wconf 88' lang='lat' dir='ltr'><strong>quam</strong></span> <span class='ocrx_word' id='word_1_224' title='bbox 1165 2789 1633 2860; x_wconf 84' lang='lat' dir='ltr'><strong>pulchritudinem.</strong></span> <span class='ocrx_word' id='word_1_225' title='bbox 1657 2789 1797 2858; x_wconf 86' lang='lat' dir='ltr'><strong>Quid</strong></span> 
     </span>
    </p>
   </div>
   <div class='ocr_carea' id='block_1_30' title="bbox 193 2884 1795 2958">
    <p class='ocr_par' dir='ltr' id='par_1_30' title="bbox 193 2884 1795 2958">
     <span class='ocr_line' id='line_1_30' title="bbox 193 2884 1795 2958; baseline 0 -18"><span class='ocrx_word' id='word_1_226' title='bbox 193 2894 282 2940; x_wconf 90' lang='lat' dir='ltr'><strong>est</strong></span> <span class='ocrx_word' id='word_1_227' title='bbox 304 2887 545 2956; x_wconf 87' lang='lat' dir='ltr'><strong>corporis</strong></span> <span class='ocrx_word' id='word_1_228' title='bbox 585 2885 966 2956; x_wconf 88' lang='lat' dir='ltr'><strong>pulchritudo?</strong></span> <span class='ocrx_word' id='word_1_229' title='bbox 1011 2884 1371 2958; x_wconf 85' lang='lat' dir='ltr'><strong>Congruentia</strong></span> <span class='ocrx_word' id='word_1_230' title='bbox 1401 2887 1629 2958; x_wconf 90' lang='lat' dir='ltr'><strong>partium</strong></span> <span class='ocrx_word' id='word_1_231' title='bbox 1673 2900 1795 2941; x_wconf 90' lang='lat' dir='ltr'><strong>cum</strong></span> 
     </span>
    </p>
   </div>
   <div class='ocr_carea' id='block_1_31' title="bbox 193 2976 1792 3044">
    <p class='ocr_par' dir='ltr' id='par_1_31' title="bbox 193 2976 1792 3044">
     <span class='ocr_line' id='line_1_31' title="bbox 193 2976 1792 3044; baseline 0.001 -14"><span class='ocrx_word' id='word_1_232' title='bbox 193 2978 424 3044; x_wconf 84' lang='lat' dir='ltr'><strong>quadam</strong></span> <span class='ocrx_word' id='word_1_233' title='bbox 452 2977 646 3032; x_wconf 91' lang='lat' dir='ltr'><strong>coloris</strong></span> <span class='ocrx_word' id='word_1_234' title='bbox 675 2977 955 3033; x_wconf 78' lang='lat' dir='ltr'><strong>suavitate.</strong></span> <span class='ocrx_word' id='word_1_235' title='bbox 985 2977 1109 3032; x_wconf 87' lang='lat' dir='ltr'><strong>llaec</strong></span> <span class='ocrx_word' id='word_1_236' title='bbox 1129 2976 1299 3032; x_wconf 90' lang='lat' dir='ltr'><strong>forma</strong></span> <span class='ocrx_word' id='word_1_237' title='bbox 1321 2977 1410 3032; x_wconf 89' lang='lat' dir='ltr'><strong>ubi</strong></span> <span class='ocrx_word' id='word_1_238' title='bbox 1434 2991 1556 3033; x_wconf 90' lang='lat' dir='ltr'><strong>vera</strong></span> <span class='ocrx_word' id='word_1_239' title='bbox 1583 2978 1792 3043; x_wconf 91' lang='lat' dir='ltr'><strong>melior,</strong></span> 
     </span>
    </p>
   </div>
   <div class='ocr_carea' id='block_1_32' title="bbox 195 3066 1795 3135">
    <p class='ocr_par' dir='ltr' id='par_1_32' title="bbox 195 3066 1795 3135">
     <span class='ocr_line' id='line_1_32' title="bbox 195 3066 1795 3135; baseline 0.002 -15"><span class='ocrx_word' id='word_1_240' title='bbox 195 3082 265 3122; x_wconf 89' lang='lat' dir='ltr'><strong>an</strong></span> <span class='ocrx_word' id='word_1_241' title='bbox 295 3068 382 3123; x_wconf 91' lang='lat' dir='ltr'><strong>ubi</strong></span> <span class='ocrx_word' id='word_1_242' title='bbox 413 3066 591 3122; x_wconf 87' lang='lat' dir='ltr'><strong>falsa?</strong></span> <span class='ocrx_word' id='word_1_243' title='bbox 635 3068 765 3135; x_wconf 91' lang='lat' dir='ltr'><strong>Quis</strong></span> <span class='ocrx_word' id='word_1_244' title='bbox 790 3068 997 3123; x_wconf 86' lang='lat' dir='ltr'><strong>dubitet</strong></span> <span class='ocrx_word' id='word_1_245' title='bbox 1021 3069 1110 3123; x_wconf 92' lang='lat' dir='ltr'><strong>ubi</strong></span> <span class='ocrx_word' id='word_1_246' title='bbox 1136 3083 1264 3124; x_wconf 89' lang='lat' dir='ltr'><strong>vera</strong></span> <span class='ocrx_word' id='word_1_247' title='bbox 1301 3079 1413 3135; x_wconf 89' lang='lat' dir='ltr'><strong>est,</strong></span> <span class='ocrx_word' id='word_1_248' title='bbox 1455 3084 1574 3125; x_wconf 88' lang='lat' dir='ltr'><strong>esse</strong></span> <span class='ocrx_word' id='word_1_249' title='bbox 1603 3070 1795 3124; x_wconf 88' lang='lat' dir='ltr'><strong>melio-</strong></span> 
     </span>
    </p>
   </div>
   <div class='ocr_carea' id='block_1_33' title="bbox 195 3159 1797 3232">
    <p class='ocr_par' dir='ltr' id='par_1_33' title="bbox 195 3159 1797 3232">
     <span class='ocr_line' id='line_1_33' title="bbox 195 3159 1797 3232; baseline 0.002 -18"><span class='ocrx_word' id='word_1_250' title='bbox 195 3160 348 3214; x_wconf 85' lang='lat' dir='ltr'><strong>rem?</strong></span> <span class='ocrx_word' id='word_1_251' title='bbox 376 3159 476 3217; x_wconf 87' lang='lat' dir='ltr'><strong>Ubi</strong></span> <span class='ocrx_word' id='word_1_252' title='bbox 505 3177 631 3232; x_wconf 85' lang='lat' dir='ltr'><strong>ergo</strong></span> <span class='ocrx_word' id='word_1_253' title='bbox 662 3177 788 3217; x_wconf 91' lang='lat' dir='ltr'><strong>vera</strong></span> <span class='ocrx_word' id='word_1_254' title='bbox 820 3161 935 3216; x_wconf 89' lang='lat' dir='ltr'><strong>est?</strong></span> <span class='ocrx_word' id='word_1_255' title='bbox 984 3162 1041 3217; x_wconf 91' lang='lat' dir='ltr'><strong>ln</strong></span> <span class='ocrx_word' id='word_1_256' title='bbox 1081 3162 1260 3216; x_wconf 88' lang='lat' dir='ltr'><strong>animo</strong></span> <span class='ocrx_word' id='word_1_257' title='bbox 1303 3162 1524 3218; x_wconf 88' lang='lat' dir='ltr'><strong>scilicet.</strong></span> <span class='ocrx_word' id='word_1_258' title='bbox 1569 3164 1797 3218; x_wconf 83' lang='lat' dir='ltr'><strong>Animus</strong></span> 
     </span>
    </p>
   </div>
   <div class='ocr_carea' id='block_1_34' title="bbox 193 3251 1796 3326">
    <p class='ocr_par' dir='ltr' id='par_1_34' title="bbox 193 3251 1796 3326">
     <span class='ocr_line' id='line_1_34' title="bbox 193 3251 1796 3326; baseline 0.003 -21"><span class='ocrx_word' id='word_1_259' title='bbox 193 3251 359 3326; x_wconf 78' lang='lat' dir='ltr'><strong>igitur</strong></span> <span class='ocrx_word' id='word_1_260' title='bbox 404 3253 572 3323; x_wconf 85' lang='lat' dir='ltr'><strong>magis</strong></span> <span class='ocrx_word' id='word_1_261' title='bbox 602 3252 861 3308; x_wconf 90' lang='lat' dir='ltr'><strong>amandus</strong></span> <span class='ocrx_word' id='word_1_262' title='bbox 886 3263 968 3308; x_wconf 89' lang='lat' dir='ltr'><strong>est</strong></span> <span class='ocrx_word' id='word_1_263' title='bbox 999 3269 1156 3324; x_wconf 85' lang='lat' dir='ltr'><strong>quam</strong></span> <span class='ocrx_word' id='word_1_264' title='bbox 1188 3269 1402 3324; x_wconf 92' lang='lat' dir='ltr'><strong>corpus.</strong></span> <span class='ocrx_word' id='word_1_265' title='bbox 1437 3254 1543 3310; x_wconf 89' lang='lat' dir='ltr'><strong>Sed</strong></span> <span class='ocrx_word' id='word_1_266' title='bbox 1588 3255 1640 3309; x_wconf 91' lang='lat' dir='ltr'><strong>in</strong></span> <span class='ocrx_word' id='word_1_267' title='bbox 1691 3270 1796 3326; x_wconf 91' lang='lat' dir='ltr'><strong>qua</strong></span> 
     </span>
    </p>
   </div>
   <div class='ocr_carea' id='block_1_35' title="bbox 197 3324 1798 3417">
    <p class='ocr_par' dir='ltr' id='par_1_35' title="bbox 197 3324 1798 3417">
     <span class='ocr_line' id='line_1_35' title="bbox 197 3324 1798 3417; baseline 0.005 -23"><span class='ocrx_word' id='word_1_268' title='bbox 197 3324 356 3411; x_wconf 78' lang='lat' dir='ltr'><strong>parte</strong></span> <span class='ocrx_word' id='word_1_269' title='bbox 375 3343 537 3398; x_wconf 89' lang='lat' dir='ltr'><strong>animi</strong></span> <span class='ocrx_word' id='word_1_270' title='bbox 568 3342 665 3398; x_wconf 89' lang='lat' dir='ltr'><strong>ista</strong></span> <span class='ocrx_word' id='word_1_271' title='bbox 684 3352 767 3399; x_wconf 90' lang='lat' dir='ltr'><strong>est</strong></span> <span class='ocrx_word' id='word_1_272' title='bbox 787 3344 1016 3399; x_wconf 89' lang='lat' dir='ltr'><strong>veritas?</strong></span> <span class='ocrx_word' id='word_1_273' title='bbox 1036 3343 1092 3398; x_wconf 89' lang='lat' dir='ltr'><strong>lu</strong></span> <span class='ocrx_word' id='word_1_274' title='bbox 1115 3354 1294 3400; x_wconf 89' lang='lat' dir='ltr'><strong>mente</strong></span> <span class='ocrx_word' id='word_1_275' title='bbox 1318 3355 1479 3415; x_wconf 86' lang='lat' dir='ltr'><strong>atque</strong></span> <span class='ocrx_word' id='word_1_276' title='bbox 1499 3347 1798 3417; x_wconf 86' lang='lat' dir='ltr'><strong>intelligen-</strong></span> 
     </span>
    </p>
   </div>
   <div class='ocr_carea' id='block_1_36' title="bbox 197 3435 1796 3511">
    <p class='ocr_par' dir='ltr' id='par_1_36' title="bbox 197 3435 1796 3511">
     <span class='ocr_line' id='line_1_36' title="bbox 197 3435 1796 3511; baseline 0.004 -23"><span class='ocrx_word' id='word_1_277' title='bbox 197 3436 292 3489; x_wconf 84' lang='lat' dir='ltr'><strong>tia.</strong></span> <span class='ocrx_word' id='word_1_278' title='bbox 323 3435 462 3503; x_wconf 88' lang='lat' dir='ltr'><strong>Quid</strong></span> <span class='ocrx_word' id='word_1_279' title='bbox 489 3436 614 3492; x_wconf 88' lang='lat' dir='ltr'><strong>huic</strong></span> <span class='ocrx_word' id='word_1_280' title='bbox 637 3437 988 3493; x_wconf 89' lang='lat' dir='ltr'><strong>adversatur?</strong></span> <span class='ocrx_word' id='word_1_281' title='bbox 1013 3438 1234 3494; x_wconf 90' lang='lat' dir='ltr'><strong>Sensus.</strong></span> <span class='ocrx_word' id='word_1_282' title='bbox 1265 3438 1640 3495; x_wconf 83' lang='lat' dir='ltr'><strong>Resistendum</strong></span> <span class='ocrx_word' id='word_1_283' title='bbox 1668 3455 1796 3511; x_wconf 80' lang='lat' dir='ltr'><strong>ergo</strong></span> 
     </span>
    </p>
   </div>
   <div class='ocr_carea' id='block_1_37' title="bbox 197 3528 1795 3600">
    <p class='ocr_par' dir='ltr' id='par_1_37' title="bbox 197 3528 1795 3600">
     <span class='ocr_line' id='line_1_37' title="bbox 197 3528 1795 3600; baseline 0.003 -18"><span class='ocrx_word' id='word_1_284' title='bbox 197 3528 447 3584; x_wconf 87' lang='lat' dir='ltr'><strong>sensibus</strong></span> <span class='ocrx_word' id='word_1_285' title='bbox 475 3529 600 3584; x_wconf 87' lang='lat' dir='ltr'><strong>totis</strong></span> <span class='ocrx_word' id='word_1_286' title='bbox 629 3529 792 3584; x_wconf 91' lang='lat' dir='ltr'><strong>animi</strong></span> <span class='ocrx_word' id='word_1_287' title='bbox 822 3530 1057 3585; x_wconf 87' lang='lat' dir='ltr'><strong>viribus?</strong></span> <span class='ocrx_word' id='word_1_288' title='bbox 1077 3529 1288 3600; x_wconf 87' lang='lat' dir='ltr'><strong>Liquet.</strong></span> <span class='ocrx_word' id='word_1_289' title='bbox 1304 3529 1441 3597; x_wconf 90' lang='lat' dir='ltr'><strong>Quid</strong></span> <span class='ocrx_word' id='word_1_290' title='bbox 1459 3532 1502 3586; x_wconf 89' lang='lat' dir='ltr'><strong>si</strong></span> <span class='ocrx_word' id='word_1_291' title='bbox 1524 3532 1795 3587; x_wconf 88' lang='lat' dir='ltr'><strong>sensibilia</strong></span> 
     </span>
    </p>
   </div>
   <div class='ocr_carea' id='block_1_38' title="bbox 195 3622 1796 3680">
    <p class='ocr_par' dir='ltr' id='par_1_38' title="bbox 195 3622 1796 3680">
     <span class='ocr_line' id='line_1_38' title="bbox 195 3622 1796 3680; baseline 0.002 -5"><span class='ocrx_word' id='word_1_292' title='bbox 195 3622 423 3677; x_wconf 87' lang='lat' dir='ltr'><strong>nimium</strong></span> <span class='ocrx_word' id='word_1_293' title='bbox 451 3622 759 3679; x_wconf 88' lang='lat' dir='ltr'><strong>delectant?</strong></span> <span class='ocrx_word' id='word_1_294' title='bbox 788 3622 904 3678; x_wconf 87' lang='lat' dir='ltr'><strong>Fiat</strong></span> <span class='ocrx_word' id='word_1_295' title='bbox 947 3633 1006 3678; x_wconf 92' lang='lat' dir='ltr'><strong>ut</strong></span> <span class='ocrx_word' id='word_1_296' title='bbox 1049 3638 1154 3679; x_wconf 93' lang='lat' dir='ltr'><strong>non</strong></span> <span class='ocrx_word' id='word_1_297' title='bbox 1194 3623 1482 3680; x_wconf 84' lang='lat' dir='ltr'><strong>delectent.</strong></span> <span class='ocrx_word' id='word_1_298' title='bbox 1517 3623 1669 3679; x_wconf 90' lang='lat' dir='ltr'><strong>Unde</strong></span> <span class='ocrx_word' id='word_1_299' title='bbox 1698 3625 1796 3679; x_wconf 85' lang='lat' dir='ltr'><strong>fit?</strong></span> 
     </span>
    </p>
   </div>
   <div class='ocr_carea' id='block_1_39' title="bbox 193 3715 1795 3788">
    <p class='ocr_par' dir='ltr' id='par_1_39' title="bbox 193 3715 1795 3788">
     <span class='ocr_line' id='line_1_39' title="bbox 193 3715 1795 3788; baseline 0.004 -20"><span class='ocrx_word' id='word_1_300' title='bbox 193 3715 600 3771; x_wconf 86' lang='lat' dir='ltr'><strong>Consuetudine</strong></span> <span class='ocrx_word' id='word_1_301' title='bbox 631 3717 694 3772; x_wconf 91' lang='lat' dir='ltr'><strong>iis</strong></span> <span class='ocrx_word' id='word_1_302' title='bbox 720 3716 937 3772; x_wconf 91' lang='lat' dir='ltr'><strong>carendi</strong></span> <span class='ocrx_word' id='word_1_303' title='bbox 965 3716 1356 3788; x_wconf 90' lang='lat' dir='ltr'><strong>appetendique</strong></span> <span class='ocrx_word' id='word_1_304' title='bbox 1384 3718 1626 3773; x_wconf 88' lang='lat' dir='ltr'><strong>meliora.</strong></span> <span class='ocrx_word' id='word_1_305' title='bbox 1657 3718 1795 3786; x_wconf 89' lang='lat' dir='ltr'><strong>Quid</strong></span> 
     </span>
    </p>
   </div>
   <div class='ocr_carea' id='block_1_40' title="bbox 192 3810 1798 3882">
    <p class='ocr_par' dir='ltr' id='par_1_40' title="bbox 192 3810 1798 3882">
     <span class='ocr_line' id='line_1_40' title="bbox 192 3810 1798 3882; baseline 0.001 -17"><span class='ocrx_word' id='word_1_306' title='bbox 192 3811 238 3865; x_wconf 88' lang='lat' dir='ltr'><strong>si</strong></span> <span class='ocrx_word' id='word_1_307' title='bbox 267 3810 498 3866; x_wconf 74' lang='lat' dir='ltr'><strong>moritur</strong></span> <span class='ocrx_word' id='word_1_308' title='bbox 523 3810 773 3866; x_wconf 91' lang='lat' dir='ltr'><strong>animus?</strong></span> <span class='ocrx_word' id='word_1_309' title='bbox 801 3810 943 3882; x_wconf 86' lang='lat' dir='ltr'><strong>Ergo</strong></span> <span class='ocrx_word' id='word_1_310' title='bbox 965 3811 1190 3866; x_wconf 90' lang='lat' dir='ltr'><strong>moritur</strong></span> <span class='ocrx_word' id='word_1_311' title='bbox 1214 3811 1443 3880; x_wconf 89' lang='lat' dir='ltr'><strong>veritas,</strong></span> <span class='ocrx_word' id='word_1_312' title='bbox 1467 3820 1558 3866; x_wconf 89' lang='lat' dir='ltr'><strong>aut</strong></span> <span class='ocrx_word' id='word_1_313' title='bbox 1587 3827 1690 3866; x_wconf 94' lang='lat' dir='ltr'><strong>non</strong></span> <span class='ocrx_word' id='word_1_314' title='bbox 1712 3819 1798 3868; x_wconf 85' lang='lat' dir='ltr'><strong>est</strong></span> 
     </span>
    </p>
   </div>
   <div class='ocr_carea' id='block_1_41' title="bbox 192 3902 1795 3973">
    <p class='ocr_par' dir='ltr' id='par_1_41' title="bbox 192 3902 1795 3973">
     <span class='ocr_line' id='line_1_41' title="bbox 192 3902 1795 3973; baseline 0.002 -17"><span class='ocrx_word' id='word_1_315' title='bbox 192 3902 552 3973; x_wconf 88' lang='lat' dir='ltr'><strong>intelligentia</strong></span> <span class='ocrx_word' id='word_1_316' title='bbox 601 3902 838 3971; x_wconf 80' lang='lat' dir='ltr'><strong>veritas,</strong></span> <span class='ocrx_word' id='word_1_317' title='bbox 888 3911 980 3956; x_wconf 91' lang='lat' dir='ltr'><strong>aut</strong></span> <span class='ocrx_word' id='word_1_318' title='bbox 1033 3902 1381 3973; x_wconf 88' lang='lat' dir='ltr'><strong>intelligentia</strong></span> <span class='ocrx_word' id='word_1_319' title='bbox 1434 3917 1539 3959; x_wconf 92' lang='lat' dir='ltr'><strong>non</strong></span> <span class='ocrx_word' id='word_1_320' title='bbox 1599 3912 1682 3958; x_wconf 89' lang='lat' dir='ltr'><strong>est</strong></span> <span class='ocrx_word' id='word_1_321' title='bbox 1741 3904 1795 3959; x_wconf 90' lang='lat' dir='ltr'><strong>in</strong></span> 
     </span>
    </p>
   </div>
   <div class='ocr_carea' id='block_1_42' title="bbox 191 3993 1796 4065">
    <p class='ocr_par' dir='ltr' id='par_1_42' title="bbox 191 3993 1796 4065">
     <span class='ocr_line' id='line_1_42' title="bbox 191 3993 1796 4065; baseline 0.002 -19"><span class='ocrx_word' id='word_1_322' title='bbox 191 3995 421 4061; x_wconf 80' lang='lat' dir='ltr'><strong>animo,</strong></span> <span class='ocrx_word' id='word_1_323' title='bbox 458 4002 550 4049; x_wconf 90' lang='lat' dir='ltr'><strong>aut</strong></span> <span class='ocrx_word' id='word_1_324' title='bbox 577 4003 753 4065; x_wconf 86' lang='lat' dir='ltr'><strong>potest</strong></span> <span class='ocrx_word' id='word_1_325' title='bbox 783 3994 917 4048; x_wconf 92' lang='lat' dir='ltr'><strong>mori</strong></span> <span class='ocrx_word' id='word_1_326' title='bbox 959 3993 1158 4064; x_wconf 84' lang='lat' dir='ltr'><strong>aliquid</strong></span> <span class='ocrx_word' id='word_1_327' title='bbox 1200 3994 1252 4047; x_wconf 93' lang='lat' dir='ltr'><strong>in</strong></span> <span class='ocrx_word' id='word_1_328' title='bbox 1304 4008 1411 4064; x_wconf 90' lang='lat' dir='ltr'><strong>quo</strong></span> <span class='ocrx_word' id='word_1_329' title='bbox 1455 3994 1652 4065; x_wconf 88' lang='lat' dir='ltr'><strong>aliquid</strong></span> <span class='ocrx_word' id='word_1_330' title='bbox 1693 3995 1796 4050; x_wconf 90' lang='lat' dir='ltr'><strong>im-</strong></span> 
     </span>
    </p>
   </div>
   <div class='ocr_carea' id='block_1_43' title="bbox 191 4084 1792 4157">
    <p class='ocr_par' dir='ltr' id='par_1_43' title="bbox 191 4084 1792 4157">
     <span class='ocr_line' id='line_1_43' title="bbox 191 4084 1792 4157; baseline 0.002 -19"><span class='ocrx_word' id='word_1_331' title='bbox 191 4084 434 4141; x_wconf 86' lang='lat' dir='ltr'><strong>mortale</strong></span> <span class='ocrx_word' id='word_1_332' title='bbox 454 4094 535 4140; x_wconf 86' lang='lat' dir='ltr'><strong>est</strong></span> <span class='ocrx_word' id='word_1_333' title='bbox 559 4103 572 4139; x_wconf 90' lang='lat'><strong>:</strong></span> <span class='ocrx_word' id='word_1_334' title='bbox 603 4085 734 4140; x_wconf 89' lang='lat' dir='ltr'><strong>nihil</strong></span> <span class='ocrx_word' id='word_1_335' title='bbox 760 4095 939 4141; x_wconf 91' lang='lat' dir='ltr'><strong>autem</strong></span> <span class='ocrx_word' id='word_1_336' title='bbox 967 4085 1157 4140; x_wconf 90' lang='lat' dir='ltr'><strong>horum</strong></span> <span class='ocrx_word' id='word_1_337' title='bbox 1180 4085 1294 4140; x_wconf 85' lang='lat' dir='ltr'><strong>ﬁeri</strong></span> <span class='ocrx_word' id='word_1_338' title='bbox 1323 4100 1484 4157; x_wconf 91' lang='lat' dir='ltr'><strong>posse</strong></span> <span class='ocrx_word' id='word_1_339' title='bbox 1503 4085 1792 4156; x_wconf 90' lang='lat' dir='ltr'><strong>Soliloquia</strong></span> 
     </span>
    </p>
   </div>
   <div class='ocr_carea' id='block_1_44' title="bbox 193 4175 1794 4248">
    <p class='ocr_par' dir='ltr' id='par_1_44' title="bbox 193 4175 1794 4248">
     <span class='ocr_line' id='line_1_44' title="bbox 193 4175 1794 4248; baseline 0.001 -17"><span class='ocrx_word' id='word_1_340' title='bbox 193 4186 385 4232; x_wconf 85' lang='lat' dir='ltr'><strong>nostra</strong></span> <span class='ocrx_word' id='word_1_341' title='bbox 417 4175 528 4248; x_wconf 89' lang='lat' dir='ltr'><strong>jam</strong></span> <span class='ocrx_word' id='word_1_342' title='bbox 553 4179 866 4241; x_wconf 87' lang='lat' dir='ltr'><strong>continent,</strong></span> <span class='ocrx_word' id='word_1_343' title='bbox 910 4178 1148 4246; x_wconf 88' lang='lat' dir='ltr'><strong>satisque</strong></span> <span class='ocrx_word' id='word_1_344' title='bbox 1176 4192 1489 4247; x_wconf 88' lang='lat' dir='ltr'><strong>persuasum</strong></span> <span class='ocrx_word' id='word_1_345' title='bbox 1530 4188 1650 4245; x_wconf 86' lang='lat' dir='ltr'><strong>est;</strong></span> <span class='ocrx_word' id='word_1_346' title='bbox 1698 4179 1794 4233; x_wconf 90' lang='lat' dir='ltr'><strong>sed</strong></span> 
     </span>
    </p>
   </div>
   <div class='ocr_carea' id='block_1_45' title="bbox 193 4268 1792 4340">
    <p class='ocr_par' dir='ltr' id='par_1_45' title="bbox 193 4268 1792 4340">
     <span class='ocr_line' id='line_1_45' title="bbox 193 4268 1792 4340; baseline 0.003 -19"><span class='ocrx_word' id='word_1_347' title='bbox 193 4269 384 4324; x_wconf 86' lang='lat' dir='ltr'><strong>nescio</strong></span> <span class='ocrx_word' id='word_1_348' title='bbox 421 4285 523 4340; x_wconf 88' lang='lat' dir='ltr'><strong>qua</strong></span> <span class='ocrx_word' id='word_1_349' title='bbox 553 4268 939 4324; x_wconf 85' lang='lat' dir='ltr'><strong>consuetudine</strong></span> <span class='ocrx_word' id='word_1_350' title='bbox 974 4269 1236 4324; x_wconf 90' lang='lat' dir='ltr'><strong>malorum</strong></span> <span class='ocrx_word' id='word_1_351' title='bbox 1279 4269 1588 4325; x_wconf 87' lang='lat' dir='ltr'><strong>territamur</strong></span> <span class='ocrx_word' id='word_1_352' title='bbox 1633 4278 1792 4340; x_wconf 84' lang='lat' dir='ltr'><strong>atque</strong></span> 
     </span>
    </p>
   </div>
   <div class='ocr_carea' id='block_1_46' title="bbox 191 4361 1792 4435">
    <p class='ocr_par' dir='ltr' id='par_1_46' title="bbox 191 4361 1792 4435">
     <span class='ocr_line' id='line_1_46' title="bbox 191 4361 1792 4435; baseline 0.003 -21"><span class='ocrx_word' id='word_1_353' title='bbox 191 4361 510 4418; x_wconf 86' lang='lat' dir='ltr'><strong>titubamus.</strong></span> <span class='ocrx_word' id='word_1_354' title='bbox 555 4361 835 4419; x_wconf 82' lang='lat' dir='ltr'><strong>Postremo</strong></span> <span class='ocrx_word' id='word_1_355' title='bbox 860 4363 1071 4417; x_wconf 86' lang='lat' dir='ltr'><strong>etiamsi</strong></span> <span class='ocrx_word' id='word_1_356' title='bbox 1100 4363 1326 4418; x_wconf 88' lang='lat' dir='ltr'><strong>moritur</strong></span> <span class='ocrx_word' id='word_1_357' title='bbox 1353 4363 1597 4433; x_wconf 89' lang='lat' dir='ltr'><strong>animus,</strong></span> <span class='ocrx_word' id='word_1_358' title='bbox 1647 4364 1792 4435; x_wconf 90' lang='lat' dir='ltr'><strong>quod</strong></span> 
     </span>
    </p>
   </div>
   <div class='ocr_carea' id='block_1_47' title="bbox 193 4453 1790 4524">
    <p class='ocr_par' dir='ltr' id='par_1_47' title="bbox 193 4453 1790 4524">
     <span class='ocr_line' id='line_1_47' title="bbox 193 4453 1790 4524; baseline 0.003 -19"><span class='ocrx_word' id='word_1_359' title='bbox 193 4453 349 4507; x_wconf 88' lang='lat' dir='ltr'><strong>nullo</strong></span> <span class='ocrx_word' id='word_1_360' title='bbox 375 4453 536 4508; x_wconf 88' lang='lat' dir='ltr'><strong>modo</strong></span> <span class='ocrx_word' id='word_1_361' title='bbox 563 4468 721 4524; x_wconf 92' lang='lat' dir='ltr'><strong>posse</strong></span> <span class='ocrx_word' id='word_1_362' title='bbox 745 4453 859 4508; x_wconf 79' lang='lat' dir='ltr'><strong>fieri</strong></span> <span class='ocrx_word' id='word_1_363' title='bbox 889 4453 1066 4521; x_wconf 88' lang='lat' dir='ltr'><strong>video,</strong></span> <span class='ocrx_word' id='word_1_364' title='bbox 1097 4470 1204 4509; x_wconf 91' lang='lat' dir='ltr'><strong>non</strong></span> <span class='ocrx_word' id='word_1_365' title='bbox 1231 4469 1351 4510; x_wconf 85' lang='lat' dir='ltr'><strong>esse</strong></span> <span class='ocrx_word' id='word_1_366' title='bbox 1374 4465 1553 4512; x_wconf 92' lang='lat' dir='ltr'><strong>tamen</strong></span> <span class='ocrx_word' id='word_1_367' title='bbox 1579 4456 1790 4511; x_wconf 88' lang='lat' dir='ltr'><strong>beatam</strong></span> 
     </span>
    </p>
   </div>
   <div class='ocr_carea' id='block_1_48' title="bbox 192 4544 1792 4620">
    <p class='ocr_par' dir='ltr' id='par_1_48' title="bbox 192 4544 1792 4620">
     <span class='ocr_line' id='line_1_48' title="bbox 192 4544 1792 4620; baseline 0.004 -23"><span class='ocrx_word' id='word_1_368' title='bbox 192 4545 362 4598; x_wconf 76' lang='lat' dir='ltr'><strong>vitam</strong></span> <span class='ocrx_word' id='word_1_369' title='bbox 389 4544 439 4598; x_wconf 93' lang='lat' dir='ltr'><strong>in</strong></span> <span class='ocrx_word' id='word_1_370' title='bbox 461 4545 645 4600; x_wconf 67' lang='lat' dir='ltr'><strong>laetitia</strong></span> <span class='ocrx_word' id='word_1_371' title='bbox 678 4545 1028 4614; x_wconf 91' lang='lat' dir='ltr'><strong>sensibilium,</strong></span> <span class='ocrx_word' id='word_1_372' title='bbox 1053 4546 1156 4601; x_wconf 88' lang='lat' dir='ltr'><strong>hoc</strong></span> <span class='ocrx_word' id='word_1_373' title='bbox 1175 4547 1284 4601; x_wconf 93' lang='lat' dir='ltr'><strong>otio</strong></span> <span class='ocrx_word' id='word_1_374' title='bbox 1313 4548 1442 4602; x_wconf 91' lang='lat' dir='ltr'><strong>satis</strong></span> <span class='ocrx_word' id='word_1_375' title='bbox 1457 4547 1792 4620; x_wconf 81' lang='lat' dir='ltr'><strong>exploratum</strong></span> 
     </span>
    </p>
   </div>
   <div class='ocr_carea' id='block_1_49' title="bbox 193 4636 1792 4709">
    <p class='ocr_par' dir='ltr' id='par_1_49' title="bbox 193 4636 1792 4709">
     <span class='ocr_line' id='line_1_49' title="bbox 193 4636 1792 4709; baseline 0.004 -19"><span class='ocrx_word' id='word_1_376' title='bbox 193 4646 303 4691; x_wconf 82' lang='lat' dir='ltr'><strong>cst.</strong></span> <span class='ocrx_word' id='word_1_377' title='bbox 335 4636 432 4692; x_wconf 89' lang='lat' dir='ltr'><strong>llis</strong></span> <span class='ocrx_word' id='word_1_378' title='bbox 468 4636 634 4692; x_wconf 90' lang='lat' dir='ltr'><strong>rebus</strong></span> <span class='ocrx_word' id='word_1_379' title='bbox 657 4636 882 4693; x_wconf 86' lang='lat' dir='ltr'><strong>fortasse</strong></span> <span class='ocrx_word' id='word_1_380' title='bbox 910 4648 1070 4709; x_wconf 90' lang='lat' dir='ltr'><strong>atque</strong></span> <span class='ocrx_word' id='word_1_381' title='bbox 1095 4639 1286 4694; x_wconf 91' lang='lat' dir='ltr'><strong>talibus</strong></span> <span class='ocrx_word' id='word_1_382' title='bbox 1314 4639 1566 4697; x_wconf 89' lang='lat' dir='ltr'><strong>Nebridio</strong></span> <span class='ocrx_word' id='word_1_383' title='bbox 1600 4657 1721 4696; x_wconf 88' lang='lat' dir='ltr'><strong>meo</strong></span> <span class='ocrx_word' id='word_1_384' title='bbox 1745 4642 1792 4698; x_wconf 92' lang='lat' dir='ltr'><strong>si</strong></span> 
     </span>
    </p>
   </div>
   <div class='ocr_carea' id='block_1_50' title="bbox 191 4728 1794 4800">
    <p class='ocr_par' dir='ltr' id='par_1_50' title="bbox 191 4728 1794 4800">
     <span class='ocr_line' id='line_1_50' title="bbox 191 4728 1794 4800; baseline 0.006 -20"><span class='ocrx_word' id='word_1_385' title='bbox 191 4744 303 4782; x_wconf 88' lang='lat' dir='ltr'><strong>non</strong></span> <span class='ocrx_word' id='word_1_386' title='bbox 343 4728 565 4795; x_wconf 87' lang='lat' dir='ltr'><strong>beatus,</strong></span> <span class='ocrx_word' id='word_1_387' title='bbox 609 4737 666 4784; x_wconf 89' lang='lat' dir='ltr'><strong>at</strong></span> <span class='ocrx_word' id='word_1_388' title='bbox 694 4737 839 4785; x_wconf 91' lang='lat' dir='ltr'><strong>certe</strong></span> <span class='ocrx_word' id='word_1_389' title='bbox 864 4731 1016 4800; x_wconf 91' lang='lat' dir='ltr'><strong>quasi</strong></span> <span class='ocrx_word' id='word_1_390' title='bbox 1046 4730 1236 4785; x_wconf 82' lang='lat' dir='ltr'><strong>beatus</strong></span> <span class='ocrx_word' id='word_1_391' title='bbox 1258 4730 1446 4787; x_wconf 88' lang='lat' dir='ltr'><strong>videor</strong></span> <span class='ocrx_word' id='word_1_392' title='bbox 1478 4751 1490 4786; x_wconf 92' lang='lat'><strong>:</strong></span> <span class='ocrx_word' id='word_1_393' title='bbox 1526 4733 1710 4790; x_wconf 86' lang='lat' dir='ltr'><strong>videar</strong></span> <span class='ocrx_word' id='word_1_394' title='bbox 1738 4745 1794 4790; x_wconf 91' lang='lat' dir='ltr'><strong>et</strong></span> 
     </span>
    </p>
   </div>
   <div class='ocr_carea' id='block_1_51' title="bbox 191 4820 1791 4896">
    <p class='ocr_par' dir='ltr' id='par_1_51' title="bbox 191 4820 1791 4896">
     <span class='ocr_line' id='line_1_51' title="bbox 191 4820 1791 4896; baseline 0.005 -23"><span class='ocrx_word' id='word_1_395' title='bbox 191 4820 364 4887; x_wconf 84' lang='lat' dir='ltr'><strong>mihi;</strong></span> <span class='ocrx_word' id='word_1_396' title='bbox 408 4821 530 4892; x_wconf 88' lang='lat' dir='ltr'><strong>quid</strong></span> <span class='ocrx_word' id='word_1_397' title='bbox 575 4821 698 4876; x_wconf 92' lang='lat' dir='ltr'><strong>inde</strong></span> <span class='ocrx_word' id='word_1_398' title='bbox 724 4822 922 4892; x_wconf 90' lang='lat' dir='ltr'><strong>perdo,</strong></span> <span class='ocrx_word' id='word_1_399' title='bbox 962 4830 1054 4877; x_wconf 90' lang='lat' dir='ltr'><strong>aut</strong></span> <span class='ocrx_word' id='word_1_400' title='bbox 1097 4838 1194 4877; x_wconf 90' lang='lat' dir='ltr'><strong>cur</strong></span> <span class='ocrx_word' id='word_1_401' title='bbox 1219 4837 1434 4893; x_wconf 89' lang='lat' dir='ltr'><strong>parcam</strong></span> <span class='ocrx_word' id='word_1_402' title='bbox 1474 4825 1630 4880; x_wconf 71' lang='lat' dir='ltr'><strong>bonze</strong></span> <span class='ocrx_word' id='word_1_403' title='bbox 1671 4827 1791 4896; x_wconf 88' lang='lat' dir='ltr'><strong>opi-</strong></span> 
     </span>
    </p>
   </div>
   <div class='ocr_carea' id='block_1_52' title="bbox 191 4911 1788 4987">
    <p class='ocr_par' dir='ltr' id='par_1_52' title="bbox 191 4911 1788 4987">
     <span class='ocr_line' id='line_1_52' title="bbox 191 4911 1788 4987; baseline 0.006 -23"><span class='ocrx_word' id='word_1_404' title='bbox 191 4912 386 4966; x_wconf 89' lang='lat' dir='ltr'><strong>nioni?</strong></span> <span class='ocrx_word' id='word_1_405' title='bbox 429 4911 556 4969; x_wconf 65' lang='lat' dir='ltr'><strong>Haec</strong></span> <span class='ocrx_word' id='word_1_406' title='bbox 601 4914 733 4969; x_wconf 84' lang='lat' dir='ltr'><strong>mihi</strong></span> <span class='ocrx_word' id='word_1_407' title='bbox 762 4914 871 4970; x_wconf 82' lang='lat' dir='ltr'><strong>dixi</strong></span> <span class='ocrx_word' id='word_1_408' title='bbox 906 4914 1145 4972; x_wconf 90' lang='lat' dir='ltr'><strong>:deinde</strong></span> <span class='ocrx_word' id='word_1_409' title='bbox 1172 4915 1357 4984; x_wconf 89' lang='lat' dir='ltr'><strong>oravi,</strong></span> <span class='ocrx_word' id='word_1_410' title='bbox 1408 4925 1467 4971; x_wconf 93' lang='lat' dir='ltr'><strong>ut</strong></span> <span class='ocrx_word' id='word_1_411' title='bbox 1509 4917 1746 4974; x_wconf 84' lang='lat' dir='ltr'><strong>solebam</strong></span> <span class='ocrx_word' id='word_1_412' title='bbox 1771 4960 1788 4987; x_wconf 94' lang='lat'><strong>,</strong></span> 
     </span>
    </p>
   </div>
   <div class='ocr_carea' id='block_1_53' title="bbox 191 5000 634 5073">
    <p class='ocr_par' dir='ltr' id='par_1_53' title="bbox 191 5000 634 5073">
     <span class='ocr_line' id='line_1_53' title="bbox 191 5000 634 5073; baseline 0 -16"><span class='ocrx_word' id='word_1_413' title='bbox 191 5012 356 5073; x_wconf 84' lang='lat' dir='ltr'><strong>atque</strong></span> <span class='ocrx_word' id='word_1_414' title='bbox 381 5000 634 5058; x_wconf 85' lang='lat' dir='ltr'><strong>dormivi.</strong></span> 
     </span>
    </p>
   </div>
   <div class='ocr_carea' id='block_1_54' title="bbox 266 5093 1791 5172">
    <p class='ocr_par' dir='ltr' id='par_1_54' title="bbox 266 5093 1791 5172">
     <span class='ocr_line' id='line_1_54' title="bbox 266 5093 1791 5172; baseline 0.007 -25"><span class='ocrx_word' id='word_1_415' title='bbox 266 5093 325 5147; x_wconf 82' lang='grc'><strong>5.</strong></span> <span class='ocrx_word' id='word_1_416' title='bbox 350 5093 480 5149; x_wconf 71' lang='grc' dir='ltr'><strong>Ητεο</strong></span> <span class='ocrx_word' id='word_1_417' title='bbox 496 5094 694 5165; x_wconf 88' lang='lat' dir='ltr'><strong>placuit</strong></span> <span class='ocrx_word' id='word_1_418' title='bbox 710 5095 948 5153; x_wconf 79' lang='lat' dir='ltr'><strong>scribere</strong></span> <span class='ocrx_word' id='word_1_419' title='bbox 968 5096 1085 5152; x_wconf 89' lang='lat' dir='ltr'><strong>tibi.</strong></span> <span class='ocrx_word' id='word_1_420' title='bbox 1115 5097 1354 5154; x_wconf 88' lang='lat' dir='ltr'><strong>Delectat</strong></span> <span class='ocrx_word' id='word_1_421' title='bbox 1367 5100 1510 5155; x_wconf 90' lang='lat' dir='ltr'><strong>enim</strong></span> <span class='ocrx_word' id='word_1_422' title='bbox 1539 5116 1628 5157; x_wconf 90' lang='lat' dir='ltr'><strong>me</strong></span> <span class='ocrx_word' id='word_1_423' title='bbox 1648 5101 1791 5172; x_wconf 85' lang='lat' dir='ltr'><strong>quod</strong></span> 
     </span>
    </p>
   </div>
   <div class='ocr_carea' id='block_1_55' title="bbox 187 5185 1793 5261">
    <p class='ocr_par' dir='ltr' id='par_1_55' title="bbox 187 5185 1793 5261">
     <span class='ocr_line' id='line_1_55' title="bbox 187 5185 1793 5261; baseline 0.006 -22"><span class='ocrx_word' id='word_1_424' title='bbox 187 5185 328 5239; x_wconf 88' lang='lat' dir='ltr'><strong>mihi</strong></span> <span class='ocrx_word' id='word_1_425' title='bbox 356 5186 554 5256; x_wconf 88' lang='lat' dir='ltr'><strong>gratias</strong></span> <span class='ocrx_word' id='word_1_426' title='bbox 579 5187 692 5257; x_wconf 87' lang='lat' dir='ltr'><strong>agis</strong></span> <span class='ocrx_word' id='word_1_427' title='bbox 712 5227 727 5254; x_wconf 93' lang='lat'><strong>,</strong></span> <span class='ocrx_word' id='word_1_428' title='bbox 755 5188 800 5242; x_wconf 90' lang='lat' dir='ltr'><strong>si</strong></span> <span class='ocrx_word' id='word_1_429' title='bbox 827 5187 958 5244; x_wconf 88' lang='lat' dir='ltr'><strong>nihil</strong></span> <span class='ocrx_word' id='word_1_430' title='bbox 989 5199 1040 5245; x_wconf 91' lang='lat' dir='ltr'><strong>te</strong></span> <span class='ocrx_word' id='word_1_431' title='bbox 1069 5189 1210 5261; x_wconf 91' lang='lat' dir='ltr'><strong>quod</strong></span> <span class='ocrx_word' id='word_1_432' title='bbox 1247 5191 1300 5246; x_wconf 94' lang='lat' dir='ltr'><strong>in</strong></span> <span class='ocrx_word' id='word_1_433' title='bbox 1330 5191 1552 5247; x_wconf 90' lang='lat' dir='ltr'><strong>buccam</strong></span> <span class='ocrx_word' id='word_1_434' title='bbox 1583 5195 1793 5250; x_wconf 88' lang='lat' dir='ltr'><strong>venerit</strong></span> 
     </span>
    </p>
   </div>
   <div class='ocr_carea' id='block_1_56' title="bbox 187 5277 1788 5357">
    <p class='ocr_par' dir='ltr' id='par_1_56' title="bbox 187 5277 1788 5357">
     <span class='ocr_line' id='line_1_56' title="bbox 187 5277 1788 5357; baseline 0.007 -26"><span class='ocrx_word' id='word_1_435' title='bbox 187 5277 402 5344; x_wconf 82' lang='lat' dir='ltr'><strong>celem;</strong></span> <span class='ocrx_word' id='word_1_436' title='bbox 438 5288 490 5334; x_wconf 91' lang='lat' dir='ltr'><strong>et</strong></span> <span class='ocrx_word' id='word_1_437' title='bbox 515 5279 752 5350; x_wconf 87' lang='lat' dir='ltr'><strong>gaudeo,</strong></span> <span class='ocrx_word' id='word_1_438' title='bbox 793 5283 916 5352; x_wconf 90' lang='lat' dir='ltr'><strong>quia</strong></span> <span class='ocrx_word' id='word_1_439' title='bbox 954 5282 1032 5338; x_wconf 92' lang='lat' dir='ltr'><strong>sic</strong></span> <span class='ocrx_word' id='word_1_440' title='bbox 1059 5283 1152 5338; x_wconf 88' lang='lat' dir='ltr'><strong>tibi</strong></span> <span class='ocrx_word' id='word_1_441' title='bbox 1183 5282 1386 5354; x_wconf 89' lang='lat' dir='ltr'><strong>placeo.</strong></span> <span class='ocrx_word' id='word_1_442' title='bbox 1431 5285 1584 5356; x_wconf 85' lang='lat' dir='ltr'><strong>Apud</strong></span> <span class='ocrx_word' id='word_1_443' title='bbox 1633 5302 1788 5357; x_wconf 83' lang='lat' dir='ltr'><strong>quem</strong></span> 
     </span>
    </p>
   </div>
   <div class='ocr_carea' id='block_1_57' title="bbox 184 5367 1788 5448">
    <p class='ocr_par' dir='ltr' id='par_1_57' title="bbox 184 5367 1788 5448">
     <span class='ocr_line' id='line_1_57' title="bbox 184 5367 1788 5448; baseline 0.008 -26"><span class='ocrx_word' id='word_1_444' title='bbox 184 5369 359 5440; x_wconf 83' lang='lat' dir='ltr'><strong>igitur</strong></span> <span class='ocrx_word' id='word_1_445' title='bbox 398 5367 650 5427; x_wconf 89' lang='lat' dir='ltr'><strong>libentius</strong></span> <span class='ocrx_word' id='word_1_446' title='bbox 699 5371 983 5443; x_wconf 89' lang='lat' dir='ltr'><strong>ineptiam,</strong></span> <span class='ocrx_word' id='word_1_447' title='bbox 1035 5389 1193 5445; x_wconf 88' lang='lat' dir='ltr'><strong>quam</strong></span> <span class='ocrx_word' id='word_1_448' title='bbox 1235 5377 1319 5431; x_wconf 91' lang='lat' dir='ltr'><strong>cui</strong></span> <span class='ocrx_word' id='word_1_449' title='bbox 1369 5376 1654 5448; x_wconf 88' lang='lat' dir='ltr'><strong>displicere</strong></span> <span class='ocrx_word' id='word_1_450' title='bbox 1683 5397 1788 5436; x_wconf 91' lang='lat' dir='ltr'><strong>non</strong></span> 
     </span>
    </p>
   </div>
   <div class='ocr_carea' id='block_1_58' title="bbox 184 5459 1789 5535">
    <p class='ocr_par' dir='ltr' id='par_1_58' title="bbox 184 5459 1789 5535">
     <span class='ocr_line' id='line_1_58' title="bbox 184 5459 1789 5535; baseline 0.007 -20"><span class='ocrx_word' id='word_1_451' title='bbox 184 5459 456 5532; x_wconf 76' lang='lat' dir='ltr'><strong>possum?</strong></span> <span class='ocrx_word' id='word_1_452' title='bbox 482 5462 553 5516; x_wconf 84' lang='lat' dir='ltr'><strong>At</strong></span> <span class='ocrx_word' id='word_1_453' title='bbox 578 5463 622 5518; x_wconf 89' lang='lat' dir='ltr'><strong>si</strong></span> <span class='ocrx_word' id='word_1_454' title='bbox 650 5462 703 5517; x_wconf 91' lang='lat' dir='ltr'><strong>in</strong></span> <span class='ocrx_word' id='word_1_455' title='bbox 743 5472 1007 5534; x_wconf 87' lang='lat' dir='ltr'><strong>potestate</strong></span> <span class='ocrx_word' id='word_1_456' title='bbox 1031 5464 1256 5522; x_wconf 72' lang='lat' dir='ltr'><strong>fortuna:</strong></span> <span class='ocrx_word' id='word_1_457' title='bbox 1278 5475 1391 5535; x_wconf 90' lang='lat' dir='ltr'><strong>est,</strong></span> <span class='ocrx_word' id='word_1_458' title='bbox 1433 5477 1490 5523; x_wconf 89' lang='lat' dir='ltr'><strong>ut</strong></span> <span class='ocrx_word' id='word_1_459' title='bbox 1517 5469 1789 5527; x_wconf 89' lang='lat' dir='ltr'><strong>hominem</strong></span> 
     </span>
    </p>
   </div>
   <div class='ocr_carea' id='block_1_59' title="bbox 183 5552 1788 5631">
    <p class='ocr_par' dir='ltr' id='par_1_59' title="bbox 183 5552 1788 5631">
     <span class='ocr_line' id='line_1_59' title="bbox 183 5552 1788 5631; baseline 0.007 -25"><span class='ocrx_word' id='word_1_460' title='bbox 183 5561 334 5608; x_wconf 78' lang='lat' dir='ltr'><strong>amet</strong></span> <span class='ocrx_word' id='word_1_461' title='bbox 357 5552 560 5623; x_wconf 86' lang='lat' dir='ltr'><strong>homo,</strong></span> <span class='ocrx_word' id='word_1_462' title='bbox 608 5554 730 5612; x_wconf 89' lang='lat' dir='ltr'><strong>vide</strong></span> <span class='ocrx_word' id='word_1_463' title='bbox 754 5573 910 5627; x_wconf 88' lang='lat' dir='ltr'><strong>quam</strong></span> <span class='ocrx_word' id='word_1_464' title='bbox 942 5557 1128 5614; x_wconf 88' lang='lat' dir='ltr'><strong>beatus</strong></span> <span class='ocrx_word' id='word_1_465' title='bbox 1155 5559 1289 5628; x_wconf 91' lang='lat' dir='ltr'><strong>sim,</strong></span> <span class='ocrx_word' id='word_1_466' title='bbox 1331 5560 1420 5631; x_wconf 93' lang='lat' dir='ltr'><strong>qui</strong></span> <span class='ocrx_word' id='word_1_467' title='bbox 1446 5561 1516 5616; x_wconf 91' lang='lat' dir='ltr'><strong>de</strong></span> <span class='ocrx_word' id='word_1_468' title='bbox 1557 5562 1788 5619; x_wconf 83' lang='lat' dir='ltr'><strong>fortuitis</strong></span> 
     </span>
    </p>
   </div>
   <div class='ocr_carea' id='block_1_60' title="bbox 182 5644 1788 5723">
    <p class='ocr_par' dir='ltr' id='par_1_60' title="bbox 182 5644 1788 5723">
     <span class='ocr_line' id='line_1_60' title="bbox 182 5644 1788 5723; baseline 0.009 -25"><span class='ocrx_word' id='word_1_469' title='bbox 182 5653 296 5700; x_wconf 77' lang='lat' dir='ltr'><strong>tam</strong></span> <span class='ocrx_word' id='word_1_470' title='bbox 325 5644 560 5701; x_wconf 87' lang='lat' dir='ltr'><strong>multum</strong></span> <span class='ocrx_word' id='word_1_471' title='bbox 583 5646 791 5718; x_wconf 88' lang='lat' dir='ltr'><strong>gaudeo</strong></span> <span class='ocrx_word' id='word_1_472' title='bbox 810 5691 823 5716; x_wconf 90' lang='lat'><strong>,</strong></span> <span class='ocrx_word' id='word_1_473' title='bbox 854 5658 909 5705; x_wconf 91' lang='lat' dir='ltr'><strong>et</strong></span> <span class='ocrx_word' id='word_1_474' title='bbox 941 5651 1063 5706; x_wconf 87' lang='lat' dir='ltr'><strong>talia</strong></span> <span class='ocrx_word' id='word_1_475' title='bbox 1099 5651 1265 5720; x_wconf 89' lang='lat' dir='ltr'><strong>bona,</strong></span> <span class='ocrx_word' id='word_1_476' title='bbox 1307 5651 1511 5723; x_wconf 88' lang='lat' dir='ltr'><strong>fateor,</strong></span> <span class='ocrx_word' id='word_1_477' title='bbox 1541 5655 1788 5714; x_wconf 90' lang='lat' dir='ltr'><strong>desidero</strong></span> 
     </span>
    </p>
   </div>
   <div class='ocr_carea' id='block_1_61' title="bbox 173 5736 1786 5810">
    <p class='ocr_par' dir='ltr' id='par_1_61' title="bbox 173 5736 1786 5810">
     <span class='ocr_line' id='line_1_61' title="bbox 173 5736 1786 5810; baseline 0.008 -13"><span class='ocrx_word' id='word_1_478' title='bbox 173 5736 320 5799; x_wconf 82' lang='lat' dir='ltr'><strong>mihi</strong></span> <span class='ocrx_word' id='word_1_479' title='bbox 355 5738 593 5798; x_wconf 80' lang='lat' dir='ltr'><strong>ubertim</strong></span> <span class='ocrx_word' id='word_1_480' title='bbox 619 5757 946 5804; x_wconf 80' lang='lat' dir='ltr'><strong>accrescere.</strong></span> <span class='ocrx_word' id='word_1_481' title='bbox 975 5745 1224 5805; x_wconf 74' lang='lat' dir='ltr'><strong>Fortuna:</strong></span> <span class='ocrx_word' id='word_1_482' title='bbox 1249 5756 1428 5807; x_wconf 88' lang='lat' dir='ltr'><strong>autem</strong></span> <span class='ocrx_word' id='word_1_483' title='bbox 1454 5751 1596 5808; x_wconf 81' lang='lat' dir='ltr'><strong>bona</strong></span> <span class='ocrx_word' id='word_1_484' title='bbox 1621 5753 1786 5810; x_wconf 85' lang='lat' dir='ltr'><strong>veris-</strong></span> 
     </span>
    </p>
   </div>
   <div class='ocr_carea' id='block_1_62' title="bbox 1905 388 3488 467">
    <p class='ocr_par' dir='ltr' id='par_1_62' title="bbox 1905 388 3488 467">
     <span class='ocr_line' id='line_1_62' title="bbox 1905 388 3488 467; baseline 0.009 -24"><span class='ocrx_word' id='word_1_485' title='bbox 1905 388 2026 443; x_wconf 88' lang='lat' dir='ltr'><strong>simi</strong></span> <span class='ocrx_word' id='word_1_486' title='bbox 2053 390 2355 459; x_wconf 82' lang='lat' dir='ltr'><strong>sapientes,</strong></span> <span class='ocrx_word' id='word_1_487' title='bbox 2386 403 2520 462; x_wconf 92' lang='lat' dir='ltr'><strong>quos</strong></span> <span class='ocrx_word' id='word_1_488' title='bbox 2545 391 2689 449; x_wconf 91' lang='lat' dir='ltr'><strong>solos</strong></span> <span class='ocrx_word' id='word_1_489' title='bbox 2711 392 2897 451; x_wconf 89' lang='lat' dir='ltr'><strong>beatos</strong></span> <span class='ocrx_word' id='word_1_490' title='bbox 2925 394 3002 452; x_wconf 86' lang='lat' dir='ltr'><strong>fas</strong></span> <span class='ocrx_word' id='word_1_491' title='bbox 3039 404 3122 454; x_wconf 90' lang='lat' dir='ltr'><strong>est</strong></span> <span class='ocrx_word' id='word_1_492' title='bbox 3145 398 3354 467; x_wconf 87' lang='lat' dir='ltr'><strong>vocari,</strong></span> <span class='ocrx_word' id='word_1_493' title='bbox 3385 415 3488 458; x_wconf 86' lang='lat' dir='ltr'><strong>nec</strong></span> 
     </span>
    </p>
   </div>
   <div class='ocr_carea' id='block_1_63' title="bbox 1902 482 3484 561">
    <p class='ocr_par' dir='ltr' id='par_1_63' title="bbox 1902 482 3484 561">
     <span class='ocr_line' id='line_1_63' title="bbox 1902 482 3484 561; baseline 0.008 -24"><span class='ocrx_word' id='word_1_494' title='bbox 1902 482 2079 538; x_wconf 88' lang='lat' dir='ltr'><strong>timeri</strong></span> <span class='ocrx_word' id='word_1_495' title='bbox 2107 483 2421 550; x_wconf 87' lang='lat' dir='ltr'><strong>voluerunt,</strong></span> <span class='ocrx_word' id='word_1_496' title='bbox 2463 501 2562 543; x_wconf 90' lang='lat' dir='ltr'><strong>nec</strong></span> <span class='ocrx_word' id='word_1_497' title='bbox 2609 487 2760 559; x_wconf 90' lang='lat' dir='ltr'><strong>cupi,</strong></span> <span class='ocrx_word' id='word_1_498' title='bbox 2811 504 2880 544; x_wconf 90' lang='lat' dir='ltr'><strong>an</strong></span> <span class='ocrx_word' id='word_1_499' title='bbox 2936 489 3141 561; x_wconf 86' lang='lat' dir='ltr'><strong>cupiri,</strong></span> <span class='ocrx_word' id='word_1_500' title='bbox 3178 499 3234 547; x_wconf 89' lang='lat' dir='ltr'><strong>tu</strong></span> <span class='ocrx_word' id='word_1_501' title='bbox 3263 491 3484 550; x_wconf 83' lang='lat' dir='ltr'><strong>videris.</strong></span> 
     </span>
    </p>
   </div>
   <div class='ocr_carea' id='block_1_64' title="bbox 1901 573 3488 657">
    <p class='ocr_par' dir='ltr' id='par_1_64' title="bbox 1901 573 3488 657">
     <span class='ocr_line' id='line_1_64' title="bbox 1901 573 3488 657; baseline 0.008 -28"><span class='ocrx_word' id='word_1_502' title='bbox 1901 573 1970 629; x_wconf 88' lang='lat' dir='ltr'><strong>Et</strong></span> <span class='ocrx_word' id='word_1_503' title='bbox 1990 575 2126 630; x_wconf 91' lang='lat' dir='ltr'><strong>belle</strong></span> <span class='ocrx_word' id='word_1_504' title='bbox 2147 576 2356 632; x_wconf 91' lang='lat' dir='ltr'><strong>accidit.</strong></span> <span class='ocrx_word' id='word_1_505' title='bbox 2382 576 2515 632; x_wconf 88' lang='lat' dir='ltr'><strong>Nam</strong></span> <span class='ocrx_word' id='word_1_506' title='bbox 2543 579 2663 634; x_wconf 94' lang='lat' dir='ltr'><strong>volo</strong></span> <span class='ocrx_word' id='word_1_507' title='bbox 2678 595 2766 635; x_wconf 90' lang='lat' dir='ltr'><strong>me</strong></span> <span class='ocrx_word' id='word_1_508' title='bbox 2791 581 3160 639; x_wconf 85' lang='lat' dir='ltr'><strong>declinationis</strong></span> <span class='ocrx_word' id='word_1_509' title='bbox 3183 584 3340 656; x_wconf 86' lang='lat' dir='ltr'><strong>hujus</strong></span> <span class='ocrx_word' id='word_1_510' title='bbox 3359 601 3488 657; x_wconf 86' lang='lat' dir='ltr'><strong>gna-</strong></span> 
     </span>
    </p>
   </div>
   <div class='ocr_carea' id='block_1_65' title="bbox 1900 666 3489 744">
    <p class='ocr_par' dir='ltr' id='par_1_65' title="bbox 1900 666 3489 744">
     <span class='ocr_line' id='line_1_65' title="bbox 1900 666 3489 744; baseline 0.009 -25"><span class='ocrx_word' id='word_1_511' title='bbox 1900 680 2018 720; x_wconf 90' lang='lat' dir='ltr'><strong>rum</strong></span> <span class='ocrx_word' id='word_1_512' title='bbox 2050 666 2230 722; x_wconf 92' lang='lat' dir='ltr'><strong>facias.</strong></span> <span class='ocrx_word' id='word_1_513' title='bbox 2264 667 2397 724; x_wconf 91' lang='lat' dir='ltr'><strong>Cum</strong></span> <span class='ocrx_word' id='word_1_514' title='bbox 2426 669 2568 725; x_wconf 91' lang='lat' dir='ltr'><strong>enim</strong></span> <span class='ocrx_word' id='word_1_515' title='bbox 2606 671 2836 743; x_wconf 87' lang='lat' dir='ltr'><strong>adjungo</strong></span> <span class='ocrx_word' id='word_1_516' title='bbox 2863 673 3024 729; x_wconf 87' lang='lat' dir='ltr'><strong>verba</strong></span> <span class='ocrx_word' id='word_1_517' title='bbox 3051 675 3271 744; x_wconf 89' lang='lat' dir='ltr'><strong>similia,</strong></span> <span class='ocrx_word' id='word_1_518' title='bbox 3314 677 3489 734; x_wconf 84' lang='lat' dir='ltr'><strong>incer-</strong></span> 
     </span>
    </p>
   </div>
   <div class='ocr_carea' id='block_1_66' title="bbox 1900 756 3489 840">
    <p class='ocr_par' dir='ltr' id='par_1_66' title="bbox 1900 756 3489 840">
     <span class='ocr_line' id='line_1_66' title="bbox 1900 756 3489 840; baseline 0.009 -29"><span class='ocrx_word' id='word_1_519' title='bbox 1900 756 2004 811; x_wconf 90' lang='lat' dir='ltr'><strong>tior</strong></span> <span class='ocrx_word' id='word_1_520' title='bbox 2031 757 2117 812; x_wconf 82' lang='lat' dir='ltr'><strong>tio.</strong></span> <span class='ocrx_word' id='word_1_521' title='bbox 2140 757 2274 813; x_wconf 90' lang='lat' dir='ltr'><strong>Nam</strong></span> <span class='ocrx_word' id='word_1_522' title='bbox 2303 759 2375 816; x_wconf 88' lang='lat' dir='ltr'><strong>ita</strong></span> <span class='ocrx_word' id='word_1_523' title='bbox 2393 770 2473 816; x_wconf 90' lang='lat' dir='ltr'><strong>est</strong></span> <span class='ocrx_word' id='word_1_524' title='bbox 2489 762 2665 832; x_wconf 90' lang='lat' dir='ltr'><strong>cupio,</strong></span> <span class='ocrx_word' id='word_1_525' title='bbox 2694 773 2752 818; x_wconf 91' lang='lat' dir='ltr'><strong>ut</strong></span> <span class='ocrx_word' id='word_1_526' title='bbox 2772 763 2933 836; x_wconf 88' lang='lat' dir='ltr'><strong>fugio,</strong></span> <span class='ocrx_word' id='word_1_527' title='bbox 2963 776 3020 821; x_wconf 93' lang='lat' dir='ltr'><strong>ut</strong></span> <span class='ocrx_word' id='word_1_528' title='bbox 3043 769 3214 838; x_wconf 89' lang='lat' dir='ltr'><strong>sapio,</strong></span> <span class='ocrx_word' id='word_1_529' title='bbox 3243 778 3299 823; x_wconf 91' lang='lat' dir='ltr'><strong>ut</strong></span> <span class='ocrx_word' id='word_1_530' title='bbox 3317 770 3489 840; x_wconf 92' lang='lat' dir='ltr'><strong>jacio,</strong></span> 
     </span>
    </p>
   </div>
   <div class='ocr_carea' id='block_1_67' title="bbox 1901 851 3490 932">
    <p class='ocr_par' dir='ltr' id='par_1_67' title="bbox 1901 851 3490 932">
     <span class='ocr_line' id='line_1_67' title="bbox 1901 851 3490 932; baseline 0.009 -29"><span class='ocrx_word' id='word_1_531' title='bbox 1901 857 1958 903; x_wconf 92' lang='lat' dir='ltr'><strong>ut</strong></span> <span class='ocrx_word' id='word_1_532' title='bbox 1994 851 2173 920; x_wconf 88' lang='lat' dir='ltr'><strong>capio;</strong></span> <span class='ocrx_word' id='word_1_533' title='bbox 2207 853 2300 908; x_wconf 92' lang='lat' dir='ltr'><strong>sed</strong></span> <span class='ocrx_word' id='word_1_534' title='bbox 2341 863 2516 908; x_wconf 90' lang='lat' dir='ltr'><strong>utrum</strong></span> <span class='ocrx_word' id='word_1_535' title='bbox 2560 854 2716 925; x_wconf 88' lang='lat' dir='ltr'><strong>fugiri</strong></span> <span class='ocrx_word' id='word_1_536' title='bbox 2741 871 2807 911; x_wconf 91' lang='lat' dir='ltr'><strong>an</strong></span> <span class='ocrx_word' id='word_1_537' title='bbox 2835 858 2976 929; x_wconf 90' lang='lat' dir='ltr'><strong>fugi,</strong></span> <span class='ocrx_word' id='word_1_538' title='bbox 3016 867 3192 915; x_wconf 91' lang='lat' dir='ltr'><strong>utrum</strong></span> <span class='ocrx_word' id='word_1_539' title='bbox 3231 863 3391 932; x_wconf 82' lang='lat' dir='ltr'><strong>sapiri</strong></span> <span class='ocrx_word' id='word_1_540' title='bbox 3422 878 3490 919; x_wconf 86' lang='lat' dir='ltr'><strong>an</strong></span> 
     </span>
    </p>
   </div>
   <div class='ocr_carea' id='block_1_68' title="bbox 1898 943 3494 1021">
    <p class='ocr_par' dir='ltr' id='par_1_68' title="bbox 1898 943 3494 1021">
     <span class='ocr_line' id='line_1_68' title="bbox 1898 943 3494 1021; baseline 0.011 -24"><span class='ocrx_word' id='word_1_541' title='bbox 1898 943 2013 1013; x_wconf 88' lang='lat' dir='ltr'><strong>sapi</strong></span> <span class='ocrx_word' id='word_1_542' title='bbox 2035 986 2050 1009; x_wconf 94' lang='lat'><strong>,</strong></span> <span class='ocrx_word' id='word_1_543' title='bbox 2081 945 2151 1000; x_wconf 86' lang='lat' dir='ltr'><strong>sit</strong></span> <span class='ocrx_word' id='word_1_544' title='bbox 2187 945 2379 1002; x_wconf 92' lang='lat' dir='ltr'><strong>modus</strong></span> <span class='ocrx_word' id='word_1_545' title='bbox 2417 947 2653 1005; x_wconf 84' lang='lat' dir='ltr'><strong>inﬁnitus</strong></span> <span class='ocrx_word' id='word_1_546' title='bbox 2673 949 2928 1021; x_wconf 49' lang='lat' dir='ltr'><strong>pignore.</strong></span> <span class='ocrx_word' id='word_1_547' title='bbox 2961 951 3181 1009; x_wconf 85' lang='lat' dir='ltr'><strong>Possem</strong></span> <span class='ocrx_word' id='word_1_548' title='bbox 3215 956 3494 1014; x_wconf 89' lang='lat' dir='ltr'><strong>attendere</strong></span> 
     </span>
    </p>
   </div>
   <div class='ocr_carea' id='block_1_69' title="bbox 1893 1034 3495 1116">
    <p class='ocr_par' dir='ltr' id='par_1_69' title="bbox 1893 1034 3495 1116">
     <span class='ocr_line' id='line_1_69' title="bbox 1893 1034 3495 1116; baseline 0.009 -28"><span class='ocrx_word' id='word_1_549' title='bbox 1893 1034 1999 1105; x_wconf 87' lang='lat' dir='ltr'><strong>jaci</strong></span> <span class='ocrx_word' id='word_1_550' title='bbox 2025 1044 2078 1091; x_wconf 92' lang='lat' dir='ltr'><strong>et</strong></span> <span class='ocrx_word' id='word_1_551' title='bbox 2102 1038 2254 1106; x_wconf 86' lang='lat' dir='ltr'><strong>capi,</strong></span> <span class='ocrx_word' id='word_1_552' title='bbox 2304 1040 2358 1093; x_wconf 94' lang='lat' dir='ltr'><strong>ni</strong></span> <span class='ocrx_word' id='word_1_553' title='bbox 2400 1055 2616 1095; x_wconf 89' lang='lat' dir='ltr'><strong>vererer</strong></span> <span class='ocrx_word' id='word_1_554' title='bbox 2641 1056 2710 1096; x_wconf 91' lang='lat' dir='ltr'><strong>ne</strong></span> <span class='ocrx_word' id='word_1_555' title='bbox 2733 1056 2822 1096; x_wconf 91' lang='lat' dir='ltr'><strong>me</strong></span> <span class='ocrx_word' id='word_1_556' title='bbox 2850 1054 3102 1112; x_wconf 89' lang='lat' dir='ltr'><strong>caperet,</strong></span> <span class='ocrx_word' id='word_1_557' title='bbox 3145 1054 3201 1102; x_wconf 91' lang='lat' dir='ltr'><strong>et</strong></span> <span class='ocrx_word' id='word_1_558' title='bbox 3229 1062 3329 1116; x_wconf 93' lang='lat' dir='ltr'><strong>pro</strong></span> <span class='ocrx_word' id='word_1_559' title='bbox 3359 1047 3495 1104; x_wconf 80' lang='lat' dir='ltr'><strong>ludi-</strong></span> 
     </span>
    </p>
   </div>
   <div class='ocr_carea' id='block_1_70' title="bbox 1896 1124 3489 1208">
    <p class='ocr_par' dir='ltr' id='par_1_70' title="bbox 1896 1124 3489 1208">
     <span class='ocr_line' id='line_1_70' title="bbox 1896 1124 3489 1208; baseline 0.008 -27"><span class='ocrx_word' id='word_1_560' title='bbox 1896 1124 2014 1181; x_wconf 87' lang='lat' dir='ltr'><strong>brio</strong></span> <span class='ocrx_word' id='word_1_561' title='bbox 2037 1126 2239 1196; x_wconf 88' lang='lat' dir='ltr'><strong>jaceret</strong></span> <span class='ocrx_word' id='word_1_562' title='bbox 2283 1145 2390 1199; x_wconf 93' lang='lat' dir='ltr'><strong>quo</strong></span> <span class='ocrx_word' id='word_1_563' title='bbox 2418 1129 2612 1196; x_wconf 89' lang='lat' dir='ltr'><strong>vellet,</strong></span> <span class='ocrx_word' id='word_1_564' title='bbox 2639 1130 2730 1203; x_wconf 93' lang='lat' dir='ltr'><strong>qui</strong></span> <span class='ocrx_word' id='word_1_565' title='bbox 2757 1131 2903 1187; x_wconf 91' lang='lat' dir='ltr'><strong>aliud</strong></span> <span class='ocrx_word' id='word_1_566' title='bbox 2928 1135 3130 1203; x_wconf 90' lang='lat' dir='ltr'><strong>jactum</strong></span> <span class='ocrx_word' id='word_1_567' title='bbox 3160 1145 3214 1190; x_wconf 91' lang='lat' dir='ltr'><strong>et</strong></span> <span class='ocrx_word' id='word_1_568' title='bbox 3239 1147 3453 1208; x_wconf 90' lang='lat' dir='ltr'><strong>captum</strong></span> <span class='ocrx_word' id='word_1_569' title='bbox 3474 1181 3489 1204; x_wconf 92' lang='lat'><strong>,</strong></span> 
     </span>
    </p>
   </div>
   <div class='ocr_carea' id='block_1_71' title="bbox 1898 1217 3492 1296">
    <p class='ocr_par' dir='ltr' id='par_1_71' title="bbox 1898 1217 3492 1296">
     <span class='ocr_line' id='line_1_71' title="bbox 1898 1217 3492 1296; baseline 0.007 -25"><span class='ocrx_word' id='word_1_570' title='bbox 1898 1217 2040 1272; x_wconf 84' lang='lat' dir='ltr'><strong>aliud</strong></span> <span class='ocrx_word' id='word_1_571' title='bbox 2086 1217 2343 1289; x_wconf 85' lang='lat' dir='ltr'><strong>fugitum,</strong></span> <span class='ocrx_word' id='word_1_572' title='bbox 2398 1222 2673 1293; x_wconf 89' lang='lat' dir='ltr'><strong>cupitum,</strong></span> <span class='ocrx_word' id='word_1_573' title='bbox 2720 1224 3087 1296; x_wconf 37' lang='lat' dir='ltr'><strong>sapitumjesse</strong></span> <span class='ocrx_word' id='word_1_574' title='bbox 3131 1228 3492 1285; x_wconf 88' lang='lat' dir='ltr'><strong>convinceret.</strong></span> 
     </span>
    </p>
   </div>
   <div class='ocr_carea' id='block_1_72' title="bbox 1898 1307 3495 1387">
    <p class='ocr_par' dir='ltr' id='par_1_72' title="bbox 1898 1307 3495 1387">
     <span class='ocr_line' id='line_1_72' title="bbox 1898 1307 3495 1387; baseline 0.008 -25"><span class='ocrx_word' id='word_1_575' title='bbox 1898 1307 2029 1376; x_wconf 80' lang='lat' dir='ltr'><strong>Quae</strong></span> <span class='ocrx_word' id='word_1_576' title='bbox 2055 1310 2183 1365; x_wconf 87' lang='lat' dir='ltr'><strong>item</strong></span> <span class='ocrx_word' id='word_1_577' title='bbox 2211 1314 2310 1366; x_wconf 93' lang='lat' dir='ltr'><strong>tria</strong></span> <span class='ocrx_word' id='word_1_578' title='bbox 2334 1354 2347 1378; x_wconf 93' lang='lat'><strong>,</strong></span> <span class='ocrx_word' id='word_1_579' title='bbox 2377 1321 2560 1369; x_wconf 90' lang='lat' dir='ltr'><strong>utrum</strong></span> <span class='ocrx_word' id='word_1_580' title='bbox 2589 1315 2877 1384; x_wconf 87' lang='lat' dir='ltr'><strong>penultima</strong></span> <span class='ocrx_word' id='word_1_581' title='bbox 2901 1315 3058 1387; x_wconf 88' lang='lat' dir='ltr'><strong>longa</strong></span> <span class='ocrx_word' id='word_1_582' title='bbox 3083 1327 3137 1373; x_wconf 93' lang='lat' dir='ltr'><strong>et</strong></span> <span class='ocrx_word' id='word_1_583' title='bbox 3169 1318 3395 1387; x_wconf 80' lang='lat' dir='ltr'><strong>inflexa,</strong></span> <span class='ocrx_word' id='word_1_584' title='bbox 3425 1335 3495 1376; x_wconf 91' lang='lat' dir='ltr'><strong>an</strong></span> 
     </span>
    </p>
   </div>
   <div class='ocr_carea' id='block_1_73' title="bbox 1897 1400 3494 1476">
    <p class='ocr_par' dir='ltr' id='par_1_73' title="bbox 1897 1400 3494 1476">
     <span class='ocr_line' id='line_1_73' title="bbox 1897 1400 3494 1476; baseline 0.01 -24"><span class='ocrx_word' id='word_1_585' title='bbox 1897 1400 2045 1469; x_wconf 85' lang='lat' dir='ltr'><strong>gravi</strong></span> <span class='ocrx_word' id='word_1_586' title='bbox 2076 1402 2331 1473; x_wconf 92' lang='lat' dir='ltr'><strong>brevique</strong></span> <span class='ocrx_word' id='word_1_587' title='bbox 2370 1406 2762 1476; x_wconf 89' lang='lat' dir='ltr'><strong>pronuntianda</strong></span> <span class='ocrx_word' id='word_1_588' title='bbox 2804 1407 2948 1475; x_wconf 92' lang='lat' dir='ltr'><strong>sint,</strong></span> <span class='ocrx_word' id='word_1_589' title='bbox 3000 1409 3246 1465; x_wconf 89' lang='lat' dir='ltr'><strong>similiter</strong></span> <span class='ocrx_word' id='word_1_590' title='bbox 3288 1413 3494 1468; x_wconf 90' lang='lat' dir='ltr'><strong>nescio.</strong></span> 
     </span>
    </p>
   </div>
   <div class='ocr_carea' id='block_1_74' title="bbox 1898 1489 3498 1572">
    <p class='ocr_par' dir='ltr' id='par_1_74' title="bbox 1898 1489 3498 1572">
     <span class='ocr_line' id='line_1_74' title="bbox 1898 1489 3498 1572; baseline 0.008 -27"><span class='ocrx_word' id='word_1_591' title='bbox 1898 1489 2309 1549; x_wconf 88' lang='lat' dir='ltr'><strong>Provocaverim</strong></span> <span class='ocrx_word' id='word_1_592' title='bbox 2351 1504 2404 1551; x_wconf 91' lang='lat' dir='ltr'><strong>te</strong></span> <span class='ocrx_word' id='word_1_593' title='bbox 2437 1496 2503 1552; x_wconf 87' lang='lat' dir='ltr'><strong>ad</strong></span> <span class='ocrx_word' id='word_1_594' title='bbox 2540 1497 2823 1568; x_wconf 90' lang='lat' dir='ltr'><strong>epistolam</strong></span> <span class='ocrx_word' id='word_1_595' title='bbox 2863 1498 3192 1571; x_wconf 88' lang='lat' dir='ltr'><strong>longiorem;</strong></span> <span class='ocrx_word' id='word_1_596' title='bbox 3235 1511 3392 1572; x_wconf 91' lang='lat' dir='ltr'><strong>peto,</strong></span> <span class='ocrx_word' id='word_1_597' title='bbox 3438 1511 3498 1559; x_wconf 92' lang='lat' dir='ltr'><strong>ut</strong></span> 
     </span>
    </p>
   </div>
   <div class='ocr_carea' id='block_1_75' title="bbox 1898 1583 3494 1663">
    <p class='ocr_par' dir='ltr' id='par_1_75' title="bbox 1898 1583 3494 1663">
     <span class='ocr_line' id='line_1_75' title="bbox 1898 1583 3494 1663; baseline 0.009 -26"><span class='ocrx_word' id='word_1_598' title='bbox 1898 1583 2058 1654; x_wconf 86' lang='lat' dir='ltr'><strong>paulo</strong></span> <span class='ocrx_word' id='word_1_599' title='bbox 2083 1584 2279 1642; x_wconf 90' lang='lat' dir='ltr'><strong>diutius</strong></span> <span class='ocrx_word' id='word_1_600' title='bbox 2303 1596 2353 1643; x_wconf 93' lang='lat' dir='ltr'><strong>te</strong></span> <span class='ocrx_word' id='word_1_601' title='bbox 2382 1587 2575 1660; x_wconf 87' lang='lat' dir='ltr'><strong>legam.</strong></span> <span class='ocrx_word' id='word_1_602' title='bbox 2607 1589 2740 1644; x_wconf 88' lang='lat' dir='ltr'><strong>Nam</strong></span> <span class='ocrx_word' id='word_1_603' title='bbox 2765 1605 2870 1648; x_wconf 92' lang='lat' dir='ltr'><strong>non</strong></span> <span class='ocrx_word' id='word_1_604' title='bbox 2897 1607 3038 1663; x_wconf 93' lang='lat' dir='ltr'><strong>queo</strong></span> <span class='ocrx_word' id='word_1_605' title='bbox 3063 1601 3268 1649; x_wconf 87' lang='lat' dir='ltr'><strong>tantum</strong></span> <span class='ocrx_word' id='word_1_606' title='bbox 3293 1593 3494 1663; x_wconf 77' lang='lat' dir='ltr'><strong>dicere,</strong></span> 
     </span>
    </p>
   </div>
   <div class='ocr_carea' id='block_1_76' title="bbox 1899 1679 2780 1754">
    <p class='ocr_par' dir='ltr' id='par_1_76' title="bbox 1899 1679 2780 1754">
     <span class='ocr_line' id='line_1_76' title="bbox 1899 1679 2780 1754; baseline 0.01 -24"><span class='ocrx_word' id='word_1_607' title='bbox 1899 1686 2151 1748; x_wconf 86' lang='lat' dir='ltr'><strong>quantum</strong></span> <span class='ocrx_word' id='word_1_608' title='bbox 2178 1679 2371 1753; x_wconf 91' lang='lat' dir='ltr'><strong>volupe</strong></span> <span class='ocrx_word' id='word_1_609' title='bbox 2394 1692 2474 1739; x_wconf 90' lang='lat' dir='ltr'><strong>est</strong></span> <span class='ocrx_word' id='word_1_610' title='bbox 2499 1683 2678 1754; x_wconf 88' lang='lat' dir='ltr'><strong>legere</strong></span> <span class='ocrx_word' id='word_1_611' title='bbox 2707 1693 2780 1741; x_wconf 91' lang='lat' dir='ltr'><strong>te.</strong></span> 
     </span>
    </p>
   </div>
   <div class='ocr_carea' id='block_1_77' title="bbox 2395 1815 2994 1891">
    <p class='ocr_par' dir='ltr' id='par_1_77' title="bbox 2395 1815 2994 1891">
     <span class='ocr_line' id='line_1_77' title="bbox 2395 1815 2994 1891; baseline 0.003 -19"><span class='ocrx_word' id='word_1_612' title='bbox 2395 1815 2727 1874; x_wconf 76' lang='lat' dir='ltr'><strong>EPISTULA</strong></span> <span class='ocrx_word' id='word_1_613' title='bbox 2752 1818 2821 1875; x_wconf 86' lang='lat' dir='ltr'><strong>tv</strong></span> <span class='ocrx_word' id='word_1_614' title='bbox 2846 1821 2865 1843; x_wconf 68' lang='grc' dir='ltr'><em>α</em></span> <span class='ocrx_word' id='word_1_615' title='bbox 2892 1820 2994 1891; x_wconf 86' lang='grc' dir='ltr'><strong>(α).</strong></span> 
     </span>
    </p>
   </div>
   <div class='ocr_carea' id='block_1_78' title="bbox 1899 1905 3497 1988">
    <p class='ocr_par' dir='ltr' id='par_1_78' title="bbox 1899 1905 3497 1988">
     <span class='ocr_line' id='line_1_78' title="bbox 1899 1905 3497 1988; baseline 0.011 -31"><span class='ocrx_word' id='word_1_616' title='bbox 1899 1905 2212 1974; x_wconf 75' lang='lat' dir='ltr'><strong>Augustinus</strong></span> <span class='ocrx_word' id='word_1_617' title='bbox 2239 1906 2486 1962; x_wconf 80' lang='lat' dir='ltr'><strong>Nebridio</strong></span> <span class='ocrx_word' id='word_1_618' title='bbox 2502 1950 2518 1975; x_wconf 94' lang='lat'><strong>,</strong></span> <span class='ocrx_word' id='word_1_619' title='bbox 2559 1910 2854 1981; x_wconf 80' lang='lat' dir='ltr'><strong>signiﬁcans</strong></span> <span class='ocrx_word' id='word_1_620' title='bbox 2879 1913 2924 1966; x_wconf 77' lang='lat' dir='ltr'><strong>ei</strong></span> <span class='ocrx_word' id='word_1_621' title='bbox 2962 1923 3205 1984; x_wconf 84' lang='lat' dir='ltr'><strong>quantum</strong></span> <span class='ocrx_word' id='word_1_622' title='bbox 3230 1915 3497 1988; x_wconf 70' lang='lat' dir='ltr'><strong>profecerit</strong></span> 
     </span>
    </p>
   </div>
   <div class='ocr_carea' id='block_1_79' title="bbox 2042 1997 3343 2070">
    <p class='ocr_par' dir='ltr' id='par_1_79' title="bbox 2042 1997 3343 2070">
     <span class='ocr_line' id='line_1_79' title="bbox 2042 1997 3343 2070; baseline 0.008 -18"><span class='ocrx_word' id='word_1_623' title='bbox 2042 1997 2094 2051; x_wconf 86' lang='lat' dir='ltr'><strong>in</strong></span> <span class='ocrx_word' id='word_1_624' title='bbox 2121 2013 2311 2054; x_wconf 83' lang='lat' dir='ltr'><strong>secessu</strong></span> <span class='ocrx_word' id='word_1_625' title='bbox 2327 2040 2342 2066; x_wconf 97' lang='lat'><strong>,</strong></span> <span class='ocrx_word' id='word_1_626' title='bbox 2380 2000 2804 2070; x_wconf 82' lang='lat' dir='ltr'><strong>contemplatione</strong></span> <span class='ocrx_word' id='word_1_627' title='bbox 2827 2019 2995 2058; x_wconf 87' lang='lat' dir='ltr'><strong>rerum</strong></span> <span class='ocrx_word' id='word_1_628' title='bbox 3019 2015 3343 2062; x_wconf 70' lang='lat' dir='ltr'><strong>(rimarum.</strong></span> 
     </span>
    </p>
   </div>
   <div class='ocr_carea' id='block_1_80' title="bbox 2386 2128 3003 2174">
    <p class='ocr_par' dir='ltr' id='par_1_80' title="bbox 2386 2128 3003 2174">
     <span class='ocr_line' id='line_1_80' title="bbox 2386 2128 3003 2174; baseline 0.01 -8"><span class='ocrx_word' id='word_1_629' title='bbox 2386 2128 2631 2170; x_wconf 79' lang='lat' dir='ltr'><strong>NEBRIDIO</strong></span> <span class='ocrx_word' id='word_1_630' title='bbox 2669 2131 3003 2174; x_wconf 74' lang='lat' dir='ltr'><strong>AUGUSTINUS.</strong></span> 
     </span>
    </p>
   </div>
   <div class='ocr_carea' id='block_1_81' title="bbox 1974 2222 3497 2307">
    <p class='ocr_par' dir='ltr' id='par_1_81' title="bbox 1974 2222 3497 2307">
     <span class='ocr_line' id='line_1_81' title="bbox 1974 2222 3497 2307; baseline 0.011 -31"><span class='ocrx_word' id='word_1_631' title='bbox 1974 2223 2025 2276; x_wconf 76' lang='grc'><strong>1.</strong></span> <span class='ocrx_word' id='word_1_632' title='bbox 2057 2222 2246 2279; x_wconf 84' lang='lat' dir='ltr'><strong>Mirum</strong></span> <span class='ocrx_word' id='word_1_633' title='bbox 2287 2225 2576 2282; x_wconf 88' lang='lat' dir='ltr'><strong>admodum</strong></span> <span class='ocrx_word' id='word_1_634' title='bbox 2608 2237 2724 2296; x_wconf 92' lang='lat' dir='ltr'><strong>est,</strong></span> <span class='ocrx_word' id='word_1_635' title='bbox 2756 2245 2916 2302; x_wconf 92' lang='lat' dir='ltr'><strong>quam</strong></span> <span class='ocrx_word' id='word_1_636' title='bbox 2954 2232 3084 2288; x_wconf 90' lang='lat' dir='ltr'><strong>mihi</strong></span> <span class='ocrx_word' id='word_1_637' title='bbox 3122 2244 3317 2304; x_wconf 67' lang='lat' dir='ltr'><strong>praeter</strong></span> <span class='ocrx_word' id='word_1_638' title='bbox 3344 2250 3497 2307; x_wconf 87' lang='lat' dir='ltr'><strong>spem</strong></span> 
     </span>
    </p>
   </div>
   <div class='ocr_carea' id='block_1_82' title="bbox 1901 2314 3498 2395">
    <p class='ocr_par' dir='ltr' id='par_1_82' title="bbox 1901 2314 3498 2395">
     <span class='ocr_line' id='line_1_82' title="bbox 1901 2314 3498 2395; baseline 0.013 -29"><span class='ocrx_word' id='word_1_639' title='bbox 1901 2314 2170 2382; x_wconf 88' lang='lat' dir='ltr'><strong>evenerit,</strong></span> <span class='ocrx_word' id='word_1_640' title='bbox 2203 2317 2346 2388; x_wconf 91' lang='lat' dir='ltr'><strong>quod</strong></span> <span class='ocrx_word' id='word_1_641' title='bbox 2372 2333 2493 2374; x_wconf 92' lang='lat' dir='ltr'><strong>cum</strong></span> <span class='ocrx_word' id='word_1_642' title='bbox 2524 2321 2743 2391; x_wconf 90' lang='lat' dir='ltr'><strong>requiro</strong></span> <span class='ocrx_word' id='word_1_643' title='bbox 2763 2323 2955 2392; x_wconf 92' lang='lat' dir='ltr'><strong>quibus</strong></span> <span class='ocrx_word' id='word_1_644' title='bbox 2983 2324 3220 2395; x_wconf 90' lang='lat' dir='ltr'><strong>epistolis</strong></span> <span class='ocrx_word' id='word_1_645' title='bbox 3237 2327 3340 2384; x_wconf 89' lang='lat' dir='ltr'><strong>tuis</strong></span> <span class='ocrx_word' id='word_1_646' title='bbox 3365 2329 3498 2386; x_wconf 81' lang='lat' dir='ltr'><strong>mihi</strong></span> 
     </span>
    </p>
   </div>
   <div class='ocr_carea' id='block_1_83' title="bbox 1899 2406 3498 2492">
    <p class='ocr_par' dir='ltr' id='par_1_83' title="bbox 1899 2406 3498 2492">
     <span class='ocr_line' id='line_1_83' title="bbox 1899 2406 3498 2492; baseline 0.012 -33"><span class='ocrx_word' id='word_1_647' title='bbox 1899 2406 2331 2475; x_wconf 90' lang='lat' dir='ltr'><strong>respondendum</strong></span> <span class='ocrx_word' id='word_1_648' title='bbox 2364 2413 2718 2481; x_wconf 86' lang='lat' dir='ltr'><strong>remanserit,</strong></span> <span class='ocrx_word' id='word_1_649' title='bbox 2753 2429 2912 2469; x_wconf 89' lang='lat' dir='ltr'><strong>unam</strong></span> <span class='ocrx_word' id='word_1_650' title='bbox 2940 2423 3146 2473; x_wconf 90' lang='lat' dir='ltr'><strong>tantum</strong></span> <span class='ocrx_word' id='word_1_651' title='bbox 3173 2418 3348 2476; x_wconf 90' lang='lat' dir='ltr'><strong>inveni</strong></span> <span class='ocrx_word' id='word_1_652' title='bbox 3377 2436 3498 2492; x_wconf 70' lang='lat' dir='ltr'><strong>quas</strong></span> 
     </span>
    </p>
   </div>
   <div class='ocr_carea' id='block_1_84' title="bbox 1901 2499 3497 2580">
    <p class='ocr_par' dir='ltr' id='par_1_84' title="bbox 1901 2499 3497 2580">
     <span class='ocr_line' id='line_1_84' title="bbox 1901 2499 3497 2580; baseline 0.011 -28"><span class='ocrx_word' id='word_1_653' title='bbox 1901 2513 1989 2553; x_wconf 80' lang='lat' dir='ltr'><strong>me</strong></span> <span class='ocrx_word' id='word_1_654' title='bbox 2013 2499 2189 2557; x_wconf 89' lang='lat' dir='ltr'><strong>adhuc</strong></span> <span class='ocrx_word' id='word_1_655' title='bbox 2213 2502 2508 2560; x_wconf 90' lang='lat' dir='ltr'><strong>debitorem</strong></span> <span class='ocrx_word' id='word_1_656' title='bbox 2542 2515 2782 2573; x_wconf 90' lang='lat' dir='ltr'><strong>teneret,</strong></span> <span class='ocrx_word' id='word_1_657' title='bbox 2814 2523 2917 2579; x_wconf 92' lang='lat' dir='ltr'><strong>qua</strong></span> <span class='ocrx_word' id='word_1_658' title='bbox 2949 2511 3084 2580; x_wconf 91' lang='lat' dir='ltr'><strong>petis</strong></span> <span class='ocrx_word' id='word_1_659' title='bbox 3124 2520 3181 2567; x_wconf 94' lang='lat' dir='ltr'><strong>ut</strong></span> <span class='ocrx_word' id='word_1_660' title='bbox 3224 2521 3371 2569; x_wconf 90' lang='lat' dir='ltr'><strong>tanto</strong></span> <span class='ocrx_word' id='word_1_661' title='bbox 3395 2529 3497 2570; x_wconf 78' lang='lat' dir='ltr'><strong>no—</strong></span> 
     </span>
    </p>
   </div>
   <div class='ocr_carea' id='block_1_85' title="bbox 1903 2592 3498 2671">
    <p class='ocr_par' dir='ltr' id='par_1_85' title="bbox 1903 2592 3498 2671">
     <span class='ocr_line' id='line_1_85' title="bbox 1903 2592 3498 2671; baseline 0.01 -25"><span class='ocrx_word' id='word_1_662' title='bbox 1903 2597 2019 2646; x_wconf 89' lang='lat' dir='ltr'><strong>stro</strong></span> <span class='ocrx_word' id='word_1_663' title='bbox 2045 2592 2183 2659; x_wconf 91' lang='lat' dir='ltr'><strong>otio,</strong></span> <span class='ocrx_word' id='word_1_664' title='bbox 2219 2605 2473 2664; x_wconf 86' lang='lat' dir='ltr'><strong>quantum</strong></span> <span class='ocrx_word' id='word_1_665' title='bbox 2507 2613 2630 2654; x_wconf 91' lang='lat' dir='ltr'><strong>esse</strong></span> <span class='ocrx_word' id='word_1_666' title='bbox 2655 2599 2930 2656; x_wconf 89' lang='lat' dir='ltr'><strong>arbitraris</strong></span> <span class='ocrx_word' id='word_1_667' title='bbox 2947 2610 3132 2658; x_wconf 80' lang='lat' dir='ltr'><strong>tecum</strong></span> <span class='ocrx_word' id='word_1_668' title='bbox 3153 2645 3166 2671; x_wconf 91' lang='lat'><strong>,</strong></span> <span class='ocrx_word' id='word_1_669' title='bbox 3196 2613 3288 2660; x_wconf 92' lang='lat' dir='ltr'><strong>aut</strong></span> <span class='ocrx_word' id='word_1_670' title='bbox 3312 2605 3498 2662; x_wconf 88' lang='lat' dir='ltr'><strong>nobis-</strong></span> 
     </span>
    </p>
   </div>
   <div class='ocr_carea' id='block_1_86' title="bbox 1903 2685 3499 2767">
    <p class='ocr_par' dir='ltr' id='par_1_86' title="bbox 1903 2685 3499 2767">
     <span class='ocr_line' id='line_1_86' title="bbox 1903 2685 3499 2767; baseline 0.012 -31"><span class='ocrx_word' id='word_1_671' title='bbox 1903 2695 2027 2736; x_wconf 91' lang='lat' dir='ltr'><strong>cum</strong></span> <span class='ocrx_word' id='word_1_672' title='bbox 2067 2685 2248 2754; x_wconf 88' lang='lat' dir='ltr'><strong>cupis,</strong></span> <span class='ocrx_word' id='word_1_673' title='bbox 2295 2687 2588 2744; x_wconf 91' lang='lat' dir='ltr'><strong>indicemus</strong></span> <span class='ocrx_word' id='word_1_674' title='bbox 2634 2690 2729 2745; x_wconf 91' lang='lat' dir='ltr'><strong>tibi</strong></span> <span class='ocrx_word' id='word_1_675' title='bbox 2768 2691 2894 2762; x_wconf 89' lang='lat' dir='ltr'><strong>quid</strong></span> <span class='ocrx_word' id='word_1_676' title='bbox 2939 2693 2989 2747; x_wconf 92' lang='lat' dir='ltr'><strong>in</strong></span> <span class='ocrx_word' id='word_1_677' title='bbox 3030 2695 3296 2750; x_wconf 89' lang='lat' dir='ltr'><strong>sensibilis</strong></span> <span class='ocrx_word' id='word_1_678' title='bbox 3339 2706 3499 2767; x_wconf 85' lang='lat' dir='ltr'><strong>atque</strong></span> 
     </span>
    </p>
   </div>
   <div class='ocr_carea' id='block_1_87' title="bbox 1903 2774 3496 2855">
    <p class='ocr_par' dir='ltr' id='par_1_87' title="bbox 1903 2774 3496 2855">
     <span class='ocr_line' id='line_1_87' title="bbox 1903 2774 3496 2855; baseline 0.011 -27"><span class='ocrx_word' id='word_1_679' title='bbox 1903 2774 2254 2846; x_wconf 88' lang='lat' dir='ltr'><strong>intelligibilis</strong></span> <span class='ocrx_word' id='word_1_680' title='bbox 2305 2787 2506 2834; x_wconf 68' lang='lat' dir='ltr'><strong>natura:</strong></span> <span class='ocrx_word' id='word_1_681' title='bbox 2551 2781 2908 2838; x_wconf 88' lang='lat' dir='ltr'><strong>discernentia</strong></span> <span class='ocrx_word' id='word_1_682' title='bbox 2936 2784 3336 2854; x_wconf 83' lang='lat' dir='ltr'><strong>profecerimus.</strong></span> <span class='ocrx_word' id='word_1_683' title='bbox 3385 2786 3496 2855; x_wconf 82' lang='lat' dir='ltr'><strong>Sed</strong></span> 
     </span>
    </p>
   </div>
   <div class='ocr_carea' id='block_1_88' title="bbox 1903 2869 3499 2952">
    <p class='ocr_par' dir='ltr' id='par_1_88' title="bbox 1903 2869 3499 2952">
     <span class='ocr_line' id='line_1_88' title="bbox 1903 2869 3499 2952; baseline 0.011 -30"><span class='ocrx_word' id='word_1_684' title='bbox 1903 2883 2013 2924; x_wconf 89' lang='lat' dir='ltr'><strong>non</strong></span> <span class='ocrx_word' id='word_1_685' title='bbox 2043 2869 2275 2926; x_wconf 90' lang='lat' dir='ltr'><strong>arbitror</strong></span> <span class='ocrx_word' id='word_1_686' title='bbox 2308 2873 2575 2930; x_wconf 91' lang='lat' dir='ltr'><strong>occultum</strong></span> <span class='ocrx_word' id='word_1_687' title='bbox 2604 2875 2700 2931; x_wconf 90' lang='lat' dir='ltr'><strong>tibi</strong></span> <span class='ocrx_word' id='word_1_688' title='bbox 2726 2892 2847 2933; x_wconf 91' lang='lat' dir='ltr'><strong>esse</strong></span> <span class='ocrx_word' id='word_1_689' title='bbox 2867 2919 2883 2944; x_wconf 91' lang='lat'><strong>,</strong></span> <span class='ocrx_word' id='word_1_690' title='bbox 2911 2879 2953 2933; x_wconf 92' lang='lat' dir='ltr'><strong>si</strong></span> <span class='ocrx_word' id='word_1_691' title='bbox 2989 2879 3136 2936; x_wconf 90' lang='lat' dir='ltr'><strong>falsis</strong></span> <span class='ocrx_word' id='word_1_692' title='bbox 3161 2883 3499 2952; x_wconf 84' lang='lat' dir='ltr'><strong>opinionibus</strong></span> 
     </span>
    </p>
   </div>
   <div class='ocr_carea' id='block_1_89' title="bbox 1903 2964 3498 3046">
    <p class='ocr_par' dir='ltr' id='par_1_89' title="bbox 1903 2964 3498 3046">
     <span class='ocr_line' id='line_1_89' title="bbox 1903 2964 3498 3046; baseline 0.012 -30"><span class='ocrx_word' id='word_1_693' title='bbox 1903 2970 2055 3017; x_wconf 88' lang='lat' dir='ltr'><strong>tanto</strong></span> <span class='ocrx_word' id='word_1_694' title='bbox 2085 2964 2310 3036; x_wconf 89' lang='lat' dir='ltr'><strong>quisque</strong></span> <span class='ocrx_word' id='word_1_695' title='bbox 2354 2967 2607 3024; x_wconf 88' lang='lat' dir='ltr'><strong>inseritur</strong></span> <span class='ocrx_word' id='word_1_696' title='bbox 2653 2971 2822 3041; x_wconf 91' lang='lat' dir='ltr'><strong>magis</strong></span> <span class='ocrx_word' id='word_1_697' title='bbox 2843 3013 2856 3034; x_wconf 95' lang='lat'><strong>,</strong></span> <span class='ocrx_word' id='word_1_698' title='bbox 2888 2983 3087 3043; x_wconf 91' lang='lat' dir='ltr'><strong>quanto</strong></span> <span class='ocrx_word' id='word_1_699' title='bbox 3118 2977 3285 3046; x_wconf 89' lang='lat' dir='ltr'><strong>magis</strong></span> <span class='ocrx_word' id='word_1_700' title='bbox 3333 2977 3384 3031; x_wconf 92' lang='lat' dir='ltr'><strong>in</strong></span> <span class='ocrx_word' id='word_1_701' title='bbox 3420 2979 3498 3035; x_wconf 83' lang='lat' dir='ltr'><strong>eis</strong></span> 
     </span>
    </p>
   </div>
   <div class='ocr_carea' id='block_1_90' title="bbox 1903 3052 3499 3129">
    <p class='ocr_par' dir='ltr' id='par_1_90' title="bbox 1903 3052 3499 3129">
     <span class='ocr_line' id='line_1_90' title="bbox 1903 3052 3499 3129; baseline 0.011 -22"><span class='ocrx_word' id='word_1_702' title='bbox 1903 3052 2326 3127; x_wconf 82' lang='lat' dir='ltr'><strong>familiariusque</strong></span> <span class='ocrx_word' id='word_1_703' title='bbox 2367 3059 2669 3129; x_wconf 84' lang='lat' dir='ltr'><strong>volutatur,</strong></span> <span class='ocrx_word' id='word_1_704' title='bbox 2722 3062 2892 3118; x_wconf 93' lang='lat' dir='ltr'><strong>multo</strong></span> <span class='ocrx_word' id='word_1_705' title='bbox 2921 3063 2972 3118; x_wconf 88' lang='lat' dir='ltr'><strong>id</strong></span> <span class='ocrx_word' id='word_1_706' title='bbox 3005 3064 3208 3121; x_wconf 88' lang='lat' dir='ltr'><strong>facilius</strong></span> <span class='ocrx_word' id='word_1_707' title='bbox 3245 3067 3297 3122; x_wconf 92' lang='lat' dir='ltr'><strong>in</strong></span> <span class='ocrx_word' id='word_1_708' title='bbox 3338 3067 3499 3125; x_wconf 74' lang='lat' dir='ltr'><strong>rebus</strong></span> 
     </span>
    </p>
   </div>
   <div class='ocr_carea' id='block_1_91' title="bbox 1902 3145 3499 3227">
    <p class='ocr_par' dir='ltr' id='par_1_91' title="bbox 1902 3145 3499 3227">
     <span class='ocr_line' id='line_1_91' title="bbox 1902 3145 3499 3227; baseline 0.009 -28"><span class='ocrx_word' id='word_1_709' title='bbox 1902 3145 2047 3201; x_wconf 88' lang='lat' dir='ltr'><strong>veris</strong></span> <span class='ocrx_word' id='word_1_710' title='bbox 2075 3147 2256 3202; x_wconf 90' lang='lat' dir='ltr'><strong>animo</strong></span> <span class='ocrx_word' id='word_1_711' title='bbox 2282 3149 2544 3207; x_wconf 90' lang='lat' dir='ltr'><strong>accidere.</strong></span> <span class='ocrx_word' id='word_1_712' title='bbox 2579 3150 2654 3206; x_wconf 90' lang='lat' dir='ltr'><strong>lta</strong></span> <span class='ocrx_word' id='word_1_713' title='bbox 2685 3162 2860 3208; x_wconf 88' lang='lat' dir='ltr'><strong>tamen</strong></span> <span class='ocrx_word' id='word_1_714' title='bbox 2894 3155 3145 3224; x_wconf 87' lang='lat' dir='ltr'><strong>paulatim</strong></span> <span class='ocrx_word' id='word_1_715' title='bbox 3175 3168 3233 3213; x_wconf 93' lang='lat' dir='ltr'><strong>ut</strong></span> <span class='ocrx_word' id='word_1_716' title='bbox 3256 3173 3349 3227; x_wconf 90' lang='lat' dir='ltr'><strong>per</strong></span> <span class='ocrx_word' id='word_1_717' title='bbox 3367 3168 3499 3213; x_wconf 72' lang='lat' dir='ltr'><strong>teta-</strong></span> 
     </span>
    </p>
   </div>
   <div class='ocr_carea' id='block_1_92' title="bbox 1905 3239 3498 3323">
    <p class='ocr_par' dir='ltr' id='par_1_92' title="bbox 1905 3239 3498 3323">
     <span class='ocr_line' id='line_1_92' title="bbox 1905 3239 3498 3323; baseline 0.013 -31"><span class='ocrx_word' id='word_1_718' title='bbox 1905 3247 2015 3294; x_wconf 92' lang='lat' dir='ltr'><strong>tem</strong></span> <span class='ocrx_word' id='word_1_719' title='bbox 2042 3239 2365 3310; x_wconf 85' lang='lat' dir='ltr'><strong>proficimus.</strong></span> <span class='ocrx_word' id='word_1_720' title='bbox 2405 3244 2610 3316; x_wconf 83' lang='lat' dir='ltr'><strong>Quippe</strong></span> <span class='ocrx_word' id='word_1_721' title='bbox 2639 3261 2758 3302; x_wconf 92' lang='lat' dir='ltr'><strong>cum</strong></span> <span class='ocrx_word' id='word_1_722' title='bbox 2788 3247 3078 3317; x_wconf 88' lang='lat' dir='ltr'><strong>plurimum</strong></span> <span class='ocrx_word' id='word_1_723' title='bbox 3109 3251 3248 3307; x_wconf 91' lang='lat' dir='ltr'><strong>inter</strong></span> <span class='ocrx_word' id='word_1_724' title='bbox 3277 3267 3498 3323; x_wconf 84' lang='lat' dir='ltr'><strong>puerum</strong></span> 
     </span>
    </p>
   </div>
   <div class='ocr_carea' id='block_1_93' title="bbox 1905 3335 3499 3417">
    <p class='ocr_par' dir='ltr' id='par_1_93' title="bbox 1905 3335 3499 3417">
     <span class='ocr_line' id='line_1_93' title="bbox 1905 3335 3499 3417; baseline 0.01 -28"><span class='ocrx_word' id='word_1_725' title='bbox 1905 3343 1960 3389; x_wconf 90' lang='lat' dir='ltr'><strong>et</strong></span> <span class='ocrx_word' id='word_1_726' title='bbox 1990 3335 2243 3406; x_wconf 91' lang='lat' dir='ltr'><strong>juvenem</strong></span> <span class='ocrx_word' id='word_1_727' title='bbox 2271 3337 2461 3406; x_wconf 92' lang='lat' dir='ltr'><strong>distet,</strong></span> <span class='ocrx_word' id='word_1_728' title='bbox 2501 3356 2659 3397; x_wconf 90' lang='lat' dir='ltr'><strong>nemo</strong></span> <span class='ocrx_word' id='word_1_729' title='bbox 2686 3357 2717 3396; x_wconf 91' lang='lat' dir='ltr'><strong>a</strong></span> <span class='ocrx_word' id='word_1_730' title='bbox 2749 3344 2974 3413; x_wconf 91' lang='lat' dir='ltr'><strong>pueritia</strong></span> <span class='ocrx_word' id='word_1_731' title='bbox 3003 3345 3238 3417; x_wconf 89' lang='lat' dir='ltr'><strong>quotidie</strong></span> <span class='ocrx_word' id='word_1_732' title='bbox 3268 3348 3499 3407; x_wconf 80' lang='lat' dir='ltr'><strong>interm-</strong></span> 
     </span>
    </p>
   </div>
   <div class='ocr_carea' id='block_1_94' title="bbox 1903 3429 2914 3502">
    <p class='ocr_par' dir='ltr' id='par_1_94' title="bbox 1903 3429 2914 3502">
     <span class='ocr_line' id='line_1_94' title="bbox 1903 3429 2914 3502; baseline 0.009 -22"><span class='ocrx_word' id='word_1_733' title='bbox 1903 3436 2056 3497; x_wconf 88' lang='lat' dir='ltr'><strong>gatus</strong></span> <span class='ocrx_word' id='word_1_734' title='bbox 2084 3445 2141 3484; x_wconf 91' lang='lat' dir='ltr'><strong>se</strong></span> <span class='ocrx_word' id='word_1_735' title='bbox 2170 3429 2454 3501; x_wconf 89' lang='lat' dir='ltr'><strong>aliquando</strong></span> <span class='ocrx_word' id='word_1_736' title='bbox 2479 3433 2729 3502; x_wconf 86' lang='lat' dir='ltr'><strong>juvenem</strong></span> <span class='ocrx_word' id='word_1_737' title='bbox 2758 3435 2914 3492; x_wconf 90' lang='lat' dir='ltr'><strong>dicet.</strong></span> 
     </span>
    </p>
   </div>
   <div class='ocr_carea' id='block_1_95' title="bbox 1975 3518 3498 3598">
    <p class='ocr_par' dir='ltr' id='par_1_95' title="bbox 1975 3518 3498 3598">
     <span class='ocr_line' id='line_1_95' title="bbox 1975 3518 3498 3598; baseline 0.011 -27"><span class='ocrx_word' id='word_1_738' title='bbox 1975 3518 2031 3571; x_wconf 74' lang='lat'><strong>2.</strong></span> <span class='ocrx_word' id='word_1_739' title='bbox 2055 3519 2207 3586; x_wconf 87' lang='lat' dir='ltr'><strong>Quod</strong></span> <span class='ocrx_word' id='word_1_740' title='bbox 2243 3520 2368 3576; x_wconf 95' lang='lat' dir='ltr'><strong>nolo</strong></span> <span class='ocrx_word' id='word_1_741' title='bbox 2390 3522 2440 3575; x_wconf 92' lang='lat' dir='ltr'><strong>in</strong></span> <span class='ocrx_word' id='word_1_742' title='bbox 2463 3538 2579 3578; x_wconf 93' lang='lat' dir='ltr'><strong>eam</strong></span> <span class='ocrx_word' id='word_1_743' title='bbox 2609 3534 2813 3593; x_wconf 89' lang='lat' dir='ltr'><strong>partem</strong></span> <span class='ocrx_word' id='word_1_744' title='bbox 2847 3528 3076 3598; x_wconf 88' lang='lat' dir='ltr'><strong>accipias</strong></span> <span class='ocrx_word' id='word_1_745' title='bbox 3097 3570 3112 3596; x_wconf 96' lang='lat'><strong>,</strong></span> <span class='ocrx_word' id='word_1_746' title='bbox 3135 3539 3195 3584; x_wconf 91' lang='lat' dir='ltr'><strong>ut</strong></span> <span class='ocrx_word' id='word_1_747' title='bbox 3220 3545 3318 3585; x_wconf 90' lang='lat' dir='ltr'><strong>nos</strong></span> <span class='ocrx_word' id='word_1_748' title='bbox 3341 3531 3391 3586; x_wconf 92' lang='lat' dir='ltr'><strong>in</strong></span> <span class='ocrx_word' id='word_1_749' title='bbox 3414 3531 3498 3588; x_wconf 86' lang='lat' dir='ltr'><strong>bis</strong></span> 
     </span>
    </p>
   </div>
   <div class='ocr_carea' id='block_1_96' title="bbox 1905 3609 3500 3686">
    <p class='ocr_par' dir='ltr' id='par_1_96' title="bbox 1905 3609 3500 3686">
     <span class='ocr_line' id='line_1_96' title="bbox 1905 3609 3500 3686; baseline 0.01 -23"><span class='ocrx_word' id='word_1_750' title='bbox 1905 3609 2067 3664; x_wconf 88' lang='lat' dir='ltr'><strong>rebus</strong></span> <span class='ocrx_word' id='word_1_751' title='bbox 2092 3612 2240 3682; x_wconf 85' lang='lat' dir='ltr'><strong>quasi</strong></span> <span class='ocrx_word' id='word_1_752' title='bbox 2263 3612 2328 3666; x_wconf 90' lang='lat' dir='ltr'><strong>ad</strong></span> <span class='ocrx_word' id='word_1_753' title='bbox 2355 3613 2640 3682; x_wconf 84' lang='lat' dir='ltr'><strong>quamdam</strong></span> <span class='ocrx_word' id='word_1_754' title='bbox 2671 3617 2866 3671; x_wconf 87' lang='lat' dir='ltr'><strong>mentis</strong></span> <span class='ocrx_word' id='word_1_755' title='bbox 2881 3618 3214 3686; x_wconf 87' lang='lat' dir='ltr'><strong>juventutcm</strong></span> <span class='ocrx_word' id='word_1_756' title='bbox 3247 3621 3500 3680; x_wconf 85' lang='lat' dir='ltr'><strong>ﬁrmioris</strong></span> 
     </span>
    </p>
   </div>
   <div class='ocr_carea' id='block_1_97' title="bbox 1905 3700 3500 3775">
    <p class='ocr_par' dir='ltr' id='par_1_97' title="bbox 1905 3700 3500 3775">
     <span class='ocr_line' id='line_1_97' title="bbox 1905 3700 3500 3775; baseline 0.011 -21"><span class='ocrx_word' id='word_1_757' title='bbox 1905 3700 2265 3772; x_wconf 72' lang='lat' dir='ltr'><strong>intelligentia:</strong></span> <span class='ocrx_word' id='word_1_758' title='bbox 2292 3704 2484 3760; x_wconf 89' lang='lat' dir='ltr'><strong>robore</strong></span> <span class='ocrx_word' id='word_1_759' title='bbox 2518 3708 2826 3775; x_wconf 86' lang='lat' dir='ltr'><strong>pervenisse</strong></span> <span class='ocrx_word' id='word_1_760' title='bbox 2851 3710 3144 3766; x_wconf 82' lang='lat' dir='ltr'><strong>existimes.</strong></span> <span class='ocrx_word' id='word_1_761' title='bbox 3177 3711 3332 3769; x_wconf 87' lang='lat' dir='ltr'><strong>Pueri</strong></span> <span class='ocrx_word' id='word_1_762' title='bbox 3355 3716 3500 3772; x_wconf 77' lang='lat' dir='ltr'><strong>enim</strong></span> 
     </span>
    </p>
   </div>
   <div class='ocr_carea' id='block_1_98' title="bbox 1904 3794 3500 3869">
    <p class='ocr_par' dir='ltr' id='par_1_98' title="bbox 1904 3794 3500 3869">
     <span class='ocr_line' id='line_1_98' title="bbox 1904 3794 3500 3869; baseline 0.012 -24"><span class='ocrx_word' id='word_1_763' title='bbox 1904 3806 2122 3858; x_wconf 85' lang='lat' dir='ltr'><strong>sumus,</strong></span> <span class='ocrx_word' id='word_1_764' title='bbox 2163 3794 2289 3861; x_wconf 91' lang='lat' dir='ltr'><strong>sed,</strong></span> <span class='ocrx_word' id='word_1_765' title='bbox 2335 3805 2393 3850; x_wconf 90' lang='lat' dir='ltr'><strong>ut</strong></span> <span class='ocrx_word' id='word_1_766' title='bbox 2433 3795 2536 3852; x_wconf 91' lang='lat' dir='ltr'><strong>dici</strong></span> <span class='ocrx_word' id='word_1_767' title='bbox 2566 3799 2794 3867; x_wconf 87' lang='lat' dir='ltr'><strong>assolet,</strong></span> <span class='ocrx_word' id='word_1_768' title='bbox 2846 3800 3066 3857; x_wconf 87' lang='lat' dir='ltr'><strong>forsitan</strong></span> <span class='ocrx_word' id='word_1_769' title='bbox 3105 3802 3268 3869; x_wconf 90' lang='lat' dir='ltr'><strong>belli,</strong></span> <span class='ocrx_word' id='word_1_770' title='bbox 3301 3815 3354 3860; x_wconf 94' lang='lat' dir='ltr'><strong>et</strong></span> <span class='ocrx_word' id='word_1_771' title='bbox 3393 3821 3500 3864; x_wconf 84' lang='lat' dir='ltr'><strong>non</strong></span> 
     </span>
    </p>
   </div>
   <div class='ocr_carea' id='block_1_99' title="bbox 1903 3885 3498 3960">
    <p class='ocr_par' dir='ltr' id='par_1_99' title="bbox 1903 3885 3498 3960">
     <span class='ocr_line' id='line_1_99' title="bbox 1903 3885 3498 3960; baseline 0.01 -22"><span class='ocrx_word' id='word_1_772' title='bbox 1903 3885 2032 3939; x_wconf 89' lang='lat' dir='ltr'><strong>mali</strong></span> <span class='ocrx_word' id='word_1_773' title='bbox 2060 3887 2100 3938; x_wconf 86' lang='grc'><strong>¹.</strong></span> <span class='ocrx_word' id='word_1_774' title='bbox 2156 3886 2288 3941; x_wconf 89' lang='lat' dir='ltr'><strong>Nam</strong></span> <span class='ocrx_word' id='word_1_775' title='bbox 2330 3889 2641 3960; x_wconf 89' lang='lat' dir='ltr'><strong>plerumque</strong></span> <span class='ocrx_word' id='word_1_776' title='bbox 2689 3893 3026 3960; x_wconf 88' lang='lat' dir='ltr'><strong>perturbatos</strong></span> <span class='ocrx_word' id='word_1_777' title='bbox 3069 3903 3125 3950; x_wconf 91' lang='lat' dir='ltr'><strong>et</strong></span> <span class='ocrx_word' id='word_1_778' title='bbox 3163 3897 3498 3954; x_wconf 85' lang='lat' dir='ltr'><strong>sensibilium</strong></span> 
     </span>
    </p>
   </div>
   <div class='ocr_carea' id='block_1_100' title="bbox 1905 3978 3499 4052">
    <p class='ocr_par' dir='ltr' id='par_1_100' title="bbox 1905 3978 3499 4052">
     <span class='ocr_line' id='line_1_100' title="bbox 1905 3978 3499 4052; baseline 0.008 -21"><span class='ocrx_word' id='word_1_779' title='bbox 1905 3978 2182 4048; x_wconf 89' lang='lat' dir='ltr'><strong>plagarum</strong></span> <span class='ocrx_word' id='word_1_780' title='bbox 2214 3978 2286 4052; x_wconf 89' lang='lat' dir='ltr'><strong>(b)</strong></span> <span class='ocrx_word' id='word_1_781' title='bbox 2318 3981 2460 4036; x_wconf 91' lang='lat' dir='ltr'><strong>curis</strong></span> <span class='ocrx_word' id='word_1_782' title='bbox 2486 3981 2712 4038; x_wconf 86' lang='lat' dir='ltr'><strong>refertos</strong></span> <span class='ocrx_word' id='word_1_783' title='bbox 2738 3985 2932 4039; x_wconf 89' lang='lat' dir='ltr'><strong>mentis</strong></span> <span class='ocrx_word' id='word_1_784' title='bbox 2948 3986 3132 4041; x_wconf 91' lang='lat' dir='ltr'><strong>oculos</strong></span> <span class='ocrx_word' id='word_1_785' title='bbox 3158 3987 3245 4041; x_wconf 90' lang='lat' dir='ltr'><strong>illa</strong></span> <span class='ocrx_word' id='word_1_786' title='bbox 3273 3989 3362 4042; x_wconf 90' lang='lat' dir='ltr'><strong>tibi</strong></span> <span class='ocrx_word' id='word_1_787' title='bbox 3399 4005 3499 4045; x_wconf 84' lang='lat' dir='ltr'><strong>no-</strong></span> 
     </span>
    </p>
   </div>
   <div class='ocr_carea' id='block_1_101' title="bbox 1903 4073 3497 4146">
    <p class='ocr_par' dir='ltr' id='par_1_101' title="bbox 1903 4073 3497 4146">
     <span class='ocr_line' id='line_1_101' title="bbox 1903 4073 3497 4146; baseline 0.006 -19"><span class='ocrx_word' id='word_1_788' title='bbox 1903 4073 2114 4128; x_wconf 88' lang='lat' dir='ltr'><strong>tissima</strong></span> <span class='ocrx_word' id='word_1_789' title='bbox 2142 4074 2435 4130; x_wconf 87' lang='lat' dir='ltr'><strong>ratiuncula</strong></span> <span class='ocrx_word' id='word_1_790' title='bbox 2472 4075 2524 4130; x_wconf 90' lang='lat' dir='ltr'><strong>in</strong></span> <span class='ocrx_word' id='word_1_791' title='bbox 2563 4077 2968 4145; x_wconf 88' lang='lat' dir='ltr'><strong>respirationem</strong></span> <span class='ocrx_word' id='word_1_792' title='bbox 2997 4081 3016 4110; x_wconf 86' lang='grc'><strong><em>²</em></strong></span> <span class='ocrx_word' id='word_1_793' title='bbox 3049 4079 3220 4146; x_wconf 92' lang='lat' dir='ltr'><strong>levat,</strong></span> <span class='ocrx_word' id='word_1_794' title='bbox 3262 4091 3497 4136; x_wconf 87' lang='lat' dir='ltr'><strong>mentem</strong></span> 
     </span>
    </p>
   </div>
   <div class='ocr_carea' id='block_1_102' title="bbox 1904 4164 3498 4240">
    <p class='ocr_par' dir='ltr' id='par_1_102' title="bbox 1904 4164 3498 4240">
     <span class='ocr_line' id='line_1_102' title="bbox 1904 4164 3498 4240; baseline 0.006 -23"><span class='ocrx_word' id='word_1_795' title='bbox 1904 4172 2067 4233; x_wconf 89' lang='lat' dir='ltr'><strong>atque</strong></span> <span class='ocrx_word' id='word_1_796' title='bbox 2092 4164 2492 4234; x_wconf 83' lang='lat' dir='ltr'><strong>intelligentiam</strong></span> <span class='ocrx_word' id='word_1_797' title='bbox 2515 4166 2685 4221; x_wconf 86' lang='lat' dir='ltr'><strong>oculis</strong></span> <span class='ocrx_word' id='word_1_798' title='bbox 2709 4175 2762 4220; x_wconf 92' lang='lat' dir='ltr'><strong>et</strong></span> <span class='ocrx_word' id='word_1_799' title='bbox 2783 4165 2886 4221; x_wconf 91' lang='lat' dir='ltr'><strong>hoc</strong></span> <span class='ocrx_word' id='word_1_800' title='bbox 2912 4167 3113 4238; x_wconf 88' lang='lat' dir='ltr'><strong>vulgari</strong></span> <span class='ocrx_word' id='word_1_801' title='bbox 3139 4179 3354 4240; x_wconf 89' lang='lat' dir='ltr'><strong>aspectu</strong></span> <span class='ocrx_word' id='word_1_802' title='bbox 3377 4187 3498 4227; x_wconf 86' lang='lat' dir='ltr'><strong>esse</strong></span> 
     </span>
    </p>
   </div>
   <div class='ocr_carea' id='block_1_103' title="bbox 1904 4255 3499 4332">
    <p class='ocr_par' dir='ltr' id='par_1_103' title="bbox 1904 4255 3499 4332">
     <span class='ocr_line' id='line_1_103' title="bbox 1904 4255 3499 4332; baseline 0.007 -23"><span class='ocrx_word' id='word_1_803' title='bbox 1904 4256 2186 4310; x_wconf 90' lang='lat' dir='ltr'><strong>meliorem</strong></span> <span class='ocrx_word' id='word_1_804' title='bbox 2221 4274 2234 4310; x_wconf 89' lang='lat'>:</span> <span class='ocrx_word' id='word_1_805' title='bbox 2267 4255 2409 4326; x_wconf 92' lang='lat' dir='ltr'><strong>quod</strong></span> <span class='ocrx_word' id='word_1_806' title='bbox 2438 4272 2545 4312; x_wconf 92' lang='lat' dir='ltr'><strong>non</strong></span> <span class='ocrx_word' id='word_1_807' title='bbox 2575 4257 2645 4313; x_wconf 91' lang='lat' dir='ltr'><strong>ita</strong></span> <span class='ocrx_word' id='word_1_808' title='bbox 2675 4267 2852 4325; x_wconf 91' lang='lat' dir='ltr'><strong>esset,</strong></span> <span class='ocrx_word' id='word_1_809' title='bbox 2883 4257 2985 4314; x_wconf 90' lang='lat' dir='ltr'><strong>nisi</strong></span> <span class='ocrx_word' id='word_1_810' title='bbox 3010 4261 3177 4332; x_wconf 88' lang='lat' dir='ltr'><strong>magis</strong></span> <span class='ocrx_word' id='word_1_811' title='bbox 3203 4274 3383 4318; x_wconf 87' lang='lat' dir='ltr'><strong>essent</strong></span> <span class='ocrx_word' id='word_1_812' title='bbox 3408 4263 3499 4320; x_wconf 88' lang='lat' dir='ltr'><strong>illa</strong></span> 
     </span>
    </p>
   </div>
   <div class='ocr_carea' id='block_1_104' title="bbox 1905 4349 3500 4424">
    <p class='ocr_par' dir='ltr' id='par_1_104' title="bbox 1905 4349 3500 4424">
     <span class='ocr_line' id='line_1_104' title="bbox 1905 4349 3500 4424; baseline 0.005 -20"><span class='ocrx_word' id='word_1_813' title='bbox 1905 4364 2026 4420; x_wconf 72' lang='lat' dir='ltr'><strong>qua:</strong></span> <span class='ocrx_word' id='word_1_814' title='bbox 2048 4349 2414 4421; x_wconf 85' lang='lat' dir='ltr'><strong>intelligimus,</strong></span> <span class='ocrx_word' id='word_1_815' title='bbox 2443 4366 2600 4422; x_wconf 89' lang='lat' dir='ltr'><strong>quam</strong></span> <span class='ocrx_word' id='word_1_816' title='bbox 2629 4352 2730 4408; x_wconf 90' lang='lat' dir='ltr'><strong>ista</strong></span> <span class='ocrx_word' id='word_1_817' title='bbox 2755 4367 2873 4424; x_wconf 86' lang='lat' dir='ltr'><strong>quae</strong></span> <span class='ocrx_word' id='word_1_818' title='bbox 2900 4354 3186 4409; x_wconf 89' lang='lat' dir='ltr'><strong>cernimus.</strong></span> <span class='ocrx_word' id='word_1_819' title='bbox 3214 4355 3311 4411; x_wconf 90' lang='lat' dir='ltr'><strong>Cui</strong></span> <span class='ocrx_word' id='word_1_820' title='bbox 3336 4358 3500 4412; x_wconf 86' lang='lat' dir='ltr'><strong>ratio-</strong></span> 
     </span>
    </p>
   </div>
   <div class='ocr_carea' id='block_1_105' title="bbox 1905 4442 3499 4520">
    <p class='ocr_par' dir='ltr' id='par_1_105' title="bbox 1905 4442 3499 4520">
     <span class='ocr_line' id='line_1_105' title="bbox 1905 4442 3499 4520; baseline 0.006 -23"><span class='ocrx_word' id='word_1_821' title='bbox 1905 4442 2160 4498; x_wconf 87' lang='lat' dir='ltr'><strong>cinationi</strong></span> <span class='ocrx_word' id='word_1_822' title='bbox 2182 4451 2357 4499; x_wconf 91' lang='lat' dir='ltr'><strong>utrum</strong></span> <span class='ocrx_word' id='word_1_823' title='bbox 2385 4444 2704 4502; x_wconf 89' lang='lat' dir='ltr'><strong>nihilvalide</strong></span> <span class='ocrx_word' id='word_1_824' title='bbox 2726 4446 2998 4502; x_wconf 91' lang='lat' dir='ltr'><strong>inimicum</strong></span> <span class='ocrx_word' id='word_1_825' title='bbox 3027 4446 3117 4516; x_wconf 91' lang='lat' dir='ltr'><strong>sit,</strong></span> <span class='ocrx_word' id='word_1_826' title='bbox 3144 4457 3268 4520; x_wconf 91' lang='lat' dir='ltr'><strong>peto</strong></span> <span class='ocrx_word' id='word_1_827' title='bbox 3288 4466 3499 4507; x_wconf 81' lang='lat' dir='ltr'><strong>mecum</strong></span> 
     </span>
    </p>
   </div>
   <div class='ocr_carea' id='block_1_106' title="bbox 1905 4533 3500 4607">
    <p class='ocr_par' dir='ltr' id='par_1_106' title="bbox 1905 4533 3500 4607">
     <span class='ocr_line' id='line_1_106' title="bbox 1905 4533 3500 4607; baseline 0.008 -19"><span class='ocrx_word' id='word_1_828' title='bbox 1905 4533 2235 4590; x_wconf 89' lang='lat' dir='ltr'><strong>consideres.</strong></span> <span class='ocrx_word' id='word_1_829' title='bbox 2268 4534 2380 4590; x_wconf 84' lang='lat' dir='ltr'><strong>liae</strong></span> <span class='ocrx_word' id='word_1_830' title='bbox 2407 4551 2507 4607; x_wconf 87' lang='lat' dir='ltr'><strong>ego</strong></span> <span class='ocrx_word' id='word_1_831' title='bbox 2545 4537 2757 4593; x_wconf 88' lang='lat' dir='ltr'><strong>interim</strong></span> <span class='ocrx_word' id='word_1_832' title='bbox 2785 4547 3092 4607; x_wconf 89' lang='lat' dir='ltr'><strong>recreatus,</strong></span> <span class='ocrx_word' id='word_1_833' title='bbox 3130 4556 3250 4596; x_wconf 87' lang='lat' dir='ltr'><strong>cum</strong></span> <span class='ocrx_word' id='word_1_834' title='bbox 3296 4542 3404 4598; x_wconf 90' lang='lat' dir='ltr'><strong>Deo</strong></span> <span class='ocrx_word' id='word_1_835' title='bbox 3445 4544 3500 4601; x_wconf 90' lang='lat' dir='ltr'><strong>in</strong></span> 
     </span>
    </p>
   </div>
   <div class='ocr_carea' id='block_1_107' title="bbox 1904 4628 3498 4708">
    <p class='ocr_par' dir='ltr' id='par_1_107' title="bbox 1904 4628 3498 4708">
     <span class='ocr_line' id='line_1_107' title="bbox 1904 4628 3498 4708; baseline 0.009 -27"><span class='ocrx_word' id='word_1_836' title='bbox 1904 4628 2168 4683; x_wconf 83' lang='lat' dir='ltr'><strong>auxilium</strong></span> <span class='ocrx_word' id='word_1_837' title='bbox 2193 4628 2480 4699; x_wconf 89' lang='lat' dir='ltr'><strong>deprecato</strong></span> <span class='ocrx_word' id='word_1_838' title='bbox 2498 4673 2512 4699; x_wconf 95' lang='lat'><strong>,</strong></span> <span class='ocrx_word' id='word_1_839' title='bbox 2546 4632 2672 4686; x_wconf 89' lang='lat' dir='ltr'><strong>etin</strong></span> <span class='ocrx_word' id='word_1_840' title='bbox 2700 4633 2905 4704; x_wconf 90' lang='lat' dir='ltr'><strong>ipsum,</strong></span> <span class='ocrx_word' id='word_1_841' title='bbox 2933 4645 2988 4690; x_wconf 91' lang='lat' dir='ltr'><strong>et</strong></span> <span class='ocrx_word' id='word_1_842' title='bbox 3016 4633 3070 4689; x_wconf 93' lang='lat' dir='ltr'><strong>in</strong></span> <span class='ocrx_word' id='word_1_843' title='bbox 3095 4650 3155 4690; x_wconf 88' lang='lat' dir='ltr'><strong>ea</strong></span> <span class='ocrx_word' id='word_1_844' title='bbox 3184 4652 3302 4708; x_wconf 75' lang='lat' dir='ltr'><strong>qua:</strong></span> <span class='ocrx_word' id='word_1_845' title='bbox 3329 4641 3498 4694; x_wconf 85' lang='lat' dir='ltr'><strong>veris-</strong></span> 
     </span>
    </p>
   </div>
   <div class='ocr_carea' id='block_1_108' title="bbox 1906 4720 3498 4800">
    <p class='ocr_par' dir='ltr' id='par_1_108' title="bbox 1906 4720 3498 4800">
     <span class='ocr_line' id='line_1_108' title="bbox 1906 4720 3498 4800; baseline 0.007 -26"><span class='ocrx_word' id='word_1_846' title='bbox 1906 4720 2042 4774; x_wconf 91' lang='lat' dir='ltr'><strong>sime</strong></span> <span class='ocrx_word' id='word_1_847' title='bbox 2086 4735 2208 4775; x_wconf 89' lang='lat' dir='ltr'><strong>vera</strong></span> <span class='ocrx_word' id='word_1_848' title='bbox 2251 4729 2376 4776; x_wconf 89' lang='lat' dir='ltr'><strong>sunt</strong></span> <span class='ocrx_word' id='word_1_849' title='bbox 2420 4723 2587 4777; x_wconf 89' lang='lat' dir='ltr'><strong>attolli</strong></span> <span class='ocrx_word' id='word_1_850' title='bbox 2627 4739 2879 4795; x_wconf 69' lang='lat' dir='ltr'><strong>coepero,</strong></span> <span class='ocrx_word' id='word_1_851' title='bbox 2929 4734 3070 4781; x_wconf 91' lang='lat' dir='ltr'><strong>tanta</strong></span> <span class='ocrx_word' id='word_1_852' title='bbox 3119 4741 3498 4800; x_wconf 81' lang='lat' dir='ltr'><strong>nonnunquam</strong></span> 
     </span>
    </p>
   </div>
   <div class='ocr_carea' id='block_1_109' title="bbox 1904 4813 3501 4888">
    <p class='ocr_par' dir='ltr' id='par_1_109' title="bbox 1904 4813 3501 4888">
     <span class='ocr_line' id='line_1_109' title="bbox 1904 4813 3501 4888; baseline 0.008 -22"><span class='ocrx_word' id='word_1_853' title='bbox 1904 4827 2086 4866; x_wconf 92' lang='lat' dir='ltr'><strong>rerum</strong></span> <span class='ocrx_word' id='word_1_854' title='bbox 2110 4813 2436 4867; x_wconf 88' lang='lat' dir='ltr'><strong>manentium</strong></span> <span class='ocrx_word' id='word_1_855' title='bbox 2464 4816 2883 4887; x_wconf 65' lang='lat' dir='ltr'><strong>praesumptione</strong></span> <span class='ocrx_word' id='word_1_856' title='bbox 2907 4817 3213 4888; x_wconf 88' lang='lat' dir='ltr'><strong>compleor,</strong></span> <span class='ocrx_word' id='word_1_857' title='bbox 3244 4830 3299 4874; x_wconf 90' lang='lat' dir='ltr'><strong>ut</strong></span> <span class='ocrx_word' id='word_1_858' title='bbox 3335 4822 3501 4878; x_wconf 84' lang='lat' dir='ltr'><strong>mirer</strong></span> 
     </span>
    </p>
   </div>
   <div class='ocr_carea' id='block_1_110' title="bbox 1904 4902 3500 4981">
    <p class='ocr_par' dir='ltr' id='par_1_110' title="bbox 1904 4902 3500 4981">
     <span class='ocr_line' id='line_1_110' title="bbox 1904 4902 3500 4981; baseline 0.009 -23"><span class='ocrx_word' id='word_1_859' title='bbox 1904 4902 2174 4959; x_wconf 87' lang='lat' dir='ltr'><strong>interdum</strong></span> <span class='ocrx_word' id='word_1_860' title='bbox 2215 4905 2300 4960; x_wconf 86' lang='lat' dir='ltr'><strong>illa</strong></span> <span class='ocrx_word' id='word_1_861' title='bbox 2329 4907 2460 4962; x_wconf 93' lang='lat' dir='ltr'><strong>mihi</strong></span> <span class='ocrx_word' id='word_1_862' title='bbox 2487 4922 2622 4977; x_wconf 91' lang='lat' dir='ltr'><strong>opus</strong></span> <span class='ocrx_word' id='word_1_863' title='bbox 2648 4923 2768 4964; x_wconf 90' lang='lat' dir='ltr'><strong>esse</strong></span> <span class='ocrx_word' id='word_1_864' title='bbox 2811 4910 3214 4968; x_wconf 89' lang='lat' dir='ltr'><strong>ratiocinatione</strong></span> <span class='ocrx_word' id='word_1_865' title='bbox 3236 4955 3251 4981; x_wconf 90' lang='lat'><strong>,</strong></span> <span class='ocrx_word' id='word_1_866' title='bbox 3283 4924 3343 4969; x_wconf 90' lang='lat' dir='ltr'><strong>ut</strong></span> <span class='ocrx_word' id='word_1_867' title='bbox 3386 4916 3500 4972; x_wconf 65' lang='lat' dir='ltr'><strong>hil‘c</strong></span> 
     </span>
    </p>
   </div>
   <div class='ocr_carea' id='block_1_111' title="bbox 1905 4997 3496 5077">
    <p class='ocr_par' dir='ltr' id='par_1_111' title="bbox 1905 4997 3496 5077">
     <span class='ocr_line' id='line_1_111' title="bbox 1905 4997 3496 5077; baseline 0.008 -26"><span class='ocrx_word' id='word_1_868' title='bbox 1905 5011 2027 5052; x_wconf 91' lang='lat' dir='ltr'><strong>esse</strong></span> <span class='ocrx_word' id='word_1_869' title='bbox 2048 4997 2290 5066; x_wconf 88' lang='lat' dir='ltr'><strong>credam,</strong></span> <span class='ocrx_word' id='word_1_870' title='bbox 2320 5015 2438 5071; x_wconf 62' lang='lat' dir='ltr'><strong>quae</strong></span> <span class='ocrx_word' id='word_1_871' title='bbox 2469 5009 2611 5056; x_wconf 91' lang='lat' dir='ltr'><strong>tanta</strong></span> <span class='ocrx_word' id='word_1_872' title='bbox 2636 4999 2819 5057; x_wconf 90' lang='lat' dir='ltr'><strong>insunt</strong></span> <span class='ocrx_word' id='word_1_873' title='bbox 2843 5005 3146 5075; x_wconf 89' lang='lat' dir='ltr'><strong>praesentia,</strong></span> <span class='ocrx_word' id='word_1_874' title='bbox 3172 5017 3366 5077; x_wconf 87' lang='lat' dir='ltr'><strong>quanta</strong></span> <span class='ocrx_word' id='word_1_875' title='bbox 3397 5010 3496 5064; x_wconf 91' lang='lat' dir='ltr'><strong>sibi</strong></span> 
     </span>
    </p>
   </div>
   <div class='ocr_carea' id='block_1_112' title="bbox 1904 5092 3498 5168">
    <p class='ocr_par' dir='ltr' id='par_1_112' title="bbox 1904 5092 3498 5168">
     <span class='ocr_line' id='line_1_112' title="bbox 1904 5092 3498 5168; baseline 0.007 -23"><span class='ocrx_word' id='word_1_876' title='bbox 1904 5092 2131 5163; x_wconf 83' lang='lat' dir='ltr'><strong>quisque</strong></span> <span class='ocrx_word' id='word_1_877' title='bbox 2159 5093 2228 5147; x_wconf 88' lang='lat' dir='ltr'><strong>sit</strong></span> <span class='ocrx_word' id='word_1_878' title='bbox 2251 5109 2507 5163; x_wconf 64' lang='lat' dir='ltr'><strong>prresens.</strong></span> <span class='ocrx_word' id='word_1_879' title='bbox 2533 5094 2732 5151; x_wconf 82' lang='lat' dir='ltr'><strong>Recole</strong></span> <span class='ocrx_word' id='word_1_880' title='bbox 2760 5107 2816 5151; x_wconf 90' lang='lat' dir='ltr'><strong>tu</strong></span> <span class='ocrx_word' id='word_1_881' title='bbox 2845 5112 3089 5168; x_wconf 86' lang='lat' dir='ltr'><strong>quoque;</strong></span> <span class='ocrx_word' id='word_1_882' title='bbox 3117 5115 3236 5155; x_wconf 91' lang='lat' dir='ltr'><strong>nam</strong></span> <span class='ocrx_word' id='word_1_883' title='bbox 3261 5111 3310 5156; x_wconf 92' lang='lat' dir='ltr'><strong>te</strong></span> <span class='ocrx_word' id='word_1_884' title='bbox 3332 5102 3498 5157; x_wconf 84' lang='lat' dir='ltr'><strong>fateor</strong></span> 
     </span>
    </p>
   </div>
   <div class='ocr_carea' id='block_1_113' title="bbox 1905 5182 3496 5260">
    <p class='ocr_par' dir='ltr' id='par_1_113' title="bbox 1905 5182 3496 5260">
     <span class='ocr_line' id='line_1_113' title="bbox 1905 5182 3496 5260; baseline 0.004 -22"><span class='ocrx_word' id='word_1_885' title='bbox 1905 5182 2065 5253; x_wconf 85' lang='lat' dir='ltr'><strong>hujus</strong></span> <span class='ocrx_word' id='word_1_886' title='bbox 2095 5183 2182 5253; x_wconf 88' lang='lat' dir='ltr'><strong>rei</strong></span> <span class='ocrx_word' id='word_1_887' title='bbox 2222 5199 2344 5240; x_wconf 91' lang='lat' dir='ltr'><strong>esse</strong></span> <span class='ocrx_word' id='word_1_888' title='bbox 2369 5185 2762 5256; x_wconf 89' lang='lat' dir='ltr'><strong>diligentiorem</strong></span> <span class='ocrx_word' id='word_1_889' title='bbox 2782 5229 2798 5254; x_wconf 94' lang='lat'><strong>,</strong></span> <span class='ocrx_word' id='word_1_890' title='bbox 2830 5203 2898 5244; x_wconf 90' lang='lat' dir='ltr'><strong>ne</strong></span> <span class='ocrx_word' id='word_1_891' title='bbox 2927 5190 3053 5260; x_wconf 91' lang='lat' dir='ltr'><strong>quid</strong></span> <span class='ocrx_word' id='word_1_892' title='bbox 3092 5189 3228 5246; x_wconf 87' lang='lat' dir='ltr'><strong>forte</strong></span> <span class='ocrx_word' id='word_1_893' title='bbox 3255 5192 3496 5255; x_wconf 75' lang='lat' dir='ltr'><strong>nesciens</strong></span> 
     </span>
    </p>
   </div>
   <div class='ocr_carea' id='block_1_114' title="bbox 1904 5274 3494 5345">
    <p class='ocr_par' dir='ltr' id='par_1_114' title="bbox 1904 5274 3494 5345">
     <span class='ocr_line' id='line_1_114' title="bbox 1904 5274 3494 5345; baseline 0.004 -16"><span class='ocrx_word' id='word_1_894' title='bbox 1904 5275 2179 5345; x_wconf 90' lang='lat' dir='ltr'><strong>rescriptis</strong></span> <span class='ocrx_word' id='word_1_895' title='bbox 2215 5274 2387 5330; x_wconf 90' lang='lat' dir='ltr'><strong>adhuc</strong></span> <span class='ocrx_word' id='word_1_896' title='bbox 2417 5276 2662 5333; x_wconf 89' lang='lat' dir='ltr'><strong>debeam.</strong></span> <span class='ocrx_word' id='word_1_897' title='bbox 2690 5277 2825 5335; x_wconf 86' lang='lat' dir='ltr'><strong>Nam</strong></span> <span class='ocrx_word' id='word_1_898' title='bbox 2865 5280 2997 5336; x_wconf 91' lang='lat' dir='ltr'><strong>mibi</strong></span> <span class='ocrx_word' id='word_1_899' title='bbox 3023 5298 3129 5338; x_wconf 92' lang='lat' dir='ltr'><strong>non</strong></span> <span class='ocrx_word' id='word_1_900' title='bbox 3171 5283 3298 5339; x_wconf 83' lang='lat' dir='ltr'><strong>facit</strong></span> <span class='ocrx_word' id='word_1_901' title='bbox 3336 5283 3494 5336; x_wconf 81' lang='lat' dir='ltr'><strong>fidem</strong></span> 
     </span>
    </p>
   </div>
   <div class='ocr_carea' id='block_1_115' title="bbox 1968 5389 2806 5452">
    <p class='ocr_par' dir='ltr' id='par_1_115' title="bbox 1968 5389 2806 5452">
     <span class='ocr_line' id='line_1_115' title="bbox 1968 5389 2806 5452; baseline 0.007 -15"><span class='ocrx_word' id='word_1_902' title='bbox 1968 5389 1986 5419; x_wconf 75' lang='grc'>³</span> <span class='ocrx_word' id='word_1_903' title='bbox 2004 5397 2106 5438; x_wconf 75' lang='lat' dir='ltr'><strong>Am.</strong></span> <span class='ocrx_word' id='word_1_904' title='bbox 2129 5395 2204 5452; x_wconf 82' lang='lat' dir='ltr'><strong>Er.</strong></span> <span class='ocrx_word' id='word_1_905' title='bbox 2223 5397 2275 5440; x_wconf 91' lang='lat' dir='ltr'><strong>et</strong></span> <span class='ocrx_word' id='word_1_906' title='bbox 2295 5396 2402 5441; x_wconf 77' lang='lat' dir='ltr'><strong>Mss.</strong></span> <span class='ocrx_word' id='word_1_907' title='bbox 2419 5391 2533 5452; x_wconf 91' lang='lat' dir='ltr'><strong>duo,</strong></span> <span class='ocrx_word' id='word_1_908' title='bbox 2549 5404 2641 5442; x_wconf 84' lang='lat' dir='ltr'><strong>non</strong></span> <span class='ocrx_word' id='word_1_909' title='bbox 2663 5393 2806 5444; x_wconf 86' lang='lat' dir='ltr'><strong>male.</strong></span> 
     </span>
    </p>
   </div>
   <div class='ocr_carea' id='block_1_116' title="bbox 1967 5451 2802 5519">
    <p class='ocr_par' dir='ltr' id='par_1_116' title="bbox 1967 5451 2802 5519">
     <span class='ocr_line' id='line_1_116' title="bbox 1967 5451 2802 5519; baseline 0.007 -20"><span class='ocrx_word' id='word_1_910' title='bbox 1967 5452 2117 5519; x_wconf 61' lang='lat' dir='ltr'><strong>fuiss.</strong></span> <span class='ocrx_word' id='word_1_911' title='bbox 2143 5451 2385 5516; x_wconf 65' lang='lat' dir='ltr'><strong>plerique,</strong></span> <span class='ocrx_word' id='word_1_912' title='bbox 2402 5452 2452 5519; x_wconf 78' lang='lat' dir='ltr'><strong>in</strong></span> <span class='ocrx_word' id='word_1_913' title='bbox 2475 5451 2802 5519; x_wconf 74' lang='lat' dir='ltr'><strong>respiratimre.</strong></span> 
     </span>
    </p>
   </div>
   <div class='ocr_carea' id='block_1_117' title="bbox 1968 5513 3488 5584">
    <p class='ocr_par' dir='ltr' id='par_1_117' title="bbox 1968 5513 3488 5584">
     <span class='ocr_line' id='line_1_117' title="bbox 1968 5513 3488 5584; baseline 0.007 -22"><span class='ocrx_word' id='word_1_914' title='bbox 1968 5513 1986 5531; x_wconf 83' lang='lat'><strong><em>‘</em></strong></span> <span class='ocrx_word' id='word_1_915' title='bbox 2011 5513 2531 5584; x_wconf 37' lang='lat' dir='ltr'><strong>Hanc’recognovimus</strong></span> <span class='ocrx_word' id='word_1_916' title='bbox 2553 5513 2615 5584; x_wconf 67' lang='lat' dir='ltr'><strong>&#39;ad</strong></span> <span class='ocrx_word' id='word_1_917' title='bbox 2639 5531 2686 5567; x_wconf 91' lang='lat' dir='ltr'><strong>a.</strong></span> <span class='ocrx_word' id='word_1_918' title='bbox 2717 5518 2786 5568; x_wconf 93' lang='lat' dir='ltr'><strong>bl.</strong></span> <span class='ocrx_word' id='word_1_919' title='bbox 2822 5519 2908 5582; x_wconf 83' lang='lat' dir='ltr'><strong>bg.</strong></span> <span class='ocrx_word' id='word_1_920' title='bbox 2944 5518 3022 5568; x_wconf 92' lang='lat' dir='ltr'><strong>cb.</strong></span> <span class='ocrx_word' id='word_1_921' title='bbox 3053 5532 3137 5583; x_wconf 85' lang='lat' dir='ltr'><strong>gg.</strong></span> <span class='ocrx_word' id='word_1_922' title='bbox 3162 5534 3244 5584; x_wconf 86' lang='lat' dir='ltr'><strong>gv.</strong></span> <span class='ocrx_word' id='word_1_923' title='bbox 3273 5534 3324 5570; x_wconf 90' lang='lat' dir='ltr'><strong>n.</strong></span> <span class='ocrx_word' id='word_1_924' title='bbox 3349 5534 3392 5569; x_wconf 92' lang='lat' dir='ltr'><strong>r.</strong></span> <span class='ocrx_word' id='word_1_925' title='bbox 3416 5520 3488 5573; x_wconf 88' lang='lat' dir='ltr'><strong>sb.</strong></span> 
     </span>
    </p>
   </div>
   <div class='ocr_carea' id='block_1_118' title="bbox 1903 5574 2934 5632">
    <p class='ocr_par' dir='ltr' id='par_1_118' title="bbox 1903 5574 2934 5632">
     <span class='ocr_line' id='line_1_118' title="bbox 1903 5574 2934 5632; baseline 0.003 -6"><span class='ocrx_word' id='word_1_926' title='bbox 1903 5574 2028 5626; x_wconf 88' lang='lat' dir='ltr'><strong>duos</strong></span> <span class='ocrx_word' id='word_1_927' title='bbox 2050 5583 2088 5625; x_wconf 93' lang='lat' dir='ltr'><strong>t.</strong></span> <span class='ocrx_word' id='word_1_928' title='bbox 2102 5575 2224 5626; x_wconf 89' lang='lat' dir='ltr'><strong>duos</strong></span> <span class='ocrx_word' id='word_1_929' title='bbox 2248 5574 2370 5626; x_wconf 64' lang='lat' dir='ltr'><strong>vIad</strong></span> <span class='ocrx_word' id='word_1_930' title='bbox 2393 5588 2493 5628; x_wconf 80' lang='lat' dir='ltr'><strong>Am.</strong></span> <span class='ocrx_word' id='word_1_931' title='bbox 2519 5581 2627 5630; x_wconf 89' lang='lat' dir='ltr'><strong>Bad.</strong></span> <span class='ocrx_word' id='word_1_932' title='bbox 2653 5587 2727 5630; x_wconf 57' lang='grc' dir='ltr'><strong>ἡ.</strong></span> <span class='ocrx_word' id='word_1_933' title='bbox 2754 5588 2805 5632; x_wconf 90' lang='lat' dir='ltr'><strong>et</strong></span> <span class='ocrx_word' id='word_1_934' title='bbox 2827 5574 2934 5630; x_wconf 69' lang='grc' dir='ltr'><strong>ὧν.</strong></span> 
     </span>
    </p>
   </div>
   <div class='ocr_carea' id='block_1_119' title="bbox 1969 5638 3492 5709">
    <p class='ocr_par' dir='ltr' id='par_1_119' title="bbox 1969 5638 3492 5709">
     <span class='ocr_line' id='line_1_119' title="bbox 1969 5638 3492 5709; baseline 0.009 -23"><span class='ocrx_word' id='word_1_935' title='bbox 1969 5640 2042 5701; x_wconf 85' lang='grc' dir='ltr'><strong>(α)</strong></span> <span class='ocrx_word' id='word_1_936' title='bbox 2064 5638 2191 5709; x_wconf 55' lang='lat' dir='ltr'><strong>alias</strong></span> <span class='ocrx_word' id='word_1_937' title='bbox 2215 5641 2300 5688; x_wconf 80' lang='grc'><strong>117</strong></span> <span class='ocrx_word' id='word_1_938' title='bbox 2319 5654 2330 5687; x_wconf 92' lang='lat'><strong>:</strong></span> <span class='ocrx_word' id='word_1_939' title='bbox 2349 5655 2459 5704; x_wconf 72' lang='lat' dir='ltr'><strong>qua:</strong></span> <span class='ocrx_word' id='word_1_940' title='bbox 2481 5649 2646 5694; x_wconf 88' lang='lat' dir='ltr'><strong>autem</strong></span> <span class='ocrx_word' id='word_1_941' title='bbox 2669 5643 2699 5691; x_wconf 79' lang='grc'><strong>4</strong></span> <span class='ocrx_word' id='word_1_942' title='bbox 2722 5651 2852 5704; x_wconf 84' lang='lat' dir='ltr'><strong>erat,</strong></span> <span class='ocrx_word' id='word_1_943' title='bbox 2877 5654 3004 5690; x_wconf 90' lang='lat' dir='ltr'><strong>nunc</strong></span> <span class='ocrx_word' id='word_1_944' title='bbox 3036 5642 3142 5692; x_wconf 76' lang='grc'><strong>136.</strong></span> <span class='ocrx_word' id='word_1_945' title='bbox 3168 5647 3346 5709; x_wconf 82' lang='lat' dir='ltr'><strong>Scripta</strong></span> <span class='ocrx_word' id='word_1_946' title='bbox 3368 5650 3492 5700; x_wconf 78' lang='lat' dir='ltr'><strong>circa</strong></span> 
     </span>
    </p>
   </div>
   <div class='ocr_carea' id='block_1_120' title="bbox 1903 5699 2266 5763">
    <p class='ocr_par' dir='ltr' id='par_1_120' title="bbox 1903 5699 2266 5763">
     <span class='ocr_line' id='line_1_120' title="bbox 1903 5699 2266 5763; baseline -0.003 -12"><span class='ocrx_word' id='word_1_947' title='bbox 1903 5699 2036 5763; x_wconf 80' lang='lat' dir='ltr'><strong>idem</strong></span> <span class='ocrx_word' id='word_1_948' title='bbox 2059 5707 2266 5763; x_wconf 82' lang='lat' dir='ltr'><strong>tempus.</strong></span> 
     </span>
    </p>
   </div>
   <div class='ocr_carea' id='block_1_121' title="bbox 1970 5762 2629 5830">
    <p class='ocr_par' dir='ltr' id='par_1_121' title="bbox 1970 5762 2629 5830">
     <span class='ocr_line' id='line_1_121' title="bbox 1970 5762 2629 5830; baseline 0.012 -19"><span class='ocrx_word' id='word_1_949' title='bbox 1970 5762 2043 5826; x_wconf 90' lang='lat' dir='ltr'><strong>(b)</strong></span> <span class='ocrx_word' id='word_1_950' title='bbox 2071 5763 2126 5813; x_wconf 82' lang='lat' dir='ltr'><strong>Id</strong></span> <span class='ocrx_word' id='word_1_951' title='bbox 2149 5768 2237 5830; x_wconf 82' lang='lat' dir='ltr'><strong>est,</strong></span> <span class='ocrx_word' id='word_1_952' title='bbox 2259 5765 2629 5829; x_wconf 84' lang='lat' dir='ltr'><strong>phantasiarum.</strong></span> 
     </span>
    </p>
   </div>
  </div>
