4054 6396
526 225 598 289 s1
1772 201 1831 263 s.
1870 194 2236 259 sucus'nm
2275 189 2585 255 EPISCOPI
3750 194 3820 261 ε,

528 350 638 401 tam
665 333 956 395 multorum
975 341 1224 395 onerum,
1245 337 1365 397 quze
1388 318 1672 393 aliquando
1692 328 2118 383 numeraveram,

527 441 639 489 tam
665 414 945 499 repentina
974 418 1236 493 depositio
1271 434 1284 472 :
1315 412 1557 488 quamvis
1592 420 1644 466 te
1685 408 1957 479 accepisse
1984 405 2123 460 litte-

529 538 620 585 ras
642 534 793 583 meas
820 533 926 576 non
956 515 1191 572 dubitem
1211 554 1224 577 ,
1253 523 1477 582 quarum
1511 505 1770 575 rescripta
1800 517 1906 557 non
1932 499 2122 556 habeo.

1048 604 1372 665 EPISTOLA
1399 602 1439 658 V
1464 606 1481 625 ‘
1508 599 1606 673 (a).

530 705 871 785 Augustinum
898 698 1172 758 Nebridius
1212 695 1461 769 deplorat,
1502 690 1637 766 quod
1660 689 1869 785 nimium
1892 686 2128 785 interpel-

675 797 806 859 letur
832 795 1015 855 civium
1055 790 1264 864 negotiis
1296 786 1356 842 ab
1391 786 1492 845 otio
1533 779 1986 853 contemplationis.

560 950 563 955 .
870 948 873 951 ,
1028 896 1321 947 AUGUSTINO
1342 892 1636 935 NEBRIDIUS.

558 1050 563 1057 ,
604 981 757 1039 Itane
778 991 871 1049 est,
894 981 963 1034 mi
990 978 1289 1052 Augustine,
1318 970 1664 1046 fortitudinem
1706 984 1767 1022 ac
1815 958 2141 1022 tolerantiam

534 1077 745 1155 negotiis
791 1075 971 1131 civium
1027 1081 1260 1144 praestas,
1314 1063 1647 1155 necdumqtibi
1679 1059 1909 1155 redditur
1927 1061 2019 1155 illa
2044 1075 2133 1114 ea:-

534 1150 704 1239 optata
721 1165 965 1223 cessatio?
993 1162 1197 1230 Quteso,
1225 1158 1311 1230 qui
1333 1168 1379 1212 te
1408 1168 1510 1215 tam
1531 1153 1716 1209 bonum
1737 1152 1962 1207 homines
1978 1150 2134 1204 inter-

533 1258 759 1329 pellant?
780 1254 944 1312 Credo
961 1256 1047 1328 qui
1074 1253 1300 1311 nesciunt
1326 1250 1446 1322 quid
1472 1265 1624 1310 ames.
1646 1247 1766 1320 quid
1790 1244 2134 1316 concupiscas.

535 1338 795 1407 Nullusne
821 1346 909 1403 tibi
934 1356 1006 1403 est
1031 1344 1328 1408 amicorum,
1351 1342 1437 1412 qui
1468 1344 1537 1397 eis
1563 1359 1757 1397 amores
1781 1344 1966 1410 referat
1991 1334 2140 1391 tuos.’

533 1456 624 1508 nec
663 1438 1035 1505 Romanianus,
1068 1453 1156 1493 nec
1194 1434 1508 1493 Lucinianus
1540 1436 1593 1490 ίῖ
1629 1434 1713 1489 Me
1746 1443 1876 1488 certe
1908 1430 2137 1487 audiant.

537 1518 650 1605 Ego
679 1529 929 1597 clamabo,
953 1546 1042 1601 ego
1071 1528 1286 1585 testabor
1307 1537 1353 1582 te
1384 1526 1545 1585 Deum
1591 1542 1784 1595 amare,
1832 1522 1911 1579 illi
1959 1521 2143 1577 servire

537 1610 688 1692 atque
714 1623 959 1674 ittltwrere
983 1636 1185 1691 cupere.
1235 1618 1424 1675 Vellem
1450 1635 1540 1692 ego
1569 1628 1615 1675 te
1642 1618 1693 1675 in
1730 1632 1815 1672 rus
1862 1631 2027 1671 meum
2051 1630 2140 1668 vo-

537 1728 674 1776 care,
708 1711 871 1777 ibique
898 1712 1228 1781 acquiescere.
1276 1709 1395 1764 Non
1422 1711 1553 1763 enim
1596 1707 1775 1763 timebo
1802 1724 1881 1762 me
1906 1696 2139 1761 seducto-

538 1820 643 1859 rem
670 1805 743 1857 tui
773 1804 874 1857 dici
902 1821 933 1857 a
966 1804 1152 1858 civibus
1176 1803 1293 1869 tuis,
1323 1818 1448 1873 quos
1473 1800 1684 1856 nimium
1710 1817 1872 1865 antas,
1906 1808 1952 1854 et
1977 1817 2007 1853 a
2032 1800 2144 1869 qui-

552 1890 642 1951 bus
680 1896 891 1952 nimium
942 1895 1149 1950 amaris.
2084 1886 2085 1889 “

998 1984 1323 2042 EPISTULA
1374 1983 1444 2039 v1
1480 1987 1523 2011 η
1564 1984 1661 2055 (s).

541 2078 729 2135 Scribit
772 2078 1042 2133 Nebridius
1073 2078 1235 2135 videri
1269 2078 1365 2137 sibi
1410 2078 1702 2134 memoriam
1740 2075 1848 2130 sine
1879 2074 2145 2145 phantasia

594 2188 717 2237 esse
740 2188 841 2231 non
869 2187 1012 2245 posse
1025 2186 1047 2235 ,'
1078 2180 1183 2225 tum
1203 2171 1352 2227 etiam
1384 2168 1665 2241 phantasia:
1680 2168 1780 2225 vim
1800 2183 1901 2227 non
1921 2183 1953 2224 a
1971 2183 2141 2233 sensu,

611 2267 701 2325 sed
720 2282 752 2323 α
774 2281 827 2323 sc
843 2265 1010 2338 potius
1030 2264 1275 2339 imagines
1302 2279 1472 2319 rerum
1493 2262 1691 2319 habere.

1030 2370 1325 2414 AUGUSTINO
1354 2368 1649 2413 NEBBIDIUS.

556 2519 561 2523 ρ
616 2452 669 2511 1.
696 2449 957 2523 Epistolas
977 2458 1091 2511 tuas
1115 2450 1368 2522 perplacet
1394 2449 1465 2505 ita
1494 2464 1691 2507 servare
1713 2457 1767 2504 ut
1788 2445 1963 2507 oculos
1986 2460 2141 2503 meos.

545 2545 681 2613 Sunt
708 2544 842 2605 enim
860 2558 1078 2618 magna,
1106 2558 1209 2599 non
1236 2542 1531 2614 quantitate,
1559 2540 1648 2597 sed
1675 2540 1843 2605 rebus,
1872 2550 1919 2594 et
1936 2554 2147 2610 magna-

543 2654 659 2703 rum
700 2653 871 2693 rerum
917 2652 1129 2707 magnas
1170 2634 1424 2691 continent
1474 2633 1814 2707 probationes.
1856 2630 1978 2691 Illa:
2024 2632 2148 2689 mihi

543 2727 821 2796 Christum,
842 2728 945 2785 illte
971 2726 1264 2793 Platonem,
1287 2726 1393 2784 illa:
1411 2724 1673 2783 Plotinum
1693 2724 1961 2781 sonabunt.
1982 2723 2147 2781 Erunt

544 2822 701 2896 igitur
728 2821 874 2890 mihi,
905 2830 951 2877 et
978 2821 1046 2875 ad
1070 2819 1381 2877 audiendum
1410 2827 1615 2891 prapter
1652 2818 1987 2887 eloquentiam
2028 2817 2146 2873 άαι.

545 2931 649 2980 ces,
673 2924 722 2971 et
746 2914 812 2972 ad
840 2914 1105 2987 legendum
1133 2921 1339 2985 propter
1364 2911 1650 2969 brevitatem
1679 2909 1876 2983 faciles,
1909 2917 1954 2965 et
1979 2910 2047 2963 ad
2071 2910 2151 2963 in»

546 3004 874 3076 telligendunt
898 3012 1100 3075 propter
1138 3002 1439 3075 sapientiam
1486 3001 1738 3061 salubres.
1783 2998 1994 3059 Carebis
2033 3017 2149 3074 ergo

546 3096 683 3170 quod
708 3108 808 3151 tua
832 3096 984 3151 menti
1022 3105 1252 3151 sanctum
1279 3094 1522 3151 bonumve
1562 3096 1711 3168 fuerit
1738 3095 1917 3163 visunt,
1947 3111 2026 3151 me
2054 3094 2150 3151 do-

549 3206 680 3251 cere.
708 3188 805 3244 His
851 3198 1018 3245 autent
1053 3188 1233 3245 litteris
1280 3186 1624 3259 respondebis,
1650 3203 1762 3242 cum
1792 3187 1854 3243 de
1883 3187 2152 3259 phantasia

551 3292 598 3339 et
624 3283 872 3345 memoria
896 3279 1127 3343 subtilius
1151 3279 1345 3351 aliquid
1384 3279 1681 3351 disputaris.
1730 3277 1864 3333 Mihi
1906 3280 2037 3337 enim
2083 3279 2154 3334 ita

555 3375 769 3439 videtur,
798 3372 933 3443 quod
961 3372 1187 3440 quamvis
1217 3387 1319 3427 non
1344 3371 1506 3427 omnis
1529 3370 1799 3441 phantasia
1827 3386 1940 3427 cum
1968 3386 2156 3429 memo-

550 3468 629 3525 ria
655 3468 741 3535 sit,
782 3466 944 3523 omnis
971 3474 1138 3521 tamen
1167 3462 1411 3519 memoria
1455 3463 1562 3518 sine
1603 3462 1874 3535 phantasia
1912 3479 2016 3521 esse
2056 3480 2155 3517 non

550 3559 728 3633 possit.
754 3555 860 3613 Sed
898 3555 1024 3611 dicis
1049 3571 1067 3610 :
1097 3554 1255 3621 Quid,
1274 3571 1387 3613 cum
1408 3555 1738 3609 recordamur
1767 3570 1858 3611 nos
1878 3552 2155 3609 intellexis-

552 3668 628 3717 se,
657 3658 744 3709 aut
768 3649 1011 3722 cogitasse
1042 3648 1279 3721 aliquid?
1320 3646 1507 3705 Contra
1540 3648 1647 3702 haec
1673 3662 1762 3719 ego
1784 3646 2080 3718 respondeo,
2111 3656 2157 3702 et

554 3745 670 3807 dico
697 3752 961 3813 propterea
986 3742 1083 3798 hoc
1130 3741 1369 3809 evenisse,
1399 3741 1520 3813 quia
1557 3756 1671 3796 cum
1702 3740 2040 3797 intelleximus
2082 3739 2160 3797 vel

556 3834 884 3909 cogitavimus
925 3848 1223 3904 corporeum
1252 3847 1314 3886 ac
1342 3830 1621 3901 temporale
1655 3830 1868 3899 aliquid,
1899 3831 2160 3901 genuimus

559 3926 694 3997 quod
719 3924 788 3980 ad
813 3924 1135 3997 phantasiam
1161 3923 1373 3997 pertinet
1404 3938 1422 3979 :
1452 3938 1571 3976 nam
1596 3931 1682 3977 aut
1718 3922 1864 3977 verba
1890 3923 2162 3981 intellectui

562 4018 1041 4093 cogitationibusque
1090 4016 1274 4073 nostris
1320 4014 1671 4085 adjunximus,
1723 4029 1832 4087 qua:
1878 4017 2026 4071 verba
2056 4017 2161 4073 sine

468 4130 473 4137 ·
562 4122 787 4182 tempore
808 4126 909 4166 non
936 4118 1077 4178 sunt,
1122 4117 1169 4166 et
1204 4106 1271 4169 ad
1306 4124 1511 4165 sensum
1543 4108 1620 4164 vel
1659 4107 1978 4179 phantasiam
2007 4109 2161 4180 perti-

564 4214 681 4269 nent
705 4220 723 4260 :
750 4213 837 4259 aut
870 4203 969 4258 tale
995 4202 1190 4275 aliquid
1226 4202 1509 4256 intellectus
1534 4209 1697 4256 noster
1727 4202 2026 4273 cogitatione
2046 4219 2164 4273 pas-

567 4312 654 4355 sus
673 4305 767 4361 est,
812 4292 947 4365 quod
982 4294 1035 4351 in
1066 4294 1235 4351 animo
1276 4294 1589 4363 phantastico
1616 4296 1636 4323 ²
1669 4296 1959 4349 memoriam
2004 4295 2165 4363 facere

566 4384 831 4459 potuisset.
862 4382 986 4441 Haec
1018 4399 1107 4459 ego
1132 4382 1501 4439 inconsiderate
1526 4398 1584 4435 ac
1605 4383 1908 4455 perturbate,
1932 4392 1984 4439 ut
2004 4386 2161 4449 soleo,

569 4477 679 4533 dixi
708 4493 722 4530 :
754 4486 808 4530 tu
837 4473 1142 4551 explorabis,
1168 4483 1216 4529 et
1257 4471 1389 4545 {also
1428 4474 1632 4545 rejecto,
1669 4475 1923 4531 veritatem
1952 4475 2005 4530 in
2034 4475 2165 4532 litte-

568 4568 641 4622 ris
661 4570 908 4639 conferes.

640 4661 694 4717 2.
721 4658 858 4715 Audi
876 4659 1017 4715 aliud
1048 4675 1067 4713 :
1090 4674 1199 4724 cur,
1232 4673 1401 4731 qua’so
1432 4667 1500 4727 te,
1528 4674 1629 4714 non
1651 4674 1753 4715 ase
1776 4660 1943 4731 potius
1960 4676 2109 4726 quam
2135 4678 2166 4714 a

571 4768 717 4808 sensu
734 4750 1054 4822 phantasiam
1067 4748 1249 4803 habere
1264 4742 1435 4807 omnes
1447 4750 1690 4825 imagines
1708 4749 1924 4809 dicimus
1936 4753 1962 4807 .9
1991 4752 2167 4811 Potest

632 4888 731 4949 {In
759 4883 1437 4949 mminihiturhic,
1463 4883 1724 4949 Luciusne;
1748 4896 1804 4937 et
1837 4889 1885 4937 in
1908 4888 2053 4949 Epist.
2076 4888 2163 4949 κιο,

569 4946 840 5002 Lucilianae
858 4961 876 5000 .'
891 4946 1069 5001 moiiu
1094 4948 1328 5003 Victorino
1341 4947 1449 5003 oud.
1466 4947 1666 5013 legitur,
1679 4946 1775 5004 mei
1789 4946 2167 5004 certe—Audiat

570 5018 859 5123 ""i’sicwig.
880 5079 1004 5144 tres.
1040 5079 1100 5144 at
1118 5071 1235 5127 md.
1258 5071 1442 5123 habent
1462 5109 1480 5137 ,
1504 5073 1634 5137 quod
1656 5072 1711 5124 ist
1727 5072 1887 5127 animo
1908 5073 2167 5139 phantasi-

568 5148 677 5188 cam
697 5147 877 5186 memor
880 5141 998 5195 ian.
1021 5141 1116 5187 etc.

633 5202 650 5216 '
668 5198 926 5262 Recognita
942 5202 1018 5246 est
1030 5195 1089 5262 ad
1111 5211 1160 5246 a.
1174 5195 1245 5246 bl.
1268 5197 1351 5260 bg.
1368 5199 1446 5247 cb.
1463 5211 1517 5261 ε.
1542 5211 1627 5262 gg.
1652 5211 1735 5261 εν.
1752 5212 1803 5248 n.
1826 5212 1869 5248 r.
1896 5198 1971 5251 sb.
1989 5198 2161 5251 duost.

566 5261 691 5311 duos
714 5259 1385 5311 v.5dAm.Bad.I-:r.etl.ov.
1471 5259 1483 5261 “
1545 5259 1599 5262 ’“
1659 5259 1707 5319 ’ἰ

632 5325 671 5341 ’·
696 5320 891 5377 Euistol.
917 5329 967 5371 γι
992 5329 1041 5372 et
1059 5329 1127 5371 vn
1149 5323 1208 5371 ad
1245 5323 1520 5373 Nebridium
1537 5321 1850 5373 emendandis
1864 5322 2166 5377 adhibuimus

568 5398 616 5435 a.
640 5385 710 5434 bl.
730 5383 817 5449 bg.
842 5387 919 5435 cb.
946 5385 996 5433 ll‘.
1014 5398 1098 5448 ες.
1123 5399 1204 5449 3v.
1231 5398 1281 5432 η.
1305 5399 1348 5433 r.
1366 5387 1443 5435 sb.
1468 5398 1542 5434 vc.
1573 5384 1694 5434 duos
1718 5392 1753 5433 t.
1778 5383 1899 5435 duos
1914 5401 1958 5435 ν.
1987 5394 2038 5441 et
2058 5396 2160 5437 Am.

572 5448 682 5497 Bad.
707 5454 783 5498 Er.
807 5455 917 5500 ιον.

633 5511 704 5587 (a)
720 5509 990 5587 aliaat“:
1008 5522 1120 5575 quae
1140 5516 1307 5559 auem
1327 5510 1360 5559 5
1382 5516 1516 5571 erat,
1540 5522 1669 5559 nunc
1691 5508 1802 5560 138.
1831 5511 2013 5576 Scripta
2036 5514 2164 5567 circa

958 5648 973 5686 :
998 5645 1111 5700 quae
1143 5640 1311 5685 autem
1330 5632 1364 5687 ο
1386 5640 1525 5697 erat,
1556 5646 1685 5685 nunc
1716 5633 1798 5687 92.
1831 5636 2014 5701 Scripta
2036 5639 2162 5693 circa

2234 311 2386 379 enim,
2415 306 2839 384 quemadmodum
2858 305 3062 363 animus
3080 306 3431 364 intellectualis
3444 308 3514 369 ad
3527 308 3827 387 intelligibi-
3890 298 3897 313 ’7

2233 403 2302 457 lia
2326 420 2416 457 sua
2443 402 2656 457 videnda
2683 418 2715 455 a
2744 417 2892 457 sensu
2934 399 3232 455 admonetur
3256 402 3422 477 potius
3449 418 3602 473 quam
3635 405 3834 474 aliquid

2232 495 2436 565 accipit,
2479 495 2551 548 ita
2595 504 2641 551 et
2684 493 3029 565 pltantaslicus
3061 493 3259 549 animus
3306 493 3374 548 ad
3424 495 3669 569 imagines
3714 514 3833 554 suas

2232 586 2669 657 contemplandas,
2711 602 2741 639 a
2781 603 2928 641 sensu
2949 586 3209 641 admoneri
3242 588 3406 658 potius
3447 604 3601 663 quam
3639 590 3836 666 aliquid

2236 696 2509 736 assumere.
2539 677 2681 732 Nam
2708 682 2837 750 forte
2875 679 2993 735 inde
3033 679 3296 752 contingit,
3332 689 3471 734 utea
3505 697 3620 752 quae
3659 698 3835 739 sensus

2237 772 2337 827 non
2362 771 2514 839 videt,
2542 770 2629 827 ille
2650 780 2814 829 tamen
2836 771 3062 843 aspicere
3090 770 3244 842 possit
3285 785 3305 825 :
3341 771 3478 844 quod
3511 772 3715 849 signum
3740 784 3837 844 est,

2237 864 2291 918 in
2319 881 2372 920 se
2395 874 2441 918 et
2470 880 2501 919 a
2524 880 2578 918 se
2615 862 2795 917 habere
2818 878 2990 919 omnes
3012 862 3274 935 imagines.
3316 861 3395 921 De
3414 864 3522 939 hac
3548 882 3605 922 re
3642 884 3840 941 quoque

2239 956 2363 1029 quid
2382 957 2586 1024 sentias,
2615 954 2956 1025 respondebis.

2737 1070 3070 1133 EPISTULA
3115 1070 3201 1133 vn
3238 1069 3335 1147 (a).

2245 1164 2555 1238 Augustinus
2576 1164 2902 1237 quaestionem
2920 1172 3179 1236 utramque
3197 1180 3228 1218 a
3249 1162 3499 1223 Nebridio
3521 1172 3711 1225 motam
3735 1164 3843 1223 disc

2316 1259 2459 1314 cutit.
2488 1256 2791 1315 Memoriam
2827 1258 2935 1315 sine
2985 1257 3255 1331 phantasia
3282 1274 3388 1319 esse
3414 1274 3579 1332 posse.
3608 1258 3845 1319 Animatus

2316 1353 2541 1411 sensibus
2560 1370 2662 1411 non
2690 1369 2836 1413 usam
2869 1369 3040 1413 carere
3068 1353 3369 1426 phantasiis.
3420 1352 3648 1428 Objectia
3682 1357 3846 1417 resol-

2320 1445 2469 1503 vitur.

2736 1532 2980 1574 NEBRIDIO
3014 1534 3355 1585 AUGUSTINUS.

2247 1603 2471 1664 CAPUT
2485 1607 2569 1663 PR
2578 1606 2693 1665 [MU
2702 1608 2746 1662 Μ
2753 1609 2899 1664 .-M
2906 1610 3145 1667 emoriam
3156 1612 3263 1667 sine
3275 1612 3541 1687 phantasia
3556 1627 3667 1669 esse
3678 1628 3843 1684 posse.

2321 1701 2370 1755 1.
2400 1700 2669 1757 Prommio
2695 1701 3046 1774 supersidam,
3078 1711 3133 1757 et
3155 1704 3261 1763 cito
3306 1702 3551 1776 incipiam
3596 1702 3741 1775 quod
3763 1718 3853 1761 me

2244 1780 2570 1867 jamjamque
2595 1796 2675 1849 vis
2703 1794 2901 1861 dicere,
2942 1797 3236 1868 prmsertim
3274 1812 3382 1851 non
3409 1798 3514 1852 cito
3555 1796 3849 1855 desiturus.

2248 1885 2500 1942 Memoria
2534 1886 2623 1942 tibi
2654 1888 2795 1943 nulla
2824 1887 3034 1945 videtur
3064 1904 3183 1944 esse
3213 1904 3372 1963 posse
3394 1890 3850 1965 sineimaginibus

2249 1981 2329 2033 vel
2366 1980 2687 2055 imaginariis
2735 1982 2884 2053 visis,
2937 1999 3056 2055 qum
3088 1982 3484 2053 phantasiarum
3512 1986 3731 2042 nomine
3758 2000 3855 2057 ap-

2249 2071 2449 2149 pellare
2473 2071 2682 2127 voluisti
2715 2092 2725 2127 :
2755 2088 2853 2146 ego
2873 2073 3013 2129 aliud
3034 2075 3301 2131 existimo.
3343 2076 3578 2132 Primum
3613 2093 3743 2152 ergo
3774 2078 3856 2134 vi—

2251 2163 2483 2220 dendum
2533 2172 2616 2220 est
2666 2181 2773 2223 non
2820 2182 2918 2221 nos
2949 2182 3161 2244 semper
3201 2186 3380 2227 rerum
3416 2171 3854 2241 prattereuntium

2251 2258 2578 2323 meminisse,
2621 2258 2717 2313 sed
2759 2258 3071 2333 plerumque
3112 2262 3456 2317 manentium.
3508 2261 3704 2337 Quare,
3729 2278 3854 2323 cum

2251 2350 2349 2407 sibi
2378 2352 2632 2408 memoria
2652 2352 2905 2429 praeteriti
2936 2354 3189 2424 temporis
3215 2354 3447 2415 vindicet
3470 2356 3808 2417 tenacitatem
3835 2373 3852 2423 ;

2250 2457 2459 2502 constat
2484 2463 2602 2502 eam
2626 2456 2799 2503 tamen
2826 2450 3020 2518 partim
3051 2465 3235 2511 eorum
3266 2466 3387 2511 esse
3416 2468 3533 2526 qua:
3558 2468 3655 2510 nos
3693 2451 3858 2515 dese-

2252 2549 2392 2609 runt,
2424 2540 2617 2610 partim
2641 2555 2825 2599 eorum
2857 2556 2974 2613 quae
2990 2541 3310 2603 deseruntur
3326 2559 3354 2601 a
3372 2544 3545 2605 nobis.
3572 2544 3706 2611 Nam
3728 2561 3857 2607 cum

2252 2631 2509 2693 recordor
2552 2644 2755 2706 patrem
2794 2650 2992 2705 meum,
3020 2635 3073 2691 id
3101 2638 3280 2709 utique
3305 2640 3559 2701 recordor
3581 2639 3725 2710 qvod
3766 2656 3859 2703 me

2252 2724 2506 2794 deseruit,
2535 2735 2589 2785 et
2619 2742 2759 2783 nunc
2783 2742 2886 2781 non
2922 2737 3003 2783 est
3030 2746 3041 2786 :
3070 2744 3189 2787 cum
3231 2740 3407 2787 autem
3451 2730 3859 2809 Carthaginem,

2255 2817 2306 2873 id
2338 2817 2477 2891 quod
2513 2826 2617 2886 est,
2662 2827 2717 2874 et
2742 2817 2881 2889 quod
2907 2820 3019 2889 ipse
3038 2820 3269 2881 deserui.
3322 2822 3379 2881 lu
3409 2832 3633 2895 utroque
3674 2834 3862 2885 tamen

2254 2924 2511 2980 generum
2543 2909 2754 2978 horum,
2788 2913 3115 2982 prteteritum
3154 2922 3361 2985 tempus
3390 2915 3643 2977 memoria
3683 2924 3859 2975 tenet.

2254 3001 2387 3061 Nam
2424 3013 2473 3060 et
2512 3004 2657 3059 illum
2690 3004 2981 3073 hominem,
3018 3016 3069 3063 et
3104 3007 3257 3066 istum
3282 3008 3488 3078 urbem,
3533 3024 3686 3069 exeo
3708 3009 3862 3087 quod

2257 3096 2383 3163 vidi,
2409 3112 2511 3150 non
2542 3112 2605 3151 ex
2638 3114 2702 3154 eo
2727 3096 2867 3167 quod
2898 3098 3071 3164 video,
3107 3100 3342 3158 memini.

2328 3189 2382 3243 2.
2411 3186 2506 3245 Hic
2537 3197 2590 3245 tu
2630 3188 2856 3249 fortasse
2896 3190 3089 3261 qumris
3125 3211 3136 3249 :
3170 3192 3433 3260 Quorsum
3463 3193 3595 3253 ista?
3622 3208 3863 3269 praeser-

2262 3280 2353 3334 tim
2378 3296 2496 3337 cum
2528 3281 2920 3341 animadvertas
2954 3284 3259 3340 utrumlibet
3303 3283 3492 3346 horum
3540 3302 3645 3343 non
3696 3302 3866 3362 posse

2261 3372 2315 3427 in
2357 3374 2667 3429 memoriam
2712 3374 2917 3445 venire,
2951 3374 3051 3433 nisi
3095 3376 3243 3433 viso’
3273 3376 3367 3437 illo
3408 3376 3739 3454 imaginario.
3782 3380 3866 3438 As

2261 3467 2389 3526 mihi
2421 3469 2548 3524 satis
2577 3476 2657 3525 est
2677 3468 2753 3525 sic
2770 3468 2980 3529 interim
3009 3469 3325 3539 ostendisse,
3351 3486 3506 3545 posse
3530 3471 3634 3535 dici
3665 3486 3864 3533 eorum

2263 3565 2422 3621 etiam
2472 3579 2672 3635 rerum,
2712 3579 2830 3635 quin
2876 3564 3111 3623 nondum
3141 3564 3473 3639 interierunt,
3515 3567 3862 3627 memoriam.

2267 3658 2462 3716 Verum
2490 3658 2613 3729 quid
2633 3673 2719 3714 me
2744 3656 2975 3731 adjuvet,
3007 3658 3164 3719 facito
3181 3658 3413 3717 intentus
3434 3659 3679 3733 accipias.
3704 3658 3868 3721 Non-

2266 3750 2394 3807 nulli
2426 3750 2815 3807 calumniantur
2843 3748 3096 3809 adversus
3122 3749 3453 3811 Socraticum
3476 3750 3604 3811 illud
3629 3751 3864 3817 nobilis-

2267 3842 2458 3901 simum
2490 3842 2779 3906 inventum,
2826 3858 2930 3915 quo
2974 3842 3251 3911 asseritur,
3291 3855 3396 3897 non
3438 3842 3591 3905 nobis
3630 3857 3691 3905 es
3736 3858 3871 3917 quae

2268 3935 2542 4003 discimus,
2573 3936 2735 3993 veluti
2759 3949 2895 3993 nova
2936 3935 3117 3999 inseri,
3147 3933 3241 3992 sed
3263 3934 3317 3991 in
3346 3935 3655 3997 memoriam
3678 3949 3874 3996 reuom-

2269 4028 2481 4087 datione
2524 4027 2796 4097 revocari;
2839 4026 3077 4089 dicentes
3114 4027 3426 4091 menturiam
3472 4030 3873 4105 prualeritarum

2269 4136 2449 4179 rerum
2492 4134 2631 4191 esse,
2676 4119 2789 4177 hcce
2825 4126 3001 4179 autem
3043 4133 3162 4191 quae
3202 4118 3546 4195 intelligendo
3583 4120 3876 4192 discimus.

2269 4213 2489 4273 Platone
2522 4212 2633 4289 ipso
2658 4220 2896 4281 auctore,
2942 4227 3159 4271 manere
3190 4225 3423 4287 semper,
3451 4228 3552 4273 nec
3577 4228 3734 4291 posse
3775 4214 3881 4273 in-

2271 4306 2451 4368 terire,
2484 4318 2546 4363 ac
2575 4319 2670 4375 per
2700 4304 2801 4361 hoc
2824 4319 2933 4363 non
2953 4319 3072 4364 esse
3100 4305 3367 4375 praeterita
3396 4324 3408 4361 :
3440 4307 3529 4383 qui
3558 4321 3665 4369 non
3687 4317 3881 4366 atten-

2272 4396 2401 4457 dunt
2432 4396 2574 4455 illam
2602 4395 2860 4455 visionem
2900 4410 3018 4457 esse
3069 4399 3412 4473 praeteritam,
3447 4415 3550 4477 qua
3597 4399 3711 4463 hanc
3763 4401 3887 4461 sli-

2271 4488 2483 4565 quando
2512 4487 2740 4547 vidimus
2783 4497 2995 4555 mente;
3023 4504 3054 4547 a
3084 4489 3274 4563 quibus
3296 4492 3415 4563 quia
3444 4490 3778 4562 deﬂuximus,
3806 4508 3888 4556 es

2270 4582 2425 4640 aliter
2451 4581 2553 4643 alia
2578 4581 2758 4641 videre
2783 4582 3063 4655 coepimus,
3094 4598 3155 4641 ca
3188 4598 3283 4641 nos
3310 4585 3699 4647 reminiscendo
3725 4590 3891 4647 revi-

2273 4689 2410 4739 sere,
2444 4674 2495 4733 id
2518 4684 2619 4743 est,
2646 4688 2745 4747 per
2782 4677 3117 4735 memoriam.
3171 4675 3529 4747 Quamobrem
3566 4682 3633 4750 si,
3672 4690 3731 4737 ut
3760 4681 3889 4743 alia

2273 4769 2533 4837 omittam,
2577 4768 2691 4840 ipsa
2732 4769 3003 4831 aeternitas
3040 4785 3252 4843 seraper
3300 4782 3499 4843 manet,
3546 4790 3645 4833 nec
3688 4775 3893 4847 aliqua

2274 4861 2582 4935 imaginaria
2606 4862 2855 4933 ﬁgmenta
2881 4864 3161 4939 conquirit,
3191 4865 3384 4937 quibus
3400 4866 3453 4923 in
3471 4872 3893 4940 mentemqnasi

2274 4955 2530 5010 vehiculis
2559 4956 2759 5021 veniat,
2794 4970 2894 5011 nec
2939 4966 3114 5011 tamen
3168 4960 3350 5015 venire
3380 4972 3578 5031 posset,
3610 4964 3711 5023 nisi
3748 4964 3895 5035 ejus

2271 5049 2720 5113 meminissemus,
2766 5057 2938 5121 potest
2978 5064 3098 5109 esse
3134 5053 3487 5123 quarumdam
3528 5071 3704 5119 rer-tun
3748 5057 3893 5118 sine

2274 5141 2381 5199 ulla
2402 5139 2777 5214 imaginatione
2804 5142 3079 5205 memoria.

2270 5252 2497 5311 CAPUT
2527 5253 2591 5313 ll.
2613 5283 2687 5297 --
2713 5255 2948 5315 Animam
2974 5257 3201 5382 8‘2"th
3228 5276 3328 5315 non
3357 5277 3685 5319 meare"
3697 5265 3850 5336 ρΙιαη

2862 5350 2865 5351 ν
3039 5346 3144 5382 sm.

2862 5350 2865 5351 '
2985 5346 3144 5387 ιασηε.

2343 5441 2397 5496 ὅ.
2424 5440 2675 5501 Jantvero
2699 5438 2842 5514 quod
2862 5440 2955 5499 sibi
2987 5442 3196 5501 videtur
3215 5447 3393 5504 anima
3418 5450 3581 5506 etiam
3620 5466 3723 5507 non
3774 5454 3904 5514 usa

2335 5576 2352 5643 ξ
2378 5583 2555 5643 us._a.,
2571 5576 2667 5643 nisi
2685 5575 2789 5632 visu
2810 5577 2893 5629 illo
2914 5577 3216 5643 irnaginario.
3239 5581 3328 5639 nn
3348 5580 3480 5643 cdd,
3506 5583 3619 5641 viso.

2274 5640 2405 5754 “$2
2428 5640 2674 5771 {attigs}:
2700 5653 2813 5705 quas
2835 5640 3055 5695 autem“?
3079 5649 3215 5705 erat,
3240 5653 3369 5697 nunc
3401 5640 3506 5698 143.
3532 5640 3710 5717 βάψω
3745 5644 3910 5712 συ.
