4054 6416
176 224 254 286 89
1417 215 1897 274 EPISTOLARUM
1936 215 2210 274 CLASSIS
2241 215 2282 271 l.
3411 230 3487 293 7ο

174 342 428 401 aerisibus
455 340 703 412 corporis
732 337 1026 410 corporalia
1056 349 1217 406 posse
1247 335 1546 406 imaginari,
1588 335 1776 393 falsum

177 449 301 492 esse
322 432 670 491 convincitur
707 431 810 487 isto
843 430 1023 488 modo.
1051 428 1109 488 Si
1127 428 1303 486 anima
1333 427 1636 498 priusquam
1666 441 1785 482 cor-

176 544 312 602 pore
343 537 524 583 utatur
543 525 608 581 ad
635 539 860 594 corpora
880 522 1176 590 sentienda,
1195 521 1383 578 eadem
1405 536 1630 591 corpora
1653 521 1802 576 ima»-

176 619 355 692 ginari
405 626 599 690 potest,
642 627 695 673 et
731 617 942 681 melius,
979 614 1124 685 quod
1155 629 1322 670 nemo
1340 628 1502 669 sanus
1540 613 1781 683 ambigit,

179 713 371 770 affecta
413 722 530 768 erat
555 721 839 780 antequam
868 707 951 762 his
976 707 1247 788 fallacibus
1269 706 1515 762 sensibus
1542 705 1783 776 implica-

181 815 353 870 retur,
390 803 585 860 melius
623 802 927 856 afﬁciuntur
969 783 1161 855 animae
1202 799 1579 856 dormientium
1626 813 1783 870 quam

181 896 535 968 vigilantium,
589 893 778 948 melius
826 890 1256 962 phreneticorum
1308 905 1466 961 quam
1515 891 1601 944 tali
1636 899 1785 960 peste

180 987 516 1051 carentium;
544 984 630 1040 his
672 985 817 1040 enim
864 983 1169 1042 afﬁciuntur
1216 983 1552 1054 imaginibus,
1593 981 1783 1053 quibus

179 1090 316 1134 ante
336 1079 464 1134 istos
489 1092 679 1133 sensus
697 1075 1016 1134 vanissimas
1045 1076 1261 1132 nuntios
1288 1074 1658 1132 afliciebantur
1686 1093 1698 1128 :
1733 1084 1785 1132 et

176 1183 278 1228 aut
309 1172 488 1230 verior
511 1172 612 1226 erit
634 1171 715 1226 sol
743 1185 906 1241 quem
925 1168 1109 1228 vident
1135 1169 1230 1236 illi,
1281 1183 1440 1240 quam
1489 1168 1579 1223 ille
1623 1183 1782 1239 quem

181 1265 478 1335 amatque
496 1263 804 1334 vigilantes;
830 1270 924 1321 aut
965 1269 1125 1324 erunt
1171 1260 1316 1318 veris
1363 1259 1492 1316 falsa
1536 1260 1778 1316 meliora.

181 1355 313 1422 Qua
337 1356 386 1410 si
409 1353 639 1410 absurda
660 1362 806 1420 sunt,
836 1353 991 1412 sicuti
1029 1361 1177 1420 sunt,
1220 1351 1354 1408 nihil
1387 1359 1472 1407 est
1511 1351 1652 1408 aliud
1692 1351 1781 1406 illa

181 1446 512 1519 lmagimtio,
546 1449 622 1503 mi
644 1447 881 1514 Nebridi,
925 1461 1086 1518 quam
1129 1446 1278 1517 plaga
1306 1445 1505 1502 inﬂicta
1537 1461 1632 1516 per
1656 1461 1782 1502 seu-

179 1553 293 1605 aut,
319 1539 518 1610 quibus
546 1556 674 1606 non,
719 1550 777 1595 ut
815 1549 872 1595 tu
913 1539 1126 1605 scribis.
1169 1539 1608 1596 commemoratio
1634 1554 1782 1610 quae-

180 1630 304 1687 dam
331 1632 394 1686 ﬁt
421 1641 481 1687 ut
505 1633 627 1688 talia
671 1631 966 1688 formentur
1014 1633 1069 1688 in
1097 1630 1296 1694 anima,
1328 1629 1424 1686 sed
1465 1630 1578 1701 ipsa
1625 1628 1783 1700 hujus

180 1725 438 1783 hisitatis
462 1727 648 1792 illatio,
679 1726 794 1782 sive
817 1767 833 1791 ,
865 1733 925 1784 ut
949 1724 1253 1795 expressius
1281 1723 1510 1789 dicatur,
1554 1725 1780 1794 impres-

178 1822 281 1876 sio.
311 1820 468 1888 Quod
490 1835 622 1876 sane
638 1829 696 1876 te
719 1827 921 1885 movet,
945 1819 1037 1888 qui
1066 1818 1158 1878 ﬁat
1183 1827 1242 1873 ut
1266 1833 1358 1874 eas
1378 1816 1542 1874 facies
1557 1815 1782 1872 formas-

177 1929 288 1985 que
325 1914 626 1984 cogitemus
654 1927 788 1984 quas
809 1927 1082 1982 nunquam
1107 1910 1357 1977 vidimus,
1392 1918 1546 1968 acuto
1582 1915 1778 1966 movet.

179 2007 364 2078 Itaque
391 2005 581 2062 faciam
605 2005 752 2077 quod
778 2006 914 2064 ultra
943 2005 1162 2064 solitum
1177 2003 1396 2062 modum
1425 2003 1561 2059 hanc
1584 2003 1783 2074 episto-

175 2100 286 2154 tarn
338 2100 604 2171 porrigat;
634 2098 730 2154 sed
760 2113 866 2156 non
901 2097 1043 2168 apud
1067 2106 1142 2165 te,
1170 2098 1258 2154 cui
1282 2097 1427 2152 nulla
1465 2106 1549 2152 est
1592 2096 1780 2167 pagina

173 2194 404 2266 gratior,
433 2209 592 2265 quam
619 2206 740 2264 qua:
767 2207 853 2248 me
881 2190 1240 2262 loquaciorem
1277 2197 1523 2260 apportet
1550 2187 1664 2244 tibi.

250 2286 306 2340 6.
330 2284 530 2341 αηηες
552 2285 648 2340 has
673 2284 952 2355 imagims,
969 2296 1104 2352 quas
1125 2279 1433 2351 phantasias
1463 2295 1584 2336 cum
1601 2279 1779 2334 multis

179 2393 372 2445 vocas,
403 2379 455 2434 in
495 2379 596 2433 tria
617 2391 818 2449 genera
845 2375 1279 2435 commntlissime
1301 2388 1365 2430 ac
1391 2372 1667 2430 verissime
1693 2371 1776 2426 di-

176 2472 371 2528 stribui
399 2471 557 2527 video
589 2489 602 2526 :
633 2486 860 2542 quorum
887 2479 971 2526 est
992 2484 1156 2528 unum
1184 2468 1355 2525 sensis
1376 2467 1535 2522 rebus
1552 2468 1778 2537 impres-

171 2580 324 2632 sum,
357 2565 587 2622 alterum
626 2565 854 2634 putatis,
894 2563 1108 2620 tertium
1157 2561 1305 2616 ratis.
1361 2559 1523 2616 Primi
1567 2558 1779 2630 generis

171 2659 424 2730 exempla
469 2667 612 2724 sunt,
644 2672 768 2713 cum
793 2655 1090 2716 mihinam
1119 2653 1330 2716 faciem,
1375 2652 1460 2706 vel
1507 2649 1779 2721 Carthagi-

173 2767 345 2818 nem,
399 2751 486 2806 vel
529 2751 845 2806 familiarem
881 2748 1150 2819 quondam
1206 2755 1448 2804 nostrum
1506 2743 1776 2800 Verecun-

175 2848 310 2901 (Μ
333 2847 433 2918 (ο),
463 2855 518 2902 et
544 2847 590 2901 si
619 2844 748 2915 quid
785 2842 927 2900 aliud
965 2842 1291 2902 manentium
1337 2841 1420 2896 vel
1450 2847 1777 2895 mortuarum

173 2949 384 3004 rerum,
407 2953 542 3008 quas
570 2947 746 2992 tamen
770 2935 877 2992 vidi
903 2944 1064 3005 atque
1090 2936 1254 2998 sensi,
1284 2934 1337 2988 in
1363 2933 1645 2988 seanimns
1669 2933 1776 2986 for-

174 3041 308 3088 mat.
338 3031 508 3088 Alteri
533 3031 718 3101 generi
756 3029 1111 3099 subjiciuntur
1145 3027 1235 3082 illa
1265 3041 1384 3096 qua:
1413 3033 1663 3095 putamus
1704 3025 1775 3078 ita

171 3143 237 3182 se
263 3126 516 3185 habuisse
547 3125 626 3179 vel
654 3125 724 3180 ita
769 3138 829 3179 se
862 3123 1090 3184 habere,
1117 3119 1288 3178 velut
1317 3135 1436 3174 cum
1481 3117 1774 3174 disserendi

169 3218 347 3288 gratia
373 3216 614 3288 quaedam
655 3217 757 3285 ipsi
785 3215 1036 3285 ﬁngimus
1077 3225 1410 3281 nequaquam
1436 3209 1774 3280 impedientia

168 3312 476 3371 veritatem,
503 3309 584 3364 vel
603 3307 778 3378 qualia
807 3307 1099 3376 ﬁguramus
1115 3318 1234 3362 cum
1262 3302 1485 3372 legimus
1505 3301 1771 3368 historias,

169 3414 232 3461 et
253 3417 377 3458 eum
397 3401 634 3456 fabulosa
664 3400 747 3454 vel
775 3397 1020 3454 audimus
1048 3395 1132 3452 vel
1168 3395 1536 3466 componimus
1577 3394 1661 3450 vel
1687 3409 1776 3448 su-

173 3497 469 3568 Qieamur.
495 3493 608 3564 Ego
626 3493 770 3547 enim
789 3491 920 3546 mihi
936 3501 992 3547 ut
1007 3490 1136 3544 libet
1151 3500 1309 3558 atque
1329 3497 1388 3542 ut
1403 3489 1632 3543 occurrit
1661 3487 1774 3542 ani-

171 3603 286 3652 m,
313 3585 502 3641 Em
529 3583 717 3640 faciem
747 3584 909 3653 tinge,
937 3596 1034 3652 ego
1061 3578 1258 3637 Medea:
1284 3594 1404 3633 cum
1436 3579 1546 3632 suis
1585 3579 1772 3648 angui-

171 3680 276 3736 bus
311 3679 528 3734 alitibus
571 3674 766 3746 junctis
804 3676 952 3745 iugo,
994 3687 1094 3743 ego
1117 3672 1420 3729 Chremetis
1466 3681 1517 3726 et
1552 3671 1774 3740 alicujus

172 3772 546 3828 Parmenonis.
575 3768 632 3824 in
663 3770 764 3824 hoc
785 3782 986 3838 genere
1023 3774 1149 3823 sunt
1175 3766 1334 3820 etiam
1366 3764 1475 3828 illa,
1517 3779 1634 3833 qua:
1661 3763 1774 3818 sive

171 3865 468 3935 sapientes,
499 3861 694 3932 aliquid
714 3861 823 3915 veri
856 3861 1052 3915 talibus
1079 3859 1411 3916 involventes
1433 3857 1632 3928 ﬁguris,
1663 3857 1773 3912 sive

169 3959 344 4024 stulti,
381 3957 650 4012 variarum
678 3953 1114 4024 superstitionum
1141 3951 1466 4013 conditores,
1521 3964 1618 4020 pro
1644 3964 1773 4005 vero

171 4052 497 4114 attulerunt;
545 4057 603 4103 ut
648 4056 730 4103 est
759 4056 1020 4102 tartareus
1065 4045 1416 4115 Phlegethon,
1447 4052 1502 4100 et
1540 4043 1772 4114 quinque

171 4153 333 4200 antra
385 4142 555 4214 gentis
606 4141 944 4196 tenebrarum
970 4179 984 4201 ,
1033 4147 1087 4193 et
1125 4136 1293 4207 stylus
1341 4133 1772 4205 septentrionalis

173 4236 462 4292 continens
489 4235 702 4299 caelum,
736 4241 785 4289 et
825 4231 927 4287 alia
966 4238 1243 4301 poetarum
1283 4239 1445 4298 atque
1491 4227 1771 4282 heretico.

173 4342 296 4383 rum
325 4327 478 4382 mille
506 4335 766 4397 portenta.
790 4324 1024 4379 Dicimus
1052 4329 1229 4377 tamen
1256 4329 1310 4376 et
1339 4320 1479 4376 inter
1497 4319 1770 4390 disputan-

173 4420 326 4483 dum,
350 4427 477 4490 puta
497 4432 616 4474 esse
642 4426 750 4472 tres
769 4431 930 4486 super
954 4401 1182 4472 invicem
1205 4412 1453 4479 mundos,
1495 4411 1664 4484 qualis
1687 4409 1773 4466 hic

177 4527 321 4568 unus
347 4523 462 4577 est;
492 4521 570 4576 et,
600 4520 728 4580 puta
755 4508 1007 4580 quadrata
1041 4508 1205 4577 ﬁgura
1239 4516 1433 4562 terram
1477 4504 1770 4568 contineri;

177 4615 232 4661 et
255 4605 472 4661 similia.
504 4603 634 4658 llaec
655 4603 796 4658 enim
824 4602 1003 4658 omnia
1028 4610 1086 4656 ut
1116 4615 1174 4656 se
1206 4597 1540 4669 cogitationis
1567 4606 1772 4668 tempe-

175 4706 292 4754 stas
336 4697 603 4764 habuerit,
651 4695 897 4765 ﬁngimus
934 4703 988 4749 et
1030 4702 1294 4764 putamus.
1337 4689 1469 4745 Nam
1511 4689 1579 4745 de
1611 4687 1773 4744 rebus

177 4789 324 4862 «ad
351 4788 418 4844 ad
449 4789 660 4844 ter-tium
681 4801 849 4858 genus
865 4787 1052 4841 attinet
1073 4785 1383 4855 imaginum,
1407 4781 1642 4837 numeris
1663 4795 1774 4836 ma-

179 4884 330 4940 xime
354 4893 515 4954 atque
540 4881 961 4938 dimensionibus
987 4881 1156 4950 agitur
1191 4896 1202 4930 :
1231 4876 1370 4947 quod
1400 4874 1588 4946 partim
1619 4874 1773 4930 estin

183 4989 365 5034 rerum
391 4984 600 5041 natura,
632 4973 776 5029 velut
801 4987 926 5029 cum
952 4972 1112 5027 totius
1138 4967 1318 5024 mundi
1364 4966 1528 5038 ﬁgura
1572 4966 1774 5021 inveni-

187 5077 291 5132 tur,
339 5075 394 5122 et
432 5065 571 5122 hanc
617 5065 976 5120 inventionem
1001 5064 1055 5118 in
1089 5061 1267 5116 animo
1292 5058 1574 5131 cogitantis
1602 5057 1775 5128 imago

185 5159 460 5230 sequitur;
482 5158 676 5229 partim
704 5157 755 5212 in
784 5156 1076 5226 disciplinis
1093 5164 1338 5224 tauquam
1371 5153 1424 5208 in
1449 5151 1630 5224 ﬁguris
1646 5166 1776 5222 geo-

187 5250 423 5306 metricis
463 5260 519 5306 et
554 5249 868 5322 rbythmieis
905 5248 1142 5312 musicis,
1194 5255 1247 5302 et
1288 5245 1491 5300 inﬁnita
1523 5243 1778 5299 varietate

189 5357 534 5397 numerorum
565 5360 578 5396 :
610 5357 728 5412 quin
754 5341 994 5411 quamvis
1043 5354 1185 5401 vera,
1225 5339 1300 5392 sic
1332 5345 1388 5391 ut
1412 5351 1512 5406 ego
1537 5345 1774 5401 autumo,

187 5435 726 5505 comprehendantur,
750 5436 968 5505 gignunt
999 5442 1173 5487 tamen
1203 5428 1779 5499 falsasimaginationes

189 5529 384 5598 quibus
398 5528 511 5598 ipsa
535 5529 672 5583 ratio
696 5527 782 5582 vix
812 5527 1038 5590 resistit;
1071 5524 1279 5582 tametsi
1305 5537 1400 5582 nec
1424 5523 1591 5592 ipsam
1620 5521 1780 5577 disci-

249 5659 328 5732 to
346 5661 690 5732 mentiens
707 5669 760 5732 et.
792 5660 914 5732 civis
939 5653 1778 5732 "demensuriscsuaullam

190 5717 320 5840 η’
333 5721 546 5777 nonduin
566 5726 830 5788 neptium:
849 5733 960 5772 eum
981 5721 1084 5772 suis
1103 5730 1160 5770 se
1181 5723 1456 5781 receperat.
1481 5717 1563 5768 tib
1580 5717 1610 5768 9
1630 5718 1777 5778 Comi,

1895 335 2096 406 plinam
2131 337 2427 392 disserendi
2458 351 2640 393 carere
2669 339 2768 395 hoc
2798 340 2939 396 malo
2968 343 3122 400 facile
3149 353 3250 415 est,
3277 362 3399 404 cum
3430 349 3488 407 in

1890 427 2240 484 divisionibus
2270 436 2326 484 et
2339 431 2768 486 conclusionibus
2794 433 3050 504 quosdam
3073 438 3221 507 quasi
3254 439 3486 498 calculos

1892 521 2258 592 imaginamur.

1964 614 2016 669 5.
2060 613 2116 668 In
2149 613 2249 668 hac
2277 625 2383 669 tota
2418 617 2704 686 imaginum
2733 618 2864 673 silva
2890 661 2904 683 ,
2936 621 3100 678 credo
3137 623 3230 679 tibi
3273 641 3378 679 non
3404 626 3484 682 vi-

1891 704 2005 761 deri
2055 707 2283 778 primum
2335 707 2462 763 illud
2510 725 2678 780 genus
2726 712 2792 768 ad
2841 714 3110 781 animam,
3178 719 3482 788 priusquam

1893 796 2154 855 inlicereat
2180 801 2444 866 sensibus,
2472 802 2759 872 pertinere;
2791 821 2966 876 neque
2996 806 3119 863 hinc
3146 808 3345 865 diutius
3368 811 3482 867 dis-

1894 893 2181 963 putandum
2226 912 2239 948 :
2285 895 2352 952 de
2395 895 2604 951 duobus
2663 899 2883 970 reliquis
2928 901 3047 971 jure
3094 903 3267 958 adhuc
3315 906 3482 978 quati

1890 997 2105 1055 posset,
2138 988 2240 1043 nisi
2281 990 2619 1046 manifestum
2664 1001 2804 1047 esset
2855 994 3084 1049 animam
3138 998 3318 1052 minus
3365 1010 3486 1057 esse

1890 1078 2174 1136 obnoxiam
2223 1079 2574 1149 falsitatibus,
2609 1082 2845 1139 nondum
2894 1102 3100 1156 passam
3146 1089 3482 1146 sensibilium

1889 1188 2248 1244 sensuumque
2269 1177 2554 1231 vanitatem
2583 1195 2594 1229 :
2620 1184 2674 1231 at
2705 1177 2832 1232 istas
2863 1179 3119 1249 imagines
3135 1183 3252 1251 quis
3274 1182 3484 1238 dubita-

1891 1263 2024 1318 verit
2047 1264 2161 1318 istis
2193 1266 2532 1321 sensibilibus
2562 1267 2730 1322 multo
2757 1282 2878 1323 esse
2907 1270 3188 1326 falsiorcs?
3210 1272 3340 1326 Nam
3391 1274 3480 1329 illa

1888 1371 2006 1425 qua:
2035 1366 2279 1426 putamus
2305 1367 2357 1412 et
2385 1358 2652 1413 credimus
2677 1402 2690 1423 ,
2720 1359 2831 1414 sive
2861 1359 3122 1432 ﬁngimus,
3161 1373 3214 1419 et
3243 1380 3306 1419 ex
3334 1367 3480 1422 omni

1889 1457 2039 1517 parte
2063 1450 2282 1505 omnino
2308 1449 2439 1507 falsa
2468 1461 2610 1518 sunt,
2639 1461 2692 1507 et
2711 1463 2855 1508 certe
2879 1455 3051 1524 longe,
3079 1465 3134 1510 ut
3159 1459 3353 1525 cernis,
3385 1476 3478 1514 ve-

1889 1541 2028 1595 riora
2058 1551 2180 1596 sunt
2221 1558 2338 1613 qua:
2369 1543 2610 1599 videmus
2652 1552 2812 1614 atque
2855 1547 3133 1601 sentimus.
3161 1547 3276 1602 Jam
3309 1551 3358 1603 in
3388 1551 3480 1606 illo

1891 1632 2051 1686 tertio
2080 1647 2277 1704 genere
2314 1634 2589 1704 quodlibet
2619 1637 2848 1705 spatium
2878 1637 3158 1705 corporale
3186 1640 3366 1694 animo
3414 1642 3478 1696 ﬁ-

1888 1737 2168 1792 guravero,
2211 1738 2511 1793 quanquam
2540 1723 2591 1778 id
2623 1726 2917 1781 rationibus
2949 1728 3346 1798 disciplinarum
3374 1732 3478 1786 mi-

1889 1817 2032 1872 nime
2082 1816 2382 1873 fallentibus
2426 1820 2675 1889 cogitatio
2713 1821 2987 1891 peperisse
3024 1823 3296 1891 videatur,
3350 1825 3479 1895 ipsis

1889 1922 2099 1962 rursum
2127 1909 2420 1964 rationibus
2442 1911 2804 1981 arguentibus,
2837 1913 3023 1967 falsum
3051 1929 3172 1970 esse
3191 1919 3475 1976 convinco.

1887 1999 2002 2068 Quo
2026 1999 2084 2055 ﬁt
2111 2011 2166 2055 ut
2191 2003 2335 2058 nullo
2362 2014 2516 2072 pacto
2557 2005 2790 2059 animam
2837 2007 3049 2062 credam
3095 2009 3327 2064 nondum
3359 2025 3477 2065 eor-

1889 2108 2017 2163 pore
2067 2095 2425 2161 sentientem,
2483 2096 2718 2151 nondum
2773 2113 2869 2167 per
2920 2115 3108 2154 sensus
3157 2103 3475 2160 vanissimas

1887 2185 2096 2240 mortali
2127 2196 2180 2242 et
2207 2188 2374 2258 fugaci
2400 2188 2700 2244 substantia
2722 2190 3077 2260 verberatum,
3111 2192 3162 2246 in
3195 2202 3338 2248 tanta
3371 2195 3472 2250 fal-

1886 2283 2056 2338 sitatis
2078 2285 2362 2358 ignominia
2381 2285 2633 2354 jacuisse.

2169 2398 2394 2456 CAPUT
2426 2400 2510 2457 ll].
2545 2431 2611 2440 —
2636 2398 2862 2472 Objectio
2901 2400 3186 2465 resolvitur.

1957 2536 2009 2590 6.
2053 2533 2208 2590 Unde
2243 2550 2372 2606 ergo
2405 2536 2582 2590 evenit
2608 2543 2667 2591 ut
2693 2551 2813 2606 qua:
2859 2551 2967 2592 non
3002 2535 3235 2592 vidimus
3270 2539 3473 2609 cogite-

1884 2642 2003 2682 mus
2018 2628 2043 2680 ?
2069 2627 2203 2695 Quid
2227 2637 2401 2698 putas,
2431 2629 2531 2684 nisi
2557 2644 2678 2685 esse
2695 2631 2801 2684 vim
2821 2629 3106 2700 quamdam
3129 2632 3399 2690 minuendi
3417 2642 3475 2689 et

1883 2721 2109 2791 augendi
2135 2722 2325 2774 animae
2348 2721 2582 2787 insitam,
2607 2737 2766 2790 quam
2793 2737 3130 2792 quocumque
3151 2725 3352 2780 venerit
3378 2739 3473 2780 ne-

1883 2827 2032 2868 cesse
2053 2821 2135 2868 est
2158 2812 2343 2868 afferat
2368 2813 2592 2868 secum?
2617 2830 2735 2882 quae
2755 2815 2833 2868 vis
2855 2815 2907 2867 in
2943 2816 3180 2870 numeris
3207 2817 3473 2887 praecipue

1886 2904 2232 2960 animadverti
2269 2914 2466 2976 potest.
2513 2906 2620 2960 llac
2659 2907 2749 2970 ﬁt,
2782 2908 2934 2963 verbi
2975 2910 3177 2978 gratia,
3221 2919 3278 2966 ut
3323 2909 3472 2968 corvi

1883 2999 2035 3068 quasi
2058 2999 2124 3054 ob
2158 2999 2342 3055 oculos
2362 3001 2535 3071 imago
2567 3001 2872 3067 constituta,
2909 3017 3028 3070 qua:
3049 3002 3294 3060 videlicet
3311 3017 3470 3073 aspe-

1881 3092 2054 3147 ctibns
2093 3105 2214 3146 nota
2259 3103 2371 3158 est,
2413 3093 2678 3149 demendo
2716 3103 2770 3148 et
2810 3095 3054 3149 addendo
3085 3095 3360 3166 quaedam.
3401 3097 3471 3154 ad

1883 3187 2173 3256 quamlibet
2200 3189 2418 3243 omnino
2447 3203 2716 3259 nunquam
2749 3189 2914 3242 visam
2949 3190 3234 3259 imaginem
3276 3190 3471 3260 perdu-

1889 3289 2057 3334 catur.
2093 3280 2202 3335 llac
2233 3282 2409 3335 evenit
2439 3291 2495 3335 ut
2538 3297 2632 3350 per
2651 3283 3088 3338 consuetudinem
3138 3283 3470 3341 volventibus

1883 3386 2002 3426 sese
2033 3373 2085 3427 in
2121 3373 2316 3427 talibus
2344 3374 2554 3440 animis,
2594 3375 2774 3444 figurae
2805 3373 3171 3442 hujuscemodi
3199 3375 3346 3432 velut
3373 3391 3470 3433 sua

1881 3475 2074 3535 sponte
2094 3465 2501 3536 cogitationibus
2527 3468 2745 3520 irrnant.
2779 3465 2928 3522 Licet
2943 3467 3102 3536 igitur
3125 3466 3317 3522 animm
3337 3469 3468 3524 ima-

1881 3560 2103 3630 ginanti,
2134 3575 2198 3614 ex
2227 3559 2309 3613 his
2341 3575 2460 3629 qua:
2502 3559 2576 3613 illi
2603 3575 2791 3613 sensus
2825 3559 3052 3624 invexit,
3082 3558 3378 3626 demendo,
3407 3571 3467 3617 ut

1881 3653 2078 3708 dictum
2110 3663 2210 3716 est,
2243 3663 2298 3709 et
2327 3653 2603 3721 addendo,
2637 3669 2697 3707 ea
2736 3657 2950 3722 gignere
2975 3668 3093 3723 quae
3131 3655 3277 3709 nullo
3301 3669 3466 3710 sensu

1883 3750 2093 3821 attingit
2123 3758 2267 3815 tota;
2308 3757 2485 3818 partes
2513 3761 2640 3801 vero
2667 3761 2852 3801 eorum
2893 3762 3014 3816 qua:
3052 3751 3104 3801 in
3125 3748 3262 3821 aliis
3278 3757 3468 3820 (atque

1883 3846 2000 3899 aliis
2029 3845 2189 3899 rebus
2227 3844 2491 3915 attigerat.
2537 3842 2610 3896 Ita
2654 3857 2755 3896 nos
2793 3841 2940 3910 pueri
2974 3841 3114 3909 apud
3152 3840 3468 3900 mediterra-

1881 3955 2012 3995 neos
2039 3941 2143 3994 nati
2171 3948 2331 4008 atque
2358 3937 2576 4001 nutriti,
2613 3936 2695 3990 vel
2726 3936 2776 3988 in
2802 3949 2963 4004 parvo
2989 3935 3156 3990 calice
3175 3949 3309 4004 aqua
3331 3935 3468 4005 visa,

1874 4033 1983 4103 jam
2009 4032 2286 4102 imaginari
2309 4031 2471 4084 maria
2497 4038 2835 4098 poteramus;
2868 4043 2987 4080 cum
3018 4041 3177 4095 sapor
3200 4026 3467 4096 fragorurn

1880 4136 1933 4182 et
1959 4141 2261 4189 cornorum,
2305 4133 2586 4192 antequam
2637 4121 2689 4174 in
2742 4119 2884 4173 Italia
2926 4129 3293 4190 gustaremus,
3325 4119 3469 4174 nullo

1881 4218 2041 4273 modo
2066 4217 2271 4271 veniret
2299 4216 2349 4269 in
2377 4223 2630 4268 mentem.
2662 4213 2792 4266 Hinc
2813 4221 2893 4267 est
2912 4211 3053 4280 quod
3075 4224 3106 4263 a
3123 4211 3292 4280 prima
3312 4215 3470 4264 relate

1882 4310 2008 4365 caeci
2030 4353 2044 4376 ,
2079 4323 2199 4363 cum
2241 4307 2308 4364 de
2339 4307 2456 4362 luce
2490 4305 2862 4375 coloribusque
2902 4304 3311 4375 interrogantur.
3343 4303 3469 4374 quid

1883 4400 2244 4473 respondeant
2271 4414 2375 4454 non
2415 4397 2706 4452 inveniunt.
2739 4395 2854 4450 Non
2881 4396 3023 4451 enim
3048 4395 3311 4451 coloratas
3336 4395 3471 4453 ullas

1886 4496 2154 4566 patiuntur
2170 4491 2458 4563 imagines,
2486 4489 2575 4561 qui
2613 4497 2896 4543 senserunt
2923 4487 3112 4542 nullas.

1957 4591 2011 4644 7.
2053 4588 2161 4643 Nec
2192 4587 2385 4642 mirere
2411 4599 2516 4656 quo
2546 4592 2702 4654 pacto
2746 4598 2808 4638 ea
2836 4598 2954 4653 qua:
2983 4583 3038 4638 in
3080 4599 3257 4638 rerum
3287 4593 3472 4640 natura

1885 4683 2184 4754 ﬁgurantur
2209 4688 2262 4736 et
2287 4678 2412 4750 ﬁngi
2445 4685 2670 4748 possunt
2688 4717 2704 4740 ,
2735 4690 2843 4732 non
2869 4675 3042 4748 primo
3065 4675 3115 4730 in
3144 4676 3317 4732 anima
3356 4692 3473 4746 qua:

1889 4775 2135 4832 onmibus
2167 4773 2304 4827 inest
2335 4772 2612 4826 commista
2642 4769 2942 4834 volvantur,
2969 4784 3089 4823 cum
3115 4784 3180 4824 ea
3205 4785 3473 4840 nunquam

1887 4869 2222 4924 extrinsecus
2254 4865 2503 4921 senserit.
2533 4863 2664 4918 Nam
2694 4863 2854 4920 etiam
2878 4877 2976 4917 nos
3004 4876 3123 4916 cum
3155 4861 3478 4932 indignando

1889 4971 1982 5018 aut.
2011 4957 2263 5025 laetando,
2294 4956 2609 5026 ueterisque
2641 4952 3004 5025 hujuscemodi
3031 4953 3196 5009 animi
3222 4955 3476 5018 motibus.

1888 5055 2086 5110 multos
2134 5053 2188 5107 in
2234 5059 2419 5106 nostro
2455 5061 2681 5119 corpore
2717 5045 2894 5102 vultus
2922 5045 3235 5116 coloresque
3283 5045 3481 5101 forma-

1890 5162 2029 5212 mus,
2061 5146 2206 5216 prius
2233 5152 2412 5198 nostra
2441 5140 2692 5212 cogitatio
2733 5137 2877 5208 quod
2903 5137 3077 5194 facere
3106 5139 3368 5209 possimus
3395 5146 3477 5193 ta-

1894 5243 1973 5297 les
2006 5239 2260 5310 imagines
2301 5235 2553 5306 concipit.
2595 5234 3006 5304 Consequuntur
3042 5233 3142 5289 ista
3180 5234 3331 5288 miris
3377 5231 3480 5286 illis

1893 5333 2088 5401 modis,
2119 5342 2171 5387 et
2197 5327 2592 5385 committendis
2609 5326 2916 5398 cogitationi
2940 5336 3061 5391 tute,
3084 5341 3203 5381 cum
3231 5325 3282 5378 in
3303 5322 3480 5377 anima

1891 5429 2008 5483 sine
2035 5427 2140 5482 ulla
2166 5422 2523 5494 corporalium
2555 5423 2568 5452 ¹
2606 5421 2772 5492 ﬁgura
2809 5419 3092 5475 falsitatum
3120 5415 3322 5472 numeri
3352 5412 3480 5469 acti-

1892 5528 2071 5580 tantur
2100 5515 2312 5575 occulti.
2344 5513 2419 5570 Ex
2443 5531 2548 5586 quo
2573 5513 2840 5584 intelligas
2864 5512 3042 5577 velim,
3069 5524 3188 5566 cum
3213 5518 3319 5564 tam
3345 5507 3476 5566 mul-

1895 5626 1977 5672 tos
2021 5615 2185 5670 animi
2228 5621 2405 5668 motus
2449 5625 2568 5665 esse
2594 5607 2792 5664 sentias
2829 5612 3075 5674 expertes
3116 5601 3385 5672 omnium,
3416 5599 3484 5658 de

1958 5777 1974 5808 ί
1999 5774 2071 5824 sic
2093 5767 2422 5835 clegantiores
2435 5773 2541 5818 Mss.
2567 5769 2621 5814 Al
2645 5758 2811 5814 excusi
2825 5755 3030 5822 habent,
3045 5753 3287 5822 corporale
3305 5751 3484 5826 figura.
