4054 6458
628 345 691 406 η
1420 310 1445 357 ’ξ
1486 331 1530 361 ⁷³
1864 339 1921 397 8.
1963 336 2195 397 AUGUS'

2301 335 2326 394 ’1
2362 335 2664 398 EPISCOPI
3647 348 3655 355 ’
3821 347 3881 411 71

625 463 819 532 quibus
861 475 1004 518 nunc
1048 458 1277 532 quieris,
1310 458 1631 531 imaginum,
1656 455 1893 529 quolibet
1914 450 2038 511 'alio
2067 464 2215 512 motu

627 555 862 610 aiiimam
892 553 1073 611 sortiri
1102 567 1297 623 corpus
1324 568 1483 624 quam
1527 551 1855 608 sensibilium
1894 549 2215 619 cogitatione

627 647 939 712 formarum,
965 661 1099 719 quas
1122 662 1262 715 eam,
1286 646 1593 717 priusquam
1617 659 1842 715 corpore
1865 643 2216 714 sensibusque

626 751 827 808 utatur,
858 741 1004 797 nullo
1030 740 1191 797 modo
1233 739 1466 795 arbitror
1501 740 1609 811 pati
1648 754 1827 811 posse.
1854 738 2212 806 Quamobrem

624 849 724 907 pro
752 844 935 891 nostra
965 833 1340 900 familiaritate,
1371 841 1424 888 et
1450 846 1547 903 pro
1571 832 1735 903 ipsius
1762 831 1926 887 divini
1948 830 2085 901 juris
2112 828 2216 886 fido

621 927 811 984 sedulo
845 926 1146 983 monuerim
1168 967 1184 992 ,
1215 923 1532 979 charissime
1557 923 1685 978 mihi
1709 938 1772 979 ac
1797 921 2210 993 jucundissime,

622 1020 825 1078 nullam
864 1034 985 1076 cum
1012 1019 1129 1074 istis
1159 1016 1379 1072 infernis
1404 1015 1610 1071 umbris
1637 1015 1856 1085 copules
1880 1014 2168 1069 amicitiam
2194 1054 2210 1080 ,

620 1126 757 1167 neve
781 1112 921 1167 illam
947 1125 1065 1183 qua:
1086 1107 1335 1179 copulata
1361 1117 1463 1175 est,
1487 1114 1739 1164 cunctere
1759 1105 2031 1163 divellere.
2055 1104 2213 1161 Nullo

619 1204 760 1258 enim
793 1202 953 1257 modo
993 1201 1258 1257 resistitur
1285 1200 1532 1271 corporis
1568 1199 1814 1254 sensibus
1836 1240 1850 1266 ,
1896 1212 2016 1268 quas
2059 1196 2212 1252 nobis

616 1294 971 1351 sacratissima
999 1294 1276 1364 disciplina
1320 1302 1403 1349 est
1422 1336 1438 1361 ,
1469 1293 1513 1348 si
1542 1308 1635 1364 per
1654 1306 1751 1349 eos
1772 1294 1787 1325 ¹
1808 1289 2020 1348 inﬂictis
2040 1291 2211 1364 plagis

625 1386 1040 1457 vulneribusque
1066 1384 1386 1442 blandimur.

1079 1483 1411 1540 EPISTOLA
1452 1481 1567 1537 VIII
1608 1487 1623 1505 °
1645 1483 1741 1555 (a).

618 1582 853 1650 Quanam
887 1580 1162 1635 calestium
1205 1587 1508 1651 potestatum
1546 1577 1599 1630 in
1626 1576 1849 1629 animam
1874 1575 2069 1628 actione
2092 1574 2203 1643 ﬁat,

796 1683 849 1730 ut
869 1674 1115 1744 imagines
1143 1688 1203 1726 ac
1230 1672 1426 1725 somnia
1449 1669 1717 1723 dormienti
1737 1668 2026 1738 subrepant.

1095 1776 1389 1819 AUGUSTINO
1417 1774 1711 1817 NEBRIDIUS.

688 1858 739 1913 1.
780 1855 1065 1911 Festinanti
1089 1855 1214 1909 mihi
1240 1854 1309 1908 ad
1335 1870 1436 1909 rem
1477 1854 1762 1925 pervenire,
1812 1853 2008 1908 nullum
2036 1866 2203 1923 proue-

613 1950 771 2004 mium
795 1992 811 2017 ,
842 1949 1041 2003 nullum
1089 1948 1252 2017 placet
1277 1946 1559 2001 emrdium.
1596 1945 1699 2011 Qui
1723 1946 1812 2015 ﬁt,
1853 1946 1923 1999 mi
1963 1945 2205 2016 Augustb

619 2058 715 2108 ne,
747 2039 827 2096 vel
862 2040 949 2107 qui
977 2040 1156 2094 modus
1183 2048 1256 2093 est
1279 2039 1384 2105 ille,
1417 2056 1515 2109 quo
1541 2048 1754 2093 utuntur
1782 2039 2066 2109 superiores
2108 2056 2202 2110 po-

609 2140 831 2197 testates,
854 2148 981 2202 quas
1006 2130 1226 2185 caelestes
1252 2130 1467 2201 intelligi
1490 2130 1623 2195 volo,
1646 2145 1761 2183 cum
1780 2129 1852 2184 eis
1876 2128 2039 2199 placet
2061 2129 2203 2184 nobis

608 2225 970 2279 dormientibus
990 2224 1161 2295 aliqua
1189 2223 1385 2277 somnia
1414 2223 1801 2278 demonstrare?
1830 2222 1947 2290 Qui,
1970 2222 2199 2294 inquam,

611 2317 794 2371 modus
834 2327 935 2379 est;
961 2316 1014 2370 id
1043 2324 1134 2383 est,
1162 2316 1412 2387 quomodo
1433 2316 1486 2369 id
1511 2316 1721 2386 faciunt,
1744 2330 1842 2384 qua
1866 2324 1993 2381 arte,
2022 2314 2203 2385 quibus

616 2409 885 2479 mangonis
910 2410 950 2474 ³,
982 2407 1244 2479 quisbusoe
1278 2407 1623 2461 instrumentis
1664 2416 1750 2459 aut
1789 2405 2203 2462 medicamentis?

613 2502 903 2554 animumne
928 2500 947 2530 ³
969 2509 1194 2554 nostrum
1220 2516 1314 2572 per
1338 2499 1662 2570 cogitationes
1689 2515 1806 2553 suas
1835 2499 2118 2570 impellunt,
2148 2509 2202 2554 ut

607 2608 705 2646 nos
725 2592 874 2645 etiam
901 2607 961 2646 ea
980 2591 1246 2661 cogitando
1273 2590 1645 2661 imaginemur?
1672 2606 1739 2644 an
1759 2591 1873 2660 ipsa
1898 2590 1952 2645 in
1972 2608 2064 2645 suo
2083 2608 2198 2646 cor-

605 2700 749 2755 pore,
775 2684 851 2738 vel
870 2684 923 2738 in
941 2700 1036 2737 sua
1056 2682 1343 2753 phantasia,
1377 2686 1511 2753 facta
1536 2682 1678 2736 nobis
1705 2680 1926 2749 o/Ierunt
1954 2690 2000 2737 et
2026 2692 2193 2738 osten-

612 2776 779 2831 dunt?
806 2775 915 2831 Sed
939 2776 984 2830 si
1007 2776 1061 2829 in
1086 2790 1179 2828 suo
1207 2790 1417 2846 corpore
1442 2789 1501 2827 ea
1530 2774 1760 2844 faciunt,
1813 2774 2036 2843 sequitur
2060 2783 2115 2828 ut
2151 2784 2198 2829 et

602 2886 697 2925 nos
726 2869 853 2924 alios
870 2868 1047 2923 oculos
1061 2883 1329 2938 corporeos
1343 2866 1643 2920 intrinsecus
1658 2864 1933 2918 habeamus
1948 2881 2062 2918 cum
2078 2865 2197 2918 dor-

605 2964 810 3031 mimus,
842 2964 1022 3035 quibus
1040 2962 1132 3016 illa
1158 2962 1415 3016 videamus
1439 2976 1552 3029 quae
1570 2960 1647 3014 illi
1669 2960 1723 3013 in
1751 2976 1843 3014 suo
1857 2976 2067 3030 corpore
2088 2962 2195 3032 for-

607 3058 875 3112 mauerint.
905 3056 965 3111 Si
994 3072 1107 3110 vero
1132 3056 1199 3108 ad
1237 3056 1359 3109 istas
1393 3071 1471 3110 res
1516 3070 1617 3110 non
1652 3070 1864 3123 corpore
1889 3054 2197 3125 adjuvantur

604 3166 732 3218 suo,
761 3148 850 3204 sed
872 3149 926 3203 in
955 3147 1269 3219 phantastico
1313 3162 1405 3200 suo
1445 3147 1543 3200 ista
1585 3146 1893 3217 disponunt,
1938 3155 2087 3216 atque
2125 3146 2195 3200 ita

603 3245 921 3318 phantastiea
965 3253 1137 3299 nostra
1180 3243 1510 3314 contingunt,
1558 3252 1606 3297 et
1651 3242 1708 3312 ﬁt
1744 3244 1904 3299 uisum
1945 3244 2081 3315 quod
2122 3254 2195 3299 est

601 3338 889 3400 somnium;
914 3351 1026 3400 cur,
1052 3350 1221 3405 quaso
1243 3344 1309 3399 te,
1333 3350 1434 3388 non
1455 3350 1547 3404 ego
1574 3335 1892 3405 phantastico
1913 3352 2021 3389 meo
2052 3346 2193 3389 tuum

603 3431 973 3501 phantasticum
998 3445 1058 3482 ea
1085 3429 1281 3483 somnia
1322 3444 1563 3499 generare
1592 3428 1869 3498 compello,
1911 3445 2025 3501 qua:
2068 3429 2194 3483 mihi

601 3524 765 3594 primo
789 3523 840 3575 in
871 3537 929 3575 eo
954 3522 1062 3591 ipse
1088 3520 1302 3592 formavi
1319 3521 1344 3573 ?
1371 3519 1513 3573 Certe
1546 3529 1592 3573 et
1630 3520 1752 3575 mihi
1780 3528 1855 3575 est
1885 3520 2153 3589 phantasia
2173 3564 2188 3587 ,

600 3624 650 3670 et
669 3616 804 3686 quod
832 3616 945 3669 uolo
972 3624 1147 3685 potens
1178 3622 1250 3667 est
1277 3614 1484 3683 lingere,
1512 3629 1627 3665 cum
1653 3612 1855 3666 omnino
1878 3612 2076 3667 nullum
2104 3616 2191 3669 tibi

604 3711 738 3783 facio
754 3706 1037 3773 somniant,
1065 3706 1153 3760 sed
1168 3706 1335 3776 ipsum
1355 3720 1539 3775 corpus
1558 3713 1785 3758 nostrum
1803 3703 1946 3758 video
1970 3706 2021 3759 in
2050 3706 2191 3761 nobis

600 3801 795 3857 somnia
815 3815 1070 3871 generare.
1104 3796 1243 3853 Nam
1269 3815 1383 3853 cum
1402 3797 1552 3853 semel
1582 3797 1810 3853 habuerit
1840 3815 1929 3868 per
1956 3796 2191 3866 affectum

599 3909 700 3964 quo
730 3892 915 3945 animt:
952 3890 1239 3962 copulatur,
1280 3891 1412 3961 cogit
1452 3905 1545 3944 nos
1584 3890 1806 3959 idipsum
1852 3890 1993 3943 miris
2029 3892 2190 3945 modis

598 4002 689 4055 per
714 3983 1037 4055 phantasiam
1063 3982 1322 4037 simulare.
1349 3980 1501 4053 Satpe
1516 3982 1816 4036 dormientes
1838 3997 1953 4035 cum
1972 3983 2186 4051 sitimus,

596 4078 759 4133 bibere
784 4076 1094 4131 somniamus
1112 4118 1127 4143 ,
1159 4085 1207 4131 et
1235 4075 1513 4129 esurientes
1536 4074 1679 4144 quasi
1709 4074 2018 4128 comedentes
2055 4074 2190 4130 vide-

594 4188 742 4237 ntur;
772 4180 819 4224 et
846 4170 1006 4224 multa
1053 4169 1176 4223 talia
1196 4210 1211 4236 ,
1251 4183 1365 4239 qua
1391 4167 1534 4237 quasi
1571 4168 1869 4221 commercio
1915 4168 2131 4237 quodam
2158 4186 2190 4223 a

594 4278 806 4332 corpore
837 4263 892 4315 in
926 4262 1146 4315 animam
1173 4260 1491 4330 phantastice
1522 4259 1912 4329 transferuntur.
1942 4258 2071 4314 Iitec
2095 4277 2188 4332 pro

595 4353 677 4405 sui
711 4352 1043 4416 obscuritate,
1076 4366 1168 4422 pro
1194 4359 1463 4417 nostraque
1486 4350 1739 4419 imperitia
1763 4392 1776 4415 ,
1808 4368 1869 4404 ne
1906 4352 2101 4405 mireris
2142 4352 2188 4406 si

597 4445 763 4497 minus
790 4442 1040 4513 eleganter
1055 4442 1318 4512 minusque
1340 4440 1589 4495 subtiliter
1608 4439 1859 4512 explicata
1882 4452 1995 4496 sunt
2020 4459 2039 4497 :
2066 4453 2118 4497 tu
2133 4444 2187 4497 id

599 4540 764 4607 facere
790 4544 1036 4605 quantum
1065 4535 1252 4606 poteris
1281 4533 1549 4589 laborabit.

695 4670 930 4744 sum”
944 4683 1043 4721 εαε-
1061 4676 1115 4744 et
1130 4676 1237 4744 ess.
1262 4682 1438 4744 ψεαο
1453 4681 1694 4744 consensu
1708 4669 1971 4744 Pteleum
1984 4684 2179 4744 μέτρου.

594 4734 723 4797 quod
739 4734 799 4783 ad
821 4731 997 4785 sensus
1009 4732 1239 4784 refertur.
1268 4731 1382 4782 Nati]
1410 4732 1552 4795 paulo
1572 4731 1721 4795 supra
1739 4732 1912 4783 dicitur
1937 4747 1949 4782 :
2114 4731 2185 4787 est

593 4795 727 4869 aliud
1078 4794 1381 4869 semibilium
1400 4808 1571 4869 rerum
1589 4795 2009 4869 hoc'incorpore,
2040 4810 2185 4869 quam

615 4857 737 4970 {larga
756 4856 937 4922 inﬂicta
952 4872 1046 4970 per
1066 4870 1247 4932 sensus.
1273 4858 1389 4907 Hinc
1418 4856 1669 4930 intelliges
1690 4858 1739 4905 in
1763 4856 1845 4907 lib.
1865 4856 1934 4907 de
1956 4856 2075 4909 vera
2100 4867 2184 4934 ne-

616 4933 663 4970 uz
684 4933 779 4970 oue
795 4955 811 4970 .
834 4933 878 4970 c.
912 4920 945 4970 5
988 4956 1003 4970 .
1043 4934 1094 4970 ιι.
1119 4919 1209 4970 δι.
1234 4919 1281 4969 ιιι
1316 4920 1446 4970 quod
1470 4927 1765 4970 Augustinus
1782 4920 2017 4970 adversus
2038 4927 2182 4970 Mam-

594 4919 814 4982 ligioue,
834 4933 878 4971 c.
912 4919 1003 4981 δι,
1043 4934 1094 4971 ιι.
1119 4919 1209 4980 δι,
1234 4919 1281 4969 id
1316 4920 1446 4981 quod
1470 4919 1765 4984 Augustinus
1782 4920 2017 4971 adversus
2038 4924 2182 4971 Mani-

592 4983 757 5055 gbzeos
769 4984 915 5055 dicit:
937 4990 1059 5055 pate
1071 4981 1159 5055 gui
1178 4979 1365 5055 resistet
1618 4979 1779 5032 carnis
1796 5020 1809 5041 ,
1836 4988 1881 5053 et
1904 4981 2058 5055 plagis
2080 4983 2183 5047 qui-

595 5042 682 5108 bus
703 5058 789 5108 per
806 5042 913 5096 illos
931 5044 984 5098 in
1002 5042 1162 5096 anima
1199 5042 1454 5108 vapulavit.
1480 5052 1646 5108 Neque
1683 5057 1825 5108 porro
1846 5042 2058 5108 infernas
2074 5042 2181 5097 inn-

592 5104 756 5171 bras'a
778 5108 958 5171 quibus
991 5108 1069 5171 hic
1099 5104 1379 5171 ls'ebridium
1415 5104 1636 5171 revocat,
1675 5104 1954 5171 intelligere
1979 5106 2095 5157 alias
2116 5111 2183 5171 vi-

588 5170 736 5219 detur
760 5167 938 5232 praeter
961 5167 1233 5233 phantasias
1254 5181 1351 5233 seu;
1384 5168 1711 5233 phantasmata
1755 5167 1980 5233 illa—qua:
2003 5170 2183 5233 ample-

590 5228 832 5281 xabantur
855 5228 1114 5292 uanicbzei,
1134 5244 1196 5280 ex
1224 5231 1306 5281 lib.
1322 5228 1578 5282 3donl'ess.
1596 5244 1639 5280 c.
1660 5230 1708 5289 ϐ,
1735 5237 1787 5279 et
1801 5228 2017 5292 lib.'9,c.
2035 5230 2082 5279 4.

654 5296 674 5326 ³
698 5291 1262 5357 lpv.,ntachinis,cujus
1284 5293 1390 5343 loco
1402 5300 1508 5357 Mss.
1535 5294 1735 5357 habent,
1760 5291 2024 5357 mangonis.
2051 5295 2181 5345 Idem

588 5355 1001 5426 signiﬁcat;_hiuc
1036 5353 1525 5419 eniru'magganella,
1551 5354 1721 5426 bellica
1766 5353 1986 5426 quaedam
2010 5356 2181 5426 instru-

588 5418 771 5491 menta.
794 5418 972 5491 suidas
982 5431 1143 5491 porro,
1164 5418 1433 5491 nutgganon
1453 5418 1737 5491 paradoxou
1760 5418 1813 5475 ti,
1848 5418 2021 5465 mirum
2042 5420 2181 5481 quid.

588 5490 718 5541 piam
739 5482 1089 5544 interpretatur
1114 5501 1126 5527 ε
1155 5482 1331 5550 aliqui,
1357 5482 1641 5549 praestigias.

656 5544 677 5574 ³
699 5548 830 5614 ιτργε,
866 5548 949 5614 aut
992 5543 1352 5614 medicamentis
1383 5553 1596 5589 animum
1632 5545 1863 5589 nostrum.
1902 5543 2180 5593 Mutavimus

588 5602 805 5652 nonnihil
826 5603 887 5653 ad
909 5611 1017 5655 Mss.
1042 5606 1203 5654 fidem.
1276 5620 1277 5623 η

652 5666 669 5683 '
687 5672 737 5729 lu
760 5666 848 5717 hac
866 5667 1170 5729 emendanda
1192 5666 1266 5716 usi
1308 5677 1476 5716 sumus
1508 5664 1586 5714 cb.
1610 5679 1694 5729 gg.
1725 5679 1805 5728 gv.
1832 5680 1881 5715 ιι.
1920 5680 1961 5714 r.
2000 5666 2075 5715 sb.
2102 5681 2173 5718 vc.

587 5724 825 5777 duobust.
845 5728 1035 5779 duobus
1057 5742 1102 5779 ν.
1126 5736 1180 5780 et
1194 5737 1300 5779 nov.

649 5789 724 5851 (α)
745 5788 870 5839 Alias
889 5789 983 5840 245
1008 5805 1021 5839 :
1047 5803 1157 5851 qua
1177 5799 1345 5847 autem
1365 5788 1397 5840 8
1419 5797 1551 5853 erat,
1575 5801 1700 5841 nunc
1730 5788 1808 5841 27.
1835 5795 2013 5843 scribta
2034 5792 2176 5853 paulo

584 5863 692 5923 post
721 5856 1022 5922 superiorem
1053 5856 1198 5911 epist-

2863 454 3195 516 EPISTOLA
3219 456 3326 515 ιιι·
3353 456 3451 533 (α).

2325 608 2604 674 Ωιιωειὶοιιί
2623 609 2687 666 de
2712 608 2920 666 somniis
2948 625 3037 682 per
3058 610 3340 682 superiores
3367 617 3629 681 potestates
3662 610 3865 669 imminit

2975 705 3261 776 respondet.

2809 878 3053 920 NEBRIDIO
3079 878 3337 920 AUGUSTIN
3341 878 3422 920 US.

2390 1000 2442 1053 1.
2484 998 2796 1070 Quanquam
2836 999 2943 1055 mei
2973 1000 3135 1054 animi
3158 997 3405 1071 cognitor
3427 1000 3535 1065 sis,
3576 1000 3788 1056 fortasse
3808 1010 3869 1056 ta-

2318 1104 2441 1147 men
2495 1092 2714 1163 ignoras
2763 1101 3019 1163 quantum
3074 1092 3232 1148 velim
3286 1092 3567 1163 praesentia
3621 1101 3708 1148 tua
3768 1092 3869 1150 frui.

2318 1180 2519 1237 Verum
2572 1179 2675 1238 hoc
2720 1192 2829 1239 tam
2880 1199 3129 1256 magnum
3184 1183 3500 1240 beneﬁcium
3553 1184 3691 1241 Deus
3731 1202 3871 1257 quan-

2317 1274 2493 1347 doque
2516 1277 2810 1346 prastabit.
2835 1276 2963 1349 Legi
2984 1278 3334 1335 rectissimam
3356 1280 3635 1350 epistolam
3655 1290 3805 1348 tuam,
3830 1282 3871 1336 in

2314 1382 2419 1438 qua
2439 1366 2506 1422 de
2531 1366 2815 1424 solitudine
2838 1379 3057 1440 questus
3078 1386 3137 1425 es
3153 1411 3169 1438 ,
3194 1380 3249 1427 et
3277 1370 3505 1441 quadam
3530 1371 3817 1429 desertione
3848 1392 3872 1428 ει

2314 1458 2666 1515 familiaribus
2697 1460 2799 1516 tuis
2817 1502 2833 1528 ,
2861 1477 2979 1516 cum
2997 1462 3188 1533 quibus
3210 1463 3314 1517 vita
3335 1462 3641 1519 dulcissima
3667 1473 3762 1520 est.
3786 1463 3873 1521 Sed

2313 1550 2440 1622 quid
2462 1551 2608 1608 aliud
2633 1550 2720 1609 hic
2741 1553 2834 1609 tibi
2851 1553 3055 1621 dicam,
3098 1555 3201 1609 nisi
3230 1555 3374 1625 quod
3400 1564 3452 1611 te
3476 1571 3582 1611 non
3604 1555 3779 1612 dubito
3808 1557 3873 1611 la-

2310 1644 2475 1701 cere?
2518 1644 2716 1702 Confer
2737 1655 2791 1703 te
2812 1647 2880 1702 ad
2905 1657 3053 1703 tuum
3086 1648 3323 1704 animum
3346 1690 3361 1714 ,
3396 1659 3451 1705 et
3477 1649 3625 1705 illum
3651 1651 3702 1705 in
3730 1650 3875 1707 Deum

2310 1735 2447 1803 leva,
2478 1746 2733 1808 quantum
2759 1747 2931 1808 potes.
2969 1738 3046 1794 lbi
3084 1740 3227 1795 enim
3270 1741 3470 1795 certius
3502 1739 3667 1797 habes
3694 1750 3745 1796 et
3774 1755 3873 1807 nos,

2308 1841 2416 1884 non
2452 1844 2547 1899 per
2573 1845 2865 1902 corporeas
2885 1830 3174 1903 imagines,
3211 1832 3407 1903 quibus
3434 1848 3576 1888 nunc
3623 1834 3675 1889 in
3719 1840 3876 1889 nostra

2307 1921 2681 1980 recordatione
2708 1922 2782 1979 uti
2808 1938 3031 1983 necesse
3059 1933 3177 1993 est;
3208 1924 3303 1980 sed
3334 1939 3430 1996 per
3452 1925 3601 1981 illam
3625 1925 3874 1998 cogitatio-

2309 2028 2457 2083 nem,
2482 2031 2585 2088 qua
2616 2015 2872 2089 intelligis
2896 2032 3003 2073 non
3030 2016 3148 2074 loco
3173 2032 3294 2075 esse
3318 2033 3416 2074 nos
3435 2019 3619 2074 simul.

2378 2107 2432 2162 2.
2476 2108 2743 2180 Epistolas
2788 2120 2907 2167 tuas
2944 2125 3067 2166 cum
3097 2110 3527 2178 considerarem,
3572 2112 3763 2183 quibus
3787 2124 3878 2167 nos

2307 2196 2527 2253 dubium
2553 2199 2644 2256 tibi
2664 2202 2922 2271 quzerenti
2940 2216 3129 2273 magna
3150 2201 3425 2273 respondi,
3452 2201 3794 2260 vehementer
3807 2217 3880 2259 me

2306 2290 2395 2347 illa
2424 2292 2646 2361 terruit,
2678 2309 2781 2365 qua
2819 2295 3148 2364 percontaris
3176 2293 3446 2367 quomodo
3470 2296 3561 2350 iiat
3591 2304 3652 2351 ut
3690 2294 3831 2350 nobis
3854 2308 3879 2347 a

2306 2385 2672 2455 superioribus
2696 2385 3047 2457 potestatibus
3070 2388 3151 2444 vel
3180 2403 3208 2441 a
3230 2387 3588 2455 darmonibus,
3621 2398 3677 2444 et
3698 2387 3879 2459 cogita-

2307 2480 2480 2538 tiones
2507 2483 2751 2554 quaadam
2778 2484 3082 2540 inserantur
3100 2492 3157 2539 et
3180 2485 3408 2539 somnia.
3430 2482 3622 2555 Magna
3644 2483 3783 2540 enim
3804 2495 3880 2537 res

2305 2584 2387 2631 est
2406 2618 2421 2643 ,
2468 2577 2555 2632 cui
2586 2586 2639 2632 tu
2670 2592 2882 2651 quoque
2910 2593 3009 2650 pro
3038 2587 3123 2633 tua
3156 2576 3438 2650 prudentia
3465 2578 3727 2651 perspicis
3745 2620 3761 2645 ,
3789 2589 3883 2631 non

2305 2669 2527 2738 epistola
2550 2712 2564 2735 ,
2599 2670 2715 2737 Tsed
2758 2680 2851 2727 aut
2893 2671 3145 2742 praesenti
3174 2670 3561 2737 collocutione,
3607 2677 3702 2726 aut
3724 2668 3883 2739 aliquo

2304 2759 2483 2815 libello
2522 2761 2951 2832 respondendum
2981 2774 3121 2819 esse.
3166 2761 3409 2818 Tentabo
3435 2771 3652 2832 tamen,
3700 2759 3887 2818 callens

2304 2852 2573 2923 ingenium
2596 2862 2781 2923 tuum,
2806 2854 3050 2927 quaedam
3090 2855 3404 2927 quaestionis
3448 2854 3613 2926 hujus
3655 2853 3881 2911 lumisa‘

2304 2946 2707 3016 prsescminare,
2737 2956 2795 3003 ut
2818 2956 2909 3003 aut
2931 2957 3126 3005 cmtera
3155 2955 3331 3004 tecum
3355 2949 3470 3021 ipse
3500 2958 3780 3015 contexas,
3806 2952 3887 3002 aut

2303 3049 2462 3106 posse
2489 3036 2556 3092 ad
2586 3038 2665 3094 rei
2687 3048 2847 3095 tantae
2870 3040 3197 3111 probabilem
3217 3038 3689 3113 investigationem
3716 3053 3889 3112 pet-ve.

2301 3128 2644 3186 niriminime
2668 3129 2941 3202 desperes.
3182 3176 3183 3179 η
3278 3160 3281 3165 λ

2373 3220 2426 3275 '5.
2470 3220 2719 3278 Arbitror
2761 3223 2906 3279 enim
2927 3238 3141 3280 omnem
3170 3235 3375 3281 motum
3401 3226 3562 3281 animi
3590 3225 3799 3299 aliquid
3820 3224 3887 3280 fa-

2300 3326 2423 3366 cere
2467 3313 2523 3367 in
2564 3328 2812 3385 corpore.
2862 3314 2919 3371 ld
2948 3326 3125 3373 autem
3169 3331 3339 3388 usque
3382 3316 3450 3373 ad
3499 3329 3722 3377 nostros
3748 3318 3890 3376 exire

2300 3417 2511 3470 sensus,
2544 3414 2653 3460 tam
2678 3406 2918 3474 hebetes,
2950 3417 3165 3480 tamque
3190 3408 3393 3474 tardos,
3421 3425 3543 3465 cum
3564 3423 3701 3468 sunt
3729 3411 3887 3482 majo-

2301 3510 2390 3551 res
2427 3498 2589 3553 animi
2632 3509 2845 3566 motus;
2879 3500 3026 3556 velut
3064 3515 3185 3557 cum
3217 3501 3521 3572 irascimur,
3551 3513 3654 3560 aut
3677 3505 3885 3569 tristes.

2299 3597 2390 3642 aut
2435 3589 2729 3659 gaudentes
2774 3606 2978 3648 sumus.
3023 3592 3103 3647 Ex
3127 3608 3234 3663 quo
3264 3593 3388 3649 licet
3412 3594 3689 3664 conjicere
3716 3639 3732 3663 ,
3775 3610 3888 3651 cum

2298 3682 2457 3735 etiam
2510 3683 2807 3753 cogitamus
2848 3683 3081 3754 aliquid,
3126 3698 3303 3755 neque
3344 3685 3396 3740 id
3435 3677 3683 3744 nobisin
3715 3696 3889 3743 nostro

2296 3788 2523 3843 corpore
2550 3784 2806 3846 apparet,
2848 3790 3111 3847 apparere
3137 3786 3315 3833 tamen
3343 3792 3500 3849 posse
3528 3782 3702 3836 aeriis
3725 3782 3887 3836 aethe-

2298 3866 2468 3921 reisve
2485 3868 2845 3923 animantibus
2861 3867 2957 3942 (b),
2980 3883 3208 3939 quorum
3224 3880 3279 3926 et
3292 3885 3484 3927 sensus
3502 3873 3826 3941 acerrimus,
3842 3878 3892 3926 et

2297 3960 2350 4014 in
2401 3959 2555 4029 cujus
2595 3961 2991 4031 comparatione
3018 3972 3200 4018 noster
3236 3979 3305 4019 ne
3332 3977 3521 4019 sensus
3545 3965 3775 4036 quidem
3803 3978 3893 4036 pu-

2296 4054 2487 4110 tandus
2518 4064 2620 4111 est.
2656 4055 2818 4126 Igitur
2845 4070 2909 4111 ea
2939 4070 3079 4127 qum,
3116 4064 3173 4110 ut
3212 4056 3283 4111 ita
3326 4056 3521 4124 dicam,
3555 4060 3787 4132 vestigia
3812 4056 3891 4114 sui

2294 4156 2472 4202 motus
2501 4147 2711 4202 animus
2739 4147 2851 4218 ligit
2877 4148 2929 4203 in
2955 4162 3200 4219 corpore,
3238 4159 3459 4219 possunt
3487 4160 3541 4206 et
3566 4168 3820 4221 ntanere,
3845 4158 3894 4206 et

2295 4240 2578 4312 quemdam
2605 4242 2757 4313 quasi
2789 4240 3023 4298 habitum
3076 4241 3285 4307 facere;
3326 4257 3445 4313 qua:
3492 4244 3732 4302 latenter
3774 4260 3893 4301 cum

2298 4335 2494 4404 agitata
2526 4334 2721 4389 fuerint
2745 4345 2799 4389 et
2823 4344 3151 4390 contrectata
3174 4376 3189 4401 ,
3225 4336 3516 4392 secundum
3555 4341 3820 4409 agitantis
3847 4348 3898 4393 et

2293 4427 2679 4481 contrectantis
2708 4426 3056 4494 voluntatem,
3090 4428 3337 4499 ingerunt
3357 4429 3509 4485 ttubis
3535 4432 3895 4503 cogitationes

2293 4530 2347 4577 et
2396 4521 2636 4584 somnia;
2683 4528 2841 4591 atque
2872 4519 2924 4575 id
2954 4518 3012 4575 fit
3051 4522 3185 4576 mira
3222 4522 3490 4579 facilitate.
3522 4521 3577 4579 Si
3610 4527 3770 4581 enim
3802 4540 3897 4580 no-

2293 4622 2527 4668 strorum
2587 4628 2869 4683 corporum
2942 4621 3274 4669 terrenarum
3338 4624 3395 4671 et
3454 4616 3895 4674 tardissimorum

2292 4706 2736 4774 exercitationes,
2787 4706 3005 4777 agendis
3048 4709 3260 4779 organis
3302 4708 3553 4775 musicis,
3593 4724 3701 4767 seu
3730 4712 3791 4767 in
3815 4710 3899 4765 fu-

2291 4801 2544 4855 nambulo
2569 4842 2583 4867 ,
2626 4801 2942 4873 exterisque
2980 4800 3345 4872 hujuscemodi
3376 4805 3701 4874 Spectaculis
3733 4806 3897 4860 innu-

2290 4894 2679 4963 merabilibus,
2732 4894 2799 4950 ad
2859 4895 3099 4967 quasdam
3169 4895 3501 4952 incredibilia
3571 4900 3901 4968 pervenisse

2290 4988 2631 5043 manifestum
2660 4996 2780 5055 est;
2825 5002 3156 5059 nequaquam
3184 5000 3265 5045 est
3293 4989 3612 5056 absurdum,
3675 5006 3781 5048 eos
3808 4990 3896 5063 qui

2287 5080 2432 5136 aerio
2454 5079 2534 5135 vel
2555 5077 2790 5134 tetltereo
2810 5093 3035 5150 corpore
3060 5079 3259 5152 aliquid
3283 5081 3336 5136 in
3357 5082 3678 5152 corporibus
3699 5092 3894 5155 agunt,

2286 5189 2405 5243 qua:
2432 5172 2661 5228 naturali
2709 5171 2897 5227 ordine
2929 5182 3234 5243 penetrant,
3266 5172 3422 5243 longe
3449 5174 3656 5245 majore
3709 5177 3793 5230 uti
3822 5176 3903 5229 fac

2286 5267 2486 5322 cilitate
2513 5266 2578 5322 ad
2608 5265 2931 5322 movendum
2956 5266 3210 5337 quidquid
3235 5266 3435 5334 volunt,
3464 5282 3569 5323 non
3591 5268 3902 5325 sentienti-

2289 5361 2390 5415 bus
2415 5359 2569 5415 nobis
2592 5403 2607 5427 ,
2640 5370 2694 5416 et
2723 5370 2897 5416 tamen
2920 5359 3045 5415 inde
3066 5360 3265 5432 aliquid
3294 5360 3752 5432 perpetientibus.
3799 5361 3881 5417 Ne

2350 5541 2367 5571 ι
2392 5545 2523 5603 Lov.,
2546 5536 2731 5588 limina.
2754 5544 2812 5587 At
2827 5544 3008 5603 atss.et
3027 5540 3326 5603 antiquiores
3347 5539 3480 5599 Edd.,

2349 5603 2365 5621 '
2382 5602 2527 5665 Epist.
2554 5606 2610 5649 ιχ
2651 5609 2702 5649 et
2723 5604 2761 5647 x
2785 5599 2845 5667 ad
2867 5599 3407 5667 Nebridium'mstigatte
3422 5610 3534 5652 sunt
3546 5602 3603 5651 ad
3613 5616 3688 5667 _a.
3718 5600 3798 5652 bl.
3815 5602 3907 5667 δε.

2282 5665 2361 5714 cb.
2416 5661 2431 5712 ζ
2554 5675 2636 5726 gv.
2652 5675 2702 5710 n.
2724 5674 2768 5735 ι·ἶ
2784 5663 2859 5711 sb.
2875 5661 3043 5713 duost.
3068 5663 3189 5714 duos
3204 5661 3314 5713 [εἰ
3330 5663 3390 5712 ad
3412 5672 3515 5713 Am.
3537 5662 3652 5713 Bad.
3682 5661 3909 5739 Erin

2312 5678 2416 5800 ,ὦ
2433 5735 2476 5800 Α
2496 5738 2566 5800 ias
2585 5725 2850 5800 impii-una
2873 5738 2885 5773 :
2912 5738 3022 5789 quae
3043 5734 3209 5776 autem
3229 5725 3261 5775 9
3283 5733 3415 5786 erat,
3445 5739 3572 5777 nunc
3590 5724 3681 5776 40.
3710 5735 3913 5793 scripta

2281 5789 2409 5843 circa
2430 5789 2563 5838 idem
2584 5794 2796 5847 tempus.
3826 5789 3843 5793 -

2345 5850 2420 5912 (ὁ)
2442 5849 2763 5902 cauponibus.
2781 5846 2897 5901 vide
2920 5847 3006 5899 lib.
3034 5850 3056 5901 t
3082 5856 3208 5902 cont.
3234 5848 3482 5905 Academ.
3501 5862 3546 5903 c.
3568 5848 3624 5901 7.
3650 5861 3717 5902 n.
3746 5849 3843 5904 υ.

3982 547 3987 733 l

4001 2512 4003 2615 κ

4005 2986 4007 3135 ι
