4054 6396
253 349 314 404 73
389 363 397 371 ·
1413 339 1807 401 EPISTULARI

1928 338 2202 400 σωθείς
2241 342 2280 394 l.
3416 346 3488 406 ‘M
3537 399 3540 402 .

249 478 342 535 que
381 461 512 518 enim
551 460 711 517 etiam
737 456 999 529 quomodo
1034 456 1175 515 fellis
1220 456 1540 513 abundantia
1584 472 1684 514 nos
1727 455 1793 511 ad

250 555 371 611 iram
393 550 704 608 crebriorem
719 559 871 623 cogat
892 550 1180 617 sentimus;
1208 559 1262 605 et
1288 558 1466 605 tamen
1492 549 1653 620 cogit,
1674 564 1797 604 cum

248 644 351 702 haec
366 645 488 715 ipsa,
511 658 665 715 quam
689 642 817 711 dixi,
839 641 1164 699 abundantia
1192 641 1329 699 facta
1350 643 1419 699 sit
1448 641 1796 699 irascentibus

243 736 397 794 nobis.
970 743 977 748 ’

301 831 350 885 ι.
392 827 489 886 Sed
517 828 618 885 hoc
646 836 825 884 tamen
855 828 901 885 si
931 844 1039 894 non
1066 830 1149 885 vis
1177 829 1348 885 simile
1374 843 1404 883 a
1426 828 1579 884 nobis
1601 834 1797 899 preter-

245 931 406 980 euuter
446 921 721 993 accipere,
763 936 915 978 versa
958 920 1010 977 id
1060 922 1379 993 cogitatione
1407 930 1660 993 quantum
1705 934 1799 989 po-

247 1025 335 1072 tes.
375 1012 489 1069 Nam
524 1012 571 1067 si
608 1011 788 1067 animo
824 1013 1023 1068 existat
1063 1012 1277 1068 assidue
1314 1013 1490 1083 aliqua
1515 1010 1800 1067 difficultas

245 1105 408 1177 agendi
432 1112 587 1174 atque
617 1103 873 1176 implendi
908 1104 1053 1176 quod
1079 1106 1223 1174 cupit
1248 1147 1263 1172 ,
1292 1105 1504 1161 assidue
1530 1104 1797 1160 irascitur.

242 1196 312 1252 lra
337 1204 409 1251 est
430 1204 622 1260 autem,
647 1204 903 1266 quantum
949 1211 1069 1251 mea
1111 1194 1215 1253 fert
1254 1196 1436 1266 opinio
1459 1239 1475 1263 ,
1524 1195 1800 1251 turbulen~

241 1298 314 1343 tus
355 1288 604 1359 appetitus
650 1287 927 1344 auferendi
962 1304 1025 1344 ea
1066 1303 1183 1359 quae
1225 1288 1527 1345 facilitatem
1576 1287 1802 1343 actionis

241 1380 523 1453 impediunt.
572 1381 755 1453 Itaque
797 1382 1112 1453 plerumque
1163 1397 1271 1436 non
1333 1382 1640 1438 hominibus
1685 1390 1802 1435 tan-

238 1482 353 1537 tum,
392 1472 482 1529 sed
510 1471 716 1528 calamo
750 1472 1031 1529 irascimur
1085 1473 1140 1528 in
1195 1472 1480 1529 scribendo
1503 1514 1520 1541 ,
1574 1488 1802 1543 eumque

237 1563 510 1621 collidimus
577 1574 734 1637 atque
789 1565 1124 1637 frangimus;
1198 1574 1277 1622 et.
1306 1566 1571 1621 aleatores
1628 1575 1801 1621 tesse-

234 1655 333 1721 ris,
382 1665 435 1711 et
486 1655 715 1726 pictores
761 1656 1044 1727 penicillo,
1097 1667 1153 1712 et
1202 1657 1394 1728 cuique
1449 1658 1802 1713 instrumento

236 1748 463 1819 quilibet,
527 1765 592 1806 ex
647 1765 754 1821 quo
810 1749 1177 1807 difficultatem
1220 1766 1281 1807 se
1336 1752 1442 1821 pati
1490 1751 1799 1806 arbitratur.

238 1840 335 1897 Hac
372 1850 543 1898 autem
588 1841 900 1898 assiduitate
944 1841 1209 1898 irascendi
1249 1842 1318 1897 fel
1361 1856 1603 1898 crescere
1640 1843 1802 1897 etiam

234 1933 407 1989 medici
424 1933 708 1990 affirmant.
736 1932 1028 1991 Cremento
1053 1943 1230 1989 autem
1260 1934 1400 1990 fellis
1422 1949 1608 1989 rursus
1637 1943 1691 1989 et
1719 1934 1802 1990 fa-

232 2025 323 2081 cile
347 2041 406 2083 ac
432 2040 597 2098 prope
619 2026 778 2082 nullis
807 2026 985 2083 causis
1019 2025 1372 2083 existentibus
1396 2025 1692 2082 irascimur.
1726 2026 1802 2081 lta

232 2119 362 2190 quod
384 2135 477 2177 suo
502 2131 652 2177 motu
678 2120 892 2176 animus
914 2118 1040 2176 fecit
1068 2119 1122 2174 in
1144 2134 1391 2191 corpore,
1423 2118 1491 2174 ad
1520 2134 1644 2176 eum
1682 2134 1800 2176 rur-

231 2225 311 2267 sus
333 2211 775 2269 commovendum
803 2211 1019 2283 valebit.

291 2304 339 2359 5.
366 2303 590 2360 Possunt
613 2304 871 2359 latissime
897 2303 997 2358 ista
1028 2303 1243 2358 tractari
1270 2344 1284 2367 ,
1327 2311 1379 2357 et
1407 2303 1590 2358 multis
1619 2318 1801 2358 rerum

233 2395 527 2453 testimoniis
562 2394 633 2451 ad
667 2395 954 2451 certiorem
980 2395 1383 2465 plenioremque
1412 2393 1629 2465 perduci
1661 2396 1801 2449 noti-

232 2487 362 2543 tiam.
382 2487 486 2543 Sed
507 2488 636 2543 huic
654 2488 893 2558 epistolte
916 2486 1143 2560 adjunge
1166 2487 1311 2543 illam
1337 2473 1495 2557 quam
1523 2487 1616 2543 tibi
1638 2502 1806 2557 nuper

234 2578 294 2637 de
319 2580 632 2652 imaginibus
657 2579 801 2635 etde
828 2580 1085 2636 memoria
1114 2579 1258 2645 misi,
1285 2588 1339 2635 et
1363 2594 1479 2634 eam
1501 2578 1805 2649 diligentius

236 2680 480 2741 pertracta
510 2688 525 2727 :
553 2687 682 2727 nam
709 2671 885 2726 minus
910 2670 1064 2742 plene
1087 2686 1117 2725 a
1143 2678 1195 2727 te
1215 2670 1477 2726 intellecta
1498 2711 1512 2735 ,
1546 2670 1806 2740 rescripto

237 2770 318 2817 tuo
342 2761 463 2819 mihi
488 2763 758 2834 apparuit.
808 2761 942 2819 Huic
965 2778 1093 2833 ergo
1130 2778 1290 2833 quam
1320 2778 1462 2818 nunc
1487 2762 1649 2833 legis,
1683 2777 1805 2818 cum

232 2853 512 2927 adiunxeris
537 2857 611 2913 de
656 2857 744 2912 illa
784 2856 925 2927 quod
964 2855 1163 2913 dictum
1189 2856 1261 2912 ibi
1305 2864 1419 2921 est,
1468 2855 1536 2911 de
1577 2856 1807 2913 naturali

232 2948 432 3020 quadam
460 2948 721 3009 facultate
746 2947 911 3004 animi
945 2947 1233 3004 minuentis
1258 2957 1312 3004 et
1339 2948 1579 3019 augentis
1603 2948 1806 3019 cogita-

232 3042 358 3099 tione
374 3043 656 3115 quodlibet
677 3058 693 3109 ;
716 3041 940 3101 fortasse
963 3043 1123 3099 etiam
1146 3042 1328 3097 forma:
1349 3055 1656 3113 corporum,
1675 3057 1808 3113 quas

236 3151 481 3210 nunquam
511 3137 785 3203 vidimus,
833 3136 919 3193 vel
956 3134 1239 3209 cogitando
1273 3134 1413 3207 apud
1454 3150 1553 3192 nos
1594 3136 1680 3192 vel
1714 3149 1807 3191 so-

234 3232 462 3290 mniando
490 3233 797 3304 figurentur
825 3231 867 3285 ⁸.

736 3383 1065 3442 EPISTOLA
1105 3385 1155 3441 x
1185 3385 1285 3459 (α).

236 3516 307 3577 De
327 3522 561 3578 convictu
590 3537 706 3576 cum
736 3520 983 3577 Nebridio
1007 3530 1053 3575 et
1076 3522 1349 3577 secessione
1375 3538 1408 3576 α
1432 3524 1804 3579 mundanorum

798 3630 964 3669 rerum
986 3616 1220 3670 tumultu.

712 3784 955 3828 NEBRIDIO
983 3787 1322 3830 AUGUSTINUS.

292 3901 343 3961 l.
369 3906 655 3981 Nunquam
684 3923 836 3980 aeque
857 3908 1145 3981 quidquam
1173 3920 1380 3966 tuarum
1401 3910 1805 3983 inquisitionum

235 3997 385 4053 mcin
419 3997 709 4071 cogitando
735 3999 903 4054 tenuit
930 4009 1274 4069 aestuantem,
1320 4012 1478 4074 atque
1512 4003 1642 4060 illud
1666 4006 1810 4076 quod

235 4089 609 4146 recentissimis
647 4088 839 4146 litteris
876 4091 980 4146 tuis
1009 4092 1149 4163 legi,
1200 4092 1291 4147 ubi
1334 4108 1433 4149 nos
1469 4096 1644 4165 arguis
1669 4096 1811 4167 quod

235 4180 502 4239 consulere
532 4182 864 4254 negligamtts
890 4190 948 4238 ut
974 4198 1077 4238 una
1104 4184 1257 4239 nobis
1282 4184 1461 4241 vivere
1486 4187 1660 4242 liceat.
1702 4187 1811 4243 Ma-

229 4285 377 4339 gnum
394 4274 628 4340 crimen,
653 4283 729 4341 et,
747 4273 847 4329 nisi
870 4274 1058 4330 falsum
1088 4284 1251 4343 esset,
1283 4275 1806 4345 periculosissimum.

232 4359 327 4417 Sed
351 4378 470 4421 cum
514 4364 806 4437 probabilis
836 4366 973 4421 ratio
1011 4366 1382 4424 demonstrare
1406 4368 1680 4438 videatur,
1724 4372 1810 4428 hic

232 4466 324 4510 nos
347 4458 523 4527 potius
564 4472 721 4529 quam
747 4457 1087 4530 Carthagini,
1116 4459 1201 4515 vel
1230 4459 1390 4516 etiam
1416 4462 1558 4530 ruri,
1594 4478 1659 4519 ex
1682 4480 1809 4521 sen-

235 4550 386 4605 tentia
410 4566 579 4623 posse
603 4551 828 4622 degere,
857 4552 994 4624 ‘quid
1035 4562 1208 4610 tecum
1238 4570 1389 4627 agam
1414 4598 1429 4624 ,
1468 4558 1541 4612 mi
1568 4557 1805 4629 Nebridi,

232 4651 438 4708 prorsus
462 4643 703 4700 incertus
728 4660 867 4701 sum.
916 4644 1220 4703 Mittaturne
1245 4647 1311 4703 ad
1353 4656 1404 4705 te
1428 4653 1811 4709 accommodis-

230 4731 419 4790 simum
440 4736 539 4792 tibi
560 4735 893 4793 vehiculum?
918 4754 1041 4795 nam
1064 4740 1310 4797 basterna
1332 4742 1351 4771 ³
1374 4740 1589 4798 innoxie
1618 4753 1669 4799 te
1689 4746 1809 4800 vehi

231 4838 383 4896 posse
406 4838 593 4887 noster
607 4828 929 4889 Lucinianus
950 4843 1134 4890 auctor
1149 4844 1248 4891 est.
1274 4837 1343 4891 At
1366 4846 1591 4893 matrem
1613 4838 1807 4911 cogito,

234 4925 429 4991 atquae
453 4920 750 4979 absentiam
780 4926 896 4981 sani
937 4940 1044 4983 non
1082 4924 1318 4994 ferebat,
1362 4927 1613 4986 imbecilli
1646 4932 1813 4991 multo

214 5040 262 5072 fl;

227 5101 237 5113 '
285 5106 300 5125 °
329 5106 416 5175 llic
450 5107 665 5175 Epistula
699 5112 986 5175 terminatur
1018 5112 1144 5175 apud
1186 5119 1293 5163 Lov.
1331 5120 1383 5164 et
1404 5122 1607 5166 veteres
1626 5122 1734 5166 Mss.
1760 5123 1818 5169 At

233 5165 602 5249 sese-ig:-
619 5178 671 5249 εξ
684 5165 1340 5249 Fs:.e419.cenzlimn¢ur.
1373 5165 1578 5249 om
1616 5165 1817 5249 uade:

229 5231 605 5304 Menenio,
620 5231 959 5304 recentissimis
969 5231 1275 5300 subiungitur
1288 5231 1594 5290 continenter
1604 5242 1666 5291 ab
1682 5231 1818 5293 hisce

231 5290 394 5356 verbis
415 5326 433 5353 ,
666 5300 818 5356 actus,
843 5304 938 5347 etc.

293 5354 400 5433 Lit)
413 5354 548 5433 ερρὲ
858 5359 985 5433 stin
1018 5362 1270 5433 veteribus
1289 5362 1427 5414 libris
1454 5365 1700 5433 sa'ibitur,
1739 5364 1821 5417 ba-

565 5432 661 5492 νᾳ
702 5419 831 5492 apud
873 5421 1102 5492 Isidorum
1127 5424 1175 5473 in
1211 5424 1360 5476 Gloss.
1386 5419 1824 5492 exponitur,'te;cta

500 5489 517 5529 :
537 5481 670 5531 unde
692 5476 980 5553 quibusdam
1013 5485 1355 5553 videturheme
1376 5476 1820 5553 gestatoria

610 5536 1061 5621 eaeam
1101 5536 1345 5621 minus
1657 5536 1687 5614 ξ
1700 5536 1826 5621 eis

421 5597 944 5679 quesnwm
975 5597 1319 5679 dprsoﬁhnibhi
1338 5597 1825 5679 εἴ)ῐὲἰᾶἓῖ

700 5665 785 5717 ω)-
808 5666 888 5741 99v
913 5681 971 5741 9-
996 5668 1081 5732 '3;
1118 5661 1467 5741 ιξυὶίιξρεηξοάίί
1487 5661 1608 5741 erat
1634 5661 1826 5728 ίίιῖἓὲ

239 5734 338 5787 qua
355 5731 817 5839 (ﬁgoriusft'uron.
842 5732 890 5780 in
913 5731 1074 5781 hanc.
1099 5731 1214 5783 Hist.
1243 5736 1325 5784 lib.
1350 5736 1399 5795 3,
1427 5750 1474 5784 n.
1500 5736 1578 5787 26.

291 5784 370 5839 (al
469 5800 521 5839 as
542 5790 661 5839 “6:
680 5804 790 5839 quae
809 5800 973 5839 autem
998 5793 1057 5839 10
1080 5804 1182 5839 erat
1201 5834 1212 5839 -
1241 5811 1366 5839 mmo.
1399 5799 1474 5839 7t,
1502 5807 1578 5839 ςρι·

291 5784 370 5863 ςρ
542 5790 661 5841 1162
680 5804 790 5856 quae
809 5800 973 5842 autem
998 5793 1057 5844 10
1080 5804 1182 5846 erat
1200 5834 1213 5857 ,
1241 5784 1369 5848 nunc
1386 5784 1475 5847 '7l.
1502 5784 1678 5863 Eii-apo
1703 5802 1827 5850 circa

548 5935 1081 6025 Smcr._Aususr.
1116 5942 1199 6006 ll.

1902 456 2076 513 minus
2115 472 2234 514 esse
2264 457 2508 514 laturam.
2561 457 2846 515 Veniamne
2885 458 2997 529 ipse
3034 458 3101 515 ad
3134 461 3261 517 vos?
3299 463 3367 518 At
3395 463 3484 520 ulc

1901 558 2023 603 sunt
2050 549 2141 621 qui
2170 564 2267 606 nec
2295 549 2479 605 venire
2506 564 2712 606 mecum
2742 560 2971 622 queant,
2999 559 3054 606 et
3078 566 3211 623 quos
3235 551 3486 611 deserere

1900 638 2050 696 nefas
2084 651 2282 712 putem.
2324 641 2405 697 Tu
2431 642 2572 698 enim
2601 652 2753 713 potes
2792 650 2847 698 et
2883 641 3022 713 apud
3066 653 3208 699 tuam
3243 654 3481 702 mentem

1901 733 2134 788 suaviter
2158 732 2429 799 habitare;
2470 734 2505 788 ii
2532 749 2659 789 vero
2688 743 2744 788 ut
2780 732 2920 789 idem
2949 735 3188 804 possint,
3211 737 3488 806 satagitur.

1905 823 2108 880 Eamne
2131 824 2321 881 crebro
2352 835 2407 881 et
2425 825 2639 880 redeam
2665 866 2680 891 ,
2710 834 2765 880 et
2789 840 2930 880 nunc
2954 812 3126 882 tecum
3150 868 3166 894 ,
3195 843 3335 883 nunc
3365 843 3487 884 cum

1903 914 2036 987 ipsis
2059 916 2202 972 sim?
2242 917 2313 972 At
2336 916 2437 972 hoc
2458 932 2631 987 neque
2656 917 2837 981 simul,
2870 932 3040 989 neque
3072 918 3089 951 ⁸
3122 934 3187 974 ex
3225 920 3493 976 sententia

1905 1010 2087 1067 vivere
2111 1020 2213 1068 est.
2238 1010 2354 1067 Non
2376 1013 2517 1069 enim
2535 1012 2711 1068 brevis
2727 1022 2811 1068 est
2835 1012 2942 1081 via,
2972 1013 3068 1069 sed
3091 1022 3234 1070 tanta
3251 1016 3492 1084 omnino,

1904 1101 2057 1172 cujus
2087 1102 2402 1174 peragenda:
2428 1104 2697 1174 negotium
2722 1119 2864 1174 saepe
2885 1105 3178 1175 suscipere,
3202 1121 3307 1163 non
3337 1108 3406 1161 sit
3427 1107 3494 1162 ad

1905 1203 2143 1264 optatum
2171 1195 2340 1250 otium
2364 1194 2689 1266 pervenisse.
2721 1195 2834 1251 Huc
2855 1195 3058 1251 accedit
3082 1197 3357 1253 intirmitas
3377 1213 3494 1254 cor-

1905 1287 2071 1356 poris,
2099 1302 2202 1357 qua
2232 1302 2332 1358 ego
2359 1302 2593 1358 quoque,
2622 1298 2681 1342 ut
2701 1287 2860 1353 nosti,
2890 1303 2995 1343 non
3014 1288 3166 1343 valeo
3192 1291 3332 1359 quod
3351 1290 3493 1357 volo,
3518 1286 3525 1309 ³

1906 1378 2007 1433 nisi
2035 1379 2252 1433 omnino
2280 1378 2519 1434 desinam
2546 1379 2833 1449 quidquam
2856 1380 2972 1449 plus
2994 1380 3130 1435 velle
3145 1396 3303 1450 quam
3321 1381 3493 1436 valeo.

1985 1469 2041 1524 2.
2075 1470 2441 1528 Profectiones
2461 1486 2589 1541 ergo
2613 1487 2745 1542 quas
2773 1472 2980 1543 quietas
3009 1480 3066 1528 et
3090 1471 3269 1529 faciles
3301 1473 3498 1530 habere

1906 1578 2143 1634 nequeas
2162 1607 2176 1631 ,
2219 1580 2316 1635 per
2345 1572 2510 1619 totam
2534 1564 2768 1634 cogitare
2796 1564 2956 1619 vitam
2980 1605 2998 1633 ,
3030 1580 3135 1620 non
3161 1576 3244 1622 est
3270 1566 3499 1623 hominis

1906 1654 1974 1711 de
1995 1656 2083 1712 illa
2114 1671 2217 1712 una
2249 1657 2433 1713 ultima
2457 1700 2472 1723 ,
2505 1673 2624 1727 qua:
2653 1672 2798 1714 mors
2826 1670 3071 1725 vocatur,
3095 1661 3405 1731 cogitantis;
3434 1661 3501 1717 de

1906 1764 2011 1819 qua
2049 1750 2131 1804 vel
2178 1750 2290 1804 sola
2329 1751 2575 1822 intelligis
2618 1767 2746 1807 vere
2782 1767 2901 1808 esse
2946 1752 3304 1824 cogitandum.
3348 1754 3502 1810 Dedit

1906 1839 2123 1910 quidem
2158 1841 2294 1896 Deus
2337 1842 2519 1911 paucis
2547 1843 2899 1913 quibusdam,
2946 1860 3080 1915 quos
3116 1845 3501 1915 gubernatores

1907 1933 2256 1989 ecclesiarum
2284 1950 2403 1991 esse
2428 1935 2616 2002 voluit,
2646 1945 2707 1991 ut
2729 1948 2784 1992 et
2807 1937 2951 1991 illam
2983 1953 3089 1993 non
3115 1939 3285 1994 Solum
3315 1955 3501 2012 exspe.

1907 2033 2113 2081 ctareut
2137 2026 2376 2093 fortiter,
2422 2027 2516 2083 sed
2543 2026 2794 2084 alacriter
2819 2029 2979 2084 etiam
3008 2029 3379 2086 desiderarent
3401 2074 3415 2097 ,
3446 2041 3503 2087 et

1908 2132 2093 2173 earum
2128 2119 2494 2175 obeundarum
2524 2121 2735 2176 labores
2764 2122 2879 2176 sine
2910 2121 3016 2175 ullo
3041 2137 3237 2192 angore
3261 2126 3501 2194 suscipe-

1908 2218 2030 2265 rent
2058 2228 2070 2263 :
2101 2210 2196 2266 sed
2221 2227 2394 2282 neque
2414 2213 2479 2267 iis
2498 2213 2586 2283 qui
2604 2212 2669 2267 ad
2693 2212 2994 2283 hujusmodi
3013 2213 3503 2271 administrationes

1908 2303 2219 2375 temporalis
2247 2304 2467 2359 honoris
2507 2320 2691 2376 amore
2716 2316 3031 2375 raptantur,
3075 2321 3249 2376 neque
3290 2323 3504 2364 rursum

1912 2395 1977 2450 iis
1995 2435 2013 2462 ,
2037 2396 2126 2466 qui
2155 2411 2275 2451 cum
2319 2396 2425 2451 sint
2448 2397 2656 2467 privati,
2689 2398 3016 2464 negotiosam
3040 2397 3203 2451 vitam
3227 2408 3501 2470 appetunt,

1910 2489 2016 2544 hoc
2047 2498 2249 2543 tantum
2272 2488 2469 2544 bonum
2485 2489 2705 2544 concedi
2729 2489 2978 2553 arbitror,
3008 2499 3063 2543 ut
3090 2488 3231 2545 inter
3253 2491 3505 2560 strepitus

1912 2582 2284 2653 inquietosque
2309 2592 2605 2639 conventus
2644 2592 2804 2653 atque
2832 2581 3104 2638 discursus
3127 2623 3143 2648 ,
3174 2598 3295 2638 cum
3329 2591 3507 2638 morte

1913 2678 2363 2743 familiaritatem,
2410 2694 2569 2748 quam
2611 2678 2932 2747 quaerimus,
2984 2676 3217 2739 faciant;
3266 2675 3508 2734 deiiicari

1914 2771 2058 2826 enim
2082 2770 2325 2842 utrisque
2351 2770 2403 2824 in
2432 2770 2542 2825 otio
2568 2769 2782 2824 licebat.
2830 2770 2937 2823 Aut
2974 2770 3018 2823 si
3052 2769 3156 2824 hoc
3180 2767 3371 2824 falsum
3400 2775 3507 2839 est,

1916 2880 2017 2938 ego
2041 2880 2159 2922 sum
2181 2866 2439 2930 omnium,
2474 2880 2542 2920 ne
2564 2863 2737 2918 dicam
2765 2863 3111 2918 stultissimus
3131 2903 3147 2929 ,
3180 2871 3327 2918 certe
3353 2863 3504 2933 igna-

1915 2957 2167 3014 vissimus
2184 3000 2197 3024 ,
2236 2958 2323 3014 cui
2354 2957 2453 3013 nisi
2479 2956 2754 3027 proveniat
2778 2955 3021 3027 quaedam
3043 2970 3228 3011 secura
3254 2957 3505 3027 cessatio,

1916 3052 2184 3108 sincerum
2215 3051 2344 3107 illud
2374 3052 2569 3105 bonmn
2597 3060 2812 3122 gustare
2854 3060 3013 3121 atque
3042 3065 3224 3106 amare
3255 3066 3361 3105 non
3386 3065 3510 3120 pos~

1914 3161 2057 3201 sum.
2099 3146 2285 3215 Magna
2314 3145 2619 3201 secessione
2644 3160 2676 3200 a
2707 3144 2931 3199 tumultu
2968 3160 3149 3201 rerum
3190 3143 3505 3212 labentium,

1914 3236 2045 3292 mihi
2070 3235 2234 3293 crede
2254 3278 2270 3303 ,
2302 3251 2436 3307 opus
2464 3245 2548 3291 est
2570 3278 2586 3303 ,
2615 3245 2673 3291 ut
2710 3251 2816 3291 non
2856 3235 3082 3302 duritia,
3115 3251 3221 3291 non
3263 3237 3503 3303 audacia,

1917 3344 2028 3383 non
2053 3326 2342 3398 cupiditate
2385 3328 2557 3382 inanis
2599 3327 2781 3397 gloriae
2801 3368 2817 3393 ,
2866 3342 2971 3382 non
3000 3329 3365 3397 superstitiosa
3392 3344 3511 3384 cre-

1914 3420 2136 3476 dulitate
2170 3421 2258 3474 fiat
2284 3419 2335 3474 in
2364 3418 2580 3474 homine
2603 3459 2618 3483 ,
2673 3418 2802 3471 nihil
2844 3418 3052 3473 timere.
3100 3418 3235 3476 llinc
3267 3420 3409 3474 enim
3450 3419 3511 3475 fit

1917 3509 2051 3566 illud
2082 3510 2242 3565 etiam
2283 3507 2513 3565 solidum
2538 3506 2789 3579 gaudium
2812 3550 2829 3577 ,
2879 3508 3040 3564 nullis
3064 3510 3282 3565 omnino
3309 3509 3509 3567 laetitiis

1917 3601 2027 3658 ulla
2052 3616 2117 3657 ex
2146 3600 2407 3672 particula
2430 3598 2831 3656 conferendum.

1990 3697 2045 3754 5.
2069 3695 2220 3765 Quod
2242 3695 2287 3750 si
2307 3694 2361 3749 in
2380 3702 2624 3749 naturam
2648 3693 2934 3748 humanam
2956 3694 3076 3749 talis
3091 3695 3196 3750 vita
3216 3710 3321 3751 non
3346 3696 3505 3766 cadit,

1950 3805 2015 3845 ur
2038 3788 2321 3860 aliquando
2342 3790 2363 3819 ³
2388 3787 2567 3844 evenit
2594 3789 2693 3844 ista
2718 3789 3015 3844 securitas?
3042 3804 3139 3845 cur
3158 3798 3305 3845 tanto
3331 3793 3511 3850 evenit

1920 3880 2183 3948 crebrius,
2206 3889 2406 3951 quanto
2421 3881 2645 3953 quisque
2668 3880 2718 3935 in
2740 3881 2933 3937 utentis
2948 3882 3307 3953 penetralibus
3325 3884 3513 3940 adorat

1921 3972 2127 4029 Deum?
2165 3987 2260 4028 cur
2302 3973 2359 4028 in
2398 3981 2518 4028 actu
2569 3973 2729 4028 etiam
2774 3972 3011 4029 humano
3060 3975 3369 4045 plerumque
3408 3977 3509 4033 ista

1922 4064 2279 4135 tranquillitas
2306 4073 2503 4129 manet,
2539 4063 2581 4117 si
2604 4079 2670 4118 ex
2694 4064 2785 4117 illo
2812 4065 2972 4134 adyto
3000 4064 3065 4117 ad
3084 4065 3345 4134 agendum
3370 4068 3512 4136 quis-

1921 4172 2025 4227 que
2050 4156 2336 4226 procedat?
2355 4170 2451 4210 cur
2470 4154 2734 4209 interdum
2757 4164 2951 4210 etcum
2977 4156 3263 4225 loquimur,
3282 4167 3509 4214 mortem

1923 4263 2029 4303 non
2073 4246 2457 4313 formidamus,
2490 4260 2615 4300 cum
2638 4254 2815 4300 autem
2857 4262 2963 4300 non
3006 4246 3301 4317 loquimur,
3347 4249 3510 4305 etiam

1925 4340 2208 4411 cupimus?
2235 4338 2351 4394 Tibi
2381 4337 2502 4393 dico
2525 4379 2541 4405 ,
2573 4353 2681 4393 non
2720 4337 2862 4393 enim
2892 4338 2993 4393 hoc
3017 4338 3506 4410 cuilibetdicerem,

1926 4434 2043 4501 tibi,
2076 4433 2312 4503 inquam,
2334 4431 2476 4498 dico,
2502 4430 2653 4500 cujus
2674 4429 2863 4485 itinera
2885 4433 2938 4484 in
2961 4445 3188 4501 superna
3208 4431 3340 4487 bene
3363 4434 3505 4499 novi,

1925 4536 2076 4593 tune,
2102 4541 2223 4581 cum
2251 4534 2503 4594 expertus
2530 4538 2673 4593 saepe
2702 4524 2775 4577 sis
2803 4539 2960 4593 quam
2998 4525 3154 4579 dulce
3182 4525 3353 4593 vivat,
3386 4541 3508 4581 cum

1926 4620 2095 4677 amori
2125 4632 2385 4689 corporeo
2411 4616 2620 4671 animus
2661 4616 2886 4670 moritur
2906 4658 2920 4680 ,
2949 4617 3165 4685 negabis
3187 4618 3396 4673 tondent
3430 4630 3512 4674 to-

1926 4723 2035 4768 tam
2080 4710 2313 4785 hominis
2352 4709 2514 4765 vitam
2566 4722 2719 4778 posse
2758 4707 3074 4777 intrepidam
3120 4709 3266 4777 fieri,
3315 4718 3370 4764 ut
3406 4711 3509 4767 rite

1923 4806 2137 4877 sapiens
2170 4800 2514 4858 nominetur?
2552 4809 2645 4855 aut
2677 4799 2815 4855 hanc
2843 4799 3209 4865 affectionem,
3247 4817 3347 4872 qua
3373 4804 3510 4859 ratio

1925 4899 2113 4956 nititur
2135 4939 2150 4965 ,
2193 4896 2285 4952 tibi
2331 4894 2588 4951 accidisse
2629 4909 2859 4964 unquam
2882 4934 2895 4957 ,
2944 4892 3045 4948 nisi
3076 4909 3196 4949 cum
3227 4894 3278 4949 in
3309 4895 3511 4954 intimis

1866 5034 1867 5037 η
1925 4992 2033 5048 tuis
2063 4990 2274 5062 angoris
2300 4990 2321 5021 ³
2341 5031 2354 5054 ,
2386 5004 2627 5045 asserere
2664 4986 2923 5044 audebis?
2967 4986 3096 5056 Quae
3135 5003 3256 5044 cum
3288 4991 3359 5043 ita
3382 4990 3509 5057 sint,

1928 5094 2137 5143 restare
2166 5098 2327 5139 unum
2355 5080 2503 5138 vides
2527 5123 2542 5147 ,
2579 5090 2639 5137 ut
2669 5090 2724 5136 tu
2749 5096 2961 5151 quoque
2990 5080 3041 5134 in
3072 5095 3353 5137 commune
3381 5097 3512 5136 con-

1931 5178 2096 5251 sulas,
2127 5191 2232 5247 quo
2254 5174 2494 5230 vivamus
2514 5174 2688 5229 simul.
2715 5172 2851 5240 Quid
2873 5172 3015 5229 enim
3040 5188 3160 5229 cum
3182 5183 3350 5229 matre
3365 5188 3515 5242 agen-

1936 5269 2065 5325 dum
2094 5269 2202 5333 sit,
2251 5282 2409 5338 quam
2444 5276 2587 5322 certe
2629 5266 2792 5320 frater
2833 5264 3016 5320 Victor
3054 5281 3156 5319 non
3197 5263 3419 5327 deserit,
3461 5272 3518 5318 tu

1935 5360 2108 5415 multo
2135 5358 2326 5415 melius
2354 5358 2515 5413 calles
2540 5372 2698 5429 quam
2726 5372 2843 5427 ego.
2878 5357 2995 5412 Alia
3019 5356 3270 5422 scribere,
3293 5368 3360 5409 ne
3380 5362 3432 5410 te
3451 5354 3520 5410 ab

1938 5451 2040 5509 ista
2066 5450 2385 5524 cogitatione
2413 5458 2707 5506 avcrtercm
2728 5490 2741 5515 ,
2772 5448 2935 5505 nolui.
3416 5444 3492 5450 '

2002 5618 2019 5646 ⁸
2047 5620 2097 5664 In
2118 5618 2228 5665 Mss.
2252 5610 2491 5673 omittitur
2509 5610 2800 5673 coniunctio,
2822 5620 2988 5673 neque.

2001 5677 2023 5743 ξ
2047 5683 2097 5726 ιη
2120 5676 2255 5738 prius
2274 5673 2388 5743 add.
2408 5670 2491 5723 cui
2513 5670 2791 5743 aﬁtjuqndo.
2816 5670 3163 5743 Substituinnts
3176 5684 3282 5731 cur,
3308 5684 3373 5743 ex
3394 5677 3505 5743 ἕαδε.

2003 5738 2023 5770 ³
2048 5735 2235 5803 ttatov.
2262 5741 2435 5803 At_Er.,
2458 5747 2569 5803 cum
2586 5735 3052 5803 intimisongereris.
3076 5735 3181 5783 Bad.
3211 5740 3529 5803 Am._etcent-

1940 5802 2222 5851 meticensis
2244 5796 2371 5855 cod.,
2397 5808 2505 5845 cum
2526 5793 2705 5859 intimis
2718 5793 2813 5844 tuis
2831 5793 3007 5859 rigoris.
3033 5803 3082 5845 tn
3095 5799 3287 5847 ueteris
3302 5797 3407 5846 fere
3420 5801 3530 5845 Mss.

1941 5874 2053 5913 cum
2071 5859 2122 5914 in
2141 5866 2318 5918 intimiv
2334 5864 2426 5916 ῑυίς
2445 5855 2633 5919 ageris;
2658 5857 2782 5907 forte
2807 5855 2894 5919 pro
2916 5872 3099 5921 ageres.

2881 5940 3163 6023 (Troia)
