4054 6400
565 270 638 329 ιιι
1808 256 1865 311 5.
1907 249 2168 311 AUGUS'I

2273 292 2276 302 λ
2312 245 2613 304 EPISCOPI
3784 247 3849 308 ’18

1071 401 1395 461 EPISTOLA
1426 398 1497 457 ιιι
1520 404 1536 421 ε
1560 398 1658 472 (α).

571 525 676 582 Cur
712 522 927 581 honuni:
953 519 1200 590 susceptio
1224 516 1364 572 Filio
1393 514 1489 571 soli
1528 510 1761 567 tribuitur
1782 548 1799 577 ,
1836 522 1950 564 cum
1977 502 2160 559 divinae

1000 627 1230 687 persona:
1252 611 1352 666 sint
1372 602 1749 679 inseparabiles.

1058 734 1305 777 IMIDIO
1329 725 1670 773 AUGUSTINUS.

645 843 701 895 1.
725 838 861 894 Cum
900 852 989 893 me
1011 836 1358 892 vehementer
1391 830 1618 900 agitaret
1659 823 1904 896 quastio,
1934 836 1966 875 a
1991 829 2044 876 te
2064 818 2165 876 du-

576 931 704 987 dum
729 944 854 985 cum
882 928 1110 999 quadam
1146 927 1303 981 etiam
1343 919 1591 977 familiari
1631 914 2002 988 objurgatione
2038 925 2164 982 pro-

574 1023 770 1095 posita,
793 1035 1021 1091 quonam
1043 1026 1198 1089 pacto
1223 1031 1326 1071 una
1358 1014 1541 1068 vivere
1568 1022 1868 1081 possemus,
1888 1004 2038 1060 etde
2063 1002 2164 1057 hoc

575 1117 695 1172 solo
724 1114 1032 1172 statuissem
1056 1110 1352 1166 rescribere
1372 1107 1467 1162 tibi
1489 1150 1503 1175 ,
1531 1114 1587 1161 et
1618 1103 1871 1172 rescripta
1898 1098 2162 1170 ﬂagitare,

574 1225 748 1281 neque
772 1208 837 1263 ad
857 1206 999 1264 aliud
1018 1204 1236 1276 aliquid,
1260 1202 1402 1274 quod
1421 1201 1488 1257 ad
1511 1208 1693 1255 nostra
1714 1196 1889 1253 studia
1908 1194 2162 1265 pertinet,

574 1302 759 1359 stilum
784 1311 1049 1362 avertere,
1078 1306 1137 1351 ut
1161 1297 1301 1351 inter
1340 1308 1438 1349 nos
1469 1290 1609 1345 istud
1639 1290 1811 1361 ipsum
1840 1284 2165 1341 terminare-

578 1404 687 1465 tur,
716 1395 822 1450 cito
850 1409 933 1446 me
954 1405 1203 1445 securum
1236 1388 1359 1442 fecit
1383 1384 1618 1441 recentis
1645 1380 1888 1452 epistolae
1914 1386 2021 1432 tua:
2046 1378 2170 1432 bre—

575 1488 793 1543 vissima
816 1494 872 1540 et
888 1483 1166 1539 verissima
1192 1480 1328 1535 ratio
1355 1496 1369 1532 :
1392 1484 1676 1549 propterea
1695 1474 1900 1529 scilicet
1917 1470 2043 1525 hinc
2060 1485 2167 1525 non

574 1592 698 1633 esse
726 1574 1089 1647 cogitandum,
1120 1572 1243 1643 quia
1271 1570 1353 1626 vel
1374 1583 1476 1625 nos
1503 1582 1626 1624 cum
1650 1565 1980 1637 potuerimus
2000 1562 2068 1617 ad
2091 1570 2165 1629 te,

575 1669 661 1725 vel
679 1678 736 1724 tu
750 1683 872 1725 cum
889 1666 1125 1739 potueris
1139 1664 1206 1719 ad
1222 1678 1321 1719 nos
1334 1661 1638 1717 necessario
1654 1667 1909 1714 venturus
1920 1656 2013 1711 sis.
2032 1654 2169 1709 Hinc

577 1781 706 1837 ergo
729 1805 747 1833 ,
793 1772 852 1818 ut
888 1761 1036 1829 dixi,
1084 1773 1309 1815 securus
1345 1756 1566 1813 eﬂ’ectus
1610 1751 1943 1810 considerari
1983 1762 2169 1804 omnes

578 1857 831 1929 epistolas
855 1864 974 1910 tuas
993 1895 1009 1921 ,
1037 1862 1096 1909 ut
1121 1852 1357 1907 viderem
1383 1864 1609 1920 quarum
1634 1845 2046 1916 reSpohsionum
2071 1840 2169 1896 de-

579 1952 719 2008 bitor
739 1952 863 2007 sim.
890 1948 947 2003 In
976 1949 1169 2019 quibus
1186 1956 1293 2000 tam
1318 1945 1511 1998 multas
1537 1942 1860 2013 quzeStiones
1886 1936 2083 2007 reperi,
2115 1944 2172 1989 ut

578 2046 786 2101 etiamsi
826 2044 977 2099 facile
1012 2041 1230 2097 dissolvi
1276 2047 1528 2109 possent,
1568 2036 1685 2105 ipso
1714 2046 1906 2088 acervo
1924 2026 2171 2098 cujusvis

581 2141 851 2210 ingenium
894 2137 1165 2204 otiumque
1200 2140 1540 2201 superarent.
1591 2127 1723 2182 Tam
1760 2139 1889 2179 vero
1930 2120 2171 2177 difﬁciles

576 2244 724 2299 sunt,
755 2242 813 2287 ut
836 2231 935 2285 etsi
968 2246 1069 2284 una
1102 2243 1282 2281 earum
1313 2224 1442 2279 mihi
1469 2230 1614 2278 esset
1638 2218 1905 2288 imposita,
1938 2229 2044 2269 non
2069 2213 2170 2267 du-

582 2328 804 2380 bitarem
824 2338 912 2378 me
940 2321 1341 2375 onustissimum
1368 2314 1629 2371 confiteri.
1661 2311 1774 2367 Hoc
1794 2318 1969 2365 autem
1996 2321 2171 2377 prom-

582 2418 748 2473 mium
777 2417 843 2471 ad
870 2416 923 2471 id
948 2415 1107 2477 valet,
1140 2421 1195 2467 ut
1216 2410 1475 2479 tantisper
1496 2406 1710 2462 desinas
1740 2418 1875 2458 nova
1904 2415 2168 2472 quaerere,

581 2511 753 2566 donec
791 2518 902 2563 toto
929 2522 1036 2562 aere
1064 2504 1237 2559 alieno
1284 2502 1601 2563 liberemur,
1649 2506 1703 2551 et
1728 2495 1795 2550 de
1826 2493 1939 2548 solo
1971 2490 2172 2563 judicio

582 2613 677 2658 tuo
704 2600 835 2657 mihi
873 2598 1155 2655 rescribas.
1202 2596 1516 2664 Quanquam
1551 2591 1665 2645 scio
1694 2602 1851 2658 quam
1880 2587 1951 2642 sit
1974 2584 2171 2640 adver-

585 2711 703 2751 sum
727 2711 833 2761 me,
860 2693 950 2763 qui
978 2702 1185 2747 tuarum
1214 2689 1514 2744 divinarum
1547 2682 1924 2755 cogitationum
1953 2679 2035 2736 vel
2055 2687 2174 2734 tan-

580 2790 751 2859 tisper
772 2788 1038 2858 particeps
1065 2798 1185 2840 esse
1212 2781 1420 2838 differo.

650 2881 710 2935 2.
744 2880 938 2949 Accipe
962 2879 1121 2948 igitur
1147 2874 1272 2946 quid
1306 2873 1435 2927 mihi
1460 2871 1704 2927 videatur
1738 2866 1811 2922 de
1835 2865 2173 2935 susceptione

582 2974 819 3030 hominis
846 2972 1068 3044 mystica
1106 2985 1263 3040 quam
1306 2975 1523 3038 propter
1556 2964 1780 3020 salutem
1815 2970 2050 3016 nostram
2086 2960 2169 3014 fa-

584 3075 728 3120 ctam
771 3078 891 3118 esse
938 3060 1157 3131 religio,
1206 3075 1309 3129 qua
1354 3058 1539 3113 imbuti
1581 3070 1803 3122 sumus,
1848 3052 2172 3109 credendum

583 3153 1118 3227 cognoscendumque
1131 3151 1467 3206 commendat
1490 3168 1503 3203 :
1526 3163 1682 3219 quam
1703 3146 2049 3217 qumstionem
2064 3158 2172 3199 non

584 3247 891 3303 facillimam
918 3244 1153 3298 omnium
1184 3242 1355 3311 elegi,
1392 3242 1475 3295 cui
1519 3240 1851 3309 potissimum
1881 3236 2171 3307 responde-

586 3355 725 3395 rem.
753 3337 843 3391 llla
872 3350 1103 3405 namque
1126 3350 1244 3404 quae
1269 3333 1338 3387 de
1363 3333 1465 3386 hoc
1489 3330 1687 3385 mundo
1714 3337 2043 3400 quaeruntur,
2072 3342 2173 3382 nec

580 3432 716 3488 satis
744 3429 809 3483 ad
831 3430 1040 3483 beatam
1066 3427 1229 3481 vitam
1261 3424 1600 3478 obtinendam
1628 3421 1752 3474 mihi
1780 3420 2026 3475 videntur
2050 3433 2173 3489 per-

584 3523 791 3584 tinere;
821 3528 875 3573 et
900 3520 944 3572 si
972 3518 1166 3588 aliquid
1193 3516 1421 3570 atterunt
1438 3514 1749 3583 voiuptatis,
1792 3527 1913 3567 cum
1954 3512 2171 3567 investi-

586 3621 811 3684 gantur,
855 3609 1196 3665 metuendum
1227 3616 1308 3662 est
1342 3615 1520 3660 tamen
1557 3620 1625 3659 ne
1662 3608 1921 3672 occupent
1960 3610 2172 3675 tempus

586 3703 747 3759 rebus
787 3699 1199 3771 impendendum
1240 3698 1568 3752 melioribus.
1625 3696 1982 3764 Quamobrem
2026 3695 2173 3765 quod

587 3795 652 3849 ad
683 3794 782 3848 hoc
808 3794 1039 3862 pertinet
1067 3798 1372 3859 susceptum
1398 3790 1451 3843 in
1482 3788 1761 3858 praesentia
1787 3828 1802 3853 ,
1831 3787 1977 3856 prius
2002 3787 2172 3843 miror

586 3898 641 3941 te
664 3899 787 3941 esse
826 3892 1154 3938 commotum
1192 3897 1291 3938 cur
1319 3896 1423 3936 non
1448 3881 1609 3936 Pater
1650 3880 1746 3935 sed
1775 3880 1941 3934 Filius
1962 3879 2173 3935 dicatur

584 3977 858 4033 hominem
885 3976 1201 4045 suscepisse,
1228 3974 1324 4030 sed
1352 3973 1511 4029 etiam
1528 3972 1754 4043 Spiritus
1782 3977 2016 4027 sanctus.
2035 3970 2169 4026 Nam

586 4066 691 4125 ista
713 4068 943 4123 Trinitas
964 4067 1227 4122 catholica
1259 4065 1364 4120 fide
1388 4067 1459 4119 ita
1501 4063 1873 4134 inseparabilis
1900 4076 2173 4117 commen-

585 4164 745 4218 datur
776 4172 831 4216 et
852 4161 1106 4227 creditur,
1138 4163 1208 4215 ita
1235 4160 1393 4215 etiam
1415 4174 1444 4212 a
1464 4159 1648 4229 paucis
1676 4159 1872 4213 sanctis
1899 4158 2171 4227 beatisque

589 4254 922 4322 intelligitur,
948 4262 1007 4306 ut
1028 4252 1278 4321 quidquid
1300 4252 1367 4306 ab
1384 4266 1447 4305 ea
1478 4251 1558 4308 fit.
1590 4250 1746 4305 simul
1775 4250 1889 4304 fieri
1913 4250 1984 4303 sit
1999 4247 2172 4304 existi-

594 4343 873 4408 mandum,
909 4352 963 4397 et
986 4359 1015 4395 a
1043 4342 1200 4395 Patre
1216 4381 1230 4406 ,
1262 4352 1316 4395 et
1340 4358 1369 4393 a
1394 4341 1532 4395 Filio
1550 4382 1565 4405 ,
1588 4350 1642 4395 et
1664 4358 1692 4392 a
1712 4338 1921 4408 Spiritu
1945 4350 2129 4393 sancto
2153 4359 2166 4394 :

590 4450 691 4491 nec
718 4434 1004 4505 quidquam
1035 4434 1245 4488 Patrem
1286 4433 1498 4494 facere,
1544 4430 1685 4501 quod
1710 4446 1821 4485 non
1853 4441 1909 4485 et
1925 4431 2098 4485 Filius
2114 4440 2172 4485 et

592 4528 825 4598 Spiritus
866 4535 1080 4581 sanans
1103 4568 1119 4594 ,
1158 4540 1261 4581 nec
1296 4525 1580 4596 quidquam
1608 4524 1862 4594 Spiritum
1903 4534 2167 4590 sanctum,

592 4620 731 4689 quod
770 4634 876 4673 non
910 4627 968 4673 et
996 4618 1152 4673 Pater
1180 4630 1232 4672 et
1262 4617 1422 4671 Filius
1445 4658 1459 4682 ,
1502 4631 1600 4671 nec
1641 4616 1925 4687 quidquam
1954 4616 2166 4685 Filium,

590 4710 731 4779 quod
759 4725 865 4765 non
888 4718 946 4765 et
970 4710 1131 4764 Pater
1166 4719 1220 4762 et
1245 4709 1469 4779 Spiritus
1500 4718 1713 4763 sanctus
1740 4709 1911 4762 faciat.
1959 4709 2037 4763 Ex
2063 4724 2168 4779 quo

591 4802 801 4857 videtur
836 4818 957 4858 esse
990 4817 1359 4873 consequens,
1403 4811 1458 4855 ut
1495 4801 1760 4857 hominem
1801 4802 2029 4859 Trinitas
2056 4813 2167 4858 tota

590 4894 929 4963 susceperit:
958 4910 1082 4950 nam
1122 4897 1166 4950 si
1197 4894 1363 4949 Filius
1398 4896 1660 4964 suscepit,
1710 4896 1864 4951 Pater
1898 4906 2073 4953 autem
2113 4907 2170 4953 et

590 4987 819 5056 Spiritus
842 4998 1057 5043 sanctus
1084 5003 1190 5043 non
1220 4998 1594 5058 susceperunt,
1640 4990 1836 5061 aliquid
1870 5002 2061 5061 printer
2088 4993 2167 5046 in-

586 5080 758 5134 vicem
785 5077 1002 5134 faciunt.
1029 5079 1136 5135 Cur
1154 5096 1290 5151 ergo
1312 5082 1362 5135 in
1395 5082 1659 5152 mysteriis
1699 5091 1753 5136 et
1774 5084 1941 5137 sacris
1970 5084 2167 5139 nostris

584 5171 817 5227 hominis
857 5174 1124 5243 susceptio
1150 5173 1286 5229 Filio
1326 5175 1519 5230 tributa
1550 5175 1888 5231 celebratur?
1934 5177 2059 5233 Haec
2083 5188 2168 5234 est

586 5266 896 5337 plenissima
921 5268 1146 5338 quaestio
1172 5268 1242 5322 ita
1272 5269 1504 5324 difﬁcilis
1524 5313 1538 5333 ,
1568 5279 1621 5324 et
1641 5270 1707 5325 de
1732 5286 1790 5325 re
1817 5282 1921 5324 tam
1949 5286 2162 5341 magna,

584 5368 643 5413 ut
666 5373 772 5415 nec
801 5360 1063 5415 sententia
1084 5359 1170 5414 hic
1189 5361 1317 5415 satis
1343 5362 1588 5431 expedita
1614 5405 1627 5427 ,
1661 5377 1761 5418 nec
1787 5362 1899 5432 ejus
1922 5364 2165 5435 probatio

588 5448 715 5504 satis
756 5464 944 5506 secura
974 5467 1093 5508 esse
1129 5454 1317 5523 possit.
1364 5454 1551 5509 Audeo
1579 5464 1779 5522 tamen,
1817 5455 2078 5527 siquidem
2097 5455 2164 5513 ad

644 5605 664 5677 ξ
687 5610 821 5677 {uel
838 5608 1028 5677 Xiinuon
1046 5610 1543 5677 repel-ienturAuisiJn
1557 5606 2087 5677 t'atieaueexempiari.

583 5665 716 5781 “:2
734 5664 973 5793 is
997 5682 1009 5720 ε
1035 5664 1145 5737 quae
1166 5678 1331 5724 autem
1354 5668 1408 5725 tl
1435 5664 1568 5737 erat,
1592 5684 1719 5730 nunc
1734 5664 2165 5743 rescindam

2268 371 2322 418 te
2348 363 2545 430 scribo,
2571 359 2873 433 significare
2892 360 3069 432 potius
3094 359 3222 430 quid
3245 372 3397 415 meus
3415 359 3625 415 animus
3642 350 3846 428 habeat,

2266 472 2424 528 quam
2449 457 2750 527 explicare;
2775 465 2838 512 ut
2861 462 3057 512 cetera
3082 468 3180 526 pro
3206 453 3421 525 ingenio
3438 460 3532 509 tuo
3549 459 3609 509 et
3626 451 3849 511 familia-

2266 551 2423 607 ritate
2442 560 2645 621 nostra,
2667 565 2771 623 qua
2794 550 2855 606 fit
2873 558 2932 607 ut
2949 564 3037 606 me
3059 548 3263 620 optim
3285 548 3518 616 noveris,
3540 562 3638 619 per
3659 556 3710 605 te
3735 546 3844 622 ipse

2264 645 2558 713 coniectos.
2936 638 2937 641 “

2340 738 2395 793 5.
2426 737 2579 792 Nulla
2606 746 2791 793 natura
2815 745 2918 805 est,
2954 736 3204 801 Nebridi,
3244 744 3298 790 et
3324 736 3544 791 omnino
3569 733 3709 791 nulla
3730 734 3847 791 sub-

2268 832 2463 887 stantia
2480 845 2601 903 quze
2620 846 2722 886 non
2747 831 2801 886 in
2824 845 2883 887 se
2896 829 3089 886 habeat
3110 828 3225 884 hare
3241 829 3360 894 tria,
3391 838 3445 884 et
3466 844 3577 901 pra:
3596 843 3655 886 se
3675 840 3846 901 gerat:

2268 923 2444 994 primo
2478 932 2536 979 ut
2559 925 2657 993 sit,
2695 923 2893 980 deinde
2928 933 2985 978 ut
3011 924 3112 978 hoc
3133 922 3219 977 vel
3246 921 3378 977 illud
3408 922 3507 987 sit,
3537 922 3695 979 tertio
3721 924 3849 980 utin

2268 1032 2337 1073 eo
2362 1017 2504 1088 quod
2542 1028 2625 1073 est
2662 1026 2875 1074 maneat
2913 1027 3167 1088 quantum
3216 1024 3408 1086 potest.
3454 1014 3686 1072 Primum
3731 1015 3851 1073 illud

2269 1123 2486 1165 causam
2512 1112 2681 1180 ipsam
2723 1119 2929 1166 naturae
2954 1118 3221 1175 ostentat,
3266 1124 3331 1164 ex
3368 1124 3469 1180 qua
3499 1119 3624 1166 sunt
3650 1110 3848 1179 omnia;

2268 1200 2498 1257 alterum
2521 1243 2535 1267 ,
2564 1201 2800 1271 speciem
2828 1217 2924 1272 per
2950 1216 3109 1271 quam
3138 1201 3498 1269 fabricantur,
3528 1210 3581 1257 et
3608 1201 3851 1272 quodam-

2270 1292 2432 1348 modo
2464 1292 2760 1348 formantur
2789 1293 2966 1348 omnia
2992 1309 3007 1359 ;
3046 1295 3257 1348 tertium
3283 1336 3298 1361 ,
3325 1294 3646 1349 manentium
3677 1309 3848 1365 quam-

2268 1382 2394 1441 dam
2414 1425 2427 1449 ,
2463 1392 2522 1438 ut
2545 1384 2617 1437 ita
2646 1384 2822 1439 dicam
2844 1426 2858 1452 ,
2893 1385 2946 1439 in
2974 1400 3077 1456 qua
3107 1393 3232 1440 sunt
3259 1384 3460 1439 omnia.
3501 1384 3651 1454 Quod
3679 1385 3723 1442 si
3749 1385 3846 1445 fieri

2270 1483 2451 1546 potest
2478 1483 2534 1529 ut
2559 1474 2756 1545 aliquid
2783 1477 2874 1544 sit,
2906 1475 3048 1547 quod
3075 1491 3182 1531 non
3204 1475 3306 1531 hoc
3325 1476 3412 1531 vel
3433 1476 3563 1531 illud
3581 1477 3670 1544 sit,
3694 1492 3841 1549 neque

2272 1572 2326 1629 in
2358 1588 2558 1644 genere
2583 1588 2681 1627 suo
2705 1582 2951 1640 maneat;
2979 1580 3073 1628 aut
3095 1571 3199 1627 hoc
3231 1570 3447 1642 quidem
3486 1580 3577 1627 aut
3616 1570 3746 1627 illud
3770 1572 3850 1641 sit,

2271 1664 2368 1721 sed
2402 1681 2507 1720 non
2553 1666 2651 1731 sit,
2696 1680 2871 1736 neque
2911 1665 2965 1720 in
3000 1680 3196 1736 genere
3222 1678 3319 1719 suo
3356 1674 3569 1721 maneat
3610 1675 3853 1735 quantum

2271 1766 2480 1828 potest;
2504 1767 2594 1813 aut
2614 1759 2666 1812 in
2687 1775 2785 1814 suo
2803 1773 3004 1830 genere
3025 1758 3236 1829 quidem
3261 1773 3357 1829 pro
3376 1758 3542 1829 ipsius
3558 1758 3640 1813 sui
3656 1762 3855 1831 generis

2273 1851 2475 1905 viribus
2521 1860 2766 1919 maneat,
2809 1851 2904 1907 sed
2948 1862 3123 1907 tamen
3160 1866 3256 1906 nec
3297 1852 3404 1918 sit,
3456 1841 3630 1926 neque
3658 1852 3760 1909 hoc
3782 1855 3854 1910 vel

2273 1945 2407 2001 illud
2439 1947 2509 2001 sit
2537 1961 2554 1999 :
2583 1946 2699 2001 fieri
2722 1946 2880 2000 etiam
2899 1954 3094 2018 potest,
3127 1954 3182 2000 ut
3209 1946 3260 2000 in
3291 1945 3380 2000 illa
3406 1944 3669 2001 Triuitate
3691 1946 3852 2019 aliqua

2273 2054 2499 2112 persona
2534 2047 2728 2111 praeter
2761 2040 2893 2095 alias
2934 2040 3131 2112 aliquid
3172 2039 3347 2095 faciat.
3395 2040 3464 2096 At
3491 2041 3537 2095 si
3564 2043 3741 2097 cernis
3767 2058 3854 2098 ne:

2275 2148 2427 2188 cesse
2452 2148 2572 2188 esse
2611 2142 2669 2188 ut
2694 2132 2945 2203 quidquid
2970 2134 3077 2200 sit,
3128 2132 3382 2187 continuo
3409 2140 3462 2187 et
3487 2130 3590 2188 hoc
3614 2143 3709 2189 aut
3738 2134 3856 2190 illud

2276 2226 2382 2293 sit,
2410 2236 2464 2281 et
2493 2227 2545 2281 in
2583 2241 2681 2281 suo
2719 2242 2915 2298 genere
2951 2235 3165 2281 maneat
3204 2234 3458 2296 quantum
3489 2235 3705 2296 potest,
3736 2227 3855 2285 nihil

2274 2320 2376 2375 tria
2407 2320 2495 2376 illa
2520 2329 2716 2393 praeter
2753 2321 2977 2376 invicem
3011 2319 3227 2374 faciunt.
3272 2318 3438 2375 Video
3464 2319 3638 2375 adhuc
3662 2331 3855 2394 partem

2275 2426 2364 2468 me
2397 2412 2570 2484 egisse
2593 2412 2751 2482 hujus
2773 2412 3119 2483 quaestionis,
3154 2427 3257 2482 qua
3289 2411 3345 2465 fit
3384 2411 3614 2469 difficilis
3652 2414 3853 2472 solutio.

2275 2503 2383 2560 Sed
2412 2505 2647 2561 breviter
2672 2505 2766 2560 tibi
2795 2506 3002 2575 aperire
3032 2504 3198 2570 volui,
3223 2505 3266 2559 si
3297 2512 3472 2559 tamen
3499 2504 3583 2578 egi
3605 2505 3751 2579 quod
3779 2523 3860 2564 vo.

2276 2596 2381 2664 lui,
2412 2612 2569 2667 quam
2601 2594 2867 2655 subtiliter
2890 2640 2906 2666 ,
2955 2604 3009 2651 et
3037 2606 3236 2669 quanta
3267 2597 3490 2651 veritate
3517 2598 3567 2651 in
3594 2596 3857 2657 Catholica

2276 2690 2605 2762 intelligatur
2634 2691 2858 2763 hujusce
2881 2689 3301 2760 inseparabilitas
3325 2688 3618 2747 Trinitatis.
3768 2702 3771 2703 '

2346 2784 2397 2839 4.
2439 2783 2591 2839 Nunc
2620 2784 2800 2853 accipe
2839 2781 3105 2855 quomodo
3150 2783 3316 2853 possit
3355 2798 3460 2838 non
3503 2798 3726 2842 movere
3752 2788 3858 2841 ani-

2276 2892 2422 2932 mum
2470 2876 2597 2931 illud
2635 2876 2776 2947 quod
2816 2883 3013 2931 movet.
3056 2875 3273 2949 Species
3318 2892 3435 2947 qua:
3476 2878 3695 2948 proprie
3735 2878 3860 2935 Filio

2277 2970 2542 3035 tribuitur,
2562 2985 2622 3025 ea
2645 2970 2875 3041 pertinet
2894 2969 3053 3024 etiam
3074 2968 3140 3023 ad
3158 2968 3515 3041 disciplinam,
3540 2978 3594 3024 et
3611 2970 3679 3025 ad
3697 2980 3855 3028 artem

2276 3061 2593 3135 quamdam,
2635 3061 2679 3117 si
2722 3061 2856 3116 bene
2901 3060 3005 3116 hoc
3040 3060 3298 3115 vocabulo
3342 3061 3395 3114 in
3437 3059 3521 3115 his
3564 3062 3728 3118 rebus
3766 3064 3860 3119 uti-

2277 3170 2415 3220 mur,
2441 3164 2492 3209 et
2514 3153 2579 3209 ad
2602 3152 3003 3224 inteiiigentiam
3030 3167 3130 3223 qua
3156 3152 3269 3222 ipse
3294 3152 3503 3207 animus
3524 3168 3704 3207 rerum
3730 3154 3860 3228 cogi-

2276 3247 2476 3303 tatione
2507 3246 2781 3301 formatur.
2810 3244 2995 3316 Itaque
3015 3244 3264 3314 quoniam
3288 3258 3381 3313 per
3408 3244 3548 3298 illam
3577 3246 3862 3316 susceptio-

2277 3355 2400 3394 nem
2425 3338 2658 3393 huminis
2686 3337 2737 3393 id
2758 3347 2933 3393 actum
2955 3344 3055 3402 est,
3082 3344 3143 3390 ut
3164 3335 3406 3409 quaedam
3426 3335 3578 3390 nobis
3594 3336 3863 3408 disciplina

2277 3430 2509 3497 vivendi,
2540 3439 2595 3486 et
2613 3431 2916 3500 exemplum
2944 3428 3218 3499 praecepti,
3248 3428 3346 3482 sub
3372 3427 3725 3499 quarumdam
3751 3443 3863 3486 sen-

2276 3526 2559 3582 tentiarum
2606 3524 2889 3595 majestate
2933 3538 2996 3578 ac
3050 3521 3427 3593 perspicuitate
3477 3522 3859 3589 insinuantur,

2278 3632 2386 3673 non
2414 3618 2530 3673 sine
2556 3617 2761 3671 ratione
2788 3614 2890 3670 hoc
2928 3622 3098 3669 totum
3139 3612 3275 3667 Filio
3301 3612 3566 3667 tribuitur.
3606 3613 3663 3668 In
3693 3613 3863 3669 multis

2278 3710 2419 3765 enim
2465 3708 2625 3764 rebus
2668 3723 2799 3778 quas
2837 3706 3141 3778 cogitationi
3172 3714 3225 3761 et
3258 3703 3558 3778 prudentiae
3596 3706 3862 3761 committo

2277 3808 2404 3866 tunc,
2435 3800 2681 3871 quamvis
2705 3798 2869 3853 multa
2902 3798 3091 3865 insint,
3137 3795 3333 3867 aliquid
3361 3805 3537 3852 tamen
3564 3798 3788 3866 eminet,
3816 3806 3864 3853 et

2272 3894 2401 3950 ideo
2437 3894 2541 3950 sibi
2580 3892 2963 3965 proprietatem
3008 3890 3295 3963 quamdam
3340 3905 3449 3945 non
3485 3890 3723 3949 absurde
3746 3891 3862 3947 vin-

2270 3987 2454 4054 dicat;
2498 3985 2642 4041 velut
2688 3985 2741 4040 in
2790 3984 2898 4040 illis
2937 3983 3105 4038 tribus
3152 3982 3436 4055 generibus
3474 3983 3860 4052 qualisnam,

2272 4080 2484 4135 etiamsi
2503 4086 2774 4151 quan-amr
2796 4092 2863 4132 an
2893 4076 2983 4144 sit,
3008 4074 3081 4130 ibi
3108 4084 3196 4130 test
3222 4085 3280 4129 et
3308 4074 3435 4145 quid
3460 4074 3551 4141 sit,
3574 4088 3701 4130 esse
3722 4076 3862 4132 enim

2274 4187 2387 4229 non
2417 4180 2590 4243 potest
2616 4168 2885 4241 profecto,
2916 4168 3017 4223 nisi
3047 4166 3246 4239 aliquid
3280 4167 3379 4232 sit;
3400 4166 3492 4223 ibi
3518 4168 3678 4223 etiam
3697 4210 3713 4235 ,
3738 4182 3859 4240 pro-

2274 4264 2509 4320 bandum
2537 4261 3009 4333 improbandamve
3036 4261 3140 4325 sit;
3169 4258 3424 4331 quidquid
3443 4260 3584 4315 enim
3602 4269 3712 4329 est,
3734 4274 3860 4316 non.

2278 4357 2424 4413 nulla
2452 4356 2805 4411 :estimatioue
2824 4353 3047 4423 dignum
3074 4362 3157 4407 est
3183 4371 3196 4406 :
3227 4354 3297 4406 ita
3322 4360 3446 4406 eum
3466 4352 3726 4423 quaeritur
3742 4352 3861 4424 quid

2278 4452 2366 4517 sit,
2401 4464 2623 4505 necesse
2651 4457 2733 4504 est
2755 4454 2819 4502 ut
2857 4453 2913 4501 et
2938 4446 3035 4514 sit,
3064 4453 3120 4502 et
3148 4446 3324 4517 aliqua
3354 4446 3708 4502 mstimatione
3734 4462 3861 4517 pen-

2275 4543 2454 4598 datur.
2491 4542 2602 4596 Hoc
2628 4540 2791 4597 modo
2830 4544 2988 4596 etiam
3030 4555 3150 4595 cum
3189 4539 3445 4609 quatitur
3484 4539 3643 4611 quate
3666 4540 3774 4607 sit,
3812 4548 3864 4595 ct

2276 4636 2475 4707 aliquid
2500 4645 2583 4690 est
2604 4635 2787 4705 utique
2819 4634 2889 4689 ita
2912 4672 2928 4701 ,
2954 4648 3075 4689 cum
3106 4632 3206 4689 sibi
3234 4632 3659 4703 itrscparabiiiter
3680 4632 3863 4705 juncta

2276 4736 2403 4784 sunt
2427 4728 2633 4794 omnia;
2667 4741 2860 4782 nomen
2893 4734 3071 4781 tamen
3107 4725 3333 4795 quaestio
3372 4739 3480 4780 non
3515 4739 3581 4780 ea
3615 4724 3862 4781 carnibus

2274 4818 2493 4887 accipit,
2520 4818 2613 4873 md
2641 4827 2698 4873 ut
2720 4832 2844 4873 sese
2869 4815 3114 4872 habuerit
3132 4816 3425 4887 qumntis
3454 4816 3695 4872 intentio.
3718 4815 3862 4887 Ergo

2272 4910 2553 4979 disciplina
2576 4910 2880 4966 hominibus
2900 4917 2982 4964 est.
3006 4909 3330 4974 necessaria,
3346 4924 3449 4979 qua
3472 4907 3859 4973 imbueretur.

2276 5011 2333 5058 et
2368 5018 2469 5073 qua
2507 5001 2573 5055 ad
2611 5000 2830 5055 modum
2862 4999 3234 5055 formarentur.
3280 4998 3395 5055 Non
3426 5008 3603 5055 tamen
3634 5000 3861 5072 idipsum

2273 5093 2417 5166 quod
2448 5108 2545 5163 per
2567 5092 2703 5147 hanc
2727 5090 3062 5163 disciplinam
3088 5091 3151 5145 tit
3194 5093 3247 5147 in
3272 5092 3608 5159 hominibus,
3636 5101 3728 5149 aut
3755 5108 3861 5149 non

2274 5200 2396 5253 esse
2418 5196 2701 5255 possumus
2723 5181 2922 5248 dicere,
2946 5191 3035 5238 aut
3055 5198 3164 5239 nou
3187 5183 3544 5255 appetendum
3568 5200 3586 5249 ε
3616 5182 3861 5240 sedseire

2274 5275 2422 5347 prius
2452 5274 2776 5329 intendimus
2797 5315 2813 5340 ,
2844 5282 2898 5329 et
2939 5288 3035 5343 per
3072 5274 3213 5344 quod
3250 5274 3599 5345 conﬁciemus
3625 5272 3855 5345 aliquid,

2275 5375 2331 5423 et
2354 5368 2406 5422 in
2438 5381 2543 5438 quo
2573 5380 2902 5420 maneamus.
2936 5364 3358 5425 Demonstranda
3388 5367 3545 5441 igitur
3568 5367 3721 5439 prius
3736 5370 3857 5423 ent

2273 5458 2521 5521 claudam
2548 5473 2732 5514 norma
2754 5467 2812 5512 et
2845 5457 3021 5527 regula
3050 5457 3373 5529 disciplina;
3395 5458 3541 5531 quod
3558 5459 3760 5516 factum
3776 5467 3860 5514 est

2272 5564 2372 5622 per
2389 5550 2530 5607 illam
2551 5550 2783 5622 suscepti
2802 5549 3029 5605 hominis
3049 5551 3495 5625 dispensationem
3508 5568 3634 5626 qua}
3648 5552 3859 5623 proprie

2275 5642 2414 5699 Filio
2454 5643 2729 5700 tribuenda
2770 5651 2887 5710 est,
2933 5650 2991 5699 ut
3028 5654 3175 5699 esset
3214 5656 3553 5717 couuquens
3591 5650 3649 5700 et
3693 5640 3860 5715 ipsius

2276 5730 2487 5807 Patris,
2521 5734 2573 5793 id
2598 5741 2681 5794 est
2705 5732 2861 5793 unius
2883 5730 3131 5808 principii
3158 5746 3224 5793 ea
3252 5744 3356 5809 quo
3385 5736 3510 5797 qut
3536 5731 3733 5806 omnia,
3763 5742 3859 5790 σοι
