4054 6388
473 263 546 346 ’ἰὸ
1712 281 1765 335 s.
1807 273 2063 334 succisa

2173 287 2176 326 1
2217 273 2512 330 EPISCOPI
3691 269 3766 325 80

477 405 639 463 etiam
664 402 868 475 cogites
893 400 1086 468 velim,
1118 409 1171 456 et
1200 397 1340 471 quod
1381 394 1660 468 cogitando
1686 393 1969 465 genucris,
2003 401 2058 446 ιιι

477 511 715 554 noverim
739 509 892 552 cures
901 535 915 550 .

939 606 1271 666 EPISTOLA
1308 606 1427 663 xw
1460 611 1471 630 -
1505 606 1601 677 (ιι).

480 726 651 794 Quare
672 723 751 779 sol
768 740 867 777 non
894 721 1026 777 idem
1057 731 1259 792 pra'stat
1285 719 1420 791 quod
1446 727 1625 773 uetera
1644 715 1830 772 sidera.
1864 713 2061 770 Veritas

586 833 783 872 suntme
812 832 876 869 an
904 813 1120 869 [taurinis
1147 814 1389 884 cujusque
1412 817 1655 865 rattonent
1683 808 1950 863 contineat.

956 942 1200 984 NEBRIDIO
1239 939 1578 981 AUGUSTINUS.

552 1046 579 1100 1
626 1040 1024 1099 Recentissimis
1048 1039 1238 1094 litteris
1265 1037 1366 1092 tuis
1391 1034 1718 1105 respondere
1738 1033 1932 1097 malui;
1956 1046 2062 1086 non

476 1136 620 1206 quod
672 1133 1080 1204 contempserim
1134 1128 1485 1202 prmcedentia
1530 1127 1750 1199 quresita
1793 1137 1916 1192 tua,
1964 1122 2064 1188 mi:

474 1245 641 1286 nusvc
680 1244 766 1285 me
807 1226 1222 1286 delectaverint.
1264 1224 1358 1280 sed
1406 1222 1546 1294 quod
1595 1224 1645 1277 in
1693 1219 2064 1290 reSpondendo

475 1323 680 1389 majora
705 1337 860 1391 quam
903 1318 1138 1389 opinaris
1181 1316 1389 1371 molior.
1419 1315 1729 1383 Quanquam
1771 1313 1911 1367 enim
1943 1311 2062 1365 lon-

473 1413 698 1482 giorem,
719 1426 877 1483 quam
897 1408 1203 1479 longissima
1222 1416 1324 1473 est,
1343 1405 1622 1476 epistolam
1641 1403 1734 1458 tibi
1754 1401 2062 1457 mittendam

473 1521 595 1560 esse
623 1501 1036 1576 pra-scripseris,
1065 1515 1171 1555 non
1203 1507 1379 1554 tamen
1412 1507 1613 1553 tantum
1645 1495 1901 1550 habemus
1928 1493 2018 1548 otii
2044 1533 2060 1559 ,

472 1604 729 1667 quantum
761 1593 1034 1650 existimas
1054 1633 1067 1654 ,
1097 1601 1152 1647 et
1177 1601 1433 1662 quantum
1477 1603 1574 1644 nos
1611 1601 1823 1656 semper
1851 1593 2065 1655 optasse

447 1691 615 1755 _nosti
642 1699 697 1744 et
719 1697 982 1758 Optamus.
1015 1684 1122 1740 Nec
1159 1699 1369 1755 quaeras
1411 1697 1508 1738 cur
1547 1682 1618 1736 ita
1656 1681 1725 1736 sit
1754 1698 1765 1733 :
1797 1679 1882 1734 illa
1917 1678 2062 1733 enim

473 1781 682 1837 facilius
705 1779 895 1850 quibus
939 1776 1231 1848 impedior,
1275 1767 1435 1846 quam
1476 1789 1573 1830 cur
1612 1771 1868 1843 impediar
1894 1783 2062 1840 expo-

444 1927 447 1930 _
474 1875 696 1930 suerim.

547 1968 602 2023 2.
635 1966 836 2023 Scribis
874 1981 969 2020 cur
998 1979 1097 2035 ego
1125 1972 1179 2019 et
1207 1972 1261 2018 tu
1301 1976 1421 2016 cum
1449 1961 1614 2015 simus
1654 1958 1846 2028 singuli
1874 1956 2061 2013 eadem

473 2058 637 2115 multa
661 2056 939 2120 faciamus,
971 2054 1051 2110 sol
1079 2063 1256 2108 autem
1284 2067 1390 2107 non
1418 2050 1558 2106 idem
1595 2049 1751 2104 faciat
1774 2047 1916 2119 quod
1958 2063 2062 2102 ca:-

474 2163 588 2208 tera
613 2150 810 2206 sidera.
841 2149 1006 2218 Cujus
1034 2148 1110 2203 rei
1140 2160 1354 2202 causam
1377 2159 1622 2200 conarer.
1651 2143 1781 2198 Nam
1804 2142 1846 2196 si
1875 2141 2060 2196 eadem

471 2257 574 2300 nos
597 2243 818 2313 agimus,
839 2242 1000 2296 multa
1023 2248 1076 2294 et
1105 2239 1192 2294 ille
1216 2253 1339 2294 cum
1364 2235 1574 2292 czeteris
1593 2236 1700 2306 agit
1723 2253 1734 2288 :
1760 2234 1803 2288 si
1827 2249 1932 2288 non
1951 2233 2060 2301 ille,

473 2351 576 2390 nec
605 2349 721 2389 nos.
757 2331 985 2387 Ambulo
1013 2339 1067 2386 et
1092 2329 1352 2393 ambulas,
1377 2337 1622 2383 movetur
1649 2335 1703 2382 et
1746 2333 2058 2390 moventur;

475 2428 638 2499 vigilo
663 2435 717 2483 et
739 2425 953 2496 vigilas;
977 2425 1119 2479 lucet
1147 2432 1201 2478 et
1225 2423 1444 2489 lucent;
1477 2421 1688 2492 disputo
1713 2431 1767 2475 et
1789 2418 2060 2490 disputas;

474 2521 667 2576 circuit
689 2529 742 2575 et
761 2518 1094 2572 circumeunt
1122 2517 1136 2547 ¹
1163 2536 1174 2570 :
1201 2515 1407 2571 tametsi
1434 2521 1582 2568 actus
1603 2511 1768 2568 animi
1785 2511 1929 2566 nullo
1950 2523 2064 2565 mo-

473 2612 546 2667 do
573 2621 656 2667 est
681 2612 764 2675 iis,
796 2625 915 2681 qua:
938 2608 1201 2672 videmus,
1229 2605 1635 2676 comparandus.
1664 2603 1720 2660 Si
1746 2613 1920 2659 autem
1948 2602 2064 2657 ani-

473 2720 643 2768 mum,
677 2704 744 2758 ita
772 2712 826 2757 ut
855 2719 1064 2773 :equum
1092 2711 1194 2765 est,
1225 2701 1405 2756 animo
1433 2698 1698 2764 conferas,
1729 2698 1897 2770 magis
1923 2697 2061 2753 idem

473 2797 556 2851 vel
583 2796 816 2866 cogitare
834 2793 918 2849 vel
944 2791 1416 2862 contemplari,vel
1436 2793 1478 2846 si
1505 2790 1630 2861 quid
1660 2790 1800 2844 aliud
1827 2804 2065 2844 commo-

472 2887 593 2942 dius
616 2886 841 2949 dicitur,
870 2886 914 2939 si
955 2885 1093 2940 ullus
1128 2883 1208 2938 eis
1250 2883 1389 2938 inest
1429 2883 1672 2947 animus,
1703 2880 1876 2936 sidera
1905 2896 2064 2951 quam

473 2979 720 3035 homines
761 2976 1143 3032 consideranda
1189 2984 1330 3030 sunt.
1374 2976 1638 3030 Cmtcrum
1681 2975 1733 3029 in
1777 2989 2062 3044 corporum

474 3069 729 3134 motibus,
752 3068 818 3132 si,
839 3077 896 3122 ut
920 3067 1060 3121 soles
1092 3067 1373 3137 diligenter
1401 3066 1665 3129 attendas,
1685 3066 1814 3121 nihil
1844 3066 2064 3121 omnino

475 3179 506 3219 a
535 3163 741 3219 duobus
769 3160 909 3216 idem
940 3161 1053 3215 ﬁeri
1082 3168 1272 3230 potest.
1319 3161 1401 3214 An
1431 3171 1485 3214 tu
1517 3177 1636 3215 cum
1663 3161 2064 3217 deambulamus

475 3254 655 3318 simul,
683 3253 860 3308 statim
889 3251 1030 3308 idem
1059 3266 1158 3307 nos
1184 3267 1341 3321 agere
1367 3252 1678 3306 existimas?
1711 3253 1859 3307 Absit
1884 3269 1914 3307 a
1938 3269 2065 3323 pru-

475 3345 656 3402 dentia
679 3354 788 3400 tua.
816 3343 1177 3414 Septentrioni
1207 3359 1438 3412 namque
1467 3343 1688 3398 vicinior
1712 3353 1950 3399 nostrum
1973 3345 2070 3415 qui

475 3438 816 3506 deambulat,
854 3446 946 3492 aut
995 3437 1219 3492 alterum
1264 3435 1375 3506 pari
1419 3445 1562 3491 motu
1613 3436 1924 3504 antecedat,
1974 3445 2066 3492 aut

477 3531 680 3588 tardius
710 3529 1035 3601 ingrediatur
1065 3542 1286 3584 necesse
1310 3536 1425 3592 est;
1452 3537 1695 3582 neutrum
1724 3540 1898 3583 tamen
1937 3544 2062 3584 sen-

475 3625 566 3680 tiri
597 3631 790 3694 potest.
833 3621 938 3678 Sed
978 3631 1056 3688 tu,
1087 3622 1138 3675 ni
1175 3620 1328 3676 fallor
1347 3661 1360 3685 ,
1390 3620 1514 3689 quid
1547 3621 1927 3692 intelligamus,
1956 3637 2062 3677 non

475 3713 605 3787 quid
629 3714 921 3769 sentiamus
939 3723 1236 3782 exspectas.
1262 3711 1413 3779 Quod
1437 3712 1481 3766 si
1501 3713 1569 3766 ab
1589 3727 1688 3768 axe
1709 3714 1760 3767 in
1787 3713 2063 3768 meridiem

479 3806 779 3872 tendamus,
803 3805 1072 3875 conjuncti
1100 3804 1252 3860 nobis
1277 3814 1438 3875 atque
1463 3805 1781 3860 inhmrenles
1809 3815 2063 3876 quantum

476 3901 720 3956 valemus
740 3940 757 3967 ,
790 3898 1180 3967 innilamurque
1217 3896 1472 3952 marmori
1515 3897 1631 3951 laevi
1661 3905 1714 3952 et
1741 3898 1958 3968 tequali,
1981 3899 2065 3956 vel

479 3993 642 4048 etiam
672 3989 842 4056 ebori,
875 3997 982 4044 tam
1009 4005 1112 4044 non
1141 3996 1313 4059 potest
1336 4003 1459 4044 esse
1487 3987 1762 4044 amborum
1787 3990 1924 4046 idem
1951 4005 2068 4047 mo-

476 4093 594 4152 tus,
622 4097 781 4155 quam
821 4095 973 4138 vena:
1005 4080 1222 4152 pulsus,
1257 4096 1415 4151 quam
1447 4079 1643 4146 forma,
1686 4099 1842 4153 quam
1882 4083 2062 4141 facies.

480 4178 719 4233 Remove
746 4190 842 4232 nos
869 4183 923 4231 et
948 4189 1084 4245 pone
1112 4173 1382 4230 Glauciam
1408 4175 1429 4206 ³
1457 4175 1682 4245 prolem,
1707 4176 1837 4232 nihil
1863 4180 2060 4249 egeris.

481 4269 688 4338 Quippe
713 4269 796 4323 his
821 4266 980 4321 etiam
1009 4266 1294 4320 simillimis
1330 4267 1555 4336 geminis
1597 4276 1735 4354 tapta
1767 4280 1848 4325 est
1876 4285 2066 4327 neces-

481 4363 613 4416 sitas
642 4369 700 4414 ut
726 4359 940 4429 proprie
964 4368 1297 4425 moveantur,
1331 4367 1526 4426 quanta
1552 4359 1647 4413 fuit
1675 4369 1731 4415 ut
1756 4363 1946 4429 singuli
1969 4379 2063 4418 na-

479 4460 774 4508 scerentur.

550 4546 604 4600 3.
644 4544 714 4601 At
737 4544 878 4600 enim
910 4543 1030 4610 hoc,
1058 4543 1282 4614 inquies,
1310 4543 1505 4600 rationi
1535 4554 1732 4602 tantum
1760 4550 1935 4619 :qnod
1967 4565 2063 4607 au-

483 4647 590 4692 tem
622 4636 701 4691 sol
725 4635 793 4690 ab
821 4635 980 4690 astris
1008 4634 1203 4703 differt,
1232 4634 1476 4691 sensibus
1501 4638 1658 4693 etiam
1686 4639 1883 4694 clarum
1909 4650 2066 4712 atque

481 4725 822 4782 manifestum
849 4733 950 4781 est.
979 4725 1035 4782 Si
1067 4726 1480 4796 magnitudinem
1510 4743 1595 4784 me
1614 4732 1758 4800 cogis
1780 4733 2062 4802 respicere,

481 4818 624 4873 nosti
649 4816 716 4873 de
741 4816 1033 4873 intewallis
1056 4832 1213 4887 quam
1243 4817 1406 4872 multa
1433 4817 1674 4874 dicantur
1691 4862 1705 4885 ,
1728 4832 1782 4876 et
1808 4823 1873 4878 ad
1895 4840 2064 4895 quau-

481 4918 596 4964 tum
631 4908 888 4965 incertum
909 4909 1258 4980 perspicuitas
1284 4909 1380 4965 ista
1402 4920 1698 4967 revocetur.
1738 4913 1841 4970 Sed
1864 4926 1919 4971 ut
1938 4934 2067 4974 con-

484 4999 672 5058 cedam
699 5001 769 5056 ita
794 5015 914 5056 esse
936 5009 997 5056 ut
1015 5011 1234 5072 apparet
1256 5043 1270 5068 ,
1302 5001 1380 5056 sic
1412 5003 1554 5058 enim
1591 5013 1645 5061 et
1678 5007 1870 5075 credo,
1912 5013 2066 5082 cujus

546 5137 563 5167 ¹
583 5134 722 5203 Αριιά
745 5133 980 5203 BadLAm.
1007 5142 1058 5203 et
1092 5141 1164 5203 Er.
1195 5135 1521 5203 reliquapars
1542 5139 1685 5203 hujus
1710 5141 1928 5203 Epistolas
1949 5158 2065 5196 con-

479 5196 697 5248 funditur
717 5197 994 5266 cum-Epist.
1018 5197 1076 5257 9,
1110 5196 1339 5248 detractis
1362 5196 1586 5266 videlicet
1605 5196 1779 5252 'verhi's
1807 5219 1916 5266 quae
1951 5207 2066 5258 huc-

478 5271 640 5330 usque
664 5259 1052 5330 ἰιι-ειξιιιίιιιιιιιιιι·1
1079 5267 1297 5330 Attamen
1324 5264 1507 5330 antiqui
1548 5271 1658 5330 Mss.
1701 5259 1907 5330 vatidmi
1937 5269 2033 5320 duo
2047 5307 2063 5330 ,

481 5318 756 5384 φριττδὶᾲηί
779 5318 994 5384 collegii
1030 5322 1309 5373 Parisiensis
1341 5318 1457 5373 cod.’
1491 5325 1798 5376 Corbeiensis
1833 5318 2066 5382 annorum

480 5382 588 5431 fere
614 5383 726 5452 900,
748 5381 1143 5452 aliique‘optimge
1166 5393 1321 5452 noue,
1336 5399 1524 5452 necnon
1553 5394 1658 5436 Iov.
1679 5389 1801 5437 hanc
1816 5381 2065 5452 Epistolam

481 5447 686 5494 seorsim
709 5444 954 5508 tuamque
979 5444 1212 5508 exhibent
1232 5444 1387 5497 ut'hic
1415 5449 1542 5498 edita
1567 5459 1658 5499 est.

546 5509 567 5572 ξ
589 5513 697 5556 Mss.
719 5507 1078 5572 prope’omnes,
1102 5507 1345 5572 Cinariam
1367 5512 1566 5572 prolem.

544 5569 564 5584 '
586 5568 1097 5638 ttancemendavimus
1117 5569 1176 5618 ad
1191 5569 1324 5638 a._hl.
1354 5568 1436 5633 ὃς.
1467 5577 1544 5621 ch.
1562 5588 1613 5636 g.
1630 5587 1712 5637 ξτες.
1730 5589 1812 5638 gv.
1839 5591 1887 5626 ιι.
1920 5591 1960 5628 r.
1985 5581 2060 5629 sb.

481 5627 606 5680 duos
627 5636 662 5677 t.
687 5629 808 5678 duos
830 5644 878 5677 v.
897 5639 948 5679 et
968 5631 1026 5680 ad
1049 5642 1150 5680 Am.
1173 5631 1279 5681 Bad.
1297 5639 1370 5682 Er.
1389 5627 1502 5683 ‘Lov.

543 5691 628 5762 (ιι),
639 5687 874 5762 Alias-113
893 5693 1104 5762 secunda
1121 5708 1133 5744 :
1150 5706 1259 5758 qua
1280 5704 1443 5746 autem
1471 5696 1524 5747 l-i
1540 5706 1671 5762 erat,
1693 5712 1822 5752 nunc
1840 5700 1917 5752 72.
1941 5706 2064 5756 Scri-

484 5760 568 5815 pta
587 5751 713 5805 circa
736 5751 865 5806 idem
888 5761 1094 5818 tempus.

2170 389 2383 444 tandem
2425 386 2480 444 et
2521 402 2737 443 sensum
2779 385 2966 442 fefellit
2991 385 3081 442 illa
3112 385 3402 458 proceritas
3431 382 3598 441 Naevii
3629 386 3767 456 pede

2166 479 2419 551 longioris
2443 496 2598 550 quam
2620 480 2705 550 qui
2733 489 2814 535 est
2835 494 2929 534 sex
2955 479 3293 549 longissimus
3323 479 3382 556 ﬂ?
3408 479 3491 534 cui
3524 488 3577 534 te
3599 478 3764 536 credo

2167 573 2386 626 nimium
2413 573 2666 642 qumsissc
2692 570 2962 632 hominem
2987 570 3266 641 aequalem,
3298 561 3352 626 et
3377 585 3498 625 cum
3539 571 3759 628 minime

2166 663 2494 733 reperisses,
2531 677 2698 734 usque
2727 663 2778 717 in
2807 661 2922 732 ejus
2949 661 3176 716 formam
3206 670 3443 717 nostram
3482 661 3762 731 epistolam

2170 757 2385 812 tendere
2415 757 2662 812 voluisse.
2696 756 2875 824 Quare
2903 771 3024 811 cum
3061 756 3112 811 in
3142 755 3300 810 terris
3325 769 3535 825 quoque
3565 754 3756 824 aliquid

2169 848 2272 905 tale
2310 849 2536 917 existat,
2566 849 2696 904 nihil
2741 847 2809 903 de
2836 847 2976 904 coelo
3019 855 3144 918 puto
3179 861 3298 902 esse
3341 845 3665 901 mirandum.
3705 846 3765 902 Si

2170 951 2348 996 autem
2378 949 2430 996 te
2471 950 2679 1006 movet,
2709 940 2852 1013 quod
2880 950 3074 1012 prteter
3120 939 3288 994 solem
3333 939 3530 993 nullius
3577 938 3770 994 sideris

2169 1033 2350 1090 lumen
2377 1034 2560 1105 implet
2586 1034 2758 1099 diem;
2787 1033 2906 1106 quis
2933 1075 2950 1101 ,
2981 1047 3164 1104 quaeso
3194 1042 3279 1098 te,
3313 1031 3616 1088 hominibus
3644 1041 3766 1087 tan-

2169 1136 2256 1182 tus
2284 1130 2528 1199 apparuit
2562 1136 2791 1200 quantus
2814 1127 2904 1182 ille
2947 1126 3106 1183 homo
3145 1140 3301 1197 quem
3331 1125 3470 1180 Deus
3510 1125 3766 1194 suscepit,

2171 1217 2326 1288 longe
2365 1219 2519 1274 aliter
2546 1235 2705 1289 quam
2735 1227 2958 1274 exteros
2997 1226 3212 1274 sanctos
3261 1226 3420 1288 atque
3458 1217 3768 1288 sapientes?

2169 1308 2336 1376 Quem
2367 1311 2410 1364 si
2440 1325 2560 1365 cum
2598 1311 2715 1365 aliis
2754 1309 3079 1379 sapientibus
3107 1310 3128 1341 ³
3157 1307 3432 1374 conferas,
3468 1309 3656 1379 majori
3685 1307 3769 1364 di-

2173 1400 2365 1454 stantia
2388 1403 2707 1467 continetur,
2726 1417 2882 1472 quam
2905 1402 3188 1457 collatione
3207 1400 3336 1455 solis
3356 1409 3548 1455 caetera
3566 1400 3763 1457 sidera.

2176 1491 2345 1558 Quam
2392 1509 2521 1548 sane
2567 1493 2964 1550 similitudinem
3009 1493 3292 1565 diligenter
3337 1493 3562 1549 intuere.
3625 1491 3766 1550 Fieri

2171 1583 2312 1638 enim
2341 1593 2514 1656 potest
2540 1595 2717 1639 mente
2742 1601 2844 1656 qua
2869 1585 3104 1648 excellis,
3129 1594 3184 1639 ut
3211 1584 3492 1655 quamdam
3518 1585 3770 1655 quaestio-

2171 1690 2293 1731 nem
2324 1675 2390 1730 de
2427 1675 2640 1732 homine
2665 1675 2877 1733 Christo
2901 1692 2931 1732 a
2969 1686 3020 1733 te
3059 1677 3384 1748 propositam
3433 1685 3768 1733 transeuntes

2173 1765 2598 1822 dissolverimus.

2239 1857 2294 1912 4.
2341 1855 2471 1912 item
2498 1860 2692 1927 quzeris
2713 1869 2889 1916 utrum
2914 1874 3120 1916 summa
3143 1860 3229 1914 illa
3260 1860 3454 1915 veritas
3480 1869 3536 1915 et
3559 1873 3764 1915 summa

2145 1948 2426 2016 sapientia
2459 1959 2513 2003 et
2539 1949 2704 2004 forma
2731 1967 2929 2018 rerum,
2956 1967 3052 2020 per
3070 1965 3227 2021 quem
3258 1951 3390 2005 facta
3418 1959 3541 2004 sunt
3564 1949 3763 2015 omnia,

2169 2055 2324 2110 quem
2371 2039 2561 2096 Filium
2605 2043 2697 2098 Dei
2745 2044 2961 2099 unicum
3000 2058 3151 2099 sacra
3197 2053 3378 2100 nostra
3426 2045 3758 2114 profitentur,

2171 2133 2490 2201 generaliter
2519 2133 2768 2203 hominis,
2790 2152 2856 2192 an
2882 2138 3043 2192 etiam
3076 2136 3489 2208 uniuscujusque
3525 2146 3764 2192 nostrum

2171 2225 2431 2280 rationem
2463 2228 2749 2282 contineat.
2797 2227 2980 2300 Magna
3019 2229 3263 2301 qumstio.
3305 2228 3410 2284 Sed
3457 2229 3586 2284 mihi
3614 2229 3764 2284 vide-

2172 2328 2290 2381 tur,
2322 2318 2463 2388 quod
2511 2317 2577 2374 ad
2622 2319 2890 2376 hominem
2941 2320 3242 2376 faciendum
3286 2321 3508 2388 attinet,
3539 2320 3766 2376 hominis

2171 2409 2380 2478 quidem
2405 2419 2607 2465 tantum
2633 2428 2737 2467 non
2760 2428 2930 2466 meam
2955 2413 3037 2467 vel
3064 2422 3204 2466 tuam
3228 2411 3297 2467 ibi
3326 2427 3447 2468 esse
3469 2413 3760 2477 rationem;

2171 2501 2310 2570 quod
2336 2510 2509 2557 autem
2537 2503 2603 2558 ad
2633 2505 2818 2560 orbem
2852 2506 3108 2577 temporis
3134 2548 3149 2574 ,
3178 2505 3352 2560 varias
3377 2505 3646 2560 hominum
3676 2520 3768 2560 ra-

2174 2593 2348 2646 tiones
2379 2591 2430 2647 in
2471 2594 2557 2648 illa
2594 2596 2899 2650 sinceritate
2929 2595 3127 2651 vivere.
3158 2595 3356 2650 Verum
3387 2596 3489 2652 hoc
3516 2613 3632 2652 cum
3661 2595 3764 2651 ob-

2170 2686 2533 2741 scurissimum
2556 2687 2642 2754 sit,
2661 2704 2761 2757 qua
2784 2688 3127 2744 similitudine
3148 2689 3400 2744 illitStrari
3422 2689 3587 2760 possit
3608 2689 3757 2760 igno-

2172 2789 2237 2828 ro
2262 2793 2275 2829 :
2299 2776 2400 2830 nisi
2433 2775 2571 2831 forte
2599 2778 2664 2831 ad
2701 2787 2845 2832 artes
2873 2779 2986 2833 illas
3013 2795 3131 2850 qua:
3161 2779 3341 2834 insunt
3369 2779 3547 2835 animo
3582 2789 3766 2836 nostro

2173 2867 2583 2937 confugiendum
2606 2880 2707 2924 est.
2739 2869 2869 2924 Nam
2895 2871 2946 2924 in
2973 2871 3255 2942 disciplina
3279 2871 3530 2928 metiendi
3554 2887 3657 2928 una
3680 2881 3767 2928 est

2172 2959 2348 3028 anguli
2377 2961 2528 3024 ratio,
2549 2976 2650 3014 una
2673 2961 2936 3031 quadrati.
2962 2961 3143 3032 Itaque
3167 2963 3376 3033 quoties
3396 2963 3764 3019 demonstrare

2172 3051 2424 3121 angulum
2454 3052 2604 3117 volo,
2633 3068 2738 3108 non
2764 3053 2863 3108 nisi
2892 3069 2992 3108 una
3022 3054 3157 3110 ratio
3185 3055 3361 3126 anguli
3403 3055 3533 3110 mihi
3569 3069 3757 3110 occur-

2171 3143 2260 3198 rit.
2289 3143 2390 3199 Sed
2432 3144 2744 3214 quadratum
2775 3161 3107 3218 nequaquam
3155 3147 3474 3215 scriberem,
3505 3148 3604 3202 nisi
3629 3163 3765 3220 qua-

2175 3247 2296 3291 tuor
2322 3237 2478 3292 simul
2509 3239 2824 3309 angulorum
2851 3240 3114 3295 rationem
3146 3241 3416 3296 intuerer:
3448 3241 3517 3296 ita
3543 3241 3766 3312 quilibet

2172 3327 2334 3382 homo
2365 3344 2466 3382 una
2499 3330 2702 3385 ratione
2723 3372 2735 3394 ,
2762 3346 2864 3400 qua
2892 3329 3054 3385 homo
3086 3331 3396 3402 intelligitur
3417 3373 3432 3398 ,
3466 3331 3631 3387 factus
3658 3341 3760 3388 est.

2170 3418 2241 3472 At
2267 3428 2323 3472 nt
2349 3419 2576 3488 p0pulns
2607 3421 2717 3486 ﬁat,
2747 3423 2988 3492 quamvis
3017 3433 3071 3477 et
3101 3423 3210 3491 ipsa
3239 3438 3343 3478 una
3369 3424 3526 3491 ratio,
3549 3438 3652 3479 non
3678 3433 3763 3479 ta-

2171 3523 2293 3564 men
2323 3509 2551 3566 hominis
2577 3512 2729 3578 ratio,
2750 3512 2843 3568 sed
2871 3513 3166 3570 hominum.
3198 3513 3253 3571 Si
3278 3516 3436 3586 igitur
3460 3531 3584 3587 pars
3609 3516 3764 3587 hujus

2171 3603 2407 3658 universi
2433 3613 2514 3658 est
2542 3603 2823 3660 Nebridius
2845 3648 2860 3674 ,
2887 3606 3026 3663 sicut
3051 3616 3134 3664 est
3152 3651 3167 3675 ,
3195 3617 3249 3664 et
3274 3624 3431 3664 omne
3460 3609 3764 3666 universum

2172 3696 2410 3765 partibus
2437 3696 2635 3762 confit;
2668 3713 2772 3752 non
2800 3699 2970 3767 potuit
2993 3701 3228 3756 universi
3250 3701 3496 3757 conditor
3516 3701 3655 3758 Deus
3680 3718 3764 3758 ra-

2175 3791 2378 3846 tionem
2409 3793 2633 3861 partium
2659 3807 2762 3848 non
2789 3792 3007 3850 habere.
3036 3794 3390 3864 Quamobrem
3425 3795 3564 3865 quod
3596 3795 3763 3866 pluri—

2173 3898 2382 3938 morum
2408 3884 2678 3939 hominum
2702 3884 2772 3939 ibi
2794 3885 2932 3940 ratio
2953 3895 3056 3953 est,
3082 3902 3186 3941 non
3208 3884 3274 3940 ad
3301 3887 3472 3955 ipsum
3493 3884 3763 3942 hominem

2172 3980 2436 4048 pertinet,
2479 3994 2778 4050 quanquam
2825 3979 2974 4035 miris
3015 3994 3229 4035 rursum
3277 3979 3451 4035 modis
3491 3978 3559 4034 ad
3599 3994 3762 4034 unum

2173 4072 2348 4128 omnia
2371 4071 2694 4142 redigantur.
2723 4071 2828 4128 Sed
2854 4083 2906 4128 tu
2935 4072 2984 4128 id
3007 4073 3338 4130 commodius
3358 4073 3615 4145 cogitabis
3639 4091 3652 4129 :
3680 4073 3761 4130 his

2173 4173 2454 4220 contentus
2484 4165 2558 4220 sis
2579 4165 2788 4221 interim
2813 4176 2959 4237 peto,
2983 4182 3282 4238 quanquam
3301 4166 3411 4239 jam
3442 4166 3758 4224 excesserim

2173 4255 2428 4312 Ntevium.

2666 4328 2992 4384 EPISTOLA
3034 4329 3187 4384 xvn
3220 4330 3299 4402 ((ι)

2177 4439 2444 4512 Signi/iuit
2469 4443 2707 4512 scriptum
2737 4458 2769 4496 η
2795 4459 2848 4496 se
2876 4443 3175 4512 opusculum
3204 4443 3267 4498 de
3294 4443 3550 4516 religione,
3590 4454 3750 4500 trans-

2246 4532 2541 4586 mittendum
2563 4533 3052 4606 Romaniauo,quem
3081 4535 3309 4590 hortatur
3334 4547 3386 4592 ut
3413 4537 3568 4591 otium
3587 4537 3758 4591 datum

2246 4626 2367 4679 bene
2391 4625 2616 4681 collocet.

2619 4757 2918 4801 ROIANIANO
2954 4759 3297 4800 AUGUSTINUS.

2247 4856 2299 4909 1.
2339 4853 2454 4912 Νοιι
2479 4854 2594 4912 lure
2619 4856 2839 4928 epistola
2869 4857 2946 4914 sic
2974 4857 3206 4929 inopiam
3232 4856 3430 4912 charta:
3456 4855 3668 4920 indicat,
3699 4864 3756 4912 ut

2235 5009 2252 5039 ί
2273 5007 2382 5057 Bad.
2402 5016 2498 5074 Am.
2524 5016 2576 5074 et
2594 5015 2670 5074 Er.
2684 5009 2895 5059 habent:
2914 5018 2980 5061 Ne
3001 5017 3180 5074 septem
3194 5009 3341 5074 partes
3361 5007 3596 5074 longiores
3609 5021 3750 5072 quat-

2172 5082 2316 5132 quam
2335 5083 2427 5141 sea;
2445 5068 2860 5141 longissima._lov_.
2877 5085 2888 5120 :
2906 5080 2968 5121 .v‘e
2983 5068 3161 5141 septeni
3179 5068 3212 5136 p
3236 5071 3354 5141 {lunt
3368 5068 3599 5141 lmigioris
3613 5068 3755 5134 qum

2171 5129 2280 5194 aut:
2301 5144 2388 5197 sea:
2411 5129 2711 5196 longissimis.
2726 5132 2817 5181 Sed
2840 5129 3101 5197 legendum
3125 5129 3250 5183 ha'nd
3267 5133 3414 5184 dubie
3436 5129 3637 5197 uiti-uss:
3660 5145 3754 5196 ope

2171 5194 2502 5258 correximus;
2531 5207 2805 5258 quanquam
2839 5194 2911 5244 sic
2938 5196 2986 5244 in
3016 5195 3110 5244 illis
3129 5197 3365 5246 scribatur
3385 5208 3444 5246 ne
3466 5194 3533 5258 ι’ἱῙ
3560 5194 3754 5258 neuneu,

2172 5254 2326 5303 videri
2349 5262 2402 5303 ut
2415 5254 2580 5364 tpossit
2600 5254 2858 5330 signiﬁcari
2873 5291 2888 5316 ,
2911 5271 2970 5306 ne
2990 5264 3166 5330 septem
3194 5271 3213 5307 .'
3241 5258 3330 5308 sed
3352 5254 3562 5308 nostrain
3592 5254 3756 5307 lectio;

2172 5328 2289 5364 nem
2323 5329 2411 5364 con
2433 5325 2569 5364 Irmat
2603 5317 2652 5364 Id
2686 5318 2815 5364 quod
2846 5333 2894 5364 ιιι
2916 5320 3012 5364 fine
3050 5319 3268 5364 Emstoluz
3294 5321 3558 5364 nrreferunt
3581 5332 3756 5364 exces-

2171 5328 2289 5382 nem
2323 5317 2569 5382 confirmat
2603 5317 2815 5382 id’_quod
2846 5321 2894 5368 in
2916 5317 3268 5382 finefﬁpistolae
3294 5321 3558 5382 prteferunt
3581 5332 3756 5368 exces-

2169 5379 2297 5447 sisse
2325 5376 2537 5447 Νωιζὶιιιη
2556 5391 2573 5439 ;
2595 5379 2679 5427 ubi
2703 5376 2872 5430 rursus
2895 5383 2943 5430 in
2973 5376 3094 5429 ιιιιιζ
3115 5376 3340 5445 ωιϊιιιιίε
3366 5380 3565 5445 legitur,
3588 5393 3757 5430 cares-

2169 5452 2316 5489 SJ‘MI
2339 5452 2537 5488 remum.

2237 5503 2256 5568 ξ
2280 5503 2352 5550 sic
2375 5509 2477 5550 uss.
2501 5500 2598 5552 duo
2623 5504 2830 5568 vaticani
2853 5504 3150 5568 [hominibus
3166 5507 3202 5568 ].

2237 5565 2253 5578 ·
2283 5567 2537 5631 Recognita
2561 5573 2638 5615 est
2660 5565 2720 5613 ad
2747 5578 2796 5614 a.
2821 5565 2888 5616 bl.
2914 5569 2990 5618 ch.
3022 5583 3072 5631 g.
3098 5565 3182 5631 ggl
3205 5581 3283 5630 gv.
3310 5581 3358 5617 ιι.
3385 5581 3426 5618 r.
3459 5568 3533 5619 sb.
3569 5567 3689 5617 duos
3719 5576 3757 5617 t.

2169 5623 2294 5673 duos
2316 5638 2360 5671 v.
2394 5623 2445 5674 et
2465 5627 2525 5675 ad
2553 5633 2659 5676 Lov.

2171 5707 2309 5821 ³9ὅτι)
2337 5706 2456 5759 Alias
2481 5709 2602 5760 H5:
2630 5722 2740 5774 qua:
2763 5721 2928 5763 autem
2960 5714 3019 5765 15
3041 5720 3176 5776 erat,
3211 5723 3338 5762 nunc
3365 5713 3442 5764 ῗὸ.
3469 5714 3646 5775 Scripta
3677 5723 3762 5764 an.
