4054 6408
260 424 323 485 8|

275 548 654 609 membranas
690 554 888 609 saltem
919 549 1184 605 abundare
1215 553 1452 603 testetur.
1483 546 1729 600 Tabellas
1754 545 1913 601 ebur-

292 656 427 697 neas
455 658 603 713 quas
634 644 817 697 habeo
842 686 857 711 ,
885 640 1143 697 avunculo
1174 651 1264 693 tuo
1291 653 1409 694 cum
1441 636 1629 692 litteris
1657 637 1796 691 misi.
1840 635 1883 689 Τ
1885 652 1917 691 u

307 736 451 793 enim
476 734 612 790 buic
636 736 905 805 pelliculae
931 733 1131 788 facilius
1151 732 1413 803 ignosces,
1438 730 1559 800 quia
1589 729 1789 784 dill'erri
1810 744 1916 784 non

320 830 491 904 potuit
518 829 667 900 quod
700 829 749 883 ei
782 827 992 899 Scripsi,
1023 835 1077 882 et
1105 825 1197 879 tibi
1238 840 1343 879 non
1371 822 1606 879 scribere
1640 823 1800 877 etiam
1843 822 1921 876 in-

327 924 664 999 eptissimum
689 922 1010 977 existimavi.
1033 920 1138 977 Sed
1162 919 1402 983 tabellas,
1428 919 1611 989 siqua:
1637 918 1705 972 ibi
1730 927 1924 972 nostra:

335 1029 500 1077 sunt.
526 1025 747 1090 propter
793 1013 1091 1084 lmjusmotli
1140 1012 1521 1076 necessitates,
1560 1009 1736 1064 mittas
1779 1016 1921 1079 peto.

336 1110 533 1181 Scripsi
548 1106 799 1179 quiddam
818 1105 884 1159 de
902 1104 1159 1159 catholica
1184 1102 1457 1172 religione,
1479 1110 1733 1172 quantum
1754 1100 1924 1155 Domi-

334 1217 438 1258 nus
470 1200 599 1256 dare
631 1198 879 1270 dignatus
904 1206 984 1251 est
1004 1238 1018 1260 ,
1041 1195 1182 1265 quod
1212 1194 1303 1249 tibi
1341 1195 1461 1248 volo
1490 1202 1613 1248 ante
1641 1192 1925 1247 adventum

332 1309 514 1349 meum
543 1292 774 1354 mittere,
804 1289 847 1342 si
875 1288 1058 1342 charta
1087 1286 1300 1341 interim
1332 1302 1436 1339 non
1463 1284 1618 1339 desit.
1652 1283 1926 1339 Tolerabis

331 1385 479 1443 enim
524 1384 962 1455 qualemcumque
1025 1378 1339 1448 scripturam
1385 1393 1451 1431 ex
1499 1376 1707 1430 ollicina
1762 1374 1929 1445 majo-

332 1495 456 1536 rum
488 1480 527 1530 ¹.
570 1478 643 1532 De
672 1473 942 1530 codicibus
964 1514 977 1537 ,
1004 1481 1195 1542 prmtcr
1226 1470 1388 1525 libros
1410 1468 1476 1524 de
1498 1467 1740 1533 Oratore,
1759 1475 1925 1521 totum

335 1572 469 1629 mibi
493 1569 707 1625 excidit.
739 1567 842 1622 Sed
866 1566 997 1620 nihil
1019 1565 1244 1636 amplius
1266 1563 1560 1619 rescribere
1582 1561 1746 1632 potui,
1769 1577 1928 1633 quam

335 1673 395 1718 ut
423 1665 790 1733 ipsesnmeres
818 1674 953 1729 quos
981 1658 1190 1719 liberet,
1212 1663 1270 1711 et
1290 1671 1427 1711 nunc
1455 1656 1505 1710 in
1533 1654 1717 1711 eadem
1740 1668 1929 1709 maneo

336 1755 622 1814 sententia.
649 1754 856 1810 Absens
886 1752 1024 1808 enim
1057 1751 1181 1823 quid
1210 1752 1325 1822 plus
1351 1751 1537 1806 iaciam
1568 1766 1673 1806 non
1696 1749 1925 1806 invenio.

412 1848 469 1903 2.
504 1846 873 1903 Gratissimum
916 1843 1042 1897 mihi
1078 1852 1193 1905 est,
1222 1842 1359 1912 quod
1406 1843 1458 1896 in
1497 1842 1675 1896 ultima
1706 1841 1929 1912 epistola

335 1955 427 1997 me
451 1939 758 2011 participem
780 1935 1053 1992 domestici
1077 1933 1149 1989 tui
1167 1933 1339 2006 gaudii
1360 1931 1535 1989 facere
1549 1933 1783 1989 voluisti.
1799 1931 1927 1998 Sed,

466 2080 604 2122 uene
625 2070 739 2133 salis
762 2069 932 2133 placidi
954 2068 1141 2119 vultum
1165 2068 1438 2133 ﬂuctusque
1460 2066 1653 2132 quietos

468 2141 696 2197 tguorare
714 2132 864 2194 iubes
877 2133 900 2180 Υ

1276 2190 1436 2256 (Virg.
1470 2200 1510 2241 ν
1528 2188 1745 2254 .)

336 2336 640 2393 quanquam
673 2335 769 2375 nec
795 2334 881 2373 me
906 2318 1093 2388 jubeas
1112 2358 1127 2385 ,
1156 2333 1255 2373 nec
1281 2318 1393 2388 ipse
1421 2318 1650 2389 ignores.
1683 2317 1859 2384 Quare
1886 2317 1931 2371 si

336 2415 405 2469 ad
446 2414 637 2469 melius
679 2410 1017 2481 cogitandum
1060 2411 1213 2481 quies
1249 2410 1422 2481 aliqua
1468 2410 1588 2464 data
1638 2418 1749 2475 est,
1781 2420 1933 2466 utere

338 2506 525 2561 divino
556 2504 835 2561 beneficio.
869 2502 978 2559 Nec
1012 2503 1154 2558 enim
1184 2502 1439 2558 debemus
1476 2502 1651 2565 nobis,
1680 2519 1798 2557 cum
1834 2502 1932 2558 ista

338 2596 791 2673 proveniunt,sed
834 2596 939 2651 illis
972 2612 1067 2667 per
1094 2610 1229 2665 quos
1265 2595 1610 2665 proveniunt,
1636 2595 1888 2665 gratulari
1918 2612 1932 2651 :

338 2691 593 2763 quoniam
610 2688 773 2758 justa,
798 2697 852 2743 et
875 2686 1137 2754 ofﬁciosa,
1159 2696 1209 2740 et
1233 2701 1329 2756 pro
1349 2702 1447 2742 suo
1472 2702 1670 2756 genere
1698 2686 1934 2756 pacatior

340 2793 503 2851 atque
547 2780 881 2850 tranquillior
924 2795 1100 2833 rerum
1139 2777 1506 2848 temporalium
1542 2777 1936 2832 administratio

341 2871 770 2944 recipiendorum
797 2880 1118 2948 :eternorum
1147 2870 1393 2924 meritum
1420 2870 1618 2940 gignit,
1648 2870 1691 2923 si
1724 2886 1827 2927 non
1859 2878 1937 2925 te-

343 2972 468 3021 neat
493 2978 613 3019 cum
645 2972 886 3027 tenetur,
916 2977 1014 3015 nec
1044 2961 1277 3031 implicet
1312 2975 1430 3015 cum
1460 2960 1859 3029 multiplicatur,
1890 2961 1936 3016 si

340 3074 448 3114 non
471 3072 592 3113 cum
623 3065 841 3126 pacatur
866 3056 887 3087 ¹
918 3055 1170 3109 involvat.
1213 3054 1381 3124 Ipsius
1406 3055 1548 3108 enim
1572 3052 1823 3110 Veritatis
1843 3068 1937 3110 ore

338 3149 540 3205 dictum
564 3158 643 3204 est
671 3166 682 3201 :
706 3146 765 3203 Si
788 3148 838 3201 in
860 3147 1023 3201 alieno
1046 3145 1219 3215 ﬁdeles
1246 3163 1346 3200 non
1367 3145 1550 3217 fuistis,
1572 3146 1707 3216 quod
1721 3154 1937 3200 uestrum

339 3250 415 3298 est
451 3242 565 3313 quis
595 3241 732 3295 dabit
760 3240 896 3295 vobis
922 3239 1071 3313 (Luc.
1096 3256 1208 3307 im,
1234 3240 1359 3306 19.)?
1384 3239 1599 3293 Laxatis
1639 3255 1766 3311 ergo
1794 3240 1937 3296 curis

338 3332 678 3389 mutabilium
708 3347 906 3399 rerum,
938 3332 1075 3386 bona
1116 3330 1320 3385 stabilia
1360 3340 1413 3386 et
1442 3339 1583 3386 certa
1612 3346 1934 3402 quaeramus,

337 3424 749 3497 supervolemus
771 3422 997 3477 terrenis
1021 3422 1211 3492 Opibus
1237 3422 1452 3477 nostris.
1488 3421 1618 3477 Nam
1645 3432 1699 3476 et
1726 3422 1775 3476 in
1799 3422 1937 3477 mel-

337 3518 404 3574 lis
432 3517 585 3588 copia
608 3560 621 3579 ,
654 3532 760 3571 non
806 3513 1003 3570 frustm
1047 3529 1248 3584 pennas
1291 3514 1451 3569 habet
1490 3514 1740 3583 apicula;
1781 3522 1937 3569 necat

335 3611 487 3666 enim
519 3606 832 3664 bmrentem.

840 3716 1168 3774 EPISTOLA
1209 3716 1345 3772 xvr.
1372 3726 1380 3736 -
1404 3717 1480 3789 (α)

344 3858 614 3915 Maximus
634 3856 992 3927 grammaticus
1008 3854 1060 3910 Μ
1066 3855 1363 3908 adaurensis
1376 3853 1673 3924 Augustino.
1694 3871 1938 3910 excusans

415 3967 448 4003 a
470 3947 701 4019 Paganis
718 3962 872 4001 unum
885 3943 1050 4000 Deum
1065 3945 1216 3999 variis
1238 3945 1519 4019 nominibus
1537 3946 1654 4009 coli,
1667 3944 1939 4016 indignans

414 4050 639 4095 mortuos
664 4038 889 4093 homines
917 4035 1149 4091 Gentium
1178 4036 1275 4091 diis
1301 4037 1552 4106 praeferri,
1581 4038 1799 4092 irridens
1831 4037 1938 4092 Pu-

417 4132 534 4185 nica
555 4128 789 4202 quaedam
820 4131 1063 4192 nomina;
1088 4128 1424 4199 perstringens
1439 4168 1454 4194 ,
1473 4129 1761 4198 opinamur,
1786 4128 1936 4203 Chri-

411 4224 640 4287 stianos,
688 4222 823 4293 quod
867 4229 1220 4275 uenerarentur
1264 4220 1495 4289 sepulcra
1539 4230 1845 4290 martyrum.
1878 4237 1939 4274 ac

412 4324 599 4370 notans
625 4313 759 4384 quod
786 4312 1029 4385 profanos
1055 4312 1121 4365 ad
1147 4328 1241 4366 sua
1269 4326 1415 4365 sacra
1439 4327 1538 4365 non
1559 4310 1899 4365 admitterent.

564 4442 756 4482 Imm
796 4440 1159 4481 IADAUBENSIS
1197 4425 1219 4456 ³
1257 4442 1323 4480 sn
1362 4440 1715 4481 AUGUSTINUI.

416 4544 473 4599 1.
522 4540 686 4595 Avens
715 4539 885 4594 crebro
919 4539 1017 4594 tuis
1047 4536 1285 4605 affatibus
1325 4538 1603 4607 lwtiﬁcari,
1636 4548 1682 4592 et
1704 4539 1939 4594 instinctu

338 4637 413 4689 tui
444 4633 716 4697 sermonis,
734 4648 831 4703 quo
861 4648 939 4685 me
962 4631 1115 4701 paulo
1142 4639 1256 4683 ante
1274 4630 1638 4701 jucundissime
1656 4630 1795 4684 salva
1816 4630 1941 4685 cha-

337 4731 501 4782 ritate
529 4726 763 4797 pulsasti,
794 4724 937 4795 paria
965 4724 1223 4779 redhibere
1252 4740 1352 4778 non
1376 4724 1577 4790 destiti,
1606 4741 1667 4778 ne
1688 4726 1941 4779 silentium

336 4836 516 4875 meum
565 4817 924 4887 paenitudinem
950 4816 1251 4887 appellares.
1300 4814 1406 4869 Sed
1448 4832 1614 4885 quaeso
1658 4825 1712 4870 ut
1750 4818 1795 4871 si
1833 4818 1941 4873 haec

336 4912 494 4984 quasi
522 4910 705 4965 seniles
734 4918 874 4963 artus
902 4924 1007 4963 esse
1033 4908 1254 4974 duxeris,
1284 4908 1607 4979 benignarum
1636 4909 1832 4962 aurium
1858 4909 1939 4964 in-

342 5002 617 5075 dulgentia
648 5001 984 5073 prosequaris.
1020 5000 1295 5072 Olympum
1337 5010 1550 5053 montem
1592 5000 1799 5054 deorum
1837 5019 1943 5057 esse

344 5093 722 5159 habitaculum,
751 5094 842 5148 sub
867 5094 1056 5147 incerta
1082 5093 1183 5163 fide
1213 5091 1408 5148 Graecia
1434 5093 1707 5165 fabulatur.
1737 5094 1801 5148 At
1827 5111 1941 5152 vero

416 5233 433 5263 ι
458 5236 572 5293 Uss.
608 5236 802 5293 septem
835 5228 1045 5287 habent,
1069 5239 1133 5293 eg
1155 5226 1342 5293 ofﬁcina
1366 5224 1589 5290 Majorini
1608 5240 1624 5286 ;
1646 5229 1945 5293 antiquiores

338 5291 465 5344 add.
506 5292 567 5341 ad
610 5290 913 5352 marginem,
958 5303 1022 5340 ea:
1056 5290 1245 5352 ofﬁcina
1284 5302 1514 5352 meorum.
1544 5298 1677 5352 eum
1715 5290 1837 5340 torte
1873 5295 1944 5344 sic

339 5361 526 5426 uanus
551 5350 972 5416 interpungendus
1001 5350 1113 5402 est?
1136 5362 1209 5403 Ea:
1231 5350 1417 5417 ofﬁcina
1452 5350 1692 5413 majorum
1723 5352 1785 5402 de
1808 5354 1941 5404 codi-

774 5488 963 5534 omnes,
986 5481 1196 5539 putatur.
1222 5485 1360 5527 Forte
1383 5489 1469 5538 pro
1491 5481 1724 5540 portatur.

413 5541 437 5572 ³
460 5546 513 5589 tn
544 5537 649 5589 Mss.
685 5537 842 5587 tribus
872 5537 1102 5588 Masurius
1122 5537 1443 5589 Madam‘eusas
1469 5537 1777 5589 Crammatici
1804 5540 1944 5591 titulo

415 5610 583 5712 Pan";
611 5662 756 5724 Epist.
785 5668 837 5711 et
868 5670 977 5712 XVII
1010 5662 1069 5711 ad
1092 5666 1343 5713 Maximum
1366 5664 1623 5712 recensita:
1659 5672 1773 5714 sunt
1800 5665 1858 5714 ad
1894 5678 1939 5714 a.

338 5741 397 5778 α.
432 5726 509 5777 bl.
547 5725 632 5774 bu.
662 5725 746 5785 b3.
779 5738 823 5775 c.
854 5738 926 5776 oc.
965 5726 1015 5775 θ’.
1137 5740 1216 5789 gv.
1246 5726 1281 5785 ᾗ.
1312 5740 1359 5774 n.
1382 5740 1424 5774 r.
1464 5739 1505 5774 s.
1545 5727 1617 5775 sb.
1659 5734 1695 5774 t.
1721 5726 1843 5777 duos
1864 5742 1940 5777 vc.

338 5792 574 5836 annoque
596 5802 643 5836 ν.
670 5793 724 5835 et
756 5786 815 5835 ad
839 5796 937 5836 Am.
976 5795 1035 5836 Ba
1074 5823 1084 5833 .
1121 5794 1195 5835 Er.
1222 5795 1326 5836 Lor.

338 5792 643 5861 quoque}.
670 5793 724 5861 e_t
756 5786 815 5835 ad
839 5796 937 5837 Ain.
976 5786 1084 5861 uad.
1222 5795 1326 5861 Lor.

414 5848 725 5914 (01113345
749 5863 761 5899 :
786 5863 897 5913 qua:
919 5858 1083 5901 autem
1120 5850 1174 5900 16
1195 5858 1298 5901 erat
1314 5885 1327 5911 ,
1352 5864 1479 5902 nunc
1499 5850 1577 5900 Ἠ.
1602 5852 1781 5914 Scripta
1819 5850 1941 5904 forte

340 5910 713 5964 musae.

1498 429 1980 487 EPISTOLAItUM
2017 429 2294 487 cussrs
2332 431 2372 486 ι.
3020 419 3024 422 ’
3054 428 3064 436 “
3540 444 3613 502 se

2031 555 2216 601 nostra:
2236 546 2371 601 urbis
2390 547 2559 617 forum
2584 550 2882 606 salutarium
2902 555 3166 609 numinum
3195 555 3471 627 frequentia
3489 576 3615 629 pos-

2030 657 2219 695 sessum
2248 658 2338 695 nos
2361 643 2608 698 cernimus
2634 654 2679 699 et
2708 646 2996 715 probamus.
3048 645 3296 719 Equidem
3326 667 3485 705 unum
3511 670 3616 709 esse

2030 733 2197 789 Deum
2224 752 2497 802 summum,
2526 738 2634 792 sine
2660 739 2824 805 initio,
2850 742 2956 795 sine
2986 744 3127 811 prole
3154 753 3375 811 naturae,
3402 762 3493 800 ceu
3519 763 3619 815 pa-

2031 838 2157 883 trem
2177 846 2417 900 magnum
2443 840 2591 900 atque
2618 834 2963 903 magniﬁcum,
2989 836 3101 905 quis
3127 844 3231 890 tam
3258 836 3479 907 demens,
3514 849 3620 895 tam

2031 932 2195 976 mente
2218 931 2397 993 captus
2425 932 2567 994 neget
2594 940 2699 977 esse
2721 925 3096 981 certissimum?
3136 926 3305 993 Huius
3342 945 3433 984 nos
3456 930 3619 986 virtu-

2031 1022 2102 1068 tes
2128 1030 2215 1084 per
2244 1014 2556 1068 mundanum
2582 1031 2707 1085 Opus
2737 1014 2973 1082 diffusas,
3003 1018 3174 1072 multis
3194 1018 3447 1076 uocabulis
3472 1022 3620 1077 invo-

2032 1123 2203 1160 camus
2229 1147 2242 1173 ,
2274 1107 2515 1176 quoniam
2542 1124 2721 1161 nomen
2763 1108 2872 1178 ejus
2898 1110 3064 1162 cuncti
3108 1111 3369 1181 praprium
3394 1112 3623 1168 videlicet

2032 1200 2343 1271 ignoramus.
2386 1198 2525 1253 Nam
2566 1199 2703 1254 Deus
2740 1200 2969 1255 omnibus
2996 1201 3320 1272 religionibus
3359 1221 3625 1262 commune

2033 1308 2213 1345 nomen
2236 1299 2326 1345 est.
2368 1288 2451 1343 Ita
2480 1292 2538 1359 [it
2576 1301 2628 1344 ut
2653 1291 2775 1343 dum
2808 1292 2917 1361 ejus
2958 1292 3102 1361 quasi
3141 1293 3373 1363 quaedam
3402 1297 3626 1351 membra

2034 1384 2267 1456 carptim,
2296 1384 2450 1437 uariis
2478 1384 2927 1455 supplicationibus
2952 1385 3319 1454 prosequimur,
3346 1396 3507 1442 totum
3530 1404 3622 1443 co-

2035 1477 2135 1532 lere
2160 1480 2383 1548 profecto
2410 1476 2689 1532 videamur.

2104 1569 2159 1623 2.
2201 1567 2307 1622 Sed
2334 1568 2678 1638 impatientem
2701 1584 2780 1622 me
2803 1585 2907 1625 esse
2935 1569 3062 1623 tanti
3081 1569 3285 1632 erroris,
3304 1569 3625 1627 dissimulare

2034 1678 2135 1716 non
2161 1676 2382 1731 possum.
2416 1658 2539 1725 Quis
2564 1659 2696 1713 enim
2732 1660 2860 1730 ferat
2885 1658 3001 1714 Jovi
3028 1659 3242 1733 fulmina
3260 1659 3474 1715 vibranti
3494 1676 3623 1731 prae.

2034 1756 2158 1826 ferri
2189 1754 2493 1827 illygdonem
2516 1754 2567 1817 ¹;
2593 1751 2810 1821 lunoni,
2844 1752 3105 1818 Minervae,
3137 1752 3335 1819 Veneri,
3368 1738 3627 1826 Vestaeque

2035 1843 2259 1901 Sanaem
2281 1886 2294 1909 ,
2319 1854 2365 1898 et
2392 1844 2614 1909 cunctis,
2643 1843 2770 1915 proh
2800 1846 2943 1915 nefas
2965 1842 2987 1897 !
3011 1842 3107 1896 diis
3132 1841 3496 1900 immortalibus
3532 1861 3627 1898 ar-

2034 1935 2394 2006 chimartyrem
2425 1932 2909 2004 Namphanionem?
2938 1934 3067 1987 inter
3094 1950 3219 2004 quos
3239 1932 3445 1990 Lucitas
3473 1936 3627 1990 etiam

2036 2027 2175 2081 haud
2194 2028 2387 2081 minore
2410 2028 2548 2080 cultu
2574 2026 2845 2096 suspicitur
2859 2027 2901 2090 ²,
2917 2036 3065 2095 atque
3083 2026 3171 2080 alii
3196 2027 3515 2082 interminato
3537 2045 3628 2083 nu-

2035 2134 2174 2175 mero
2191 2118 2309 2191 (diis
2325 2117 2704 2185 hominibusque
2722 2119 2896 2173 odiosa
2919 2119 3145 2189 nomina)
3173 2119 3258 2189 qui
3276 2120 3579 2175 conscientia
3602 2121 3626 2153 ³

2035 2210 2368 2281 nefandorum
2396 2210 2678 2281 facinorum
2698 2250 2713 2273 ,
2738 2210 2902 2279 specie
2938 2208 3173 2280 gloriosa:
3205 2211 3379 2265 mortis
3398 2252 3413 2277 ,
3435 2211 3627 2266 scelera

2035 2320 2130 2358 sua
2144 2301 2408 2358 sceleribus
2432 2300 2766 2366 cumulantes,
2786 2300 2996 2371 dignum
3016 2300 3236 2356 ntoribus
3256 2301 3500 2372 factisque
3520 2304 3627 2357 suis

2036 2397 2224 2451 exitum
2245 2394 2484 2449 maculati
2509 2404 2818 2464 repererunt.
2866 2392 3060 2447 Horum
3092 2393 3254 2458 busta,
3277 2394 3322 2448 si
3346 2404 3628 2449 memoratu

2037 2491 2247 2561 dignum
2275 2499 2346 2543 est
2366 2532 2379 2556 ,
2408 2488 2596 2542 relictis
2623 2488 2849 2557 templis,
2880 2487 3116 2559 neglectis
3144 2488 3395 2559 majorum
3418 2504 3628 2542 suorum

2038 2580 2265 2635 manibus
2285 2622 2299 2646 ,
2328 2580 2467 2635 stulti
2502 2583 2847 2650 frequentant,
2874 2580 2947 2632 ita
2973 2587 3027 2632 ut
3069 2579 3375 2650 praesagium
3406 2579 3531 2634 vatis
3557 2578 3625 2633 il-

2038 2673 2136 2727 lius
2164 2673 2367 2742 indigne
2391 2671 2595 2740 ferentis
2623 2670 2834 2723 emineat
2857 2684 2877 2723 :

2161 2770 2309 2827 Inque
2331 2769 2485 2812 Deum
2506 2759 2703 2823 templis
2718 2761 2895 2823 iuravit
2917 2767 3167 2883 ttomqmr
3183 2759 3395 2885 umbris.

3153 2835 3289 2872 anus.

3153 2835 3289 2872 anus.

2038 2930 2142 2987 Sed
2168 2930 2295 2985 mibi
2326 2929 2425 2984 bac
2446 2936 2760 2998 tempestate
2786 2926 3167 2998 propemodum
3195 2927 3402 2983 videtur
3429 2927 3628 2985 bellum

2040 3022 2314 3078 Actiacum
2356 3019 2377 3051 "
2422 3034 2604 3074 rursus
2629 3028 2870 3074 exortum
2894 3062 2909 3086 ,
2950 3034 3058 3090 quo
3098 3018 3348 3091 Egyptia
3387 3028 3629 3077 monstra

2041 3114 2096 3169 in
2120 3114 2481 3167 Romanorum
2511 3111 2643 3166 deos
2659 3110 2890 3166 audeant
2912 3110 3013 3165 tela
3031 3110 3259 3176 vibrare,
3278 3111 3496 3167 minimc
3523 3113 3627 3168 du-

2039 3214 2238 3262 ratura.
3584 3206 3603 3222 ⁴

2118 3299 2175 3353 3.
2217 3296 2322 3353 Sed
2344 3296 2474 3350 illud
2501 3312 2690 3367 qiueso,
2723 3296 2803 3349 vir
2822 3295 3209 3367 sapientissime,
3235 3296 3310 3349 uti
3333 3305 3524 3351 remoto
3549 3298 3631 3367 fa-

2041 3390 2241 3445 cundite
2282 3390 2460 3445 robore
2492 3400 2639 3457 atque
2674 3390 2880 3460 exploso
2904 3432 2918 3456 ,
2964 3406 3065 3461 qua
3105 3391 3298 3445 cunctis
3327 3391 3497 3447 clarus
3533 3408 3586 3447 es
3608 3434 3626 3459 ,

2040 3485 2240 3539 omissis
2265 3484 2417 3537 etiam
2443 3482 2620 3555 quibus
2652 3501 2877 3555 pugnare
2911 3483 3105 3539 solebas
3132 3483 3457 3557 Chrysippeis
3476 3504 3631 3559 argu-

2040 3576 2242 3642 mentis,
2272 3575 2549 3645 postposita
2584 3575 2846 3644 paululum
2875 3576 3168 3643 dialectica,
3215 3593 3328 3647 qua:
3365 3593 3630 3635 nervorum

2042 3685 2247 3722 suorum
2272 3666 2539 3721 luctamine
2565 3668 2694 3722 nihil
2714 3669 2836 3723 certi
2860 3670 3091 3739 cuiquam
3115 3671 3397 3739 relinquere
3420 3674 3628 3741 nititur,

2041 3761 2152 3830 ipsa
2173 3776 2227 3813 re
2250 3757 2517 3833 approbes,
2548 3761 2659 3830 quis
2684 3760 2748 3814 sit
2775 3762 2869 3815 iste
2890 3760 3025 3816 Deus
3044 3779 3188 3832 quem
3206 3765 3363 3831 vobis,
3385 3764 3633 3821 Christia-

2042 3852 2116 3914 ni,
2139 3851 2284 3920 quasi
2304 3851 2566 3922 proprium
2586 3852 2873 3915 uindicatis,
2900 3862 2947 3905 et
2976 3853 3029 3906 in
3052 3852 3175 3909 locis
3201 3856 3385 3911 abditis
3406 3874 3632 3927 prtcsen-

2042 3951 2141 3996 tem
2167 3958 2253 3997 vos
2272 3941 2439 3997 videre
2464 3943 2786 4013 componitis.
2814 3942 2927 3998 Nos
2953 3946 3139 3999 etenim
3165 3946 3285 4003 deos
3302 3958 3498 4003 nostros
3519 3951 3633 4006 luce

2042 4035 2215 4105 palam
2242 4043 2359 4088 ante
2390 4034 2562 4088 oculos
2591 4044 2742 4103 atque
2776 4051 2924 4089 aures
2958 4037 3184 4090 omnium
3210 4039 3501 4093 mortalium
3530 4040 3631 4109 piis

2046 4126 2275 4199 precibus
2306 4128 2600 4193 adoramus,
2625 4137 2672 4181 et
2714 4144 2805 4198 per
2841 4143 3019 4182 suaves
3060 4129 3251 4185 hostias
3283 4132 3527 4201 propitios
3548 4151 3635 4189 no-

2043 4222 2117 4276 bis
2146 4220 2405 4291 eﬂicimus,
2429 4226 2475 4273 et
2495 4236 2527 4272 a
2545 4220 2737 4274 cunctis
2762 4220 2867 4274 hatc
2890 4221 3028 4274 cerni
3065 4230 3111 4275 et
3136 4220 3339 4293 probari
3366 4224 3632 4281 contendi-

2042 4330 2172 4369 mus.
2408 4352 2427 4379 ,

2114 4405 2169 4460 4.
2212 4403 2318 4461 Sed
2357 4404 2566 4459 ulterius
2603 4404 2719 4458 huic
2760 4402 3022 4459 certamini
3066 4422 3147 4461 me
3189 4423 3343 4463 senex
3379 4409 3635 4468 inualidus

2044 4496 2286 4555 subtraho
2311 4539 2327 4565 ,
2373 4506 2419 4551 et
2448 4496 2502 4550 in
2543 4496 2837 4551 sententiam
2874 4494 3146 4552 Mantuani
3176 4500 3391 4557 rhetoris
3427 4502 3636 4559 libenter

2045 4606 2199 4663 pergo
2231 4632 2244 4644 ’
2540 4658 2701 4709 'n‘ahit
2721 4672 2809 4710 sua
2829 4673 3079 4727 quemque
3103 4663 3340 4727 voluptas.

2944 4722 3102 4791 (t'irg.
3126 4723 3176 4775 in
3201 4722 3317 4777 Bue.
3344 4726 3444 4778 Ecl.
3466 4728 3538 4792 2.)

2048 4827 2174 4883 Post
2196 4827 2304 4881 lucc
2329 4843 2429 4881 non
2446 4825 2639 4891 dubito,
2658 4826 2734 4879 uir
2756 4826 2954 4890 eximie,
2972 4827 3108 4897 quia
3130 4844 3239 4883 mea
3255 4837 3387 4884 secta
3402 4831 3630 4899 deviasti,

2048 4921 2179 4975 hanc
2204 4919 2466 4991 epistolam
2502 4919 2786 4989 aliquorum
2825 4922 2961 4989 furto
2984 4918 3280 4987 detractam,
3308 4922 3527 4990 flammis
3556 4923 3634 4978 vel

2046 5012 2263 5083 quolibet
2282 5019 2428 5081 pacto
2447 5010 2742 5081 perituram.
2765 5008 2913 5075 Quod
2926 5009 2970 5062 si
2986 5010 3246 5078 acciderit,
3277 5012 3370 5066 erit
3389 5012 3633 5068 damnant

2048 5103 2311 5169 chartulae,
2344 5120 2445 5158 non
2489 5102 2647 5157 nostri
2681 5103 2943 5166 sermonis,
2990 5104 3137 5174 cujus
3186 5106 3443 5177 exemplar
3483 5123 3631 5175 penes

2047 5212 2219 5251 omnes
2256 5195 2515 5266 religiosos
2554 5203 2791 5265 perpetuo
2818 5194 3057 5249 retinebo.
3096 5193 3182 5249 Dii
3210 5206 3257 5251 te
3282 5207 3507 5261 servent,
3540 5213 3633 5266 per

2047 5306 2173 5362 quos
2194 5299 2240 5344 et
2271 5305 2443 5344 eorum
2478 5297 2626 5358 atque
2651 5299 2945 5343 cunctorunt
2988 5290 3278 5344 mortalium
3318 5304 3633 5344 communem

2114 5419 2131 5491 ξ
2155 5424 2264 5491 Mss.
2288 5416 2543 5467 duodecim
2554 5414 2819 5491 _Migginem
2836 5452 2852 5475 ,
2880 5430 2937 5468 ac
2956 5416 3447 5491 ppulo.
3478 5416 3633 5481 pleri-

2047 5486 2174 5544 que,
2198 5488 2429 5544 Sarranum
2446 5492 2534 5541 pro
2546 5478 2745 5529 samem
2769 5492 2787 5529 :
2812 5478 3026 5544 nonnulli
3049 5478 3194 5529 etiam
3213 5486 3252 5528 Ν

2050 5538 2137 5605 pro
2159 5538 2483 5607 b’amphanio'n
2509 5548 2737 5607 mrum-0
2763 5541 3041 5607 celebratur
3061 5546 3239 5604 martyr
3257 5538 3557 5607 Nantpham’o
3584 5538 3635 5597 ὶιΞ

2048 5602 2360 5676 ἓωςῑξιιοιὸίξ..
2380 5611 2507 5653 Rom.
2533 5604 2592 5653 ad
2614 5604 2743 5676 diem
2765 5604 2796 5652 4
2811 5602 2936 5665 julii.

2112 5669 2132 5697 ²
2159 5675 2262 5715 Mss.
2282 5669 2517 5729 quinque,
2540 5669 2815 5730 suscipitur.

2107 5729 2136 5798 f
2296 5727 2499 5798 plures:
2532 5735 2691 5798 atque.
2716 5726 2816 5777 alia
3165 5739 3394 5798 munero,
3419 5729 3516 5782 τίεις
3546 5732 3636 5783 [ιο.

2114 5790 2346 5854 'nibusque
2369 5790 2536 5841 odiosa
2556 5790 2767 5845 numera.
2794 5799 2904 5857 quin
2934 5790 3125 5841 conscia
3142 5791 3476 5854 nefandorum,
3503 5803 3585 5845 etc

2114 5852 2397 5922 θυεεηοςω
2418 5866 2431 5899 :
2455 5848 2941 5922 Βᾳζζρρῃίεεεὶαιιευηι
2968 5864 3137 5906 rursus
3166 5860 3403 5906 exortum.
3426 5864 3633 5916 Qtntuor

2053 5919 2176 5973 γει..
2203 5911 2470 5965 Αδὶαιέονηι.
2498 5910 2581 5962 alii
2602 5912 2735 5971 odd,
2760 5911 3020 5966 actiacion.
