4054 6386
471 473 543 531 stt
1655 467 1711 522 s.
1752 432 2115 549 mensum
2154 458 2453 514 EPISCOPI
3646 448 3713 509 st

477 605 688 661 patrem,
715 596 928 650 universi
947 593 1198 658 mortales,
1222 607 1343 659 quos
1364 602 1495 643 terra
1528 587 1766 651 sustinet,
1784 581 1919 636 mille
1936 596 2041 634 mo-
2060 626 2091 661 ὲ

479 687 557 741 dis
576 687 809 742 concordi
829 686 1080 741 discordia
1101 699 1392 737 veneramur
1416 690 1459 734 et
1489 680 1716 733 colimus.

934 819 1255 875 EPISTOLA
1308 816 1446 872 ινιι
1487 816 1585 885 (a).

482 924 787 1006 Augustinus
814 922 1035 988 Maximo
1052 931 1373 1005 grammatico
1392 926 1654 997 respondet
1674 925 1741 980 ad
1761 923 2040 995 superiom,

550 1025 639 1081 sed
657 1026 726 1080 sic
751 1035 803 1078 ut
824 1022 1047 1079 ostendat
1073 1022 1279 1093 indigna
1303 1020 1481 1089 quibus
1498 1017 1873 1089 respondeatur,
1892 1014 2045 1085 digna

553 1116 664 1187 quae
680 1114 955 1169 rideantur.

842 1212 908 1259 ab
946 1214 1189 1259 uaxruuu
1230 1210 1612 1256 IADAURENSEH
1651 1200 1690 1253 ¹.

553 1286 605 1352 Ι.
647 1294 925 1351 Seriumne
954 1293 1148 1363 aliquid
1182 1294 1316 1346 inter
1343 1307 1440 1347 nos
1465 1290 1666 1360 agimus
1703 1305 1767 1343 an
1792 1286 1955 1357 joCarl
1985 1280 2048 1341 li-

484 1382 614 1445 bet?
651 1382 779 1443 Nam
832 1380 965 1440 sicut
1010 1394 1097 1439 tua
1141 1382 1360 1452 epistola
1405 1382 1651 1451 loquitur,
1675 1380 1845 1433 utrum
1877 1384 2048 1431 eausa:

488 1482 651 1551 ipsius
682 1478 1007 1543 infirmitate,
1030 1493 1096 1530 an
1123 1490 1327 1529 morum
1353 1483 1557 1528 tuorum
1595 1471 1842 1527 c0milate
1870 1471 1941 1524 sit
1970 1467 2048 1523 ra-

485 1580 651 1635 ctnm,
673 1560 734 1626 iit
758 1560 942 1623 malles
969 1582 1087 1623 esse
1117 1567 1334 1622 facetior
1350 1582 1502 1635 quam
1522 1566 1768 1634 paratior,
1794 1564 2048 1616 incertum

487 1664 675 1719 habeo.
710 1651 892 1717 Primo
913 1659 1051 1714 enim
1078 1659 1283 1728 Olympi
1309 1659 1501 1713 montis
1520 1666 1571 1712 et
1594 1656 1689 1710 fori
1713 1652 1869 1709 vestri
1900 1660 2048 1710 cont-

487 1753 688 1824 paratio
714 1750 847 1806 faeta
874 1760 953 1805 est
984 1766 998 1804 τ
1024 1765 1141 1820 qum
1166 1749 1345 1803 nescio
1368 1762 1472 1819 quo
1497 1745 1832 1818 pertinuerit,
1865 1742 1964 1797 nisi
1997 1750 2053 1797 ut

487 1859 574 1899 me
598 1840 1071 1899 commonefaceret
1110 1838 1162 1894 in
1203 1838 1289 1893 illo
1320 1850 1499 1894 monte
1524 1836 1707 1893 Jovem
1748 1845 1919 1892 castra
1954 1838 2050 1904 p'o-

487 1934 678 1999 suisse,
701 1947 818 1986 cum
841 1928 1090 1986 adversus
1108 1939 1307 1999 patrem
1331 1928 1462 1983 bella
1483 1935 1719 1998 gereret,
1743 1934 1801 1981 ut
1820 1942 1879 1980 ea
1898 1924 2054 1981 docet

492 2023 729 2092 historia,
749 2030 905 2095 quam
938 2020 1100 2079 vestri
1129 2023 1286 2077 etiam
1312 2036 1516 2076 sacram
1546 2029 1766 2085 vocant;
1796 2027 1848 2073 et
1875 2019 1927 2073 in
1954 2019 2053 2072 isto

487 2115 603 2171 foro
627 2113 935 2169 recordarer
955 2127 1072 2169 esse
1097 2112 1151 2167 in
1180 2110 1383 2167 duobus
1407 2110 1702 2166 simulacris
1728 2124 1889 2163 unum
1915 2107 2051 2162 Mar-

488 2205 595 2259 tem
625 2204 821 2258 nudum
845 2245 858 2269 ,
889 2203 1111 2257 alterum
1148 2202 1405 2255 armatum
1430 2242 1443 2262 ,
1475 2214 1697 2270 quorum
1737 2197 2053 2253 dmmonium

487 2295 883 2351 infestissimum
914 2293 1133 2357 civibus,
1174 2291 1433 2361 porrectis
1472 2291 1638 2345 tribus
1674 2290 1847 2359 digitis
1872 2295 2053 2343 contra

489 2386 742 2442 collocata
759 2390 928 2441 Statua
942 2384 1167 2439 humana
1183 2383 1575 2449 comprimeret.
1600 2381 1808 2451 Ergone
1822 2393 2054 2449 unquam

490 2492 588 2548 ego
614 2476 928 2531 crediderim
956 2517 967 2540 ,
998 2474 1265 2528 mentione
1291 2473 1430 2527 illius
1455 2472 1553 2527 fori
1584 2471 1717 2526 facta
1738 2513 1752 2538 ,
1780 2471 2054 2525 numinum

434 2584 435 2587 ‘
488 2568 671 2622 talium
700 2566 1005 2621 memoriam
1028 2564 1153 2619 mihi
1181 2574 1232 2618 te
1261 2578 1515 2617 renovare
1544 2564 1773 2617 voluisse
1794 2604 1807 2627 ,
1840 2561 1935 2615 nisi
1973 2560 2055 2628 jo-

489 2659 599 2715 eari
622 2660 795 2729 potius
824 2674 977 2727 quam
1009 2658 1148 2711 serio
1168 2670 1322 2725 agere
1340 2654 1646 2709 maluisses!
1671 2654 1772 2709 Sed
1790 2652 1916 2706 illud
1943 2651 2053 2721 pla-

489 2765 555 2806 ne
581 2765 685 2820 quo
711 2749 843 2803 tales
868 2748 997 2802 deos
1022 2747 1260 2817 quasdam
1296 2746 1387 2801 Dei
1430 2746 1584 2799 unius
1618 2744 1794 2814 magni
1817 2744 2054 2799 membra

489 2854 608 2894 esse
636 2837 835 2902 dixisti,
867 2837 1150 2904 admoneo,
1177 2837 1297 2905 quia
1328 2836 1579 2905 dignaris,
1599 2835 1735 2888 utab
1757 2832 2055 2902 hnjusmodi

485 2928 754 2998 sacrilegis
794 2928 991 2982 facetiis
1020 2936 1069 2979 te
1097 2940 1417 2995 magnOpere
1458 2922 1741 2978 abstineas.
1783 2914 2055 2991 Siquidem

486 3018 633 3072 illum
664 3017 833 3071 Deum
860 3016 991 3069 dicis
1018 3031 1175 3068 unum
1201 3056 1213 3077 ,
1245 3013 1309 3067 de
1337 3029 1467 3082 quo,
1494 3020 1552 3067 ut
1576 3011 1772 3066 dictum
1794 3016 1874 3065 est
1904 3027 1931 3064 a
1961 3020 2054 3065 ve-

488 3108 718 3172 teribus,
766 3102 906 3160 docti
961 3104 1263 3173 indoctique
1315 3104 1693 3169 consentiunt,
1728 3100 1952 3171 hujusne
1998 3108 2056 3156 tu

458 3184 724 3254 ‘membra
749 3197 881 3251 dicis
908 3210 1045 3260 esse,
1075 3210 1295 3265 quorum
1326 3194 1724 3259 immanitatem,
1754 3194 1859 3259 vel,
1887 3193 1931 3247 si
1953 3193 2055 3248 hec

488 3289 674 3353 mavis,
706 3288 1011 3357 potentiam,
1043 3286 1234 3341 mortui
1262 3285 1488 3339 hominis
1524 3285 1694 3355 imago
1722 3286 2055 3354 compescit?

490 3380 645 3435 Plura
672 3380 798 3434 hinc
830 3392 1040 3448 possem
1081 3378 1289 3443 dicere;
1324 3377 1468 3431 vides
1494 3378 1631 3431 enim
1676 3390 1769 3447 pro
1803 3386 1885 3430 tua
1930 3390 2055 3447 pru—

487 3472 685 3539 dentia,
718 3482 870 3541 quam
900 3472 1045 3526 locus
1073 3460 1176 3526 late
1191 3470 1289 3525 iSte
1312 3475 1489 3538 pateat
1508 3468 1924 3538 reprehensioni.
1944 3468 2053 3524 Sed

488 3578 572 3617 me
593 3564 706 3632 ipse
732 3562 973 3627 cohibeo,
1000 3576 1063 3616 ne
1084 3576 1114 3614 a
1138 3568 1190 3614 te
1215 3559 1476 3613 rhetorice
1511 3561 1685 3631 potius
1723 3570 1879 3629 quam
1916 3558 2055 3613 veri-

487 3655 606 3710 dice
633 3669 788 3723 agere
814 3654 1107 3709 existimer.

554 3738 609 3791 2.
647 3736 777 3790 Nam
805 3737 942 3806 quod
969 3737 1178 3789 nomina
1214 3733 1451 3805 quasdam
1488 3734 1684 3792 Punica
1722 3743 2047 3790 mortuorum

487 3829 773 3898 collegisti,
808 3828 994 3897 quibus
1022 3828 1073 3881 in
1108 3836 1342 3881 nostram
1366 3826 1676 3896 religionem
1716 3826 1966 3892 festivas,
1993 3834 2052 3881 ut

491 3919 583 3975 tibi
619 3920 783 3974 visum
813 3929 891 3974 est
910 3960 925 3986 ,
947 3918 1293 3974 contumelias
1315 3917 1587 3987 jaeiendas
1611 3916 1846 3986 putares,
1873 3918 2053 3971 nescio

485 4020 661 4066 ‘otrum
676 4010 919 4067 refellere
934 4010 1151 4066 debeam
1173 4050 1188 4076 ,
1206 4024 1273 4064 an
1295 4010 1505 4065 silentio
1518 4010 1804 4078 prseterire.
1841 4008 1893 4062 Si
1908 4009 2050 4063 enim

485 4120 572 4158 res
601 4104 714 4157 ista:
743 4103 989 4158 videntur
1014 4113 1117 4157 tam
1146 4103 1287 4157 leves
1314 4111 1419 4156 tum
1448 4102 1685 4171 gravitati
1710 4116 1866 4171 quam
1894 4110 2017 4155 sunt
2035 4142 2049 4165 ,

482 4193 650 4262 joeari
672 4194 802 4248 mihi
822 4210 930 4249 non
952 4195 1171 4248 multum
1190 4202 1357 4249 vacat.
1378 4193 1435 4248 Si
1456 4202 1629 4247 autem
1652 4208 1838 4263 graves
1856 4194 1952 4247 tibi
1975 4194 2052 4247 vi-

485 4285 694 4347 dentur,
725 4286 887 4338 miror
916 4284 1055 4352 quod
1084 4285 1353 4338 nominum
1388 4284 1711 4338 absurditate
1749 4293 2014 4338 commoto
2033 4327 2048 4351 ,

487 4374 541 4429 in
570 4382 803 4427 mentem
832 4388 939 4426 non
962 4373 1163 4425 venerit
1186 4372 1381 4426 habere
1408 4380 1526 4425 tuos
1547 4380 1601 4425 et
1620 4374 1669 4424 in
1691 4373 2053 4428 sacerdotibus

488 4461 812 4517 Eucaddires
837 4464 880 4527 ²,
920 4469 975 4516 et
1004 4462 1053 4513 in
1081 4461 1381 4515 numinibus
1407 4460 1717 4515 Abaddires.
1744 4461 1859 4515 Non
1879 4461 1898 4492 ³
1926 4470 2051 4531 puto

490 4568 589 4622 ego
616 4553 717 4607 ista
747 4552 836 4606 tibi
867 4567 987 4606 cum
1017 4552 1275 4606 scriberes
1314 4551 1365 4605 in
1401 4552 1579 4605 animo
1610 4567 1711 4606 non
1736 4552 1926 4617 fuisse,
1958 4553 2052 4608 sed

488 4659 637 4698 more
672 4642 1011 4698 humanitatis
1038 4650 1092 4696 et
1122 4643 1320 4712 lepOris
1348 4643 1444 4708 tui,
1470 4632 1925 4699 commonefacere
1955 4661 2051 4701 nos

488 4735 692 4789 voluisti
727 4735 791 4789 ad
823 4736 1160 4790 relaxandum
1191 4735 1441 4802 animum,
1472 4744 1664 4806 quanta
1691 4736 1741 4790 in
1768 4747 1936 4791 vestra
1958 4754 2050 4794 su-

486 4816 794 4896 perstitione
827 4827 1043 4882 ridenda
1077 4828 1199 4882 sint.
1238 4827 1419 4897 Neque
1457 4828 1595 4883 enim
1622 4842 1786 4898 usque
1815 4830 1944 4883 adeo
1976 4838 2052 4886 te-

484 4916 659 4988 ipsm‘n
676 4914 1203 4988 o‘bliviscipo‘tuisscs,
1225 4927 1282 4971 ut
1296 4917 1454 4972 homo
1476 4916 1603 4972 Afer
1622 4920 1855 4973 scribens
1868 4918 2012 4975 Afris
2030 4964 2045 4989 ,

486 5022 605 5061 cum
633 5007 794 5061 simus
815 5002 1020 5077 utrique
1050 5007 1103 5061 in
1136 5004 1308 5062 Alrica
1337 5009 1624 5075 censtituti,
1654 4996 1851 5065 punica
1872 5012 2048 5068 ⁸11οωὶ-

484 5110 550 5150 na
577 5098 883 5166 exagitanda
913 5097 1258 5152 existimares.
1284 5097 1415 5152 Nam
1444 5099 1487 5153 si
1517 5098 1577 5154 ea
1607 5094 1858 5155 vocabula
1884 5096 2049 5157 inter—

452 5194 453 5197 ‘
484 5188 769 5258 pretemur,
794 5188 1118 5259 Namphamo
1138 5189 1260 5257 quid
1282 5189 1421 5245 aliud
1444 5191 1720 5261 significat,
1742 5194 1901 5263 quam
1920 5188 2047 5250 boni

476 5281 633 5351 pedis
657 5281 928 5336 hominem
948 5324 961 5347 ,
995 5281 1047 5336 id
1081 5292 1161 5337 est
1189 5283 1335 5351 cujus
1357 5283 1616 5338 adventus
1644 5282 1826 5340 aﬂ‘erat
1851 5286 2046 5356 aliquid

484 5371 779 5437 fclicitatis;
811 5373 951 5428 sicut
972 5373 1204 5427 solemus
1228 5372 1420 5437 dicere,
1454 5374 1687 5429 secundo
1716 5376 1850 5443 pede
1878 5377 2044 5431 intro-

485 5462 610 5525 isse,
639 5462 790 5532 cujus
802 5462 1073 5517 intumum
1098 5464 1418 5532 prosperitas
1446 5464 1615 5532 aliqua
1644 5463 2046 5520 consecuta'sit?

479 5595 562 5704 do‘
575 5601 644 5703 at?
658 5603 777 5702 l‘Mss.
802 5598 954 5646 tribus
981 5598 1208 5646 Maximus
1228 5598 1550 5645 Madaurensls
1572 5598 1877 5649 Grammatici
1906 5601 2043 5651 titulo

546 5670 571 5702 n
625 5669 655 5703 u
687 5692 698 5702 .

512 5664 879 5777 ogiituiilurlhus
904 5728 1023 5775 5133.,
1053 5718 1373 5768 1-.‘nraddares.

542 5779 561 5841 ἦ
586 5777 954 5841 Πικϐὶιὶιιηιέη.
976 5787 1084 5828 Lov.
1110 5778 1286 5835 ferum,
1313 5790 1445 5837 nam,
1473 5793 1557 5841 pro
1581 5787 1693 5829 Non.
1759 5788 1813 5830 Μ.

480 5839 609 5909 ..(α)
636 5838 758 5889 Alias
776 5839 863 5887 με
882 5853 991 5903 qua).
1026 5849 1187 5890 autem
1210 5842 1265 5891 17
1293 5849 1422 5901 erat,
1446 5838 1572 5892 nunc
1602 5843 1678 5892 59.
1713 5848 1888 5905 scripta
1919 5844 2043 5895 circa

476 5898 604 5951 idem
628 5909 833 5964 tempus.

2148 574 2275 640 Qua:
2304 574 2475 643 lingua
2498 572 2540 625 si
2569 569 2895 640 improbatur
2916 566 3009 622 abs
3039 576 3109 635 te,
3142 581 3273 636 nega
3301 564 3510 621 Punicis
3543 560 3711 633 libris,

2148 674 2205 720 ut
2243 680 2271 717 a
2312 664 2437 718 viris
2464 662 2781 717 doctissimis
2806 660 3071 731 proditur,
3106 652 3268 712 multa
3302 658 3568 727 sapienter
3610 672 3715 714 esse

2151 755 2395 810 mandata
2426 750 2713 808 memoriae.
2750 750 3009 805 Pmniteat
3039 760 3086 802 te
3107 758 3248 803 certe
3280 748 3350 802 ibi
3381 759 3562 803 natum
3581 790 3598 815 ,
3629 744 3716 805 ubi

2150 828 2303 917 hujus
2328 847 2517 915 lingua:
2548 845 2803 898 cunabula
2830 842 3080 897 recalent.
3115 838 3167 894 Si
3201 855 3324 895 vero
3356 849 3408 894 et
3434 844 3597 896 sonus
3626 858 3717 896 uo-

2151 938 2231 993 bis
2259 953 2361 992 non
2393 935 2775 991 rationabiliter
2799 932 3075 1003 displicet,
3108 942 3161 987 et
3187 948 3270 987 me
3298 932 3430 987 bene
3459 932 3716 1004 interpre-

2152 1036 2316 1083 tatum
2347 1020 2471 1082 illud
2504 1025 2816 1082 vocabulum
2844 1024 3180 1093 recognoscis
3202 1064 3218 1090 ,
3247 1020 3410 1080 habes
3438 1024 3576 1095 quod
3603 1024 3717 1082 δυο.

2150 1133 2371 1174 censeas
2401 1106 2616 1188 Virgilio
2642 1127 2752 1181 tuo,
2782 1115 2868 1185 qui
2896 1112 3172 1168 Herculem
3202 1122 3433 1168 vestrum
3461 1114 3524 1168 ad
3546 1129 3715 1184 sacra,

2150 1224 2268 1280 qua:
2285 1206 2358 1263 illi
2380 1207 2446 1262 ab
2470 1206 2716 1261 Evandro
2735 1206 3089 1268 celebrantur,
3115 1203 3300 1258 invitat
3324 1204 3425 1261 hoc
3448 1204 3604 1261 modo
3630 1219 3645 1260 :
3703 1208 3706 1213 ’

2275 1305 2328 1349 Et
2345 1312 2432 1349 nos
2453 1305 2505 1349 et
2524 1305 2607 1348 tua
2627 1297 2803 1348 dexter
2824 1295 2899 1347 adi
2922 1294 3205 1360 pedesaera
3226 1293 3459 1360 secundo.

2969 1357 3138 1422 (Virg.
3157 1355 3341 1409 Αεηείά.
3374 1356 3537 1419 mn.)

2155 1456 2398 1516 Secundo
2429 1458 2561 1531 pede
2581 1466 2724 1529 optat
2744 1469 2799 1514 ut
2824 1460 3019 1514 veniat.
3048 1459 3187 1529 Ergo
3222 1457 3405 1513 venire
3444 1450 3718 1515 Herculem

2156 1558 2301 1620 optat
2328 1550 2802 1619 Namphanionem,
2834 1549 2899 1605 de
2920 1564 3023 1620 quo
3050 1558 3102 1604 tu
3133 1550 3352 1605 multum
3385 1549 3536 1604 nobis
3562 1549 3724 1605 inSul-

2158 1644 2266 1697 lare
2290 1642 2542 1712 dignaris.
2584 1642 2958 1698 Verumtamen
2993 1642 3038 1696 si
3070 1641 3241 1696 ridere
3270 1640 3525 1707 delectat,
3562 1640 3722 1698 habes

2155 1734 2291 1805 apud
2320 1737 2412 1788 vos
2445 1749 2684 1805 magnam
2721 1735 2991 1789 materiam
3024 1733 3329 1789 facetiarum
3354 1750 3368 1786 :
3397 1734 3552 1790 deum
3578 1733 3724 1791 Ster—

2155 1826 2350 1879 cutium
2376 1866 2391 1892 ,
2417 1825 2570 1881 deam
2616 1825 2918 1881 Cloacinam
2940 1866 2957 1893 ,
2988 1825 3251 1880 Venerem
3290 1825 3500 1879 Calvam
3524 1866 3538 1889 ,
3567 1824 3721 1881 deum

2136 1916 2427 1972 Timorem
2450 1960 2463 1983 ,
2493 1919 2649 1973 deum
2678 1917 2935 1974 Pallorem
2955 1960 2970 1983 ,
2999 1917 3148 1971 deam
3174 1915 3393 1971 Febrem
3414 1957 3429 1981 ρ
3462 1926 3515 1971 et
3533 1918 3721 1973 ctetei‘i

2160 2008 2558 2063 innumerabilia
2596 2008 2985 2076 hujuscemodi,
3028 2008 3217 2079 quibus
3267 2007 3487 2062 Romani
3525 2008 3723 2078 antiqui

2160 2099 2562 2153 simulacrorum
2610 2100 2836 2155 cultores
2883 2100 3073 2168 templa
3117 2097 3390 2164 fecerunt,
3428 2106 3482 2153 et
3505 2097 3721 2153 colenda

2158 2198 2475 2243 censuerunt
2506 2208 2518 2243 :
2549 2204 2663 2259 quze
2689 2190 2731 2245 si
2755 2191 2991 2259 negligis,
3024 2190 3290 2244 Romanos
3312 2189 3441 2243 deos
3467 2189 3717 2261 negligis;

2157 2294 2223 2332 ex
2266 2294 2371 2348 quo
2412 2280 2715 2350 intelligeris
2756 2295 2859 2334 non
2901 2279 3154 2334 Romanis
3190 2278 3426 2333 initiatus
3456 2278 3643 2344 sacris,
3672 2288 3725 2335 et

2160 2379 2334 2424 tamen
2368 2370 2564 2425 Punica
2595 2370 2804 2424 nomina
2834 2371 2872 2434 ι,
2907 2378 3151 2440 tanquam
3174 2371 3450 2425 numinum
3477 2369 3499 2403 ⁸
3528 2369 3724 2426 Βοιω-

2159 2464 2346 2517 norum
2373 2461 2630 2516 altaribus
2654 2461 2866 2516 deditus
2888 2501 2903 2525 ,
2933 2460 3231 2516 contemnis
3254 2476 3318 2516 ac
3334 2459 3585 2531 despicis.

2225 2553 2281 2607 5.
2320 2550 2423 2607 Sed
2445 2552 2574 2607 mihi
2596 2552 2790 2608 videris
2817 2552 3032 2607 omnino
3068 2553 3183 2622 plus
3210 2564 3367 2621 quam
3390 2566 3487 2607 nos
3504 2551 3725 2627 fortasse

2158 2646 2245 2701 illa
2279 2662 2427 2701 saera
2458 2647 2605 2702 nihili
2634 2645 2892 2717 pendere,
2928 2644 3020 2700 sed
3041 2660 3109 2700 ex
3142 2646 3219 2700 eis
3245 2645 3426 2701 nescio
3450 2656 3607 2715 quem
3637 2660 3725 2702 ea-

2159 2744 2307 2807 ptare
2322 2737 2388 2791 ad
2411 2737 2567 2806 hujus
2594 2738 2714 2791 vitae
2734 2737 3011 2791 transitum
3037 2736 3360 2805 voluptatem
3384 2752 3396 2787 :
3425 2735 3618 2807 quippe
3635 2734 3726 2805 qui

2156 2830 2316 2884 etiam
2346 2844 2449 2883 non
2471 2827 2791 2885 dubitaveris
2811 2827 2876 2881 ad
2897 2827 3163 2881 Maronem
3189 2825 3494 2897 confugere,
3517 2834 3575 2881 ut
3589 2825 3725 2883 scri-

2156 2917 2261 2986 bis,
2290 2927 2342 2974 et
2369 2919 2485 2989 ejus
2505 2934 2661 2974 versu
2685 2926 2737 2973 te
2757 2918 2915 2984 tueri,
2942 2932 3046 2987 quo
3070 2917 3143 2971 ait
3172 2934 3185 2969 :

2493 3008 2653 3059 habit
2672 3020 2761 3073 sua
2781 3020 3026 3073 quemque
3049 3004 3286 3073 voluptas.

2736 3065 2844 3133 (Id.
2873 3065 2926 3120 in
2946 3065 3065 3119 huc.
3090 3065 3190 3118 Ecl.
3213 3066 3298 3131 ὅ.)

2158 3160 2286 3229 Nam
2315 3175 2358 3228 si
2386 3170 2476 3228 tibi
2502 3173 2790 3229 auctoritas
2836 3173 3064 3227 Maronis
3088 3173 3292 3242 placet,
3336 3168 3475 3226 sicut
3517 3168 3729 3241 placere

2157 3258 2436 3336 Signiﬁcas.
2468 3264 2703 3331 profecto
2727 3265 2884 3318 etiam
2926 3262 3053 3318 illud
3086 3263 3255 3332 placet
3288 3279 3301 3314 :

2279 3356 2460 3404 Primus
2481 3354 2541 3403 ab
2564 3354 2783 3405 azthereo
2807 3354 2940 3404 venit
2961 3359 3190 3415 Saturnus
3210 3352 3423 3415 olympo,

2280 3420 2419 3464 Arma
2439 3416 2571 3466 iovis
2590 3415 2802 3477 fugiens,
2828 3418 2879 3463 et
2897 3410 3228 3538 [gelatiin

2165 3586 2220 3634 et
2244 3588 2454 3645 cetera,
2473 3578 2661 3649 quibus
2679 3594 2795 3632 eum
2819 3587 2977 3648 atque
2998 3578 3357 3648 hujuscemodi
3378 3576 3507 3633 deos
3525 3584 3729 3633 vestros

2158 3670 2269 3724 vult
2296 3670 2512 3738 intelligi
2543 3669 2782 3723 homines
2816 3667 3003 3724 fuisse.
3031 3669 3254 3739 Legerat
3285 3668 3425 3723 enim
3463 3668 3549 3722 ille
3590 3667 3727 3723 mul-

2160 3768 2261 3812 tam
2294 3759 2314 3789 ³
2352 3758 2622 3812 historiam
2646 3766 2846 3813 vetusta
2877 3758 3189 3813 auctoritate
3213 3757 3532 3821 roboratam,
3564 3773 3721 3827 quam

2157 3849 2314 3906 etiam
2356 3848 2556 3903 Tullius
2584 3850 2818 3919 legerat,
2846 3849 2933 3918 qui
2972 3848 3075 3902 hoe
3102 3840 3238 3902 idem
3268 3846 3321 3901 in
3362 3840 3580 3918 dialogis
3610 3848 3729 3918 plus

2157 3938 2313 4011 Quam
2341 3940 2607 4009 postulare
2635 3938 2946 3994 auderemus
2976 3946 3393 4006 conimemOrat,
3439 3945 3492 3993 et
3528 3937 3728 4010 perdu-

2157 4038 2275 4087 cere
2314 4032 2363 4086 in
2410 4030 2680 4085 hominum
2721 4030 2962 4086 notitiam
2989 4070 3004 4096 ,
3037 4038 3294 4101 quantum
3349 4022 3440 4084 illa
3488 4034 3727 4100 tempora

2158 4118 2511 4192 patiebantur,
2535 4121 2770 4175 molitur.

2226 4212 2278 4266 4.
2318 4211 2469 4279 Quod
2494 4221 2667 4266 autem
2693 4211 2827 4266 dicis
2856 4253 2869 4276 ,
2899 4222 2963 4264 eo
2990 4209 3186 4266 nostris
3210 4216 3383 4264 veStra‘
3409 4223 3555 4266 sacra
3584 4220 3727 4280 mae-

2156 4304 2299 4372 poni,
2331 4302 2468 4371 quod
2498 4316 2592 4357 vos
2616 4300 2820 4370 publice
2848 4298 3021 4356 Colitis
3038 4300 3189 4365 deos,
3229 4310 3325 4355 nos
3338 4302 3512 4357 autem
3541 4306 3726 4356 secre-

2157 4396 2376 4449 tioribus
2390 4395 2769 4449 conventiculis
2785 4394 2979 4447 ntimur
2994 4410 3009 4447 :
3025 4395 3196 4463 primo
3210 4394 3334 4448 illud
3346 4393 3444 4450 abs
3455 4403 3719 4464 requare,

2155 4485 2420 4556 quomodo
2447 4486 2641 4540 oblitus
2670 4486 2743 4539 sis
2767 4484 3013 4539 Liberum
3045 4485 3188 4539 illum
3208 4525 3223 4551 ,
3253 4500 3410 4554 quem
3440 4499 3723 4555 paucorum

2155 4587 2483 4631 sacratorum
2522 4576 2693 4631 oculis
2717 4574 3155 4631 committendum
3196 4576 3408 4644 putatis.
3440 4574 3637 4632 Deinde
3666 4584 3724 4632 tu

2155 4671 2270 4739 ipse
2291 4668 2495 4739 judicas
2522 4668 2651 4723 nihil
2677 4667 2819 4723 aliud
2848 4677 2899 4723 te
2917 4683 3072 4737 agere
3092 4668 3319 4723 voluisse
3341 4709 3355 4735 ,
3383 4683 3503 4724 cum
3546 4668 3722 4739 publi-

2154 4779 2270 4818 cam
2312 4778 2581 4818 sacrorum
2612 4773 2907 4817 vestrorum
2948 4760 3364 4817 celebrationem
3402 4776 3726 4817 commemo-

2154 4870 2332 4917 rares,
2380 4853 2481 4908 nisi
2510 4862 2565 4907 ut
2592 4852 2744 4908 nobis
2771 4851 3084 4907 decuriones
3127 4860 3181 4905 et
3206 4850 3461 4921 primates
3498 4851 3723 4907 civitatis

2153 4960 2247 5016 per
2274 4947 2473 5016 plateas
2502 4953 2689 5001 vestrae
2726 4944 2876 4998 urbis
2900 4943 3216 4998 bacchantes
3234 4958 3295 4997 ac
3325 4940 3576 5009 (urentes,
3597 4950 3723 4998 ante

2153 5038 2335 5092 oculos
2355 5037 2501 5106 quasi
2524 5036 2820 5105 spectacula
2836 5049 3184 5105 poneremus:
3203 5035 3252 5087 in
3273 5049 3373 5103 qua
3394 5034 3717 5101 celebritate,

2153 5128 2196 5182 si
2224 5129 2438 5182 numine
2468 5126 2829 5181 inhabitamini
2858 5167 2873 5192 ,
2904 5134 3047 5181 certe
3085 5125 3273 5180 videtis
3297 5125 3451 5195 quale
3485 5124 3610 5181 illud
3652 5124 3722 5181 sit

2153 5215 2293 5288 quod
2320 5217 2502 5271 adimit
2525 5226 2777 5271 mentem.
2796 5216 2856 5271 Si
2882 5226 3057 5270 autem
3084 5214 3313 5285 ﬁngitis;
3345 5221 3461 5285 qua:
3481 5218 3605 5270 sunt
3620 5214 3719 5271 ista

2152 5310 2309 5365 etiam
2336 5309 2386 5362 in
2414 5308 2623 5377 publico
2642 5317 2815 5363 vestra
2840 5317 3041 5363 secreta
3058 5347 3074 5372 ,
3106 5307 3188 5362 vel
3216 5322 3321 5377 quo
3347 5310 3577 5376 pertinet
3607 5316 3719 5362 um

2153 5410 2303 5470 turpe
2332 5399 2699 5455 mendacium?
2728 5399 2922 5454 deinde
2950 5415 3043 5454 cur
3062 5399 3203 5454 nulla
3235 5399 3401 5453 futura
3422 5399 3607 5454 canitis
3630 5439 3645 5463 ,
3666 5397 3717 5453 si

2150 5504 2296 5551 vates
2322 5493 2486 5548 esus?
2522 5502 2611 5548 aut
2649 5508 2745 5548 cur
2778 5478 3016 5563 spoliatis
3053 5492 3482 5555 circumstantes,
3516 5491 3564 5546 si
3596 5490 3717 5546 sani

2150 5586 2280 5642 estis
2306 5586 2329 5638 ?

2214 5726 2229 5791 ξ
2253 5729 2381 5791 ιρι,
2404 5720 2623 5791 numina,
2638 5721 2723 5791 sed
2746 5719 2922 5791 melius
2944 5728 3068 5782 Mss,
3091 5726 3295 5773 nontma.

2212 5786 2230 5814 ²
2255 5786 2325 5833 sic
2346 5792 2451 5835 Mss.
2476 5792 2584 5846 octo
2608 5785 2887 5846 [naniam].

2214 5845 2233 5876 ³
2256 5852 2320 5908 ita
2342 5848 2389 5893 in
2410 5834 2815 5908 quindecimgams.
2839 5834 2889 5895 et
2910 5845 3317 5908 infantiquiot‘ibus
3339 5834 3640 5894 editionlbu's.
3660 5848 3718 5897 At

2154 5907 2278 5969 apud
2301 5913 2407 5957 ιον.
2428 5905 2660 5970 habetur,
2684 5906 2861 5972 legerat
2882 5905 3131 5960 Euhemeri
3152 5905 3411 5958 historiam.
