4054 6410
241 4487 294 4632 ,1

374 395 431 453 5.
470 396 604 454 Cum
631 397 810 476 igitur~
837 395 955 476 haec
990 408 1088 460 nos
1127 403 1180 452 et
1203 395 1337 461 alia,
1367 408 1487 466 qua:
1515 409 1658 450 nunc
1687 399 1903 464 praeter-

305 487 563 545 mittenda
588 473 876 555 existimo,
912 504 1006 560 per
1031 487 1308 560 epistolam
1339 497 1480 543 tuam
1502 485 1694 543 feceris
1720 501 1900 542 recor-

303 579 449 647 dari,
477 567 604 653 quid
635 596 735 636 nos
759 595 878 664 non_
893 565 1234 638 derideamus
1259 580 1390 637 deos
1406 588 1635 648 vestros,
1656 593 1792 652 quos
1805 577 1901 637 abs

306 681 358 728 te
383 667 505 744 ipso
537 667 806 726 subtiliter
838 665 1068 728 derideri
1104 687 1264 728 nemo
1291 687 1397 728 non
1423 671 1694 743 intelligit,
1717 670 1808 742 qui
1845 683 1902 728 et

305 763 579 838 ingenium
605 773 754 820 tuum
785 763 965 830 novit,
989 770 1044 820 et
1062 763 1187 836 legit
1210 765 1415 821 litteras
1440 771 1557 819 tuas
1588 763 1611 817 ?
1642 761 1823 836 Itaque
1854 763 1900 818 si

303 847 504 928 aliquid
525 854 674 910 inter
703 867 800 909 nos
827 845 912 913 his
937 845 1007 911 de
1024 855 1190 911 rebus
1217 856 1296 910 vis
1326 870 1565 928 agamus,
1592 853 1739 926 quod
1757 854 1898 909 relati

308 955 417 1005 tua:
455 941 861 1020 prudentiaque
890 947 1163 1020 congruit,
1194 949 1335 1020 quod
1362 945 1592 1018 denique
1619 947 1686 1003 de
1716 956 1900 1002 nostro

307 1031 579 1111 proposito
613 1037 736 1110 jure
777 1051 809 1094 ει
856 1033 1184 1096 charissimis
1215 1039 1412 1096 nostris
1449 1037 1674 1112 ﬂagitari
1700 1048 1893 1112 potest,

301 1139 486 1207 Quaere
514 1125 713 1207 aliquid
747 1137 929 1190 nostra
960 1133 1290 1190 discussione
1310 1134 1529 1206 dignum
1561 1151 1578 1190 :
1613 1143 1669 1190 et
1707 1150 1768 1190 ea
1797 1149 1896 1204 pro

302 1225 503 1284 vestris
526 1219 831 1283 numinibus
854 1234 979 1284 cura
1005 1225 1182 1283 dicere
1202 1269 1217 1295 ,
1242 1227 1295 1283 in
1323 1227 1514 1299 quibus
1539 1243 1644 1283 non
1683 1236 1736 1283 te
1767 1243 1896 1284 cau-

305 1328 383 1376 se
421 1317 890 1391 prtltvsricstorem
915 1323 1181 1392 putemus,
1209 1334 1316 1390 quo
1337 1334 1435 1375 nos
1461 1319 1628 1391 magis
1660 1331 1897 1376 commo-

300 1419 435 1469 ηοιε
460 1422 580 1484 qua:
604 1421 790 1469 contra
821 1411 942 1467 illos
966 1409 1070 1468 dici
1105 1419 1359 1483 possunt,
1387 1425 1546 1483 quam
1574 1426 1674 1482 pro
1701 1410 1780 1467 eis
1802 1412 1898 1467 ali-

299 1505 429 1577 quid
450 1504 622 1561 diutis.
653 1503 735 1560 Ad
775 1517 1038 1560 summam
1085 1513 1260 1560 tamen
1279 1547 1292 1572 ,
1318 1519 1386 1560 ne
1415 1512 1467 1560 te
1495 1502 1598 1560 hoc
1623 1501 1815 1571 lateat,
1844 1507 1898 1560 et

301 1598 356 1653 in
403 1597 664 1669 sacrilega
699 1596 938 1653 convicia
977 1593 1370 1668 imprudentem
1418 1595 1623 1666 trahat,
1676 1596 1813 1652 scias
1865 1607 1896 1652 a

303 1691 627 1748 Christianis
655 1689 951 1760 catholicis,
980 1703 1204 1764 quorum
1223 1689 1277 1747 in
1303 1698 1482 1748 vestro
1507 1691 1701 1763 oppido
1734 1691 1895 1748 etiam

299 1785 531 1843 ecclesia
561 1785 849 1841 constituta
875 1789 978 1852 est,
1009 1783 1212 1840 nullum
1240 1785 1342 1842 coli
1373 1793 1736 1851 mortuorum,
1763 1777 1896 1840 nihil

298 1876 534 1947 denique
555 1884 611 1932 ut
635 1887 830 1932 numen
860 1873 1069 1931 adorari
1094 1917 1110 1944 ,
1137 1874 1279 1946 quod
1309 1874 1379 1930 sit
1406 1873 1602 1931 factum
1628 1881 1682 1930 et
1708 1871 1897 1930 condi-

301 1977 416 2025 tum
443 1983 474 2023 a
505 1968 634 2037 Deo,
657 1965 752 2024 sed
781 1984 942 2023 unum
966 1967 1138 2039 ipsum
1171 1967 1336 2024 Deum
1354 1969 1443 2040 qui
1479 1967 1602 2024 fecit
1627 1975 1680 2025 et
1712 1965 1898 2025 condi-

299 2060 381 2117 dit
405 2059 606 2118 omnia.
648 2059 984 2118 Disserentur”
1012 2059 1109 2117 ista
1152 2061 1328 2131 latius,
1374 2063 1491 2136 ipso
1523 2077 1652 2118 vero
1695 2071 1749 2119 et
1790 2078 1898 2119 uno

300 2156 418 2212 Deo
455 2151 759 2228 adiuvante,
797 2169 918 2211 cum
959 2167 1009 2210 te
1045 2156 1278 2227 graviter
1318 2171 1478 2228 agere
1521 2155 1660 2213 velle
1702 2169 1898 2227 cogno-

297 2253 453 2305 vero.

753 2359 1083 2421 EPISTOLA
1123 2361 1448 2437 XVIII"(a).

559 2473 882 2534 Natursruns
905 2495 1061 2552 genus
1073 2480 1256 2552 triplex:
1273 2478 1646 2553 perstringitur.

760 2605 1080 2651 Αυειιετιιιυε
1117 2607 1196 2650 (ΖΔΕ
1203 2605 1446 2650 ιιεετιιιο.

378 2705 433 2760 1.
473 2703 520 2760 0
556 2703 760 2760 utinam
788 2720 1000 2776 possem
1027 2705 1239 2761 assidue
1267 2705 1358 2761 tibi
1377 2704 1572 2777 aliquid
1591 2704 1767 2760 dicere
1797 2703 1810 2758 !
1842 2697 1900 2759 id

307 2803 487 2856 autem
533 2793 730 2869 aliquid
767 2807 881 2865 est,
915 2806 975 2854 ut
1000 2793 1143 2854 curis
1177 2813 1497 2854 exueremur
1526 2796 1771 2852 inanibus
1799 2838 1813 2862 ,
1845 2805 1900 2851 et

307 2893 454 2950 curis
486 2890 834 2949 indueremnr
860 2883 1092 2948 utilibus.
1127 2891 1258 2947 Nam
1285 2889 1352 2948 de
1389 2891 1674 2948 securitate
1719 2889 1898 2946 nescio

308 2993 488 3044 utrum
513 2987 802 3059 qstdquam
830 2986 884 3042 in
923 2979 1026 3042 hoc
1050 2985 1248 3041 mundo
1278 2981 1596 3056 sperandum
1642 2982 1728 3039 sit.
1756 2979 1899 3039 Scri-

307 3083 414 3154 psi,
429 3085 533 3140 nes
544 3081 840 3154 recepiulla
859 3081 1134 3152 rescripta.
1154 3077 1272 3135 Misi
1289 3079 1568 3136 adversum
1582 3075 1899 3132 Manichaeos

308 3171 476 3230 libros
496 3216 511 3240 ,
535 3177 670 3245 quos
697 3183 910 3244 paratos
938 3179 992 3229 et
1013 3172 1324 3228 emendatos
1357 3170 1570 3226 mittere
1595 3169 1773 3242 potui,
1803 3181 1900 3224 nec

310 3263 600 3338 quidquam
627 3273 692 3321 ex
730 3265 836 3322 illis
873 3263 1056 3337 judicii
1084 3271 1365 3335 motusque
1393 3263 1562 3318 nostri
1592 3273 1776 3318 notum
1802 3261 1901 3316 mi-

309 3356 584 3414 lii-factum
617 3363 717 3414 est.
745 3343 897 3414 Nunc
923 3372 1018 3414 eos
1042 3365 1283 3427 repetere
1311 3354 1419 3426 jam
1449 3371 1534 3411 me
1555 3396 1572 3423 ,
1599 3371 1695 3412 vos
1721 3364 1900 3409 autem

308 3449 600 3508 restituere
637 3451 906 3507 convenit.
940 3449 1072 3507 Peto
1105 3451 1282 3520 itaque
1310 3466 1376 3504 ne
1411 3448 1666 3504 differatis
1691 3464 1785 3504 eos
1810 3464 1899 3503 re-

309 3541 528 3599 mittere
565 3557 688 3599 cum
727 3543 1021 3613 rescriptis,
1054 3542 1248 3614 quibus
1277 3557 1435 3599 nosse
1473 3544 1629 3612 cupio
1674 3539 1797 3612 quid
1835 3539 1902 3596 de

311 3629 419 3691 illis
441 3631 649 3706 geritis,
677 3633 762 3692 vel
799 3633 975 3691 adhuc
1017 3634 1084 3689 ad
1124 3634 1268 3689 illum
1301 3649 1537 3690 errorem
1590 3649 1900 3705 expugnan-

309 3725 440 3783 dum
469 3727 596 3797 quid
621 3736 902 3783 armatura:
923 3727 1072 3781 vobis
1101 3742 1233 3796 opus
1262 3740 1384 3781 esse
1411 3723 1762 3780 arbitremini.

383 3823 442 3880 2.
488 3825 630 3878 Sane
679 3819 926 3890 quoniam
964 3829 1027 3874 te
1068 3818 1224 3882 novi,
1272 3820 1451 3889 accipe
1502 3817 1604 3874 hoc
1653 3816 1902 3890 quiddam

309 3915 518 3993 grande
545 3924 599 3972 et
625 3913 806 3970 breve.
831 3901 924 3969 Est
955 3919 1137 3966 natura
1161 3927 1256 3982 per
1281 3911 1424 3966 locos
1447 3921 1500 3966 et
1521 3920 1755 3981 tempora
1785 3928 1901 3967 mu-

313 4009 516 4079 tabilis,
542 4019 599 4063 ιιι
618 4010 832 4078 Corpus.
856 3997 924 4058 Et
943 4011 1024 4058 est
1052 4013 1240 4058 natura
1271 4019 1365 4073 per
1387 4001 1532 4058 locos
1553 4001 1696 4057 nullo
1721 4003 1901 4072 modo,

313 4103 414 4164 sed
457 4107 662 4160 tantum
709 4115 806 4174 per
863 4109 1097 4169 tempora
1147 4097 1306 4153 etiam
1353 4095 1464 4167 ipsa
1513 4097 1800 4160 mutabilis,
1850 4105 1907 4152 ut

310 4187 514 4256 anima.
543 4183 612 4252 Et
633 4193 719 4251 est
743 4191 930 4266 natura
955 4206 1071 4261 quae
1094 4204 1190 4245 nec
1216 4204 1310 4258 per
1331 4187 1497 4253 locos,
1521 4204 1618 4243 nec
1647 4204 1743 4260 per
1767 4196 1902 4244 tem-

312 4293 448 4363 pora
474 4287 665 4344 mutari
690 4292 892 4357 potest;
920 4282 1020 4337 hoc
1052 4281 1194 4336 Deus
1213 4289 1313 4334 εει.
1345 4277 1497 4348 Quod
1525 4278 1611 4334 hic
1645 4279 1904 4334 insinuavi

309 4387 532 4456 quoquo
574 4378 734 4436 modo
762 4375 1032 4441 mutabile,
1070 4383 1313 4430 creatura
1341 4372 1566 4440 dicitur;
1615 4372 1754 4444 quod
1799 4375 1902 4428 im-

311 4469 598 4541 mutabile,
628 4457 870 4528 Creator.
903 4463 1036 4524 Cum
1065 4476 1242 4522 autem
1274 4481 1432 4521 omne
1457 4464 1598 4536 quod
1638 4479 1756 4520 esse
1782 4465 1907 4520 dici-

310 4584 458 4634 mus,
479 4566 532 4622 in
549 4572 802 4638 quantum
821 4563 1001 4618 manet
1021 4559 1282 4625 dicamus,
1303 4568 1360 4616 et
1387 4559 1438 4614 in
1457 4568 1712 4630 quantum
1741 4575 1904 4614 unum

224 4635 269 4722 κδ
311 4661 423 4728 εει,
452 4635 628 4716 omnis
655 4659 818 4728 porro
848 4645 1259 4726 pulchritudinis
1288 4649 1456 4707 forma
1489 4651 1660 4706 unitas
1684 4651 1754 4708 sit
1782 4668 1793 4704 :
1822 4650 1904 4704 vi-

309 4753 416 4812 des
452 4751 695 4825 'pt‘olbélo
749 4749 804 4804 in
848 4748 948 4803 ista
996 4744 1365 4801 distributione
1413 4752 1739 4810 naturarum,
1783 4743 1907 4815 quid

312 4845 530 4903 summa
563 4844 656 4909 ειι,
700 4839 826 4914 quid
864 4831 1064 4904 intime,
1111 4843 1167 4892 et
1199 4845 1374 4891 tamen
1410 4831 1512 4901 sit;
1555 4835 1681 4907 quid
1711 4835 1905 4904 medic,

309 4935 599 5008 majusque
623 4933 830 5001 iniiino,
857 4941 910 4987 ει
931 4931 1106 4985 minus
1131 4944 1342 4985 summo
1362 4927 1448 4983 sit.
1473 4925 1752 4984 Summum
1781 4927 1908 4983 illud

312 5027 546 5100 εει-ψει
566 5027 793 5084 beatitas
817 5031 830 5079 ‘:
859 5023 1119 5091 intimum,
1144 5020 1286 5093 quod
1311 5037 1407 5077 nec
1431 5021 1644 5086 beatum
1673 5036 1791 5077 esse
1813 5036 1908 5092 po-

315 5123 450 5187 ιεει,
479 5119 579 5176 nec
607 5119 862 5175 miserum
889 5135 903 5172 :
929 5114 1070 5186 quod
1097 5115 1222 5170 vero
1247 5113 1502 5179 medium,
1531 5113 1658 5168 vivit
1684 5112 1906 5170 inclina-

315 5211 473 5269 usus
495 5209 565 5266 Id
593 5209 861 5276 inﬁmum,
890 5208 1117 5270 misere;
1149 5205 1496 5260 conversione
1520 5204 1583 5258 ad
1618 5219 1906 5270 summum,

313 5301 485 5360 »ωε
515 5301 666 5357 vi’vit.
693 5289 796 5368 Qui
833 5291 1050 5354 Christo
1091 5297 1280 5364 'crcdit,
1303 5312 1406 5352 non
1437 5296 1608 5369 diligit
1647 5297 1905 5364 inﬁmam,

313 5391 693 5464 nussum-bit
715 5392 769 5447 in
800 5389 996 5458 medio,
1023 5397 1182 5460 atque
1220 5388 1290 5444 ita
1323 5404 1532 5444 summo
1561 5388 1820 5445 inhaerere
1849 5388 1909 5444 fit

383 5570 407 5588 ⁶
429 5566 500 5618 Ad
514 5581 562 5616 a.
579 5564 648 5616 bl.
669 5567 751 5617 ch.
776 5565 828 5616 if.
853 5579 904 5628 g.
929 5580 1013 5630 gg.
1039 5566 1114 5617 sb.
1135 5566 1202 5630 th.
1229 5579 1311 5628 gv.
1335 5579 1386 5614 ιι.
1404 5578 1478 5614 vc.
1509 5563 1631 5615 duos
1651 5572 1689 5616 t.
1717 5572 1769 5618 et
1789 5564 1910 5618 duos

314 5646 368 5684 ν.
394 5630 648 5691 recognita
673 5637 767 5691 est,
793 5637 846 5679 et
866 5630 924 5678 ad
940 5629 1048 5678 λιιι.
1072 5629 1180 5691 Ball.
1207 5635 1279 5676 Er.
1303 5635 1412 5678 Lor.

354 5668 368 5680 .
394 5643 454 5680 re
553 5643 648 5679 nlla
673 5643 767 5691 est,
793 5643 846 5679 et.
866 5643 924 5678 au
947 5643 1048 5678 am.
1072 5643 1180 5677 Bau.
1207 5643 1279 5676 ιε’.
1303 5643 1412 5678 Lov.

348 5758 358 5764 _
383 5643 612 5764 («ﬁlias
626 5691 729 5764 ῶς
759 5703 871 5755 qua
891 5699 1058 5743 autem
1081 5689 1141 5742 18
1162 5697 1297 5746 erat.
1321 5702 1449 5742 nunc
1468 5689 1547 5741 8i.
1571 5691 1750 5749 saluta
1785 5689 1908 5746 forte

472 5753 603 5805 idem
622 5753 829 5818 tempus.
850 5799 856 5817 ,
1695 5769 1699 5773 -

1488 271 1969 336 Εριετοιιιιιυιι
2009 273 2284 335 CLASSIS
2326 279 2367 334 l.

3537 284 3607 347 86

2017 389 2236 448 idoneus
2262 413 2275 448 :
2300 403 2356 451 et
2384 395 2487 496 hoc
2525 405 2608 454 est
2641 407 2807 455 totum
2835 400 2975 471 quod
3003 397 3162 472 agere
3181 400 3454 474 iubemur,
3485 417 3602 460 mo-

2015 499 2226 554 nemur,
2256 489 2616 545 accendimur.
2665 505 2669 512 ε

1986 645 2028 691 ο
2476 621 2808 682 EPISTOLA
2847 623 3004 683 xux'
3041 625 3137 701 (a).

2015 731 2164 801 Gaio,
2207 751 2354 804 quem
2386 737 2516 808 forte
2551 737 2890 808 disputatione
2923 750 3145 795 traxerat
3185 743 3254 797 ad
3294 743 3591 813 Ecclesium,

2083 826 2234 880 mittit
2259 844 2378 883 suos
2403 826 2556 884 libros
2585 829 2838 902 legendos,
2864 833 3142 889 adhortans
3169 843 3227 890 ut
3245 848 3519 907 perseveret
3544 839 3595 892 is

2084 917 2213 975 bono
2240 921 2518 992 proposito.

2538 1051 2660 1094 omo
2677 1038 2692 1069 ³
2734 1053 3072 1096 noscamus.

2083 1149 2134 1202 1.
2180 1148 2246 1205 Ut
2275 1149 2370 1204 abs
2413 1159 2465 1206 te
2508 1149 2885 1222 abscessimus,
2925 1153 3031 1211 dici
3057 1167 3164 1210 non
3199 1164 3373 1228 potest
3400 1171 3599 1231 quanta

2009 1241 2268 1297 suavitate
2299 1258 2397 1297 nos
2425 1245 2711 1314 perfuderit
2737 1245 3033 1302 recordatio
3062 1249 3158 1315 tui,
3201 1265 3263 1305 ac
3292 1265 3436 1321 saepe
3473 1268 3598 1322 per-

2009 1332 2212 1389 fundat.
2243 1335 2546 1392 Recolimus
2571 1337 2712 1393 enim
2740 1337 2931 1394 ardore
2955 1339 3310 1410 inquisitionis
3331 1353 3454 1409 tum,
3477 1361 3597 1400 cum

2009 1437 2151 1484 esset
2197 1430 2474 1498 mirabilis,
2519 1448 2624 1487 non
2671 1429 2834 1488 fuisse
2879 1435 3236 1503 perturbatam
3282 1437 3597 1494 modestiam

2009 1519 2333 1590 disputandi.
2358 1519 2488 1576 Nam
2519 1539 2688 1594 neque
2713 1520 3020 1596 flagrantius
3050 1536 3470 1595 percontantem,
3503 1545 3598 1583 ne-

2009 1627 2112 1684 que
2135 1613 2463 1686 tranquillius
2490 1615 2816 1680 audientem,
2847 1631 3166 1686 quemquam
3197 1614 3352 1672 facile
3378 1613 3598 1675 iuvene-

2009 1703 2129 1759 rim.
2166 1703 2364 1761 Vellem
2397 1707 2574 1777 itaque
2621 1715 2794 1762 tecum
2838 1707 3062 1762 multum
3094 1709 3277 1780 loqui:
3309 1725 3414 1764 non
3456 1711 3597 1766 enim

2008 1797 2233 1851 multum
2260 1805 2420 1861 esset,
2447 1805 2932 1868 quantumcumque
2953 1807 3115 1865 esset,
3140 1798 3185 1852 si
3212 1807 3388 1853 tecum
3419 1801 3601 1871 loque-

2007 1899 2113 1944 rer.
2142 1885 2247 1945 Sed
2274 1888 2392 1960 quia
2418 1887 2635 1944 difficile
2660 1895 2762 1955 est,
2799 1888 2924 1960 quid
2962 1902 3096 1959 opus
3121 1897 3204 1944 est
3241 1905 3430 1945 causas
3454 1906 3598 1961 quas

2009 1979 2162 2037 rere?
2184 1980 2409 2036 Prorsus
2437 1980 2651 2037 difficile
2677 1991 2760 2037 est
2787 1999 2799 2035 :
2823 1982 2923 2036 erit
2955 1981 3183 2037 fortasse
3212 1981 3496 2053 aliquando
3522 1982 3600 2038 fa-

2007 2072 2295 2139 cillimum;
2328 2071 2394 2128 ita
2422 2071 2560 2128 Deus
2591 2073 2720 2128 velit
2749 2091 2762 2127 :
2791 2087 2932 2127 nunc
2973 2081 3119 2128 certe
3159 2069 3299 2127 aliud
3329 2081 3431 2129 est.
3463 2071 3598 2130 Dedi

2007 2182 2136 2238 ergo
2165 2166 2430 2238 negotium
2460 2166 2628 2233 fratri,
2662 2181 2756 2238 per
2780 2181 2937 2237 quem
2975 2166 3179 2220 litteras
3213 2165 3356 2234 misi,
3388 2173 3448 2221 ut
3475 2181 3596 2222 om-

2007 2258 2096 2314 nia
2135 2269 2314 2315 nostra
2345 2257 2567 2330 legenda
2599 2257 2834 2329 praebeat
2873 2257 3301 2328 prudentissimze
3339 2255 3600 2315 Cbaritati

2010 2359 2132 2408 tuae.
2165 2351 2280 2408 Non
2319 2352 2461 2407 enim
2490 2350 2688 2423 aliquid
2718 2366 2897 2406 meum
2925 2350 3208 2406 inculcabit
3245 2351 3442 2418 invito;
3474 2351 3600 2408 novi

2010 2443 2150 2498 enim
2180 2441 2305 2514 quid
2332 2441 2672 2513 benignitatis
2703 2441 2757 2496 in
2793 2430 2899 2498 nos
2925 2443 3104 2496 animo
3137 2457 3325 2514 geras;
3356 2457 3476 2514 quis
3515 2451 3599 2497 ta-

2010 2552 2132 2592 men
2177 2538 2219 2590 si
2260 2537 2396 2592 lecta
2440 2536 2766 2607 probaveris,
2804 2529 3017 2592 et'vera
3062 2533 3373 2607 pervideris,
3416 2546 3598 2595 nostra

2009 2643 2129 2684 esse
2156 2643 2261 2683 non
2295 2637 2467 2698 putes,
2500 2627 2598 2682 nisi
2621 2627 2743 2698 quia
2771 2627 2892 2683 data
2922 2636 3061 2693 sunt,
3093 2643 3261 2698 eoque
3292 2637 3344 2684 te
3369 2643 3596 2684 conver-

2009 2728 2091 2775 tas
2122 2719 2264 2786 licet,
2298 2719 2438 2776 unde
2471 2721 2563 2775 tibi
2585 2731 2796 2791 quoque
2827 2727 2910 2774 est
2938 2728 3076 2775 utea
3108 2719 3362 2790 probares
3391 2720 3593 2776 datum.

2009 2810 2177 2868 Nemo
2211 2811 2354 2868 enim
2393 2812 2534 2884 quod
2564 2811 2709 2884 legit,
2756 2812 2811 2867 in
2850 2811 3036 2868 codice
3065 2812 3181 2883 ipso
3219 2813 3389 2868 cernit
3413 2829 3599 2869 verum

2011 2920 2151 2972 esse,
2195 2911 2286 2960 aut
2315 2905 2365 2959 in
2412 2919 2478 2961 eo
2521 2905 2610 2975 qui
2645 2903 2953 2975 scripserit;
2998 2903 3093 2960 sed
3134 2903 3186 2960 in
3225 2919 3283 2959 se
3308 2907 3504 2976 potius,
3552 2907 3599 2964 si

2009 2995 2125 3066 ejus
2153 2997 2316 3051 menti
2343 2993 2609 3067 quoddam
2640 3011 2745 3050 non
2774 2993 3062 3066 vuigariter
3087 2993 3389 3063 candidum,
3438 2996 3531 3053 sed
3567 3013 3600 3053 a

2010 3091 2140 3144 faece
2159 3088 2398 3160 corporis
2444 3087 2857 3143 remotissimum
2890 3087 3066 3140 lumen
3103 3087 3339 3142 veritatis
3369 3087 3598 3159 impres-

2010 3195 2127 3236 sum
2149 3188 2249 3235 est.
2274 3175 2427 3247 Quod
2454 3177 2497 3235 si
2525 3177 2654 3235 falsa
2686 3180 2860 3252 aliqua
2887 3189 3046 3252 atque
3077 3178 3420 3249 improbanda
3448 3196 3598 3236 com-

2010 3271 2235 3342 pereris,
2267 3272 2334 3327 dc
2369 3269 2602 3326 humano
2647 3272 2829 3328 nubilo
2863 3273 3085 3328 irrorata
3115 3273 3272 3336 scias,
3305 3281 3358 3330 et
3382 3289 3444 3328 ea
3474 3290 3599 3330 vere

2010 3372 2192 3419 nostra
2236 3379 2356 3420 esse
2389 3362 2633 3434 deputes.
2666 3363 2922 3420 Hortarer
2950 3375 3128 3419 autem
3174 3373 3225 3420 te
3257 3365 3322 3420 ad
3351 3381 3598 3436 quaeren-

2008 3455 2156 3520 dum,
2204 3457 2306 3513 nisi
2347 3455 2527 3513 videre
2572 3457 2700 3512 mihi
2749 3457 2958 3514 viderer
2991 3456 3191 3513 hiantia
3231 3459 3470 3530 quazdam
3503 3476 3598 3517 ora

2010 3547 2186 3606 cordis
2220 3550 2329 3614 tui;
2361 3547 2606 3604 hortarer
2629 3549 2811 3616 etiam,
2841 3559 2890 3603 ut
2917 3547 3054 3621 quod
3081 3565 3263 3605 verum
3287 3553 3599 3623 cognoveris

2009 3641 2234 3698 viriliter
2261 3652 2460 3708 teneas,
2491 3641 2593 3696 nisi
2618 3658 2724 3711 pra!
2753 3652 2803 3696 te
2835 3640 3002 3696 ferres
3027 3640 3481 3698 evidentissimum
3504 3659 3596 3700 ro-

2012 3734 2112 3791 bur
2143 3733 2304 3790 animi
2333 3744 2387 3791 et
2423 3735 2631 3790 consilii
2659 3735 2752 3789 tui.
2795 3733 2984 3791 Totum
3027 3735 3168 3791 cnim
3207 3752 3265 3791 se
3296 3737 3424 3793 mihi
3452 3738 3598 3794 brevi

2013 3839 2278 3900 tempore,
2312 3845 2475 3901 prope
2509 3827 2764 3884 discussis
2797 3827 3036 3900 corporis
3078 3831 3414 3898 tegumentis,
3457 3828 3601 3901 quod

2013 3925 2066 3979 in
2095 3933 2146 3980 te
2175 3924 2320 3989 vivit,
2351 3922 2576 3995 aperuit.
2608 3920 2791 3993 Neque
2832 3922 2938 3977 ullo
2970 3919 3127 3977 modo
3172 3917 3357 3978 siverit
3388 3923 3599 3980 Domini

2014 4017 2182 4072 nostri
2227 4016 2720 4073 misericordissima
2766 4016 3116 4087 providentia,
3158 4026 3216 4071 ut
3266 4032 3298 4072 a
3336 4017 3599 4074 catholico

2013 4109 2208 4166 Christi
2243 4125 2404 4180 grege
2443 4118 2498 4164 tu
2537 4109 2618 4162 vir
2649 4118 2754 4162 tam
2794 4108 2962 4164 bonus
3006 4117 3058 4162 et
3097 4108 3306 4178 egregie
3347 4109 3599 4166 cordatus

2011 4201 2215 4256 alienus
2234 4201 2328 4254 sis.

2475 4311 2807 4370 EPISTOLA
2848 4310 2947 4369 xx
2974 4315 3011 4338 ο·
3034 4311 3127 4384 (ὁ).

2016 4431 2270 4486 Antonino
2295 4444 2387 4500 pro
2427 4428 2796 4484 existimatione
2821 4429 2949 4482 bona
2986 4443 3048 4480 ac
3080 4425 3346 4482 dilectione
3371 4428 3464 4482 sibi
3497 4431 3598 4483 im.

2087 4541 2242 4596 pensa
2275 4525 2463 4596 gratias
2493 4525 2646 4594 refert
2675 4525 3005 4596 Augustinus,
3045 4530 3283 4594 aptatque
3321 4529 3376 4576 ut
3402 4523 3600 4594 familia

2085 4617 2245 4686 ipsius
2265 4625 2370 4670 tota
2394 4615 2694 4670 catholicam
2721 4615 3018 4686 religionem
3045 4615 3362 4684 profiteatur.

2467 4739 2791 4783 AUGUSTINUS
2831 4725 3144 4782 ANTONINO’.

2088 4843 2140 4898 1.
2181 4840 2313 4898 Cum
2337 4854 2368 4896 a
2401 4839 2609 4897 duobus
2637 4839 2728 4896 tibi
2769 4839 2965 4910 scripta
2993 4837 3331 4903 deberentur,
3361 4839 3600 4895 cumula-

2017 4935 2218 4992 tissime
2250 4933 2417 5006 magis
2446 4947 2569 5004 pars
2606 4932 2808 4988 reddita
2847 4941 2951 4996 est,
2979 4930 3120 5002 quod
3159 4945 3326 4986 unum
3353 4940 3596 4988 nostrum

2080 5111 2254 5184 [apud
2287 5118 2408 5184 trav:
2427 5110 2652 5184 scribitur
2683 5108 2842 5160 Caius.
2868 5115 2924 5159 Al.
2962 5111 3012 5162 in
3035 5117 3139 5162 Mss.
3173 5117 3226 5162 et
3251 5111 3599 5176 antiquioribus

2017 5176 2352 5232 εξίίίιιοιιίιιιιε.9
2375 5176 2534 5224 Gaius.

2078 5240 2098 5270 ³
2121 5237 2256 5305 Apud
2277 5235 2382 5284 nati.
2417 5246 2516 5283 Am.
2549 5240 2622 5283 Er.
2645 5235 2903 5305 scribitur,
2930 5233 3142 5286 .rntonio.
3166 5241 3222 5287 At
3251 5235 3376 5299 apud
3410 5241 3518 5285 Iov.
3543 5241 3598 5286 et

2014 5301 2376 5365 prarstantiorcs
2407 5305 2532 5356 Mss,
2552 5301 2799 5365 antonino.

2078 5365 2092 5380 '
2121 5361 2370 5410 tiecensita
2395 5367 2471 5410 cst
2505 5361 2563 5408 ad
2591 5372 2638 5408 tt.
2670 5357 2738 5408 ιιι.
2768 5359 2846 5409 cl).
2878 5358 3003 5422 illrg.
3042 5374 3126 5422 ες.
3151 5373 3232 5422 gv.
3270 5369 3320 5407 ιι.
3349 5365 3392 5406 ιι.
3415 5357 3491 5406 sb.
3521 5359 3595 5411 ιιι.

2013 5437 2091 5476 vc.
2119 5423 2244 5473 duos
2271 5432 2308 5473 t.
2338 5423 2474 5472 duos.
2500 5437 2548 5470 v.
2575 5430 2626 5471 ct
2648 5422 2705 5470 ad
2731 5432 2829 5471 Am.
2855 5421 2973 5470 Bad.’
2990 5421 3062 5469 Er.
3084 5421 3194 5470 tov.

2079 5488 2118 5506 "
2147 5485 2211 5535 Ad
2237 5485 2448 5536 eosdem
2465 5484 2658 5534 codices
2672 5483 2843 5534 coitata
2867 5491 2942 5532 est
2963 5496 3072 5541 uno,
3097 5487 3322 5543 excepto,
3338 5496 3378 5532 r.

2079 5570 2150 5632 (ιι)
2175 5568 2299 5618 Alias
2319 5568 2379 5616 ει
2399 5583 2410 5618 :
2427 5581 2536 5632 qua:
2569 5576 2730 5618 autem
2756 5568 2815 5618 19
2848 5575 2977 5625 erat,
3001 5577 3141 5614 nunc.
3167 5564 3244 5614 82.
3268 5567 3446 5629 scripta
3475 5565 3600 5619 forte

2015 5632 2522 5700 circaidemtenitus.
2666 5698 2673 5700 Α
2784 5689 2843 5700 Μ
2955 5695 2965 5700 _
3153 5688 3242 5700 η-
3290 5697 3306 5700 λ
3369 5690 3428 5700 ,_
3505 5689 3516 5700 ,

2079 5694 2152 5756 (b)
2178 5693 2300 5742 Alias
2329 5688 2439 5742 126':
2468 5705 2578 5756 qua:
2599 5698 2763 5742 autem
2784 5689 2845 5740 20
2868 5695 2989 5748 erat,
3005 5700 3134 5740 nunc
3153 5688 3260 5741 255.
3284 5690 3463 5755 Scripta
3475 5689 3600 5741 circa

2015 5758 2145 5808 idem
2169 5762 2374 5817 tempus.
