4054 6448
523 292 594 350 ει,
851 238 881 327 ρί
913 268 916 271 '
1130 286 1139 293 κ
1721 286 1777 341 s.
1822 286 2091 345 AUGUST

2226 290 2526 349 EPISCOPI

524 410 846 477 praesentem
877 404 1042 470 vides,
1074 405 1225 475 cujus
1252 418 1315 460 ex
1342 418 1434 460 ore
1462 419 1583 461 cum
1618 419 1701 459 me
1726 419 1936 476 quoque
1961 405 2102 461 acci-

523 496 627 567 pis,
659 506 895 567 poteram
932 496 1391 560 non‘rescribere,
1432 496 1531 551 nisi
1564 496 1677 566 ipso
1695 495 1913 565 jubente
1950 496 2108 551 fecis-

521 604 658 654 sem,
682 604 788 659 quo
811 588 1177 659 protleiscente
1209 603 1655 658 supervacaneum
1688 588 1963 643 videbatur
1987 604 2118 699 ess:

521 682 663 753 quod
706 682 825 735 feci.
867 681 1200 753 Quapropter
1228 682 1452 737 fertilius
1479 693 1650 737 tecum
1684 682 1908 737 fortasse
1942 681 2105 738 collo=

521 786 672 843 quor,
698 787 853 842 quain
874 774 917 827 si
940 787 1116 827 coram
1134 773 1397 838 adessem,
1415 788 1535 827 cum
1557 782 1611 827 et
1629 773 1904 843 epistolam
1928 789 2100 829 meam

519 861 686 934 legis;
730 870 783 917 et
829 879 948 918 eum
988 864 1139 919 audis
1181 864 1234 917 in
1277 863 1429 933 cujus
1472 875 1688 933 pectore
1735 878 1820 918 me
1868 863 2105 919 habitare

520 955 720 1023 optime
758 955 917 1009 nosti.
960 952 1090 1009 Cum
1124 970 1315 1025 magno
1347 954 1539 1025 gaudio
1568 955 1772 1009 litteras
1800 955 2103 1011 Sauctitatis

520 1052 627 1098 tuze
661 1045 989 1100 consideravi
1033 1056 1190 1115 atque
1215 1045 1431 1115 digessi,
1476 1044 1615 1115 quod
1660 1055 1712 1099 et
1757 1044 2102 1101 christianum

518 1136 752 1191 animum
780 1146 925 1191 tuum
952 1137 1066 1191 sine
1095 1137 1199 1191 ullo
1226 1138 1344 1191 fuco
1365 1136 1528 1207 iniqui
1550 1138 1824 1207 temporis,
1852 1146 1905 1193 et
1926 1140 1977 1192 in
2006 1154 2102 1195 nos

517 1229 896 1282 amicissimum
925 1244 1033 1296 prae
1062 1243 1121 1282 se
1149 1238 1357 1298 gerunt.

585 1303 640 1370 2.
683 1316 930 1373 Gratulor
956 1318 1070 1378 tibi,
1111 1328 1165 1373 et
1192 1320 1390 1387 gratias
1417 1334 1516 1387 ago
1548 1319 1655 1373 Deo
1680 1328 1735 1374 et
1758 1320 1981 1375 Domino
2005 1338 2100 1379 no-

515 1418 626 1462 stro
654 1408 721 1463 de
748 1424 842 1476 spe
870 1418 925 1462 et
953 1408 1057 1462 fide
1096 1416 1150 1461 et
1168 1409 1424 1464 eharitale
1451 1418 1535 1463 tua
1567 1411 1766 1481 tibique
1791 1413 1927 1480 apud
1956 1429 2099 1481 eum,

514 1498 654 1569 quod
681 1499 746 1553 de
772 1499 924 1553 nobis
953 1508 1057 1553 tam
1084 1498 1220 1554 bene
1255 1501 1526 1555 existimas
1555 1513 1611 1555 ut
1641 1502 1823 1559 fideles
1850 1505 1942 1560 Dei
1984 1521 2101 1562 ser—

512 1604 611 1644 vos
645 1604 765 1643 esse
810 1589 1019 1654 credas,
1054 1590 1211 1661 idque
1242 1591 1411 1659 ipsum
1456 1592 1507 1645 in
1556 1593 1711 1650 nobis
1738 1596 1899 1651 corde
1929 1599 2101 1668 puris-

513 1681 651 1734 simo
670 1680 888 1750 diligas:
908 1696 1207 1752 quanquam
1234 1683 1354 1736 hinc
1374 1684 1530 1737 etiam
1553 1687 1922 1755 gratulandum
1940 1690 2102 1746 bene-

514 1773 763 1827 volentiae
793 1783 894 1827 tua:
922 1774 1115 1843 potius,
1159 1790 1315 1842 quam
1347 1776 1528 1843 gratae
1575 1777 1667 1832 tibi
1708 1780 1924 1849 agendae
1971 1782 2097 1838 sint.

513 1864 630 1919 Tibi
673 1866 813 1919 enim
855 1866 1068 1934 prodest
1116 1867 1283 1936 ipsam
1325 1867 1547 1937 diligere
1590 1869 1899 1935 bonitatem.
1940 1890 2099 1945 quam

513 1957 751 2026 profecto
773 1957 941 2028 diligit
979 1959 1067 2029 qui
1107 1974 1227 2015 eum
1270 1959 1439 2031 diligit
1478 1976 1634 2031 quem
1679 1964 1846 2019 credit
1876 1964 2095 2033 bonum,

512 2051 626 2106 sive
656 2052 740 2106 ille
763 2068 820 2107 se
847 2052 937 2115 ita,
962 2052 1073 2107 sive
1097 2052 1251 2107 aliter
1274 2069 1430 2124 quam
1454 2054 1689 2110 creditur
1714 2056 1925 2113 habeat.
1952 2059 2100 2118 Unus

514 2151 713 2197 tantum
758 2142 807 2197 in
848 2142 946 2198 hac
992 2158 1051 2197 re
1088 2143 1355 2198 cavendus
1394 2153 1474 2197 est
1509 2160 1681 2211 error,
1723 2162 1789 2202 ne
1818 2150 2096 2221 quisquam

511 2248 619 2289 nun
645 2232 711 2285 de
743 2232 973 2298 homine,
1007 2233 1098 2287 sed
1125 2232 1188 2288 de
1220 2234 1334 2302 ipso
1364 2234 1593 2289 hominis
1623 2236 1764 2291 bono
1791 2239 1944 2293 aliter
1972 2256 2099 2297 sen-

510 2322 627 2385 tiat,
666 2339 824 2392 quam
850 2324 1045 2377 veritas
1086 2326 1333 2393 postulat.
1368 2324 1448 2379 Tu
1479 2342 1623 2389 vero,
1672 2327 1836 2384 frater
1860 2330 2097 2387 dilectis-

512 2416 668 2479 sime,
714 2414 801 2485 qui
852 2416 996 2469 nullo
1038 2417 1197 2471 modo
1242 2434 1388 2472 erras
1431 2420 1697 2475 credendo
1736 2423 1821 2477 vel
1859 2425 2095 2491 sciendo,

510 2520 759 2575 magnum
790 2506 985 2561 bonum
1017 2522 1137 2562 esse
1180 2508 1408 2563 libenter
1439 2510 1546 2564 Deo
1577 2521 1827 2583 casteque
1868 2517 2094 2580 servire,

510 2612 632 2665 cum
664 2598 951 2665 quemlibet
978 2597 1286 2653 hominum‘
1317 2613 1594 2671 prop'erea
1617 2603 1810 2670 diligis,
1834 2608 1972 2676 quod
1996 2608 2095 2662 liu-

508 2688 596 2757 jus
631 2689 753 2741 lioni
793 2689 1097 2758 participem
1140 2691 1334 2756 credis,
1383 2702 1552 2748 tecum
1601 2704 1683 2751 est
1720 2696 1922 2754 fructus
1951 2708 2092 2769 tuus,

511 2781 669 2833 etiam
716 2778 758 2832 si
790 2778 877 2833 ille
918 2795 1023 2833 non
1056 2780 1125 2834 ita
1166 2781 1253 2834 sit.
1295 2781 1629 2853 Quapropter
1670 2785 1763 2839 tibi
1792 2787 1857 2842 de
1898 2788 1995 2844 hae
2037 2808 2098 2847 re

506 2871 877 2940 gratulandum
909 2881 1022 2934 est;
1062 2871 1130 2924 illi
1159 2882 1359 2941 autem,
1398 2891 1500 2929 non
1540 2876 1582 2930 si
1612 2887 1889 2945 propterea
1919 2880 2094 2953 diligi-

508 2970 615 3026 tur,
641 2962 729 3015 sed
754 2962 797 3016 si
831 2963 949 3016 talis
976 2971 1078 3028 est,
1110 2966 1321 3034 qualem
1350 2981 1470 3021 esse
1494 2967 1761 3023 existimat
1790 2986 1818 3023 a
1846 2987 1951 3041 quo
1976 2989 2098 3043 pro-

506 3065 686 3125 pterea
715 3055 967 3124 diligitur.
1009 3054 1205 3121 Quales
1248 3058 1423 3127 itaque
1454 3074 1550 3114 nos
1592 3063 1779 3127 simus,
1819 3073 2097 3134 quantum-

506 3166 611 3220 que
640 3151 691 3203 in
736 3150 899 3203 Deum
927 3152 1371 3220 promoverimus,
1418 3155 1531 3224 ipse
1559 3156 1768 3221 viderit,
1810 3159 1961 3229 cujus
1991 3177 2095 3216 non

507 3243 679 3296 soium
712 3240 780 3297 de
810 3240 1038 3295 hominis
1065 3242 1228 3308 bono,
1270 3243 1364 3297 sed
1392 3243 1459 3298 de
1485 3244 1700 3301 homine
1727 3248 1840 3315 ipso
1872 3266 1974 3305 non
2004 3268 2096 3320 po-

508 3341 613 3387 test
650 3348 832 3387 errare
858 3332 1133 3401 judicium.
1161 3333 1278 3388 Tibi
1314 3332 1381 3388 ad
1408 3335 1708 3391 mercedem
1735 3338 2093 3406 beatitudinis,

510 3424 653 3494 quod
677 3423 743 3477 ad
785 3423 920 3477 hanc
964 3440 1077 3478 rem
1113 3425 1321 3491 attinet,
1365 3426 1494 3480 satis
1533 3436 1633 3491 est,
1657 3429 1800 3499 quod
1841 3446 1938 3485 nos
1964 3434 2097 3488 tales

508 3516 732 3571 credens
757 3516 942 3585 quales
968 3524 1177 3585 oportet
1204 3531 1323 3571 esse
1345 3532 1530 3572 servos
1556 3519 1670 3585 Dei,
1698 3528 1809 3575 toto
1833 3522 1953 3577 sinu
1980 3538 2096 3579 eor-

507 3606 591 3661 dis
617 3606 969 3675 amplecteris.
992 3606 1198 3662 Gratias
1220 3622 1346 3662 vero
1377 3608 1470 3663 tibi
1496 3610 1685 3666 uberes
1704 3613 1928 3683 agimus,
1954 3616 2096 3686 quod

508 3711 608 3751 nos
628 3712 746 3750 cum
767 3696 968 3760 laudas,
1002 3705 1250 3767 tanquam
1275 3699 1406 3753 tales
1427 3700 1611 3763 simus,
1638 3702 1953 3759 mirabiliter
1972 3705 2095 3761 hor-

509 3788 662 3855 taris,
694 3800 753 3843 nt
775 3790 906 3844 tales
932 3804 1052 3845 esse
1071 3790 1375 3861 cupiamus;
1409 3793 1681 3849 uberiores
1705 3797 1885 3864 etiam,
1919 3800 1963 3855 si
1988 3817 2093 3856 non

510 3882 682 3937 Solum
720 3891 770 3937 te
799 3882 1141 3937 commendes
1174 3885 1504 3941 orationibus
1546 3889 1764 3956 nostris,
1802 3891 1897 3947 sed
1932 3895 2093 3952 etiam

507 3990 613 4031 non
651 3975 1021 4044 praetermittas
1049 3992 1204 4032 orare
1234 3994 1329 4048 pro
1366 3979 1538 4033 nobis.
1586 3981 1797 4036 Gratior
1834 3993 1915 4039 est
1953 3988 2092 4044 enim

508 4068 622 4122 Dco
656 4084 748 4137 pro
788 4068 950 4125 fratre
976 4069 1298 4144 deprecatio,
1338 4073 1424 4127 tibi
1462 4075 1779 4130 sacriﬁcium
1818 4078 2092 4137 eharitatis

505 4159 743 4215 oll'ertnr.

578 4255 631 4308 5.
675 4255 955 4309 Parvulum
984 4265 1128 4311 tuum
1160 4258 1444 4327 plurimum
1482 4260 1671 4330 saluto,
1695 4272 1747 4316 et
1798 4265 2088 4321 secundum

504 4357 771 4417 prmcepta
814 4347 1018 4400 Domini
1053 4348 1300 4402 salutaria
1331 4361 1456 4419 opto
1486 4353 1855 4419 grandescere.
1900 4356 2087 4412 Domni

509 4454 721 4508 quoqtte
752 4449 853 4492 tua:
885 4455 1041 4493 unam
1083 4439 1239 4493 fidem
1279 4452 1333 4495 et
1366 4441 1702 4496 devotionem
1741 4460 1939 4509 veram,
1970 4464 2089 4518 qua:

508 4530 621 4584 sola
650 4529 911 4585 catholica
946 4540 1048 4595 est,
1091 4533 1373 4599 provenire
1407 4532 1649 4589 desidero
1686 4545 1739 4591 et
1784 4552 1973 4607 precor
1996 4559 2009 4594 :
2036 4542 2085 4597 in

510 4635 669 4688 quam
701 4636 837 4683 rem,
876 4621 1099 4690 siquam
1129 4622 1262 4676 forte
1290 4623 1448 4677 aliam
1484 4635 1717 4680 nostram
1752 4643 1967 4697 operam
1996 4648 2089 4688 ne-

509 4712 795 4767 cessariam
818 4712 1106 4777 existimas,
1137 4729 1205 4767 ne
1228 4713 1321 4768 tibi
1346 4715 1613 4772 vindicare
1641 4718 1854 4774 dubites
1878 4731 1930 4776 et
1949 4738 2087 4779 com.

507 4803 653 4856 muni
690 4803 906 4857 domino
937 4804 1100 4859 fretus
1130 4814 1181 4858 et
1203 4804 1322 4873 jure
1351 4807 1642 4863 eharitatis.
1675 4810 1802 4866 ιιιυά
1835 4828 1961 4870 sane
1987 4816 2084 4870 ad-

503 4894 802 4947 monuerim
846 4894 1298 4964 rcligiusissimam
1343 4897 1671 4966 prudentiam
1721 4912 1883 4971 tuam,
1925 4914 1981 4961 nt
2023 4908 2093 4969 tie

506 5000 713 5039 morem
740 4984 832 5039 Dei
871 5001 976 5040 non
1009 4986 1422 5044 irrationabilem
1459 4990 1543 5045 vel
1576 4991 1779 5049 inseras
1808 4996 2084 5055 infirmiori

503 5078 617 5133 vasi
660 5086 769 5141 tuo,
809 5079 889 5133 vel
919 5079 1139 5145 nutrias,
1167 5080 1345 5134 divina
1385 5081 1612 5138 lectione
1640 5087 1890 5158 gravique
1915 5090 2082 5145 collo-

501 5187 647 5244 quio.
674 5171 842 5227 Nemo
871 5173 1012 5228 enim
1040 5172 1149 5229 fere
1178 5176 1434 5231 sollicitus
1458 5177 1525 5233 de
1561 5188 1701 5235 statu
1728 5182 1919 5238 anima:
1947 5200 2079 5251 sum,

500 5276 659 5336 atque
703 5264 772 5319 ob
808 5264 909 5320 hoc
956 5265 1071 5319 sine
1115 5268 1397 5336 pertinacia
1452 5270 1779 5341 inquirenda:
1826 5277 2081 5334 voluntati

501 5355 712 5412 Domini
752 5357 989 5413 intentus
1030 5367 1129 5423 est,
1174 5362 1264 5430 qui
1313 5361 1452 5418 bono
1494 5363 1917 5423 demonstratore
1954 5385 2081 5426 usus

506 5463 611 5503 non
655 5449 932 5521 dignoscat
974 5450 1097 5522 quid
1149 5451 1285 5509 inter
1331 5454 1559 5510 schisma
1604 5458 1873 5529 quodlibet
1922 5470 2080 5531 atque

501 5558 663 5599 unam
687 5544 1012 5602 Catholicam
1044 5545 1270 5603 intersit.

546 5720 679 5771 Ἐκ.
701 5718 797 5771 duo
818 5734 888 5777 γ..
907 5736 1015 5773 cum
1039 5724 1286 5788 quemlibet
1303 5724 1555 5777 Iwmmem.
1579 5734 1737 5779 necte.

2678 409 3007 469 EPISTOLA
3046 412 3202 469 xxv
3235 411 3335 488 (a).

2213 520 2522 592 Augustinus
2537 524 2589 578 in
2607 527 2947 597 presbyterum
2971 528 3343 599 Hipponensem
3360 535 3654 602 ordinatus,
3676 556 3815 608 prc-

2281 613 2451 667 sertim
2478 615 2548 667 ad
2574 616 2967 683 dispensandum
2990 623 3191 676 verbum
3221 623 3336 691 Dei,
3361 643 3632 699 secumque
3655 648 3812 688 revu-

2282 713 2393 758 tans
2419 722 2571 775 quam
2595 709 2795 778 difﬁcile
2836 712 2902 766 sit
2943 714 3256 769 sacerdotem
3288 718 3427 787 pium
3451 724 3625 791 agere,
3660 724 3810 781 abse-

2280 807 2388 851 crat
2438 796 2693 855 Valerium
2726 812 2781 856 ut
2808 805 3029 873 patiatur
3053 808 3218 877 ipsum
3250 809 3303 863 in
3339 827 3531 867 secessu
3570 815 3812 884 precibus

2281 898 2329 941 et
2356 890 2523 944 studio
2550 892 2643 947 hoc
2674 910 2849 965 agere,
2901 907 2954 950 ut
2983 898 3046 952 sit
3084 900 3293 956 idoneus
3318 902 3547 971 imposito
3579 910 3806 965 muneri.

2210 999 2434 1056 Domino
2455 1001 2765 1061 beatissimo
2785 1016 2839 1063 et
2861 1009 3173 1078 venerabili,
3198 1013 3249 1067 in
3275 1025 3561 1086 conspectu
3587 1018 3808 1079 Domini

2280 1092 2489 1149 sincera
2539 1096 2798 1152 eharitate
2850 1099 3169 1157 charissima
3213 1107 3348 1175 patri
3399 1106 3642 1166 Vstento
3693 1113 3808 1184 epi~

2279 1197 2462 1253 scopo,
2494 1187 2827 1245 AUGUSTINUS
2853 1192 3149 1263 presbyter,
3198 1196 3250 1250 in
3291 1197 3517 1255 Domino
3544 1201 3803 1259 salutem.

2280 1296 2330 1348 l.
2373 1298 2511 1352 Ante
2541 1300 2716 1354 omnia
2744 1312 2885 1371 pcto,
2926 1314 2983 1358 ut
3011 1306 3206 1377 cogitet
3242 1309 3487 1380 religiosa
3516 1312 3805 1383 prudentia

2209 1396 2313 1453 tua,
2357 1389 2486 1443 nihil
2525 1406 2644 1446 esse
2685 1393 2735 1446 in
2778 1394 2878 1449 hae
2906 1396 3033 1462 vita,
3066 1407 3121 1453 et
3151 1400 3380 1456 maxime
3402 1403 3503 1457 hoc
3527 1412 3798 1477 tempore,

2207 1477 2412 1534 facilius
2436 1490 2486 1536 et
2512 1481 2701 1545 hetius,
2723 1494 2776 1539 et
2807 1485 3110 1544 hominibus
3136 1492 3513 1561 acceptabilius
3530 1496 3799 1568 episcopi,

2207 1581 2297 1624 aut
2323 1572 2639 1643 presbyteri,
2678 1584 2769 1629 aut
2793 1576 3002 1632 diaconi
3026 1578 3221 1643 ollieio,
3252 1582 3296 1636 si
3329 1582 3696 1652 perfunctorie
3722 1597 3803 1644 at-

2206 1675 2308 1729 que
2344 1661 2637 1718 adulatorie
2676 1681 2761 1721 res
2786 1679 2971 1737 agatur
2999 1687 3012 1722 :
3046 1670 3140 1725 sed
3173 1671 3303 1727 nihil
3329 1675 3467 1744 apud
3498 1677 3669 1734 Deum
3701 1680 3800 1735 mi-

2205 1752 2397 1817 serius,
2428 1763 2481 1807 et
2510 1755 2732 1823 tristius,
2759 1767 2812 1814 et
2844 1759 3218 1819 damnabilius.
3252 1764 3383 1821 Item
3429 1769 3559 1824 nihil
3586 1786 3715 1827 esse
3745 1772 3797 1829 in

2207 1844 2304 1899 hac
2332 1845 2458 1912 vita,
2499 1856 2548 1901 et
2576 1849 2803 1905 maxime
2834 1850 2936 1906 hoc
2968 1862 3207 1925 tempore
3232 1855 3521 1928 difficilius,
3561 1862 3801 1919 laborio.

2204 1934 2335 2002 sius,
2384 1937 2733 2006 periculosius
2774 1943 3028 2014 episcopi,
3074 1957 3165 2002 aut
3194 1951 3511 2021 presbyteri,
3551 1964 3651 2009 aut
3686 1957 3799 2013 diae

2203 2026 2323 2080 coni
2350 2025 2559 2094 officio;
2583 2030 2676 2084 sed
2702 2031 2842 2100 apud
2869 2034 3032 2090 Deum
3062 2038 3193 2093 nihil
3221 2039 3443 2107 beatius,
3468 2045 3512 2099 si
3544 2061 3615 2103 eo
3636 2049 3800 2105 modo

2204 2116 2464 2172 militetur
2492 2135 2597 2189 quo
2627 2130 2810 2177 noster
2836 2124 3123 2193 imperator
3145 2129 3317 2199 jubet.
3340 2133 3473 2201 Quis
3490 2147 3677 2193 autem
3700 2139 3799 2196 iste

2204 2208 2273 2262 sit
2310 2210 2519 2277 modus,
2552 2228 2650 2268 nec
2687 2230 2715 2268 a
2749 2218 2995 2286 pueritia,
3028 2236 3129 2277 nec
3165 2223 3234 2278 ab
3271 2225 3633 2286 adolescentia
3676 2249 3795 2290 mea

2203 2298 2361 2354 didici
2396 2319 2406 2353 :
2432 2311 2486 2356 et
2510 2318 2573 2357 eo
2602 2313 2841 2376 tempore
2870 2325 2976 2380 quo
2999 2310 3208 2371 discere
3237 2330 3527 2388 ceperam,
3560 2324 3645 2377 vis
3665 2324 3794 2382 mihi

2204 2388 2340 2446 facta
2389 2403 2495 2459 est,
2541 2396 2736 2451 merito
2793 2410 3127 2468 peccatorum
3177 2421 3419 2464 meorum
3467 2410 3618 2482 (nam
3667 2416 3792 2487 quid

2203 2481 2346 2536 aliud
2372 2484 2670 2542 existimem
2700 2491 2927 2558 nescio),
2971 2504 3027 2547 ut
3056 2497 3323 2553 secundus
3350 2499 3498 2557 locus
3523 2505 3792 2575 guberna-

2201 2573 2441 2630 culorum
2472 2577 2601 2633 niihi
2629 2581 2945 2649 traderetur,
2974 2587 3065 2656 qui
3097 2604 3305 2645 remum
3345 2573 3673 2655 teiiere'non
3699 2615 3793 2657 no-

2202 2680 2265 2720 ve
2272 2682 2323 2720 ra
2330 2683 2379 2723 Ill
2388 2707 2401 2721 .

2272 2758 2326 2811 ἓ.
2368 2760 2470 2814 Sed
2496 2762 2723 2818 arbitror
2750 2767 3031 2827 Dominum
3078 2789 3253 2831 metnn
3281 2788 3562 2851 propterea
3592 2799 3682 2840 me
3717 2785 3791 2843 sic

2204 2850 2489 2906 emendare
2507 2855 2755 2925 voluisse,
2778 2861 2917 2928 quod
2942 2866 3229 2924 multorum
3252 2850 3465 2939 peccata
3481 2887 3789 2943 nautarum,

2202 2951 2487 3013 antequam
2516 2958 2768 3018 expertus
2797 2966 2972 3008 essem
3006 2956 3130 3026 quid
3154 2958 3263 3016 illic
3292 2963 3486 3033 agitur,
3514 2970 3675 3039 quasi
3700 2970 3787 3026 do-

2202 3034 2339 3089 ctior
2365 3044 2416 3089 et
2439 3037 2627 3093 melior
2647 3042 3044 3111 reprehendi-re
3069 3050 3349 3109 audebam.
3377 3034 3559 3130 Itaque
3581 3072 3794 3134 postem

2204 3143 2361 3197 quain
2390 3130 2585 3186 missus
2618 3146 2733 3188 sum
2775 3136 2827 3190 iu
2864 3138 3119 3205 medium,
3152 3152 3276 3201 tunc
3314 3150 3515 3207 sentire
3543 3130 3687 3225 cuspi
3716 3165 3791 3211 te-

2203 3219 2473 3275 meritates
2500 3225 2973 3293 reprehensionum
3004 3247 3274 3302 mearum;
3296 3254 3603 3313 quanquam
3624 3219 3680 3303 et
3698 3262 3790 3303 an-

2204 3316 2286 3364 tea
2326 3312 2829 3380 periculnsissimum
2853 3320 3145 3389 judicarem
3176 3326 3276 3384 hoc
3312 3330 3692 3393 ministerium.
3724 3338 3790 3394 Et

2205 3399 2327 3456 hinc
2354 3414 2507 3458 erant
2536 3406 2785 3478 laeryma:
2813 3411 2917 3467 illa:
2943 3431 3073 3485 quas
3103 3434 3188 3473 me
3218 3419 3439 3479 fundere
3468 3425 3521 3481 in
3549 3429 3784 3497 civitate,

2203 3493 2553 3551 ordinationis
2591 3515 2722 3555 mea:
2751 3510 3008 3574 tempore,
3051 3511 3288 3566 nonnulli
3320 3512 3512 3572 fratres
3538 3521 3785 3577 animad-

2203 3594 2495 3649 verterunt,
2545 3598 2598 3644 et
2636 3594 2934 3650 nescientes
2974 3613 3163 3655 causas
3197 3602 3399 3661 doloris
3436 3612 3562 3676 mei,
3596 3612 3784 3684 quibus

2204 3688 2489 3747 potuerunt
2518 3687 2875 3756 sermonibus,
2903 3691 2991 3759 qui
3028 3695 3245 3751 omnino
3282 3699 3348 3753 ad
3386 3702 3579 3760 vulnus
3609 3721 3783 3763 meum

2200 3788 2305 3827 non
2335 3776 2678 3845 pertinerent,
2727 3789 2902 3838 tamen
2944 3785 3087 3839 bono
3130 3789 3310 3844 animo
3338 3795 3599 3853 consolati
3642 3807 3779 3854 sunt.

2199 3861 2305 3919 Sed
2352 3866 2518 3921 multo
2559 3870 2712 3925 valde
2758 3888 2821 3927 ac
2870 3876 3037 3931 nmlto
3081 3879 3307 3949 amplius
3345 3895 3599 3954 expertus
3642 3904 3780 3950 sum.

2199 3970 2357 4026 quam
2398 3959 2646 4028 putabam
2677 3980 2689 4015 :
2715 3978 2819 4019 non
2859 3966 2982 4037 quia
3027 3984 3195 4025 novos
3223 3972 3431 4044 aliquos
3468 3976 3662 4036 ﬂuctus
3695 3992 3784 4036 aut

2198 4054 2542 4117 tempestates
2565 4050 2667 4107 vidi
2689 4069 2823 4124 quas
2856 4066 2979 4113 ante
3009 4075 3115 4115 non
3143 4078 3415 4133 noveram,
3446 4070 3531 4125 vel
3558 4086 3669 4129 non
3691 4087 3781 4127 au-

2197 4137 2418 4206 dieram,
2451 4143 2534 4197 vel
2574 4162 2679 4200 non
2715 4147 2965 4219 legeram,
2996 4153 3079 4207 vel
3107 4170 3214 4211 non
3254 4158 3647 4232 cogitaveram;
3686 4164 3779 4221 sed

2197 4231 2261 4286 ad
2297 4248 2388 4289 eas
2426 4235 2700 4293 evitandas
2742 4250 2834 4295 aut
2867 4242 3208 4312 perferendas
3236 4250 3506 4307 solertiam
3547 4264 3604 4311 et
3643 4257 3778 4312 vires

2197 4338 2344 4379 meas
2374 4327 2590 4381 omnino
2628 4345 2731 4385 non
2771 4347 3045 4403 noveram,
3084 4345 3138 4393 et
3163 4339 3386 4411 alicujus
3414 4348 3671 4404 momenti
3692 4363 3777 4401 ar-

2196 4415 2446 4473 bitrahar.
2486 4420 2740 4478 Dominus
2782 4435 2958 4481 autem
2997 4429 3161 4487 irrisit
3196 4449 3302 4502 me,
3353 4447 3407 4493 et
3451 4440 3612 4496 rebus
3653 4442 3777 4514 ipsis

2195 4509 2477 4564 ostendere
2502 4513 2665 4568 voluit
2692 4516 2951 4588 meipsum
2982 4522 3133 4579 mihi.

2264 4605 2318 4659 5.
2360 4603 2512 4671 Quod
2550 4607 2595 4661 si
2637 4623 2743 4663 non
2791 4610 3112 4682 damnando,
3159 4619 3251 4675 sed
3291 4622 3593 4682 miserando
3632 4629 3771 4694 fecit,

2189 4693 2297 4750 'hoe
2336 4695 2477 4751 enim
2524 4712 2685 4768 spero
2720 4710 2864 4756 certe
2903 4705 2986 4760 vel
3039 4723 3181 4765 nunc
3217 4715 3425 4784 cognita
3465 4720 3775 4789 aegritudine

2194 4803 2313 4843 mea
2334 4831 2348 4856 ,
2380 4790 2552 4846 debeo
2595 4792 2987 4865 Scripturarum
3030 4802 3145 4870 ejus
3185 4808 3570 4868 medicamenta
3598 4814 3773 4869 omnia

2193 4886 2534 4952 perscrutari,
2580 4896 2635 4943 et
2676 4890 2879 4947 orando
2920 4908 2984 4949 ac
3025 4894 3249 4966 legendo
3282 4916 3462 4972 agere,
3491 4915 3549 4961 ut
3585 4907 3772 4964 idonea

2192 4974 2441 5031 valetudo
2478 4979 2672 5035 anima:
2709 4997 2862 5047 meai,
2888 4984 2955 5038 ad
2983 4995 3088 5041 tam
3120 4990 3412 5059 periculosa
3440 5001 3648 5069 negotia
3677 4999 3770 5055 ιιι·

2192 5064 2412 5134 buatnr;
2446 5071 2584 5140 quod
2623 5084 2747 5129 ante
2785 5091 2889 5131 non
2917 5077 3038 5145 feci,
3070 5082 3190 5153 quia
3221 5094 3277 5141 et
3303 5064 3653 5160 tempusvnon
3682 5093 3771 5149 ha-

2191 5158 2301 5214 bui.
2338 5160 2486 5217 Tunc
2510 5163 2653 5218 enim
2670 5166 2943 5226 ordinatus
2964 5188 3103 5240 sum,
3119 5191 3239 5232 cum
3261 5178 3329 5234 de
3349 5158 3465 5251 ipso
3485 5186 3769 5243 vacationis

2195 5260 2433 5324 tempore
2466 5256 2533 5310 ad
2563 5262 2960 5330 cognoscendas
3006 5264 3213 5324 divinas
3251 5270 3552 5344 Seripturas
3574 5279 3767 5351 cogita-

2195 5362 2396 5415 remus,
2425 5358 2473 5404 et
2504 5350 2581 5406 sic
2606 5368 2703 5409 nos
2728 5353 3011 5426 disponere
3039 5361 3314 5432 vellemus,
3345 5376 3403 5422 ut
3428 5369 3583 5428 nobis
3606 5350 3766 5429 otium

2251 5486 2271 5504 '
2295 5487 2371 5538 Usi
2408 5500 2577 5540 sumus
2597 5489 2658 5539 ad
2685 5490 2809 5542 hanc
2837 5494 3188 5546 emendandam
3222 5499 3332 5551 add.
3361 5515 3409 5551 a.
3426 5503 3495 5553 bl.
3524 5519 3570 5557 c.
3593 5521 3663 5558 oc.
3691 5505 3765 5555 eb.

2187 5550 2543 5665 ἔξ.
2569 5567 2617 5603 ιι.
2651 5566 2693 5602 r.
2733 5567 2772 5602 s.
2812 5562 2848 5603 t.
2890 5571 2961 5605 ve.
3002 5560 3156 5610 tribus
3183 5563 3257 5611 sb.
3282 5550 3493 5627 quatuor"
3512 5550 3569 5618 ιῖξ
3595 5550 3763 5619 etiam

2188 5676 2337 5789 1ῠὲῧέ
2342 5675 2585 5789 ἓίἕδιμδ
2612 5693 2620 5727 :
2649 5692 2759 5744 quae
2785 5688 2945 5733 autem
2970 5683 3023 5733 2|
3053 5692 3175 5746 erat,
3201 5699 3328 5739 nunc
3354 5689 3457 5742 335.
3484 5695 3660 5757 Scripta
3682 5703 3758 5742 an.
