4054 6406
169 308 235 369 89
1342 300 1716 363 EPISTOLAB

1867 304 2143 374 CLASSIS
2179 309 2219 367 ι.
3372 330 3446 392 ,ο

168 419 231 477 ad
255 419 353 474 hoc
368 415 635 489 negotium
654 423 833 486 posset
847 426 986 471 esse.
1006 415 1073 471 Et
1092 416 1233 486 quod
1254 429 1441 472 verum
1473 426 1574 479 est.
1597 433 1729 473 non-

169 510 284 567 dum
320 509 547 564 sciebam
579 506 702 577 quid
733 504 862 560 mihi
891 506 1103 561 deesset
1141 505 1209 561 ad
1242 506 1346 562 tale
1375 522 1531 578 opus,
1574 512 1733 579 quale

168 618 244 659 me
277 616 413 656 nunc
445 608 651 670 torquet
674 609 727 653 et
756 600 1000 653 conterit.
1033 598 1183 667 Quod
1212 600 1254 653 si
1288 610 1566 671 propterea
1595 603 1646 657 in
1674 618 1732 659 re

166 697 263 767 ipsa
308 692 460 747 didici
505 690 631 762 quid
670 690 737 745 sit
780 689 978 745 homini
1013 692 1391 760 necessarium,
1418 695 1506 763 qui
1539 695 1732 764 populo

166 787 407 845 ministrat
438 794 828 838 sacramentum
873 794 927 838 et
955 783 1176 838 verbum
1219 784 1335 851 Dei,
1376 794 1431 839 ut
1472 786 1580 856 jam
1623 801 1729 843 non

164 879 278 935 mibi
301 874 675 945 Iiccatasseqni
702 873 846 946 quod
871 889 956 929 me
989 892 1091 929 non
1119 875 1316 931 habere
1346 877 1604 947 cognovi:
1629 880 1720 946 ju-

163 973 249 1028 bes
284 984 402 1041 ergo
440 978 498 1023 ut
546 983 783 1037 peream,
825 976 976 1038 pater
1001 967 1175 1023 Valeri
1206 969 1219 1022 ε
1254 967 1464 1025 Ubi‘est
1497 970 1729 1026 cbaritas

164 1063 277 1119 tua?
303 1070 434 1118 certe
458 1060 636 1131 diligis
669 1060 796 1114 tne?
823 1068 969 1115 certe
1003 1058 1178 1129 diligis
1221 1059 1387 1127 ipsam
1431 1058 1726 1117 Ecclesiam

161 1156 237 1211 cui
264 1170 341 1210 me
364 1153 439 1209 sic
474 1152 784 1208 ministrare
828 1150 1078 1207 voluisti?
1109 1151 1175 1206 Et
1200 1161 1377 1207 tamen
1402 1163 1581 1208 certus
1608 1169 1725 1208 sum

159 1246 282 1318 quod
301 1256 352 1301 et
375 1263 456 1300 me
478 1252 533 1299 ct
575 1244 742 1314 ipsam
775 1242 968 1314 diligis.
999 1242 1103 1298 Sed
1135 1249 1293 1313 putas
1329 1258 1415 1298 me
1450 1242 1723 1310 idoneum,

159 1351 264 1393 cum
288 1352 380 1403 ego
406 1335 601 1391 melius
628 1350 716 1389 me
739 1333 1000 1399 noverim,
1032 1335 1120 1404 qui
1152 1342 1327 1388 tamen
1368 1348 1467 1389 nec
1495 1333 1608 1405 Ipse
1639 1349 1725 1390 me

158 1444 365 1493 nossem,
384 1426 482 1483 nisi
509 1426 838 1496 experiendo
861 1425 1189 1482 didicissem.

217 1520 261 1574 ι.
290 1518 388 1574 Sed
428 1518 557 1574 dicit
602 1518 830 1572 fortasse
875 1516 1141 1573 Sanctitas
1188 1526 1312 1583 tua;
1345 1518 1538 1574 vellem
1582 1517 1722 1575 scire

156 1611 261 1685 quid
290 1611 421 1668 desit
463 1611 803 1666 instructioni
831 1620 952 1665 tum.
983 1609 1114 1665 Tam
1155 1610 1319 1666 multa
1357 1620 1534 1666 autem
1574 1620 1718 1679 sunt,

154 1714 202 1759 ut
226 1704 413 1760 facilius
439 1704 645 1776 possim
665 1719 983 1759 enumerare
1007 1720 1125 1775 quae
1152 1704 1398 1772 habeam,
1421 1721 1578 1776 quam
1601 1722 1721 1777 qua:

153 1794 324 1851 habere
341 1794 611 1851 desidem.
636 1793 900 1850 Auderem
931 1794 1074 1850 enim
1098 1794 1301 1860 dicere,
1348 1796 1487 1851 scire
1529 1812 1637 1863 me,
1667 1805 1723 1852 et

152 1886 282 1956 plena
304 1885 401 1941 tide
424 1886 663 1942 retinere
678 1884 807 1957 quid
838 1886 1099 1955 pertineat
1117 1886 1182 1940 ad
1206 1886 1434 1942 salutem
1459 1898 1716 1941 nostram.

152 1976 240 2033 Sed
268 1978 360 2034 hoc
383 1978 559 2049 ipsum
592 1979 863 2048 quomodo
890 1979 1188 2034 ministrem
1214 1979 1281 2034 ad
1309 1979 1537 2035 salutem
1580 1981 1715 2035 alio-

151 2084 267 2132 rum,
294 2082 392 2123 non
417 2084 669 2139 qumrens
689 2068 832 2140 quod
854 2070 983 2124 mihi
1013 2070 1142 2125 utile
1163 2078 1266 2136 est,
1295 2070 1388 2125 sed
1410 2071 1552 2141 quod
1575 2072 1716 2127 mul-

152 2160 224 2223 tis,
247 2168 299 2214 ut
317 2160 443 2216 salvi
474 2159 644 2214 fiant?
670 2161 734 2215 Et
759 2170 881 2215 sunt
902 2160 1128 2216 fortasse
1151 2162 1345 2230 aliqua,
1375 2162 1482 2216 imo
1504 2177 1607 2217 non
1637 2172 1719 2218 cst

150 2251 460 2307 dubitandum
487 2267 638 2317 esse,
662 2253 713 2307 in
739 2253 936 2308 sanctis
956 2252 1132 2308 Libris
1151 2254 1451 2322 conscripta
1468 2254 1714 2318 consilia,

148 2342 315 2414 quibus
337 2345 563 2415 cognitis
591 2352 651 2400 et
674 2344 1024 2415 apprehensis
1046 2345 1213 2414 possit
1243 2345 1404 2399 homo
1431 2344 1522 2399 Dei
1551 2345 1712 2400 rebus

150 2437 490 2494 ecclesiasticis
541 2438 967 2493 ordinatioribus
1012 2439 1029 2469 ³
1075 2437 1402 2501 ministrare,
1437 2445 1530 2491 aut
1570 2446 1716 2492 certe

148 2528 264 2585 inter
300 2545 479 2585 manus
515 2531 827 2601 iniquorum
876 2530 960 2586 vel
1020 2530 1208 2586 vivere
1255 2530 1582 2585 conscientia
1624 2546 1714 2585 sa-

152 2620 296 2681 aiore.
316 2622 395 2675 vel
424 2622 586 2685 mori.
631 2630 692 2676 ut
734 2621 819 2676 illa
858 2621 965 2675 vita
1010 2635 1117 2675 non
1146 2621 1438 2684 amittatur,
1493 2621 1575 2676 cui
1624 2622 1715 2675 uni

151 2711 401 2768 christiana
431 2714 599 2768 corda
630 2712 848 2768 humilia
876 2722 931 2769 et
957 2721 1233 2767 mansueta
1254 2711 1543 2781 suspirant.
1573 2712 1719 2779 Quo-

146 2805 285 2861 modo
306 2817 467 2862 autem
498 2807 610 2861 hoc
639 2806 751 2861 fieri
781 2812 973 2877 potest,
996 2805 1095 2860 nisi
1120 2804 1570 2877 quemadmodum
1601 2806 1716 2875 ipse

147 2896 365 2954 Dominus
385 2898 533 2964 dicit,
570 2898 827 2970 petendo,
863 2898 1174 2969 quaerendo,
1208 2897 1501 2967 pulsando;
1551 2897 1602 2952 id
1631 2907 1714 2953 est

154 2990 345 3057 orando,
374 2992 626 3065 legendo,
653 2991 990 3063 plangendo?
1013 2990 1095 3046 Ad
1115 2989 1257 3061 quod
1284 2991 1552 3061 negotium
1582 2990 1714 3046 mihi

149 3095 337 3151 parvum
367 3080 580 3155 tempus
611 3084 757 3139 velut
800 3098 966 3154 usque
1028 3082 1095 3138 ad
1157 3082 1360 3137 Pascha
1427 3083 1714 3153 impetrare

145 3174 260 3229 volui
301 3190 386 3245 per
426 3176 629 3232 fratres
676 3190 706 3229 a
749 3184 836 3229 tua
891 3174 1256 3229 sincerissima
1308 3182 1365 3229 et
1425 3175 1713 3230 venerabili

145 3262 387 3330 cbaritate.
415 3276 470 3323 et
498 3282 647 3322 nunc
674 3281 769 3337 per
795 3265 892 3322 has
916 3281 1103 3337 preces
1127 3266 1271 3320 volo.

201 3356 248 3412 5.
287 3358 413 3425 Quid
461 3360 614 3415 enim
664 3373 1025 3430 responsurus
1071 3372 1190 3412 sum
1236 3357 1463 3412 Domino
1506 3356 1708 3427 judici:

145 3445 237 3502 Non
272 3459 495 3519 poteram
544 3452 657 3517 ista
697 3451 809 3520 jam
858 3465 1120 3522 qurerere,
1171 3464 1292 3504 cum
1333 3449 1714 3505 ecclesiasticis

146 3543 335 3611 aegonis
349 3543 678 3616 impedirer?
694 3542 749 3599 Si
767 3558 895 3613 ergo
916 3542 1046 3597 mihi
1070 3542 1211 3598 dicat
1234 3559 1246 3595 :
1271 3541 1437 3597 Serve
1457 3558 1709 3613 nequam,

146 3630 182 3685 si
204 3632 309 3687 villa
336 3633 589 3691 Ecclesia:
621 3634 1010 3690 calumniosum
1037 3634 1268 3704 aliquem
1300 3642 1588 3704 pateretur,
1619 3649 1711 3688 cu-

142 3720 213 3790 jus
255 3724 495 3781 fructibus
537 3725 861 3797 colligendis
907 3740 1097 3795 magna
1143 3740 1305 3795 opera
1355 3724 1709 3795 impenditur;

146 3815 350 3885 neglecto
384 3833 510 3888 agro
546 3831 711 3888 quem
757 3817 921 3888 rigavi
972 3815 1231 3886 sanguine
1285 3830 1428 3883 meo,
1478 3815 1522 3870 si
1570 3816 1711 3886 quid

144 3922 275 3979 agere
300 3926 388 3981 pro
413 3928 474 3967 ea
506 3925 698 3982 posses
722 3910 862 3981 apud
885 3909 1117 3980 jndicem
1137 3918 1316 3976 terrae,
1336 3924 1513 3965 nonne
1528 3908 1709 3963 omni-

143 3996 226 4053 bus
262 4003 738 4068 consentientibus,
778 4003 1048 4058 nonnullis
1082 4002 1243 4057 etiam
1281 4002 1595 4071 jubentibus
1654 4011 1713 4058 et

144 4093 421 4161 cogentibus
460 4109 755 4166 pergeres,
803 4103 859 4149 et
907 4094 952 4148 si
1006 4103 1191 4149 contra
1242 4100 1296 4149 te
1344 4093 1709 4163 judicaretur,

150 4180 285 4235 etiam
319 4192 455 4240 trans
480 4201 636 4241 mare
682 4184 1096 4256 proliciscereris
1134 4201 1147 4237 :
1190 4192 1349 4253 atque
1402 4183 1506 4239 hoc
1553 4184 1714 4240 modo

148 4273 217 4327 vel
259 4290 473 4333 annuam
505 4279 597 4333 vel
640 4293 705 4333 eo
747 4277 977 4346 amplius
1024 4275 1320 4330 absentiam
1365 4283 1509 4329 tuam
1566 4274 1713 4330 nulla

149 4366 335 4432 querela
363 4379 660 4436 revomret,
692 4384 760 4424 ne
798 4368 936 4422 alius
986 4366 1284 4437 possideret
1329 4374 1547 4433 terram,
1603 4380 1709 4421 non

150 4456 310 4514 anima:
337 4462 425 4517 sed
470 4461 685 4533 corpori
718 4475 1012 4531 pauperum
1059 4457 1453 4523 necessariam;
1478 4473 1708 4529 quorum

154 4553 303 4607 tamen
325 4552 511 4610 famem
542 4554 680 4608 viva:
708 4553 927 4607 arbores
958 4566 1091 4606 mea:
1116 4550 1283 4607 multo
1310 4549 1517 4605 facilius
1540 4549 1709 4605 mihi-

160 4656 246 4711 que
274 4647 488 4716 gratius,
520 4646 566 4701 si
597 4644 880 4715 diligenter
915 4643 1238 4708 colerentur,
1273 4641 1576 4712 explerent?
1604 4642 1713 4697 Cur

154 4746 266 4803 ergo
301 4737 361 4792 ad
393 4738 706 4794 discendam
744 4737 1127 4809 agriculturam
1175 4750 1349 4790 meam
1378 4735 1713 4790 vacationem

157 4830 381 4899 temporis
424 4832 520 4888 tibi
549 4831 788 4888 defuisse
841 4829 1117 4886 causaris?
1165 4829 1257 4883 Dic
1286 4828 1415 4884 mihi
1453 4828 1579 4899 quid
1624 4844 1710 4886 re-

156 4921 431 4991 spondeam,
458 4940 591 4996 rogo
622 4925 714 4979 te?
743 4927 825 4979 Alt
852 4924 987 4978 forte
1010 4922 1093 4977 vis
1118 4921 1291 4976 dicam
1325 4940 1337 4975 :
1364 4920 1536 4977 Senex
1560 4921 1713 4977 Vale-

155 5011 251 5069 rius
272 5003 397 5073 doni
414 5033 499 5073 me
541 5017 793 5073 omnibus
844 5015 1004 5071 rebus
1042 5015 1357 5069 instructum
1385 5028 1504 5068 esse
1541 5013 1714 5069 credi-

158 5102 314 5174 disset,
338 5120 532 5182 quanto
557 5108 788 5181 amplius
826 5125 913 5164 me
951 5105 1162 5171 dilexit,
1200 5114 1346 5161 tanto
1389 5106 1565 5162 minus
1605 5108 1706 5163 ista

158 5197 333 5260 discere
349 5205 586 5276 permisit
598 5204 625 5259 ἒ

216 5291 262 5349 6.
274 5298 489 5354 Attende
502 5296 682 5354 omnia
693 5296 979 5361 ista,senex
1000 5294 1199 5362 Valeri,
1212 5295 1437 5352 obsecro
1457 5303 1508 5351 te
1521 5311 1614 5367 per
1626 5296 1713 5351 bo-

163 5386 349 5446 nitatem
360 5399 413 5448 et
425 5392 760 5449 severitatem
771 5390 967 5447 Christi
977 5432 992 5458 ,
1014 5406 1109 5462 per
1123 5390 1543 5448 misericordiam
1555 5400 1610 5448 et
1627 5391 1715 5462 ju-

166 5476 331 5538 dicium
340 5482 473 5555 ejus,
489 5500 584 5558 per
594 5499 718 5542 eum
735 5483 825 5555 qui
840 5492 927 5541 tan
935 5490 1043 5539 tam
1067 5482 1160 5540 tibi
1177 5483 1458 5555 inspiravit
1473 5498 1599 5556 erga
1613 5499 1715 5541 nos

218 5654 233 5688 ⁸
257 5662 437 5725 Ialm.
462 5668 514 5725 At
534 5669 609 5713 Er.
634 5670 689 5715 et
710 5671 789 5714 Ms.
823 5671 1059 5716 Gemmet.
1083 5664 1283 5725 habent,
1316 5670 1362 5716 et
1396 5663 1714 5717 ordinationi-

171 5710 253 5768 δα.
269 5721 368 5793 ηιμ.
388 5729 440 5774 et
459 5710 688 5790 pler?an
704 5710 809 5776 ns.
831 5710 1379 5790 assassination
1398 5710 1419 5787 ξ
1431 5710 1715 5778 autem.

168 5773 223 5830 ά
236 5781 603 5840 «Was.

1843 420 2159 514 eliaritatem
2180 466 2193 489 ,
2218 433 2275 479 ut
2300 440 2367 481 ne
2397 434 2468 492 te,
2488 441 2589 484 nec
2610 443 2708 500 pro
2725 430 2877 489 luero
2896 436 3088 493 animm
3102 449 3321 514 nostrae,
3340 458 3440 504 au-

1841 510 2063 569 deamus
2089 514 2382 572 offendere.
2414 516 2505 575 Sic
2530 531 2708 578 autem
2730 526 2859 581 mihi
2884 527 3050 584 Deum
3082 540 3136 587 et
3168 510 3439 595 Christum

1844 612 2033 660 testem
2076 606 2205 662 facis
2247 609 2565 667 innocentia:
2605 624 2661 671 et
2689 616 2985 687 cbaritatis,
3017 631 3073 678 et
3123 624 3317 683 sinceri
3358 629 3432 686 af-

1840 695 2011 752 fectus
2036 714 2194 769 quem
2243 702 2383 758 circa
2436 718 2533 759 nos
2578 706 2763 772 babes,
2803 712 2953 779 quasi
2999 728 3099 784 ego
3130 731 3232 772 non
3260 718 3326 774 de
3356 719 3440 777 his

1834 788 2020 857 jurare
2047 793 2296 847 omnibus
2326 796 2547 864 possim.
2578 798 2750 867 Ipsam
2780 817 2907 873 ergo
2936 803 3250 864 cbaritatem
3280 821 3334 865 ct
3354 812 3439 867 af-

1836 879 2034 938 fectum
2062 885 2308 955 imploro,
2333 896 2392 942 ut
2417 889 2720 947 miserearis
2739 895 2862 959 mei,
2892 905 2946 951 et
2971 901 3235 957 concedas
3278 904 3432 972 mihi,

1836 974 1902 1067 ad
1932 975 2035 1033 hoc
2063 977 2203 1048 quod
2245 981 2459 1051 rogavi,
2496 991 2704 1053 tempus
2733 998 2985 1055 quantum
3033 994 3236 1063 rogavi,
3275 1005 3437 1067 atque

1836 1066 2054 1137 adjuves
2086 1086 2172 1125 me
2197 1073 2527 1129 orationilms
2554 1076 2678 1142 tuis,
2710 1087 2769 1133 ut
2798 1095 2901 1134 non
2932 1082 3002 1136 sit
3039 1083 3197 1142 inane
3219 1086 3433 1145 deside-

1833 1158 1969 1213 rium
2007 1175 2205 1227 meum,
2250 1179 2348 1218 nec
2393 1164 2719 1223 infructuosa
2755 1169 3011 1227 Ecclesia:
3040 1175 3236 1233 Christi
3262 1190 3426 1252 atque

1834 1249 2046 1304 utilitati
2101 1251 2324 1309 fratrum
2368 1264 2424 1309 et
2469 1271 2850 1315 conservorum
2899 1279 3138 1320 meorum
3190 1249 3434 1328 absentia

1832 1355 1973 1396 mea.
2003 1341 2127 1398 Scio
2153 1344 2295 1415 quod
2339 1346 2482 1401 illam
2532 1349 2845 1406 charitatem
2896 1370 2993 1424 pro
3032 1372 3118 1413 me
3156 1372 3424 1427 orantem.

1831 1434 2061 1489 maxime
2088 1435 2139 1489 in
2169 1437 2257 1490 tali
2286 1453 2467 1505 causa,
2496 1456 2602 1496 non
2626 1442 2886 1515 despiciet
2913 1446 3196 1511 Dominus:
3230 1464 3284 1507 et
3303 1470 3427 1511 eam

1831 1523 1970 1579 sicut
2015 1527 2333 1583 sacriﬁcium
2387 1532 2662 1589 suavitatis
2705 1537 2991 1607 accipiens,
3040 1541 3282 1599 fortassis
3308 1544 3431 1602 hre-

1830 1614 1977 1670 viore
2005 1626 2245 1688 tempore
2282 1637 2441 1692 quam
2470 1627 2750 1695 postulavi,
2792 1644 2877 1684 me
2905 1632 3268 1694 saluberrimis
3291 1652 3425 1695 con-

1831 1707 1966 1763 siliis
1986 1708 2054 1765 de
2074 1710 2363 1783 Scripturis
2384 1716 2494 1771 suis
2516 1716 2705 1773 reddet
2727 1720 3067 1779 instructum.

2298 1867 2628 1925 EPISTULA
2656 1871 2823 1928 χχιιι
2857 1873 2959 1946 (a).

1830 1977 2145 2051 Augustinus
2188 1982 2464 2054 presbyter,
2513 1986 2719 2040 Aurelio
2749 1986 3137 2062 Cartlmginensi
3164 1996 3422 2069 episcopo,

1900 2070 2091 2141 deflens
2135 2076 2519 2129 comessationes
2566 2086 2614 2129 et
2662 2079 2922 2135 ebrietates
2967 2100 3056 2153 per
3102 2085 3327 2158 Africam
3371 2089 3425 2145 in

1897 2166 2188 2221 cremeteriis
2236 2176 2282 2221 et
2322 2170 2573 2223 memoriis
2601 2181 2879 2243 martyrum
2918 2177 3227 2246 frequentari
3259 2183 3425 2251 specie

1896 2255 2155 2326 religionis
2188 2274 2207 2312 :
2234 2260 2317 2312 cui
2349 2260 2484 2314 malo
2514 2262 2789 2317 obtestatur
2809 2273 2863 2318 ut
2895 2268 3080 2321 mederi
3106 2270 3239 2323 velit.
3275 2270 3423 2327 Dolet

1899 2348 2115 2403 subinde
2138 2350 2290 2404 etiam
2319 2353 2688 2408 contentionem
2718 2366 2764 2410 et
2794 2357 3030 2413 humana:
3060 2360 3228 2416 laudis
3267 2380 3423 2435 appe.

1898 2440 2046 2493 litum
2072 2440 2134 2493 ab
2160 2441 2271 2512 ipso
2298 2442 2608 2499 Clericorum
2651 2446 2830 2502 ordine
2867 2465 2968 2503 non
3011 2452 3260 2507 exsulare.

2003 2596 2244 2651 Auneuo
2266 2596 2540 2668 episcopo,
2572 2599 2913 2658 Accusrnvus
2943 2603 3242 2675 presbyter.

1823 2724 2051 2782 CAPUT
2085 2726 2445 2782 PRIMUM.—-
2475 2729 2711 2785 Salutate
2744 2734 2948 2788 Aurelio
2984 2737 3089 2807 agit
3124 2739 3187 2791 de
3215 2756 3379 2796 comes

2142 2818 2418 2873 sationibus
2453 2819 2515 2872 ab
2539 2821 2747 2875 ecclesia
2771 2826 3099 2880 removendis.

1896 2947 1947 3000 1.
1976 2946 2091 3014 Qua
2119 2949 2285 3018 gratia
2330 2950 2707 3020 responderem
2738 2953 2928 3009 litteris
2957 2955 3262 3015 Sanctitatis
3310 2972 3421 3021 tua:

1822 3052 1944 3093 cum
1971 3038 2061 3093 diu
2094 3038 2346 3094 hrcsitans
2375 3056 2479 3096 non
2522 3043 2813 3113 reperirem
2850 3046 3074 3116 (omnia
3114 3050 3257 3106 enim
3294 3053 3421 3110 vicit

1822 3131 2042 3186 allectus
2062 3132 2223 3186 animi
2251 3134 2378 3199 mei,
2402 3150 2559 3205 quem
2583 3136 2693 3205 jam
2718 3147 2909 3208 sponte
2936 3152 3239 3212 surgentem
3262 3144 3421 3204 lectio

1822 3224 2062 3293 epistolae
2090 3233 2190 3279 tuac
2217 3226 2383 3279 multo
2413 3226 2688 3283 ardentius
2717 3230 3024 3301 excitavit),
3058 3236 3302 3293 commisi
3332 3256 3420 3297 me

1823 3323 2000 3370 tamen
2030 3317 2045 3346 ¹
2072 3316 2203 3383 Deo,
2227 3317 2317 3387 qni
2350 3334 2444 3388 pro
2480 3319 2684 3375 viribus
2710 3323 2843 3376 meis
2886 3336 3199 3394 operaretur
3228 3329 3278 3383 iu
3306 3346 3415 3399 me,

1822 3416 1880 3462 ut
1904 3423 1965 3481 ea
1996 3409 2350 3464 rescriberem
2380 3427 2497 3481 qua:
2528 3412 2737 3483 utrique
2763 3425 3004 3470 nostrum
3034 3419 3210 3475 studio
3236 3420 3288 3476 in
3316 3422 3419 3478 Do.

1822 3498 1970 3554 mino
1998 3509 2052 3554 et
2076 3514 2204 3555 cura
2234 3502 2591 3558 ecclesiastica
2619 3520 2717 3573 pro
2739 3514 2827 3561 tua
2849 3508 2869 3538 ’
2895 3510 3199 3577 prtestautia
3222 3521 3276 3567 et
3300 3529 3417 3571 mea

1821 3590 2274 3649 obsecundatione
2321 3605 2695 3664 congruerent.
2755 3598 2930 3669 Atque
2978 3600 3108 3656 illud
3164 3604 3416 3675 primum,

1821 3683 1962 3754 quod
1991 3684 2321 3740 orationibus
2348 3687 2481 3740 meis
2513 3696 2563 3742 te
2592 3687 2830 3758 adjuvari
2870 3690 3066 3759 credis,
3099 3708 3203 3748 non
3245 3697 3419 3753 solum

1821 3792 1927 3832 non
1978 3776 2211 3848 defugio,
2256 3794 2443 3833 verum
2488 3780 2648 3835 etiam
2698 3781 2925 3838 libenter
2973 3787 3288 3857 amplector.
3344 3788 3421 3845 Ita

1821 3868 1985 3933 enim,
2027 3868 2125 3923 etsi
2157 3883 2265 3923 non
2311 3869 2463 3934 meis,
2496 3879 2643 3926 certe
2681 3872 2804 3940 tuis,
2838 3889 2924 3928 me
2954 3873 3211 3933 Dominus
3238 3889 3420 3937 noster

1821 3960 2087 4017 exaudiet.
2107 3960 2260 4031 Quod
2277 3961 2494 4018 fratrem
2511 3965 2758 4036 Alypium
2773 3966 2825 4020 in
2844 3976 3025 4023 nostra
3043 3970 3419 4041 conjunctione

1818 4055 2102 4118 mansisse,
2131 4065 2190 4110 ut
2221 4056 2474 4125 exemplo
2498 4055 2567 4110 sit
2595 4057 2847 4112 fratribus
2866 4074 3025 4114 curas
3050 4063 3233 4119 mundi
3264 4064 3420 4134 hujus

1820 4146 1989 4201 vitare
2032 4146 2406 4217 cupientibus,
2455 4146 2960 4204 benevolentissime
3004 4153 3277 4223 accepisti,
3319 4171 3418 4227 ago

1819 4241 2038 4312 gratias,
2067 4256 2200 4310 quas
2228 4240 2389 4295 nullis
2414 4240 2594 4295 verbis
2613 4241 2881 4311 explicare
2902 4243 3134 4313 possim:
3162 4241 3421 4305 Dominus

1820 4331 1923 4388 hoc
1951 4331 2213 4403 rependat
2241 4332 2292 4387 in
2317 4333 2548 4387 animam
2580 4340 2745 4387 tuam.
2777 4332 2964 4390 Omnis
2991 4335 3168 4407 itaque
3194 4337 3416 4395 fratrum

1818 4433 2011 4485 costus.
2041 4424 2130 4495 qui
2161 4422 2303 4494 apud
2325 4438 2424 4478 nos
2447 4424 2612 4493 erepit
2638 4424 2960 4493 coalescere,
2992 4436 3133 4481 tanta
3159 4428 3252 4484 tibi
3282 4446 3419 4501 pne~

1819 4517 2054 4593 rogativa
2076 4515 2364 4572 obstrictus
2385 4524 2486 4580 est,
2515 4525 2573 4570 ut
2594 4516 2725 4571 locis
2749 4526 3008 4573 terrarum
3030 4528 3233 4575 tantum
3260 4521 3417 4593 longe

1819 4606 2101 4678 disjuuctis
2132 4608 2204 4662 ita
2240 4608 2395 4663 nobis
2433 4608 2767 4665 consulueris
2808 4617 3060 4680 tanquam
3108 4614 3415 4682 praesentis-

1819 4700 1985 4755 simus
2014 4699 2223 4771 spiritu.
2254 4699 2591 4771 Quapropter
2616 4700 2868 4771 precibus
2892 4709 3151 4772 quantum
3176 4704 3417 4761 valemus

1819 4792 2193 4858 incumbimus,
2238 4802 2296 4848 ut
2343 4808 2557 4864 gregem
2586 4792 2683 4849 tibi
2708 4795 3056 4851 commissum
3106 4805 3281 4852 tecum
3314 4799 3417 4854 Do-

1819 4884 1996 4940 minus
2020 4885 2283 4940 sustinere
2302 4884 2571 4956 dignetur,
2602 4900 2702 4941 nec
2723 4893 2775 4941 te
2795 4886 2999 4957 uspiam
3022 4886 3293 4957 deserere,
3318 4893 3413 4947 sed

1818 4978 2010 5034 adesse
2059 4976 2270 5047 adjutor
2314 4978 2365 5032 in
2396 4978 2900 5048 opportunitatibus,
2935 4978 3131 5036 faciens
3158 4996 3278 5036 cum
3311 4982 3413 5038 Ec-

1818 5074 1979 5129 clesia
2006 5088 2100 5128 sua
2130 5072 2549 5128 misericordiam
2572 5088 2668 5145 per
2692 5072 3049 5128 sacerdotium
3081 5083 3248 5140 tuum,
3280 5092 3414 5147 qua-

1794 5164 1923 5221 'lem
1954 5166 2252 5238 spirituales
2282 5165 2382 5220 viri
2440 5173 2496 5219 ut
2544 5163 2724 5232 faciat,
2772 5164 3024 5236 lacrymis
3048 5181 3168 5223 eum
3195 5167 3409 5239 gemiti-

1819 5261 2024 5333 basque
2051 5260 2409 5332 interpellant.

1887 5418 1906 5450 ¹
1929 5416 2003 5467 sic
2028 5424 2137 5468 Mss.
2166 5417 2263 5467 duo
2285 5432 2332 5466 v.
2360 5416 2593 5532 [iambi
2673 5479 2684 5490 .
3232 5479 3241 5489 η

1887 5481 1907 5512 ³
1927 5485 2037 5531 Mss.
2058 5488 2180 5532 tres.
2203 5486 2402 5531 etcum
2420 5492 2503 5531 ccc
2593 5486 2757 5532 asticis
2785 5492 2875 5532 oro
2894 5486 2994 5532 tua.
3018 5484 3179 5532 Recte.
3201 5491 3241 5528 si

1884 5481 1907 5512 ³
1927 5485 2037 5544 uss.
2058 5488 2180 5539 tres,
2203 5486 2249 5544 e_t
2268 5479 2402 5531 curm
2420 5479 2757 5532 ecclesiastica
2785 5492 2875 5544 pro
2894 5486 2994 5532 tua.
3018 5484 3179 5540 necte,
3201 5479 3243 5528 si
3265 5480 3409 5543 paulo

1821 5547 1938 5621 ante
1961 5541 2117 5614 legas,
2141 5540 2385 5653 abiitsz

1929 5611 2048 5653 Huic
2074 5612 2289 5653 (:asttaau
2323 5617 2366 5653 ε
2386 5604 2639 5653 ειὼδιάιοῐ

1882 5606 1899 5621 ⁹
1929 5603 2048 5667 Huic
2074 5603 2366 5667 castigandae
2386 5605 2601 5655 subsidio
2621 5604 2821 5655 fuerunt
2837 5604 2916 5653 ob.
2941 5603 2990 5653 ff.
3007 5617 3091 5667 gg.
3116 5616 3197 5667 gr.
3217 5617 3269 5654 n.
3298 5618 3340 5657 ι’.
3366 5612 3404 5656 t.

1819 5680 1895 5717 vc.
1919 5664 2019 5716 duo
2039 5668 2113 5716 sb.
2138 5664 2237 5716 duo
2259 5680 2307 5715 v.
2333 5673 2387 5717 et
2408 5674 2509 5717 Am.
2534 5667 2644 5716 Bad.
2670 5673 2744 5716 Er.
2773 5672 2881 5715 Lov.

1882 5727 2104 5840 (agélias
2123 5728 2186 5779 δι
2211 5742 2224 5777 :
2248 5742 2359 5792 quae
2381 5735 2545 5780 autem
2571 5728 2634 5779 22
2656 5736 2780 5788 erat,
2803 5739 2931 5778 nunc
2951 5726 3059 5781 235.
3082 5729 3260 5793 Scripta
3281 5730 3406 5781 circa

1821 5802 1900 5839 an.
1925 5802 2034 5839 ουτ.
