4054 6400
526 281 600 339 ω
1776 276 1789 349 *_
1875 258 2613 332 suavssumam"
3754 274 3831 333 sa

609 391 663 448 2.
693 390 843 448 Scias
888 390 1329 463 itaque,domlne
1376 382 1680 445 beatissime
1718 394 1777 446 et
1817 385 2124 460 plenissima

534 483 800 547 charitate
828 483 1166 549 venerabilis,
1190 499 1295 540 non
1323 482 1609 555 desperare
1632 495 1752 549 nos,
1782 480 1890 536 imo
1909 491 2127 549 sperare

538 578 909 645 vehementer,
933 577 1075 647 quod
1105 578 1361 632 Dominus
1382 586 1435 631 et
1460 578 1599 631 Deus
1627 582 1812 632 noster
1832 589 1925 645 per
1951 582 2125 628 aucto.

540 670 753 728 ritatem
782 685 1023 741 personae
1045 686 1206 741 quam
1232 671 1391 741 geris,
1415 684 1571 740 quam
1592 685 1697 723 non
1717 668 1885 732 carni,
1907 666 2003 722 sed
2028 664 2127 737 spi-

542 761 664 819 ritui
693 771 782 818 tuo
811 761 1113 833 impositam
1142 778 1265 817 esse
1291 761 1630 826 conﬁdimus,
1661 760 1855 814 multas
1881 757 2125 814 carnales

547 851 815 913 fuditates
854 862 910 908 et
953 852 1295 924 aegritudines
1327 867 1459 922 quas
1498 852 1746 907 Africana
1790 849 2025 906 Ecclesia
2073 850 2125 904 in

544 946 725 1002 multis
747 946 964 1016 patitur,
996 946 1047 999 in
1067 946 1246 1015 paucis
1262 946 1445 1015 gemit,
1468 945 1814 1000 consiliorum
1833 943 2091 1014 gravitate
2108 944 2124 974 ‘

543 1046 598 1093 et
621 1047 705 1093 tua
731 1038 897 1108 possit
916 1052 1123 1092 sanare.
1142 1037 1275 1091 Cum
1305 1035 1449 1091 enim
1466 1037 1751 1106 Apostolus
1775 1037 1873 1090 tria
1898 1036 2131 1091 breviter

544 1146 738 1203 genera
764 1132 1013 1186 vitiorum
1043 1131 1352 1186 detestanda
1393 1139 1449 1185 et
1489 1130 1702 1185 vitanda
1756 1144 1863 1185 uno
1913 1131 1967 1184 in
2010 1128 2129 1184 loco

542 1223 798 1292 posuerit,
826 1221 894 1277 de
915 1221 1106 1291 quibus
1132 1222 1595 1278 innumerabilium
1618 1222 1866 1277 vitiorum
1895 1222 2131 1292 exsurgit

539 1328 907 1383 seges,unum
937 1312 1130 1368 borum
1154 1312 1295 1382 quod
1321 1313 1557 1368 secundo
1594 1313 1715 1368 loco
1757 1313 1952 1382 posuit,
1980 1326 2130 1367 acere

541 1404 676 1459 rime
716 1404 769 1458 in
813 1403 1055 1459 Ecclesia
1104 1403 1436 1467 vindicatur;
1469 1403 1573 1456 duo
1602 1410 1778 1457 autem
1822 1402 2044 1473 reliqua,
2077 1401 2130 1457 id

540 1503 625 1549 est
664 1494 893 1564 primum
922 1505 977 1549 et
1003 1494 1270 1559 ultimum,
1299 1494 1594 1549 tolerabilia
1625 1492 1870 1549 videntur
1901 1494 2128 1549 hominiu

540 1582 662 1650 bus,
699 1593 860 1655 atque
886 1588 957 1639 ita
987 1585 1237 1655 paulatim
1277 1585 1391 1639 ﬁeri
1419 1595 1616 1656 potest,
1658 1595 1717 1640 ut
1746 1601 1844 1641 nec
1870 1586 1993 1640 vitia
2020 1586 2129 1655 jam

545 1686 816 1748 putentur.
847 1678 935 1732 Ait
961 1678 1102 1733 enim
1132 1692 1225 1732 vas
1251 1678 1525 1733 electionis
1558 1696 1569 1729 :
1601 1676 1725 1732 Non
1749 1679 1801 1733 in
1821 1678 2131 1734 comessatim

545 1768 690 1822 nibus
719 1778 766 1822 et
806 1766 1144 1833 ebrietatibus,
1179 1786 1279 1823 non
1322 1770 1375 1823 in
1420 1770 1662 1823 cubilibus
1701 1778 1746 1823 et
1781 1770 2129 1841 impudicitiis,

544 1877 649 1915 non
692 1861 747 1915 in
791 1862 1103 1916 contentione
1144 1869 1191 1914 et
1226 1861 1377 1927 dolo;
1404 1862 1491 1915 sed
1514 1861 1706 1915 induite
1746 1878 1831 1915 vos
1858 1860 2133 1914 Dominum

542 1950 729 2015 Iesum
748 1953 1023 2021 Christum,
1052 1963 1101 2008 et
1137 1954 1303 2008 carnis
1327 1971 1497 2009 curam
1522 1969 1585 2009 ne
1614 1955 1828 2025 feceritis
1858 1956 1914 2009 in
1950 1966 2135 2008 rancus

548 2044 804 2113 piscsntiis
836 2045 1011 2117 (Rom.
1042 2061 1160 2112 xm,
1185 2046 1272 2114 15,
1302 2044 1413 2114 ll).

616 2137 669 2191 '5.
707 2136 907 2192 ﬂorum
933 2152 1061 2208 ergo
1102 2138 1284 2203 trium,
1330 2138 1523 2193 cubilia
1553 2149 1607 2194 et
1655 2137 1996 2209 impudicitia:
2027 2146 2133 2193 tam

542 2242 797 2299 magnum
824 2229 1029 2284 crimen
1058 2238 1332 2299 putantur,
1361 2238 1419 2283 ut
1444 2246 1602 2286 nemo
1621 2230 1811 2301 dignus
1839 2245 1946 2285 non
1974 2232 2135 2286 modo

541 2319 904 2375 ecclesiastico
930 2322 1245 2387 ministerio,
1283 2321 1378 2377 sed
1422 2323 1535 2392 ipsa
1580 2324 1738 2377 etiam
1778 2332 2135 2379 sacramento-

550 2428 668 2467 rum
696 2414 1070 2469 communione
1112 2413 1373 2478 videatur,
1403 2415 1492 2481 qui
1520 2429 1579 2470 se
1623 2416 1725 2469 isto
1760 2424 1978 2485 peccato
2023 2428 2136 2471 ma-

546 2505 791 2559 culavit’
842 2522 854 2558 :
898 2516 953 2560 et
995 2514 1142 2561 recte
1190 2506 1426 2561 omnino.
1474 2506 1577 2561 Sed
1606 2523 1769 2576 quare
1799 2509 2004 2562 solum?
2034 2508 2133 2563 Co-

550 2596 902 2651 messationes
933 2598 1075 2651 enim
1106 2606 1159 2651 et
1193 2597 1479 2652 ebrietates
1508 2597 1579 2651 ita
1604 2612 1874 2653 concessae
1902 2607 1955 2653 et
1982 2600 2136 2655 licita:

544 2697 817 2759 putantur,
850 2695 909 2743 ιιι
941 2689 993 2742 in
1040 2688 1297 2744 honorem
1331 2689 1492 2743 etiam
1535 2690 1965 2745 beatissimorum
1991 2700 2135 2745 mar.

548 2790 741 2852 tyrum,
773 2797 878 2836 non
925 2782 1097 2837 solum
1148 2798 1242 2853 per
1278 2782 1393 2838 dies
1438 2782 1704 2838 solemnes
1754 2783 1918 2854 (quod
1965 2785 2135 2854 ipsum

544 2876 664 2947 quis
690 2891 796 2930 non
821 2876 1103 2947 lugendum
1120 2876 1318 2944 videat,
1348 2877 1437 2947 qui
1462 2876 1578 2931 haec
1600 2893 1703 2930 non
1723 2879 1899 2932 carnis
1935 2877 1954 2907 ⁸
1972 2878 2138 2933 oculis

548 2963 806 3039 inSpicit),
828 2966 921 3022 sed
942 2970 1099 3022 etiam
1120 2966 1354 3038 quotidie
1371 2967 1729 3023 celebrentur.
1747 2969 1875 3037 Qua:
1898 2968 2138 3025 fmditas"

551 3058 596 3112 si
625 3066 824 3111 tantum
854 3058 1110 3129 ﬂagitiosa
1140 3069 1194 3115 et
1220 3076 1324 3115 non
1349 3062 1511 3115 etiam
1542 3062 1799 3133 sacrilega
1830 3071 1993 3129 esset,
2018 3063 2136 3134 qui-

550 3148 875 3219 buscumque
906 3150 1201 3205 tolerantia:
1245 3144 1445 3206 viribus
1475 3154 1885 3208 sustentandam
1925 3162 2138 3224 putare-

554 3255 689 3294 mus.
729 3240 1040 3311 Quanquam
1084 3242 1173 3297 ubi
1199 3251 1281 3297 est
1309 3242 1461 3309 illud,
1494 3243 1634 3313 quod
1661 3261 1780 3300 cum
1822 3248 1986 3301 multa
2013 3247 2137 3303 vitia

550 3339 917 3388 enumerasset
964 3332 1102 3388 idem
1130 3335 1423 3403 apostolus,
1457 3335 1593 3389 inter
1620 3353 1739 3407 quae
1766 3339 1940 3408 posuit
1965 3340 2140 3394 ebrio-

547 3442 658 3493 sos,
704 3414 775 3480 ita
815 3424 1096 3493 conclusit,
1129 3435 1185 3480 nt
1225 3427 1425 3482 diceret
1453 3443 1571 3482 cum
1600 3431 1792 3485 talibus
1823 3448 1921 3486 nec
1948 3447 2140 3501 panem

550 3516 735 3573 edere?
761 3514 803 3590 (Ι
829 3517 946 3573 Cor.
980 3535 1034 3585 v,
1069 3515 1176 3591 il).
1195 3518 1298 3576 Sed
1327 3519 1561 3577 feramus
1589 3520 1703 3577 haec
1723 3523 1774 3577 in
1800 3523 1927 3579 luxu
1948 3535 2001 3580 et
2022 3526 2141 3582 labe

549 3608 866 3677 domestica,
898 3620 952 3665 et
974 3627 1158 3667 eorum
1180 3613 1541 3668 conviviorum
1568 3630 1687 3685 qua:
1714 3615 1935 3686 privatis
1964 3618 2139 3686 parie-

548 3699 692 3756 tibus
743 3702 1085 3757 continentur
1116 3744 1132 3771 ,
1183 3705 1612 3777 accipiamusque
1665 3722 1785 3761 cum
1829 3707 1908 3762 eis
1948 3724 2141 3779 corpus

550 3792 772 3861 Christi,
795 3810 915 3849 cum
937 3794 1126 3866 quibus
1154 3812 1344 3865 panem
1372 3797 1531 3853 edere
1557 3790 1932 3867 prohibemur;
1954 3801 2140 3857 saltem

547 3884 619 3942 de
662 3896 966 3941 sanctorum
1009 3903 1293 3958 corporum
1338 3890 1615 3960 sepulcris,
1667 3890 1853 3946 saltem
1898 3892 1964 3947 de
2010 3892 2143 3949 locis

549 3988 1024 4045 sacramentorum,
1058 3976 1124 4035 de
1173 3972 1418 4035 domibus
1467 3983 1763 4037 orationum
1806 3991 2005 4039 tantum
2047 3985 2142 4042 de~

549 4066 712 4125 decus
760 4080 1022 4126 arceatur.
1075 4070 1207 4139 Quis
1259 4072 1401 4126 enim
1454 4071 1614 4129 audet
1659 4083 1838 4132 vetare
1875 4076 2139 4148 privatim,

549 4161 695 4234 quod
734 4174 853 4218 cum
886 4163 1251 4235 frequentatur
1281 4164 1331 4220 in
1378 4166 1577 4221 sanctis
1622 4167 1768 4233 locis,
1804 4167 1974 4223 honor
2005 4184 2145 4223 mar-

550 4261 731 4324 tyrum
763 4255 1092 4309 nominatur?

544 4386 554 4413 ι
627 4342 682 4398 4.
724 4342 851 4399 Haec
880 4344 925 4398 si
969 4345 1138 4414 prima
1168 4344 1344 4400 Africa
1374 4358 1599 4403 tentaret
1628 4350 1838 4406 auferre
1880 4368 1909 4405 a
1938 4353 2145 4409 (testeris

488 4507 492 4510 g
554 4436 733 4502 terris,
766 4434 1059 4490 imitatione
1099 4436 1255 4508 digna
1284 4454 1402 4496 esse
1444 4441 1665 4497 deberet
1710 4460 1721 4495 :
1769 4458 1889 4498 cum
1932 4461 2060 4501 vero
2093 4455 2147 4503 et

557 4541 656 4597 per
684 4524 847 4580 Italia:
874 4527 1157 4583 maximam
1197 4539 1423 4600 partem,
1463 4542 1518 4587 et
1552 4533 1604 4588 in
1642 4531 1759 4590 aliis
1786 4536 2031 4592 omnibus
2056 4545 2148 4594 aut

466 4598 496 4695 ⁵(
558 4635 723 4691 prope
761 4612 1012 4676 omnibus
1060 4624 1428 4679 transmarinis
1478 4626 1748 4691 Ecclesiis,
1793 4629 1984 4697 partim
2025 4632 2145 4701 quia

488 4702 492 4706 ’
559 4729 827 4786 nunquam
859 4702 994 4769 facta
1024 4724 1165 4781 sunt,
1197 4718 1386 4788 partim
1417 4719 1537 4789 quia
1568 4719 1651 4773 vel
1690 4728 1804 4775 orta
1835 4722 1916 4775 vel
1942 4723 2144 4781 invete-

556 4816 691 4874 rata,
724 4814 1028 4865 sanctorum
1073 4818 1128 4864 et
1172 4826 1296 4865 vere
1331 4806 1397 4865 de
1440 4810 1546 4866 vita
1584 4810 1757 4868 futura
1802 4814 2145 4886 cogitantium

558 4901 931 4972 episcoporum
962 4898 1230 4974 diligentia
1286 4913 1339 4958 et
1385 4904 1845 4963 animadversione
1886 4909 2146 4965 exstincta

557 5002 718 5064 atque
743 4993 915 5050 deleta
944 4995 1067 5060 sint,
1102 4995 1405 5052 dubitamus
1435 4998 1703 5068 quomodo
1728 5013 2005 5069 possumus
2035 5009 2148 5054 tan-

560 5094 668 5140 tam
693 5100 900 5140 morum
937 5082 1130 5153 labem,
1158 5087 1239 5143 vel
1275 5090 1548 5159 preposito
1589 5098 1695 5144 tam
1731 5088 1836 5146 late
1858 5080 1878 5123 “
1900 5090 2149 5163 exemplo

559 5176 885 5234 emendare?
918 5172 984 5233 Et
1013 5194 1111 5233 nos
1137 5178 1348 5249 quidem
1380 5180 1587 5236 illarum
1623 5183 1849 5251 partium
1877 5182 2146 5241 hominem

562 5271 822 5327 habemus
862 5272 1204 5341 episcopum,
1255 5273 1394 5328 unde
1436 5289 1658 5344 magnas
1710 5276 1915 5345 agimus
1953 5276 2149 5346 gratias

620 5449 640 5482 ι
663 5450 774 5513 ags.
802 5447 1005 5512 plures,
1036 5446 1343 5513 consiliorum
1375 5446 1516 5513 gravi
1544 5460 1663 5501 esse.
1703 5449 2153 5513 Alii,oonsiltm-um

557 5508 821 5582 θνᾳιξὶεαιεί
832 5518 972 5563 Forte
992 5508 1279 5582 legendum,
1297 5508 1623 5582 conciliorum.
1808 5508 1817 5513 '
2115 5521 2122 5539 τ

620 5575 643 5637 ξ
667 5580 772 5623 Mss.
796 5583 1021 5637 quatuor,
1044 5575 1371 5623 maculaverit.
1398 5581 1545 5623 Bene.

622 5636 643 5666 ³
659 5642 787 5695 διεδ..
807 5636 1008 5689 carneis.

621 5695 644 5764 ξ
671 5704 800 5764 Isso.
818 5711 963 5764 quas
986 5700 1265 5762 taedium!-
1291 5705 1527 5764 Cosme.

623 5760 645 5794 ι
668 5762 741 5813 sic
760 5760 867 5815 uss.
895 5760 1075 5827 [lato].

2232 384 2344 440 Deo
2373 402 2386 438 :
2415 398 2721 457 quanquam
2754 382 2872 455 ejus
2912 383 3188 441 modestia;
3236 391 3396 455 atque
3440 385 3676 444 lenitatis
3717 397 3825 456 est.

2231 475 2349 545 ejus
2377 476 2607 547 denique
2649 476 2945 547 prudentiae
2971 488 3027 533 et
3067 477 3435 534 sollicitudinis
3472 478 3525 534 in
3571 479 3821 547 Domino,

2234 576 2291 623 ut
2312 568 2522 623 etiamsi
2550 569 2674 624 Afer
2694 579 2856 636 esset,
2884 569 2993 625 cito
3024 570 3098 624 illi
3128 570 3195 624 de
3216 570 3504 641 Scripturis
3528 572 3825 642 persuades

2230 668 2379 715 retur
2402 658 2716 726 curandum,
2749 660 2889 730 quod
2918 661 3192 716 licentiosa
3234 668 3289 715 et
3315 660 3453 717 male
3488 659 3654 716 libera
3695 677 3827 718 eor

2230 751 2456 807 suetudo
2476 752 2665 807 vulnus
2693 751 2901 807 inﬂixit.
2930 752 3036 809 Sed
3063 761 3209 808 tanta
3232 752 3531 824 pestilentia
3553 762 3637 811 est
3658 753 3821 826 hujus

2231 844 2378 911 mali,
2408 854 2465 900 ut
2491 846 2669 900 sanari
2711 858 2949 916 prorsus,
2982 852 3238 917 quantum
3277 845 3408 901 mihi
3455 845 3683 914 videtur,
3711 846 3819 902 nisi

2232 937 2440 993 concilii
2466 937 2779 993 auctoritate
2821 952 2927 992 non
2959 938 3147 1008 possit.
3174 936 3280 992 Aut
3302 937 3348 991 si
3375 936 3443 991 ab
3473 951 3575 991 una
3594 936 3825 994 ecclesia

2233 1027 2527 1082 inchoanda
2554 1035 2639 1083 est
2662 1027 2960 1094 medicina;
2992 1028 3130 1084 sient
3167 1026 3380 1082 videtur
3416 1026 3670 1091 audacia,
3700 1036 3828 1085 Ilu-

2233 1131 2350 1179 tare
2377 1123 2559 1178 conari
2587 1122 2729 1193 quod
2767 1122 3200 1192 Carthaginensis
3247 1120 3485 1177 Ecclesia
3533 1127 3703 1188 tenet.
3744 1121 3826 1176 aia

2233 1228 2438 1284 magum
2468 1213 2811 1284 impudentiae
2840 1222 2941 1280 est,
2972 1213 3110 1269 velle
3136 1226 3351 1268 servare
3384 1227 3506 1283 qua:
3546 1211 3827 1283 Carthagi-

2235 1307 2415 1361 nensis
2458 1304 2698 1361 Ecclesia
2744 1306 2996 1361 correxit.
3045 1304 3126 1359 Ad
3171 1304 3310 1360 hanc
3351 1312 3527 1359 autem
3563 1319 3677 1360 rem
3703 1306 3830 1375 quia

2233 1398 2367 1451 alius
2394 1397 2673 1467 episcopus
2692 1404 2835 1452 esset
2856 1395 3142 1467 optandus,
3166 1395 3270 1451 nisi
3294 1395 3383 1465 qui
3405 1408 3467 1450 ea
3483 1394 3828 1466 diaconus“)

2235 1487 2615 1543 exsecrabatur
2638 1486 2664 1542 ἲ

2306 1581 2361 1636 ὅ.
2399 1579 2503 1635 Sed
2532 1578 2675 1651 quod
2706 1588 2821 1635 erat
2849 1587 2973 1635 tunc
3002 1578 3289 1635 dolendum
3315 1592 3457 1634 nilne
3480 1576 3829 1634 auferendo.

2234 1681 2344 1739 est;
2374 1688 2479 1727 non
2523 1687 2733 1742 aspere.
2762 1671 2858 1727 sed
2888 1672 3025 1727 sicut
3051 1675 3304 1742 scriptum
3334 1680 3436 1738 est,
3463 1671 3516 1725 in
3540 1670 3722 1742 spiritu
3744 1670 3825 1726 ls-

2236 1766 2410 1821 nitatis
2429 1774 2476 1819 et
2498 1764 2897 1819 mansuetudinis
2924 1762 3065 1836 (Gal.
3105 1780 3180 1829 vr,
3230 1763 3304 1831 Ι).
3340 1764 3474 1817 Dant
3514 1763 3658 1819 enim
3688 1760 3837 1823 mihi;

2238 1858 2481 1912 ﬁduciam
2506 1857 2695 1911 litterae
2722 1864 2825 1910 tum
2854 1856 3053 1911 indices
3080 1855 3503 1925 germanissimte
3521 1852 3824 1918 cbatitatis.

2236 1960 2295 2006 ut
2322 1958 2496 2006 tecum
2526 1958 2778 2021 tanquam
2804 1960 3013 2005 mecum
3034 1949 3256 2003 audeam
3281 1948 3531 2018 colloqui.
3563 1946 3681 2003 Non
3699 1954 3831 2017 ergo

2237 2059 2446 2116 aSpere,
2466 2053 2721 2115 quantum
2745 2043 3017 2109 existimo,
3047 2054 3150 2097 non
3171 2041 3395 2105 duriter,
3421 2056 3527 2095 non
3546 2040 3704 2095 modo
3724 2040 3828 2095 im-

2238 2139 2451 2207 perioso
2473 2136 2571 2191 ista
2601 2135 2886 2200 tolluntur;
2920 2133 3088 2202 magis
3113 2133 3359 2190 docendo
3387 2146 3546 2203 quam
3569 2130 3827 2202 iubendo,

2240 2229 2408 2296 magis
2452 2226 2720 2283 monendo
2761 2241 2919 2297 quam
2963 2226 3232 2281 minando.
3264 2224 3353 2281 Sic
3382 2224 3525 2280 enim
3566 2223 3828 2295 agenda.

2239 2330 2319 2375 est
2340 2334 2461 2375 cum
2482 2318 2848 2375 multitudine:
2872 2320 3127 2374 severitas
3144 2327 3323 2373 autem
3346 2315 3644 2372 exercenda
3668 2324 3753 2372 est
3773 2315 3828 2371 ia

2239 2419 2454 2480 peccata
2480 2424 2791 2480 paucorum.
2826 2409 2892 2464 Et
2933 2410 2978 2465 si
3021 2408 3151 2480 quid
3186 2410 3473 2474 minamur,
3496 2422 3621 2463 cum
3644 2406 3830 2464 dolore

2241 2500 2349 2563 list,
2382 2500 2449 2554 de
2479 2500 2765 2570 Scripturis
2792 2500 3167 2555 comminando
3194 2499 3480 2555 vindictam
3507 2497 3739 2555 futuram
3763 2513 3830 2555 ne

2240 2605 2338 2644 nos
2366 2591 2465 2661 ipsi
2496 2591 2549 2645 in
2578 2601 2757 2646 nostra
2802 2600 3083 2662 potestate,
3117 2591 3212 2647 sed
3243 2591 3384 2648 Deus
3413 2591 3467 2646 in
3498 2599 3683 2647 nostro
3710 2603 3828 2647 sero

2241 2698 2399 2738 mone
2429 2683 2677 2738 timeatur
2711 2683 2807 2755 (ὁ).
2837 2685 2913 2738 Ita
2952 2684 3099 2755 prius
3140 2684 3498 2740 movebuntur
3525 2684 3831 2755 spiritales

2242 2774 2326 2828 vel
2354 2774 2713 2843 spiritualibus
2756 2776 3004 2845 proximi,
3031 2790 3257 2846 quorum
3300 2777 3634 2845 auctoritate.
3673 2776 3834 2833 etla-

2242 2866 2477 2921 nissimis
2496 2866 2709 2937 quidem
2729 2868 2821 2923 sed
2843 2866 3243 2924 instantissimis
3261 2866 3711 2926 admonitionibus
3725 2881 3833 2927 αις

2245 2968 2358 3015 tera
2386 2960 2664 3014 multitudo
2690 2960 2978 3031 frangatur.

2313 3053 2367 3108 6.
2407 3052 2511 3109 Sed
2558 3053 2804 3123 quoniam
2850 3054 2964 3107 istae
3007 3053 3061 3107 in
3107 3051 3431 3109 cmmeteriie
3466 3051 3754 3109 ebrietates
3776 3061 3835 3112 et

2242 3144 2511 3199 luxuriosa
2546 3145 2808 3211 convivia,
2838 3160 2945 3199 non
2986 3144 3160 3198 solum
3207 3143 3440 3201 honores
3468 3154 3767 3216 martyrum
3800 3159 3834 3199 a

2243 3237 2441 3291 carnali
2469 3244 2523 3290 et
2548 3237 2788 3309 imperita
2813 3235 2969 3306 plebe
2990 3235 3135 3291 credi
3161 3235 3353 3301 solem,
3378 3234 3476 3291 sed
3502 3236 3663 3292 etiam
3688 3237 3835 3292 solaa

2244 3329 2315 3382 tia
2346 3338 2705 3393 mortuorum;
2747 3327 2877 3383 mihi
2899 3327 3109 3382 videtur
3138 3326 3474 3385 faciliusillie
3496 3326 3514 3360 ⁸
3535 3325 3836 3384 dissuaderi

2244 3434 2402 3490 posse
2424 3420 2579 3473 istam
2606 3417 2900 3475 fmditatem
2927 3432 2991 3474 ac
3011 3417 3410 3488 turpitudinem,
3443 3418 3489 3475 si
3514 3426 3568 3474 et
3592 3417 3662 3473 de
3686 3416 3837 3474 Set-is

2244 3511 2416 3583 pturis
2444 3511 2811 3583 prohibeatur,
2856 3520 2911 3567 et
2938 3511 3236 3567 oblationes
3276 3526 3373 3581 pro
3400 3510 3679 3581 spiritibus
3704 3512 3840 3568 dor-

2244 3607 2543 3674 mientium,
2569 3622 2699 3677 quas
2722 3622 2852 3662 vere
2875 3605 3077 3676 aliquid
3102 3604 3354 3674 adjuvare
3375 3604 3702 3661 credendum
3725 3614 3837 3671 est,

2244 3713 2407 3769 super
2457 3700 2601 3769 ipsas
2647 3696 2932 3754 memorias
2979 3712 3085 3750 non
3134 3695 3242 3751 sint
3286 3705 3630 3766 sumptuosae,
3679 3704 3841 3769 atque

2244 3790 2492 3846 'onmibus
2506 3790 2805 3860 petentibus
2818 3790 2935 3845 sine
2953 3787 3117 3861 typho
3133 3790 3175 3853 ',
3192 3795 3385 3844 etcum
3405 3788 3681 3845 alacritate
3701 3804 3840 3860 prc-

2246 3881 2504 3937 beantur:
2529 3897 2700 3952 neque
2724 3881 3049 3947 vendantur;
3088 3882 3182 3936 sed
3212 3881 3257 3937 si
3286 3881 3428 3951 quis,
3455 3897 3552 3952 pro
3578 3880 3840 3951 religione

2245 3974 2445 4045 aliquid
2468 3975 2707 4045 pecuniae
2731 3974 2927 4029 oderre
2955 3972 3202 4039 voluerit,
3233 3972 3287 4028 in
3315 3973 3565 4042 praesenti
3590 3972 3840 4043 pauperi-

2246 4068 2348 4124 bus
2375 4067 2612 4138 eroget'.
2642 4067 2719 4122 ita
2764 4082 2866 4123 nec
2902 4066 3154 4123 deserere
3196 4066 3512 4122 videbuntur
3552 4066 3842 4123 memorias

2247 4173 2489 4229 suorum,
2515 4159 2659 4232 quod
2686 4167 2863 4231 potest
2885 4160 3103 4231 gignere
3129 4174 3235 4215 non
3265 4159 3437 4213 levem
3468 4159 3643 4214 cordis
3681 4157 3841 4212 dolo-

2247 4264 2386 4321 rem,
2416 4262 2471 4308 et
2496 4252 2548 4306 id
2575 4251 2935 4308 celebrabitur
2958 4252 3012 4307 in
3041 4250 3276 4308 Ecclesia
3305 4249 3447 4319 quod
3476 4251 3560 4319 pie
3584 4256 3639 4303 et
3668 4247 3841 4304 bone.

2246 4354 2331 4401 ste
2359 4344 2675 4400 celebratur.
2726 4344 2849 4398 Haec
2894 4344 3099 4400 interiit
3146 4344 3215 4398 de
3253 4339 3738 4398 comesaationihus
3788 4351 3847 4397 et

2248 4435 2602 4491 ebrietatibus
2627 4434 2767 4489 dicta
2790 4434 2914 4490 sint.

2249 4567 2474 4627 CAPUT
2513 4562 2577 4627 11.
2600 4562 2770 4624 —De
2798 4570 3113 4626 contentione
3141 4578 3188 4623 et
3221 4556 3387 4624 laudis
3415 4558 3663 4640 appetita.
3697 4556 3845 4633 Quo-
3900 4534 3905 4538 θ

2449 4664 2600 4720 modo
2625 4664 2783 4721 honor
2812 4675 2859 4720 et
2888 4658 3002 4719 laus
3030 4665 3061 4717 ὰ
3087 4658 3310 4734 pustulis
3335 4659 3659 4717 assumenda.

2323 4778 2375 4833 7.
2420 4780 2494 4836 De
2513 4778 2856 4836 contentione
2874 4786 3055 4833 autem
3077 4785 3130 4832 et
3149 4776 3273 4832 dolo
3292 4760 3415 4847 quid
3443 4790 3529 4830 me
3552 4774 3743 4830 attinet
3759 4772 3847 4830 di-

2251 4890 2396 4943 cere,
2416 4874 2630 4947 quando
2653 4875 2749 4929 ista
2777 4872 2901 4928 vitia
2923 4887 3031 4927 non
3056 4871 3107 4926 in
3133 4871 3304 4942 plebe,
3332 4868 3428 4924 sed
3454 4870 3507 4925 in
3533 4870 3717 4926 nostro
3737 4884 3846 4924 nu-

2252 4982 2403 5027 mero
2429 4969 2669 5040 graviora
2704 4966 2859 5021 sunt?
2890 4964 3089 5020 Horum
3117 4972 3296 5018 autem
3335 4961 3644 5017 merborum
3672 4970 3849 5019 mater

2252 5060 2500 5133 superbia
2524 5067 2625 5127 est,
2657 5066 2715 5115 et
2758 5057 3005 5114 humana:
3046 5056 3217 5111 laudis
3258 5054 3503 5123 aviditas,
3536 5069 3652 5126 quae
3682 5046 3845 5109 etiam

2255 5150 2576 5225 hypocrisim
2599 5164 2743 5219 saepe
2768 5155 3007 5219 generat.
3030 5146 3161 5202 Huic
3178 5162 3282 5201 non
3300 5147 3586 5211 resistitur,
3612 5144 3712 5201 nisi
3728 5160 3848 5200 cre-

2320 5330 2335 5358 ι
2361 5331 2469 5376 Mss.
2498 5329 2713 5386 septem,
2884 5318 2989 5382 Alii,
3010 5317 3133 5371 illic.

2318 5390 2339 5420 '
2360 5394 2444 5437 Ms.
2471 5387 2571 5450 3b.,
2596 5388 2732 5450 typo.

2320 5445 3205 5516 ἷωοάυ9ν’έτοαεέ²ιν·.“ίίνβηῖ9αε
3264 5500 3309 5516 ,η
3559 5500 3606 5516 ια

2320 5513 2392 5579 (α)
2416 5500 2659 5579 Aurelius
2677 5500 3067 5579 pa'rthaginensis
3100 5500 3323 5579 ἔδειξεῑῶ
3359 5500 3616 5579 ᾁβὶεδρρίίἑ
3648 5502 3853 5554 creatus

2260 5568 2337 5628 est
2358 5568 2479 5626 l'orte
2499 5589 2581 5641 an.
2605 5574 2715 5630 591,
2740 5568 2885 5641 οριηιῐςΔ
2903 5584 2997 5621 non
3020 5578 3133 5641 ante
3156 5570 3273 5627 3‘10;
3298 5568 3427 5641 quin}
3444 5583 3477 5641 _e
3500 5568 3591 5641 hoc
3611 5579 3853 5641 annuam

2256 5649 2473 5709 tecessor
2497 5634 3312 5709 ιιιδιμδιιξβηριιιιὶιιξ-ιιι-τειιιίιᾳιιις.
3337 5633 3700 5709 ρςήιρλείιιθιιεί
3721 5636 3773 5678 ιι.
3796 5637 3855 5681 at

2257 5694 2803 5766 subgsureliohabitum
2833 5708 2910 5749 est
2932 5694 3257 5766 Hipponense,
3279 5694 3516 5766 an._3®._
3554 5754 3563 5766 .
3594 5758 3610 5766 Α
3656 5744 3721 5766 M
3760 5730 3776 5743 .

2320 5750 2393 5826 (ὸ)
2417 5771 2483 5814 ita
2503 5775 2561 5812 se
2576 5760 2682 5825 ipse
2704 5768 2861 5825 gessrt
2884 5750 3193 5825 Augustinus.
3215 5750 3272 5809 ut
3297 5755 3393 5808 vid.
3418 5755 3469 5808 ὴ
3656 5750 3739 5805 29.
