4054 6406
174 458 237 521 93
1258 388 1259 391 Ἴ
1367 431 1842 489 EPISTOLARUM
1883 429 2157 488 CLASSIS
2196 432 2236 486 l.
3348 433 3423 498 οι

177 568 273 633 bris
300 560 586 626 divinorum
615 561 890 619 Librorum
912 553 1225 613 testimoniis
1260 550 1541 607 incutiatur
1565 548 1723 602 timor

175 682 222 725 et
246 664 465 721 charitas
500 650 619 713 Dei:
649 656 692 708 si
722 658 895 708 tamen
944 644 1026 704 ille
1072 647 1159 718 qui
1206 646 1307 698 hoc
1336 643 1463 713 agit,
1493 641 1724 708 seipsum

175 754 385 832 praebeat
404 750 665 823 patientia:
686 756 843 817 atque
869 734 1176 827 humilitatis
1195 734 1522 806 exemplum,
1550 735 1727 788 minus

173 825 261 909 sibi
285 842 591 904 assumendd
616 855 776 910 quam
822 825 1069 896 oil‘crtur;
1113 830 1203 888 sed
1236 838 1412 886 tamen
1439 828 1506 882 ab
1535 826 1609 881 eis
1637 825 1728 897 qui

174 959 227 999 se
244 932 491 999 honorant
511 950 604 991 nec
626 930 794 988 totum
821 944 919 984 nec
940 926 1069 982 nihil
1088 912 1416 994 accipiendo,
1440 924 1494 974 et
1513 916 1565 975 id
1586 916 1726 990 quod

135 1035 138 1039 ’
171 1034 408 1104 accipitur
428 1016 589 1085 lahdis
618 1034 708 1080 aut
732 1020 971 1087 honoris,
1004 1021 1106 1074 non
1140 1027 1351 1088 promer
1382 1018 1439 1069 se
1465 1011 1554 1085 qui
1587 1018 1727 1067 totus

172 1144 334 1186 coram
365 1120 467 1180 Deo
496 1122 610 1178 esse
640 1116 798 1175 debet
841 1112 897 1171 et
935 1114 1165 1168 humana
1214 1116 1579 1170 contemnere,
1630 1104 1727 1161 sed

170 1216 502 1294 propteriilos
530 1210 815 1294 aetiipiatul‘
843 1203 1339 1294 quibus‘cousulere
1382 1212 1484 1254 non
1528 1206 1722 1270 potest,

169 1291 208 1375 si
230 1316 376 1374 nimia
400 1304 690 1383 dejectione
712 1292 951 1361 \‘iicscal.
972 1291 1168 1357 Adhuc
1184 1299 1324 1356 cnim
1347 1297 1571 1383 pertinet
1586 1293 1726 1366 quod

169 1408 344 1467 dictum
372 1380 477 1472 est,
507 1396 667 1457 Nemo
684 1400 999 1473 juventulem
1024 1404 1162 1449 luant
1189 1394 1473 1479 contemnat
1505 1380 1556 1461 (i
1593 1386 1722 1439 Tim.

169 1519 232 1569 Iv,
259 1488 367 1570 l2);
390 1515 509 1553 cum
540 1484 640 1550 huc
670 1486 755 1549 ille
785 1489 999 1555 dixerit,
1032 1490 1119 1559 qui
1149 1486 1253 1539 alio
1284 1476 1399 1537 loco
1425 1482 1529 1535 ait:
1560 1476 1728 1570 Sin/io-

168 1568 361 1649 minibtts
387 1587 584 1661 placere
610 1580 807 1651 vellem,
833 1572 1020 1635 Christi
1056 1582 1224 1632 servus
1256 1591 1357 1628 non
1386 1587 1540 1627 essem
1584 1568 1723 1640 (Gal.

166 1698 199 1751 ι,
223 1674 321 1753 10).

227 1795 274 1851 8.
310 1791 552 1862 Magnum
581 1796 664 1843 est.
692 1786 759 1842 de
790 1782 1082 1840 honoribus
1101 1789 1156 1838 et
1183 1779 1423 1836 laudibus
1452 1775 1726 1832 hominum

166 1900 259 1941 non
284 1882 465 1946 laetari,
495 1880 586 1935 sed
604 1889 660 1935 et
673 1893 886 1933 onmem
908 1888 1155 1945 pompam
1178 1872 1388 1950 inanem
1412 1866 1723 1938 praecidere,

146 1984 215 2035 et
232 1978 270 2031 si
294 1974 412 2047 quid
440 1972 562 2028 inde
584 1970 941 2026 necessarium
963 1966 1241 2030 retinetur,
1265 1962 1314 2017 id
1341 1962 1508 2017 totum
1533 1960 1599 2015 ad
1623 1959 1725 2014 uti—

167 2067 344 2123 litatem
387 2062 757 2118 houorantimn
787 2059 1116 2127 salutemque
1145 2055 1408 2110 conferre.
1441 2053 1554 2108 Non
1585 2053 1726 2106 enim

167 2157 335 2214 frustra
363 2156 561 2211 dictum
588 2160 671 2208 est
693 2170 708 2207 :
732 2150 871 2205 Deus
899 2148 1181 2220 confringet
1205 2163 1318 2200 ossa
1340 2145 1595 2199 hominum
1612 2143 1729 2213 pla-

169 2266 262 2303 cere
274 2248 532 2302 volentium
550 2244 722 2317 (Psal.
747 2259 837 2307 ιιι,
860 2239 935 2314 6).
956 2240 1094 2308 Quid
1112 2239 1250 2293 enim
1267 2236 1584 2308 languidius,
1605 2233 1730 2304 quid

172 2350 261 2394 tam
295 2339 406 2395 sine
443 2337 733 2392 stabilitate
769 2350 831 2388 ac
856 2331 1186 2397 fortitudine,
1214 2329 1355 2400 quod
1384 2343 1503 2382 ossa
1532 2326 1731 2397 signiﬁ-

170 2440 293 2498 cant,
321 2444 472 2500 quam
502 2427 670 2483 homo
698 2440 854 2498 quem
884 2423 1022 2478 male
1051 2421 1376 2492 loquentium
1423 2419 1599 2489 lingua
1634 2418 1730 2473 de-

172 2525 340 2594 bilitat,
368 2541 487 2581 cum
528 2524 665 2578 sciat
690 2523 819 2577 falsa
850 2535 969 2576 esse
994 2535 1112 2589 qua:
1156 2514 1439 2573 dicuntur?
1468 2515 1627 2585 Cujus
1655 2513 1733 2569 rei

170 2621 302 2677 dolor
342 2620 487 2674 nullo
534 2617 694 2673 modo
734 2616 923 2670 anima:
962 2614 1165 2669 viscera
1208 2612 1506 2677 dilaniaret,
1537 2610 1583 2665 si
1625 2623 1732 2664 non

170 2726 301 2767 amor
321 2709 487 2765 laudis
517 2724 642 2763 ossa
670 2707 785 2778 ejus
824 2704 1203 2777 confringeret.
1241 2703 1510 2757 Przesumo
1545 2703 1613 2757 de
1647 2716 1734 2755 ro-

173 2803 288 2859 bore
309 2803 458 2857 animi
502 2801 621 2855 tui:
646 2800 821 2871 itaque
846 2798 947 2853 ista
973 2812 1089 2867 qua:
1119 2804 1294 2850 tecum
1339 2794 1578 2861 confero,
1604 2792 1734 2847 mihi

174 2894 300 2962 dico;
316 2892 555 2967 dignaris
575 2902 773 2957 tamen,
796 2889 977 2955 credo,
996 2903 1203 2943 mecum
1222 2886 1561 2942 considerare
1578 2900 1734 2955 quam

174 2988 266 3043 sint
285 2988 472 3059 gravia,
499 3000 670 3057 quam
697 2982 948 3039 difficilia.
976 2980 1093 3035 Non
1118 2980 1261 3037 enim
1288 2978 1445 3049 hujus
1465 2977 1633 3034 hostis
1656 2978 1735 3033 vi-

175 3094 248 3136 m
270 3082 436 3148 sentit,
470 3079 585 3136 nisi
613 3077 703 3150 qui
739 3077 789 3132 ei
832 3074 1029 3131 bellum
1059 3074 1337 3141 indixerit;
1367 3073 1489 3145 quia
1529 3074 1573 3128 si
1621 3073 1737 3128 cui-

174 3186 309 3243 quam
332 3173 480 3228 facile
504 3179 601 3227 est
626 3168 782 3225 laude
807 3183 993 3224 carere
1022 3166 1149 3222 dum
1176 3166 1483 3237 denegatur,
1526 3165 1739 3219 difficile

176 3271 247 3321 est
282 3280 338 3322 ea
372 3282 476 3322 non
525 3263 781 3321 delectari
823 3276 945 3317 cum
984 3261 1237 3327 otl‘ertur;
1278 3270 1334 3316 et
1374 3270 1550 3315 tamen
1596 3267 1739 3314 tanta

177 3360 342 3415 utentis
364 3361 416 3416 in
444 3360 626 3416 Deum
655 3355 815 3413 debet
839 3371 960 3413 esse
999 3354 1299 3427 suspensio,
1327 3364 1383 3409 ut
1408 3354 1453 3409 si
1476 3369 1585 3409 non
1626 3370 1739 3408 me-

178 3453 263 3510 rito
284 3454 583 3520 laudemur,
612 3452 938 3522 corrigamus
958 3464 1052 3505 eos
1071 3464 1206 3520 quos
1230 3464 1539 3520 possumus;
1565 3465 1631 3503 ne
1652 3464 1740 3502 ar.

178 3546 406 3604 bitrontur
432 3557 530 3603 aut
558 3547 609 3601 in
637 3545 790 3600 nobis
815 3559 935 3599 esse
960 3543 1100 3613 quod
1128 3558 1232 3598 non
1251 3552 1355 3610 est,
1387 3550 1477 3596 aut
1501 3550 1739 3597 nostrum

179 3655 279 3697 esse
310 3641 445 3713 quod
475 3641 578 3697 Dei
604 3648 705 3706 est,
732 3646 825 3694 aut
853 3653 915 3694 ea
944 3637 1163 3693 laudent
1204 3652 1323 3706 qua:
1350 3637 1591 3708 quamvis
1636 3653 1740 3690 non

177 3732 330 3792 desint
352 3735 530 3799 nobis.
558 3742 651 3788 aut
678 3733 839 3787 etiam
867 3730 1159 3801 supersint,
1204 3745 1535 3800 nequaquam
1566 3739 1741 3784 tamen

178 3836 288 3882 sunt
320 3826 632 3891 laudabilia;
668 3825 817 3881 velut
842 3832 966 3879 sunt
995 3824 1133 3879 bona
1158 3823 1336 3877 omnia
1358 3838 1476 3892 qum
1504 3823 1586 3877 vel
1619 3836 1739 3877 cum

179 3919 429 3987 pecoribus
454 3919 723 3974 habemus
748 3916 1075 3981 communia,
1106 3914 1190 3969 vel
1211 3929 1331 3969 cum
1362 3914 1536 3984 impiis
1566 3913 1741 3967 homi-

181 4010 337 4066 nibus.
360 4011 414 4067 Si
434 4021 619 4067 autem
651 4009 844 4064 merito
866 4007 1144 4063 laudamur
1171 4017 1385 4077 prepter
1412 4007 1598 4071 Deum,
1623 4024 1744 4076 gia-

180 4104 388 4159 tulemur
412 4084 491 4160 eis
526 4103 720 4175 quibus
748 4102 921 4171 placet
961 4116 1145 4156 verum
1172 4100 1402 4166 bonum;
1436 4114 1539 4154 non
1566 4108 1742 4155 tamen

182 4196 316 4251 nobis
337 4199 447 4268 quia
481 4198 755 4268 placemus
778 4194 1106 4261 hominibus,
1134 4193 1228 4249 sed
1254 4194 1301 4248 si
1328 4208 1507 4249 coram
1538 4194 1647 4248 Deo
1673 4202 1745 4247 ta-

184 4288 253 4347 les
274 4306 466 4359 sumus,
491 4292 682 4363 quales
706 4304 805 4346 nos
829 4305 949 4346 esse
974 4289 1220 4355 credunt,
1265 4296 1321 4343 et
1361 4302 1467 4342 non
1497 4287 1743 4342 tribuitur

185 4381 334 4449 nobis,
358 4382 448 4439 sed
474 4368 611 4448 Deo,
633 4382 783 4452 cujus
808 4381 949 4437 dona
973 4390 1097 4437 sunt
1123 4380 1300 4435 omnia
1324 4395 1443 4451 quae
1479 4395 1604 4435 vere
1632 4396 1745 4437 me-

186 4472 365 4545 ritoque
388 4475 692 4531 laudantur.
722 4475 848 4530 Haec
884 4474 1017 4530 mihi
1044 4475 1157 4543 ipse
1185 4482 1341 4529 canto
1369 4474 1627 4545 quotidie,
1660 4476 1743 4530 vel

186 4566 341 4633 potius
367 4569 454 4625 ille
482 4569 637 4638 cujus
664 4568 917 4625 salutaria
939 4578 1203 4637 prazcepta
1234 4576 1377 4633 sunt,
1399 4584 1746 4639 quaecumque

185 4658 282 4716 sive
300 4661 352 4717 in
372 4660 571 4719 divinis
597 4660 942 4718 Lectionibus
972 4661 1329 4725 inveniuntur,
1369 4662 1480 4716 sive
1518 4678 1639 4731 qua:
1665 4662 1745 4716 iu-

187 4751 423 4810 triaseeus
444 4754 628 4811 animo
670 4762 1059 4825 suggeruntur;
1098 4761 1153 4810 et
1197 4762 1371 4809 tamen
1402 4755 1747 4811 vehementer

185 4854 289 4897 cum
312 4844 612 4901 adversario
639 4844 922 4910 dimicans,
948 4859 1091 4915 sape
1124 4844 1191 4898 ab
1224 4859 1289 4900 eo
1326 4845 1543 4901 vulnera
1572 4846 1745 4917 capio,

188 4935 717 4995 eumdelectationem
761 4938 953 4993 oblata:
997 4938 1166 4994 laudis
1211 4937 1344 4993 mihi
1392 4939 1599 4995 auferre
1641 4954 1745 4993 non

190 5040 399 5094 mam.

246 5130 299 5195 ὓ.
335 5141 458 5201 Περ
500 5142 784 5216 propterea
812 5142 1020 5217 scripsi,
1056 5154 1113 5201 ut
1135 5147 1180 5201 si
1213 5155 1315 5203 tua:
1343 5147 1616 5204 Sanctitati
1639 5148 1747 5219 jam

193 5238 284 5286 nos
304 5242 427 5290 aint
450 5237 776 5303 necessaria,
800 5238 914 5293 sive
940 5237 1086 5309 quod
1115 5238 1264 5308 plura
1307 5238 1603 5310 huiusmodi
1634 5240 1750 5312 ipse

394 5326 557 5399 atque
582 5330 815 5394 utiliora,
840 5328 956 5385 sive
981 5329 1120 5401 quod
1146 5339 1247 5387 tum
1274 5331 1551 5387 Sanctitati
1577 5332 1749 5388 medi-

192 5411 297 5469 εει
314 5417 412 5473 ista
434 5416 537 5475 noti
560 5426 701 5491 opus
720 5421 811 5486 sit,
842 5420 978 5477 mala
1000 5428 1179 5477 tamen
1210 5426 1325 5477 mea
1354 5428 1477 5477 nota
1506 5424 1611 5478 sint
1634 5420 1748 5491 tibi,

196 5504 415 5581 «te
430 5513 813 5585 meme
841 5515 1145 5571 inﬁrmitate
1170 5516 1335 5570 Deum
1359 5522 1546 5587 rogare
1569 5516 1753 5587 digne-

198 5597 446 5675 ἡεφαὶ
472 5606 531 5661 ut
564 5607 953 5679 impensissime
980 5609 1159 5674 facias,
1188 5609 1410 5665 obsecro
1435 5622 1530 5679 per
1567 5608 1752 5664 huma-

200 5690 400 5752 etiam
430 5697 567 5754 illius
592 5701 681 5771 qui
710 5712 1031 5772 praeceptum
1063 5701 1209 5755 dedit
1238 5711 1295 5756 ut
1325 5702 1548 5757 invicem
1593 5718 1753 5757 onera

204 5786 367 5842 Wa
384 5800 671 5860 portemus.
694 5793 849 5847 Multa
871 5805 996 5849 sunt
1011 5810 1128 5865 qua:
1147 5793 1213 5848 de
1235 5795 1338 5848 vita
1361 5804 1537 5848 nostra
1559 5804 1609 5849 ct
1631 5808 1757 5848 con-

210 5882 492 5941 m
508 5885 780 5955 Merum,
806 5901 929 5959 quae
956 5886 1150 5943 nollem
1168 5894 1263 5958 per
1278 5887 1479 5943 litteras
1502 5885 1570 5942 ad
1596 5894 1648 5943 te
1669 5902 1756 5941 ve-

1830 544 1964 608 nire,
1996 546 2037 598 si
2069 546 2204 600 inter
2233 549 2325 601 cor
2357 561 2531 601 meum
2569 553 2623 601 et
2648 555 2741 601 c‘or
2769 551 2914 601 tuum
2941 536 3044 603 ulla
3064 547 3080 580 ⁸
3108 546 3284 605 essent
3312 551 3416 607 n‘t’i-

1831 635 2043 690 nisteria
2072 645 2264 706 prrctrr
2292 650 2351 691 os
2381 652 2557 691 meum
2593 645 2645 691 et
2669 653 2823 692 aures
2853 647 2988 693 tuas.
3021 639 3075 694 Si
3105 643 3281 696 autem
3318 644 3415 698 vo-

1831 727 2076 782 nerabiiis
2106 728 2259 783 nobis
2288 729 2629 799 omniumque
2674 738 2917 784 nostrum
2963 736 3069 785 tota
3113 720 3420 788 sinceritate

1830 821 2190 887 charissimus,
2222 822 2373 891 cujus
2402 821 2452 875 in
2482 829 2533 876 te
2563 828 2687 875 Vere
2721 814 3009 877 fraternam
3030 834 3149 878 cum
3182 826 3419 894 prir'sefis

1830 926 2001 968 essem
2047 910 2423 983 benignitatem
2466 913 2804 982 studiumque
2834 904 3095 985 perspexi,
3129 927 3291 970 senex
3317 914 3417 971 Sa-

1832 1006 2073 1060 turninus
2105 1009 2180 1077 (a)
2221 1006 2473 1075 dignatus
2514 1004 2687 1071 fuerit,
2717 1006 2929 1074 quando
2954 1014 3306 1077 Opportunum
3333 1000 3415 1062 νὶ-

1830 1095 2058 1163 debitnr,
2090 1098 2154 1150 ad
2190 1108 2285 1152 nos
2312 1098 2511 1161 venire,
2535 1094 2788 1167 quidquid
2817 1104 2936 1153 etim
2967 1099 3079 1169 ejus
3106 1091 3416 1166 Sanctitate,

1831 1194 1884 1245 ct
1914 1189 2168 1259 spirituali
2200 1188 2390 1245 alleclu
2417 1190 2647 1259 colloqui
2672 1192 3017 1259 potuerimus,
3046 1200 3135 1244 aut
3162 1188 3312 1258 nihil,
3331 1190 3421 1245 aut

1830 1288 1934 1335 non
1965 1282 2184 1335 multum
2216 1279 2451 1347 distabit,
2476 1296 2536 1335 ac
2559 1282 2601 1335 si
2623 1296 2742 1336 cum
2769 1289 2854 1336 tua
2885 1274 3193 1352 Dignatione
3216 1282 3267 1337 id
3289 1286 3415 1353 age-

1828 1382 2028 1426 remus.
2062 1370 2212 1438 Quod
2244 1380 2299 1425 ut
2338 1371 2612 1425 nobiscum
2641 1371 2707 1426 ab
2746 1387 2809 1427 eo
2838 1370 3016 1442 petere
3045 1378 3202 1443 atque
3246 1366 3418 1444 impe-

1830 1460 1973 1517 trare
2016 1462 2272 1532 digneris,
2307 1464 2464 1517 tantis
2510 1460 2757 1532 precibus
2787 1472 2971 1534 posco,
3004 1463 3214 1532 quantis
3255 1454 3415 1519 verba

1830 1553 1972 1608 nulla
2004 1552 2292 1607 sufficiant.
2331 1554 2630 1609 Absentiam
2660 1556 2801 1609 enim
2834 1564 3003 1609 meam
3036 1562 3239 1610 tantum
3264 1552 3419 1627 longe

1830 1638 2199 1717 Hipponenses
2226 1644 2576 1702 vehementer
2617 1647 2880 1717 nimisque
2909 1642 3216 1714 formidant,
3251 1652 3420 1718 iteqde

1829 1736 1939 1791 ullo
1968 1738 2125 1792 modo
2149 1737 2274 1791 mihi
2305 1739 2381 1792 sic
2416 1739 2601 1792 volunt
2638 1737 2877 1804 credere,
2908 1744 2964 1792 ut
3002 1740 3055 1793 et
3084 1753 3180 1808 ego
3211 1739 3420 1794 Videam

1830 1836 2011 1899 agrum
2044 1844 2199 1900 quem
2228 1824 2247 1861 ⁵
2277 1829 2530 1885 fratribus
2556 1830 2740 1885 datum
2772 1830 3073 1901 prOvlsioue
3105 1840 3159 1886 et
3184 1822 3420 1887 liberali-

1833 1926 1937 1975 tate
1965 1926 2048 1974 tua
2077 1920 2378 1988 didicimus,
2404 1931 2526 1977 ante
2553 1921 2830 1992 epistolam
2859 1930 3022 1988 tuam,
3054 1926 3148 1992 per
3178 1929 3421 1977 sanctum

1832 2011 2049 2069 fratrem
2092 2020 2148 2068 et
2184 2026 2498 2069 conservum
2545 2024 2783 2069 nostrum
2828 2012 3203 2080 Parthenium,
3245 2029 3273 2068 a
3316 2024 3423 2085 quo

1833 2106 1996 2161 multa
2046 2107 2165 2169 alia,
2214 2122 2332 2177 (Illic
2381 2106 2563 2161 audire
2607 2102 3060 2173 desiderabamus,
3102 2105 3419 2180 audivimus.

1833 2192 2112 2251 Praestabit
2140 2196 2391 2251 Dominus
2421 2205 2477 2251 ut
2509 2197 2669 2251 etiam
2698 2206 2913 2264 uetera,
2945 2208 3064 2267 qua:
3090 2197 3263 2254 adhuc
3283 2195 3425 2253 desi-

1834 2289 2105 2357 deramus,
2132 2289 2470 2360 impleantur.

2261 2420 2591 2477 EPISTOLA
2633 2418 2799 2476 xxut
2831 2423 2849 2444 ο
2889 2418 2988 2493 (b).

1838 2546 2148 2629 Augustinus
2176 2558 2458 2615 Maximino
2480 2562 2714 2633 episcopo
2741 2560 3026 2626 donntistce,
3055 2560 3139 2632 qui
3158 2558 3426 2617 diaconum

1910 2651 2211 2706 catholicum
2239 2652 2572 2725 rebaptizasSe
2597 2652 2870 2719 dicebatur,
2899 2658 2952 2707 ut
2980 2663 3066 2707 aut
3094 2657 3314 2726 fateatur
3342 2659 3425 2726 fd-

1910 2751 2065 2811 ctum,
2097 2746 2184 2797 aut
2213 2745 2508 2814 proﬁteatur
2537 2760 2589 2798 se
2617 2744 2953 2798 orthodoxam
2974 2787 2987 2811 ,
3035 2744 3252 2798 invitam
3280 2743 3426 2799 illum

1910 2840 1988 2891 vel
2017 2836 2085 2889 ad
2109 2836 2431 2907 colloquium,
2464 2836 2541 2890 vel
2564 2834 2631 2889 ad
2654 2834 3044 2901 rescribendum,
3076 2838 3132 2889 ut
3159 2834 3428 2891 concordia

1917 2928 2156 2984 Ecclesia:
2179 2930 2446 2985 sarciatur.
2746 2921 2751 2924 ’

1844 3064 2071 3120 Domino
2094 3065 2440 3119 dilectissimo
2462 3073 2514 3120 et
2534 3064 2829 3120 honorabili
2856 3064 3004 3120 fratri
3031 3065 3308 3121 Mutinae
3331 3064 3427 3139 (c),

1914 3159 2243 3214 AUGUSTINUS
2260 3158 2538 3230 presbyter
2553 3158 2807 3215 Ecclesia:
2822 3158 3119 3225 catholicae,
3138 3158 3189 3213 in
3211 3159 3432 3223 Domino

1914 3249 2158 3304 salutem.

1917 3384 1969 3437 1.
2010 3382 2321 3452 Priusquam
2362 3379 2429 3436 ad
2458 3396 2569 3437 rem
2610 3380 2815 3435 veniam
2843 3381 2910 3436 de
2935 3392 3036 3452 qua
3064 3390 3167 3438 tuae
3196 3383 3433 3440 Benevo-

1845 3474 2023 3531 lentite
2046 3473 2281 3528 scribere
2312 3472 2474 3535 volui,
2516 3470 2652 3526 tituli
2677 3472 2835 3541 hujus
2867 3472 3125 3542 epistolae,
3151 3491 3216 3529 ne
3241 3475 3323 3529 vel
3354 3482 3428 3543 te,

1846 3568 1933 3624 vel
1954 3568 2116 3624 alium
2147 3568 2445 3637 quempiam
2486 3577 2717 3633 moveat,
2759 3568 3017 3621 rationem
3055 3566 3287 3624 breviter
3310 3562 3433 3623 red-

1844 3658 1987 3713 dam.
2010 3656 2248 3721 Dom‘ino,
2283 3658 2489 3727 scripsi,
2520 3659 2642 3727 quia
2672 3659 2928 3727 scriptum
2949 3662 3064 3714 est:
3096 3656 3267 3714 Vosin
3287 3659 3434 3714 liber-

1846 3760 1997 3806 tatem
2020 3752 2181 3806 uocati
2204 3753 2341 3817 estis,
2373 3756 2573 3825 fratres,
2601 3760 2796 3806 tantum
2826 3770 2887 3807 nc
2916 3750 3190 3809 libertate»:
3214 3756 3267 3809 in
3292 3760 3436 3809 occa-

1846 3845 2036 3899 sionem
2079 3844 2245 3898 carnis
2284 3844 2429 3909 dctis,
2468 3844 2555 3898 sed
2582 3862 2669 3914 per
2699 3845 2995 3900 alacritatem
3032 3847 3206 3902 servile
3228 3849 3436 3903 inuicem

1830 3935 1989 4008 (Gal.
2018 3948 2073 4003 v,
2116 3937 2231 4007 15).
2258 3934 2392 3990 Cum
2416 3952 2542 4007 ergo
2562 3935 2645 3991 vel
2674 3936 2773 3992 hoc
2794 3937 2910 4007 ipso
2936 3938 3111 3993 cilicio
3138 3939 3435 3995 litterarum

1847 4032 1943 4097 per
1970 4026 2279 4082 cbaritatem
2305 4027 2395 4081 tibi
2422 4028 2670 4091 serviam,
2700 4044 2804 4083 non
2834 4029 3061 4084 absurde
3088 4039 3139 4085 te
3159 4029 3433 4085 dominum

1849 4132 1984 4174 voco
2004 4128 2221 4188 propter
2242 4134 2403 4172 unum
2434 4128 2487 4173 et
2510 4134 2693 4172 verum
2730 4119 3011 4174 Dominum
3055 4132 3294 4175 nostrum
3340 4125 3431 4193 qui

1850 4211 2002 4265 nobis
2031 4212 2128 4263 ista
2156 4211 2421 4279 prateepit.
2454 4210 2791 4264 Dilectissimo
2828 4222 3006 4266 autem
3037 4212 3181 4283 quod
3220 4213 3435 4287 scripsi,

1846 4304 1993 4358 novit
2012 4304 2150 4358 Deus
2166 4302 2307 4373 quod
2324 4318 2428 4357 non
2452 4303 2623 4358 solum
2637 4312 2689 4358 te
2705 4302 2940 4375 diligam,
2959 4304 3050 4360 sed
3067 4305 3136 4360 ita
3152 4303 3363 4377 diligant
3383 4317 3438 4367 ut

1850 4396 2148 4465 meipsum;
2197 4388 2624 4465 quandoquidem
2675 4394 2811 4451 bene
2859 4397 2989 4451 mihi
3035 4410 3151 4452 sum
3195 4400 3438 4456 conscius

1848 4489 1983 4543 bona
2012 4502 2097 4543 me
2124 4488 2216 4543 tibi
2242 4488 2426 4557 optare
2452 4503 2570 4557 qua:
2615 4486 2766 4542 mibi.
2813 4482 3119 4543 Honorabili
3143 4500 3269 4546 vero
3295 4492 3437 4561 quod

1847 4580 2047 4648 addidi,
2096 4592 2199 4633 non
2224 4578 2290 4633 ad
2318 4579 2417 4633 huc
2437 4574 2637 4645 addidi,
2662 4586 2719 4633 ut
2739 4578 3056 4635 honorarem
3079 4580 3437 4651 episcopatum

1848 4682 2025 4738 tuum;
2073 4672 2201 4726 mihi
2238 4671 2381 4726 enim
2423 4671 2704 4739 episcopus
2730 4678 2834 4724 non
2864 4687 2943 4736 es,
2976 4686 3145 4740 neque
3189 4669 3290 4727 hoc
3319 4684 3438 4728 cum

1849 4766 2165 4821 contumelia
2184 4764 2379 4818 dictum
2407 4762 2709 4832 acceperis;
2732 4761 2824 4817 sed
2851 4776 2916 4818 ex
2937 4764 3114 4818 animo
3137 4778 3241 4834 quo
3271 4765 3325 4820 in
3347 4774 3440 4823 cro

1918 4906 1932 4935 ι
1962 4911 2061 4951 Am.
2088 4901 2197 4951 Bad.
2225 4908 2275 4951 et
2300 4909 2404 4950 MSS.
2424 4906 2544 4959 tres,
2561 4898 2711 4948 nulla.
2737 4898 2842 4958 Alii,
2868 4897 2985 4949 ulla.

1916 4967 1935 4996 ²
1957 4965 2028 5013 sic
2042 4977 2167 5028 unus
2184 4976 2212 5010 e
2225 4962 2391 5021 Vatia,
2406 4976 2497 5028 nec
2514 4960 2657 5011 male.
2674 4962 2802 5028 Alter
2821 4962 2982 5028 ratio,
3006 4966 3056 5011 ut
3072 4965 3117 5013 cl
3133 4975 3218 5028 ego
3232 4963 3441 5016 mderem

1851 5038 2047 5091 agrum.
2069 5027 2152 5087 [ut
2174 5030 2219 5076 et
2240 5037 2326 5090 ego
2347 5022 2492 5091 vobis.
2540 5036 2698 5087 [grum
2722 5021 2955 5091 fratribus
2978 5021 3327 5091 datinn,'etc.].

1920 5090 1933 5105 '
1952 5085 2129 5152 collata
2153 5094 2229 5152 est
2250 5085 2361 5152 ctum
2377 5100 2423 5152 a_.
2444 5087 2527 5152 bg.
2546 5085 2589 5152 (Ξ,
2622 5099 2691 5134 cc.
2718 5087 2795 5152 cb_.
2829 5085 2877 5152 ll.
2902 5100 2953 5149 g.
2977 5101 3062 5152 gg.
3088 5101 3170 5150 gv.
3190 5088 3229 5151 j.
3255 5085 3306 5138 αἶ
3330 5104 3373 5138 r.
3397 5102 3439 5139 ε.

1922 5100 1931 5105 '
1956 5100 2129 5139 (Dilata
2153 5100 2229 5136 est
2250 5100 2361 5136 cum
2377 5100 2423 5134 α.
2444 5100 2477 5135 n
2518 5123 2527 5132 .

1852 5150 2043 5201 duobus
2062 5151 2143 5199 bu.
2171 5148 2359 5197 duobus
2380 5149 2454 5196 sb.
2479 5100 2545 5195 ﬁn

1852 5226 1982 5263 arm.
2010 5220 2110 5261 Arn.
2137 5211 2245 5260 Bad.
2276 5218 2351 5259 Er.
2377 5217 2485 5259 inv.

1917 5274 2331 5347 (a)t\‘e§cin_1us‘an
2353 5272 2522 5347 hicisit
2538 5270 2681 5347 illeij
2700 5283 2774 5347 se,
2789 5272 2879 5347 qui
2893 5273 2941 5320 in
2966 5270 3051 5347 lib.
3160 5273 3442 5347 deicivita‘te

1852 5332 1936 5386 Dei
1956 5332 2037 5395 ,'e.
2062 5334 2124 5404 8_,
2165 5333 2383 5404 laudatur
2421 5334 2675 5395 episcopus
2699 5332 2938 5404 quondam
2969 5354 2991 5380 ti
3014 5332 3443 5404 galerisisbeatze

1861 5415 1885 5446 α
1905 5392 2151 5446 memoriis
2167 5392 2503 5458 Saturninus,»
2526 5392 2675 5456 quem
2689 5392 2917 5444 videlicet
2938 5407 3013 5444 an.
3033 5395 3143 5454 388,
3158 5393 3443 5458 Carthagine

1856 5459 2001 5525 simul
2024 5472 2134 5525 cum
2157 5457 2347 5525 augebo
2375 5456 2491 5506 vidit
2517 5458 2823 5525 Augustinus.
3018 5514 3076 5525 Μ
3126 5522 3140 5525 Α
3202 5515 3213 5525 ο

1854 5583 1906 5633 id
1920 5520 1991 5584 (b)
2017 5519 2139 5570 Alias
2158 5518 2253 5569 205
2274 5532 2286 5568 :
2312 5531 2422 5583 qua:
2444 5514 2611 5568 autem
2629 5516 2691 5567 23
2715 5525 2847 5578 erat,
2870 5531 2997 5567 nunc
3016 5514 3094 5565 98.
3119 5515 3299 5578 Scripta
3319 5517 3444 5573 circa

1910 5597 1988 5633 em
2010 5592 2220 5633 tempus.

1910 5597 1988 5649 Olli
2010 5592 2220 5644 tempus.
2664 5644 2691 5649 __
3030 5647 3060 5649 Η
3139 5636 3150 5648 _
3207 5639 3218 5649 .

1921 5646 1989 5711 (ς)
2014 5651 2063 5693 tu
2093 5642 2286 5711 Cervas.
2322 5650 2406 5693 MS.
2449 5652 2499 5694 et
2528 5643 2635 5711 aliis
2663 5644 2693 5711 {5
2724 5642 2979 5711 scribitur,
3019 5642 3375 5711 ἶιζᾳῐτὶηιὶκπᾳδί
3396 5644 3445 5711 in

1854 5704 2015 5763 Cordi,
2036 5706 2311 5756 .lracrovt'us.
2332 5715 2473 5755 Porro
2497 5704 2925 5765 Maximinusfiniti
2952 5716 2998 5750 tn
3022 5704 3089 5764 llij
3110 5707 3309 5765 poueusi
3338 5708 3445 5755 vici~

1859 5773 1938 5819 nia
1964 5771 2139 5831 episcol
2160 5783 2218 5817 us
2248 5778 2360 5831 tunc
2383 5770 2617 5831 donatista
2634 5800 2648 5824 ,
2673 5763 2927 5831 amplexus
2966 5763 3130 5831 iustea
3169 5767 3446 5831 catholicam

1895 5827 2030 5881 acori:
2057 5827 2282 5892 ex'Epist.
2315 5830 2415 5885 105,
2443 5831 2490 5878 in
2516 5830 2687 5892 eadem
2710 5827 2830 5892 sede
2854 5830 3099 5892 remansit.
3126 5832 3233 5890 Ejus
3254 5830 3445 5892 honori.

1895 5846 2030 5881 δείδω
2057 5846 2116 5880 ex
2140 5846 2282 5892 ιιιιδι.
2315 5846 2415 5885 Ιυὲ),
2443 5846 2490 5878 Ill
2516 5846 2687 5877 ωυθω
2710 5846 2830 5876 SCUL‘.
2854 5846 3099 5878 retuausu.
3126 5846 3233 5890 ιιμιδ
3254 5846 3342 5879 nou

1860 5846 1954 5946 lico
1978 5893 2197 5943 meminit
2220 5892 2510 5954 Augusunus
2533 5891 2581 5939 in
2608 5890 2688 5939 lib.
2716 5886 2776 5940 ‘22
2796 5889 2859 5941 de
2880 5890 3076 5942 Civitato
3103 5893 3205 5955 Dei,
3226 5904 3269 5941 c.
3294 5890 3342 5941 8.

2547 5149 2667 5196 obus
2691 5155 2724 5195 t.
2756 5147 2946 5198 duobus
2974 5147 3047 5200 ῦὸ.
3081 5147 3285 5213 Quatuor
3318 5165 3363 5199 v.
3392 5160 3442 5201 et
