4054 6450
636 411 706 473 95
1843 403 1897 459 S.
1931 398 2299 458 AUGUSTINI
2338 400 2643 457 EPISCOPI
3838 406 3890 464 95

637 536 823 586 nostro
852 525 1014 584 debet
1042 537 1180 589 esse,
1225 521 1339 588 Est,
1370 528 1471 587 est,
1504 517 1640 583 Non,
1692 530 1817 572 non.
1865 515 2048 587 Neque
2076 514 2219 571 enim

633 624 865 696 ignoras,
910 626 1001 674 aut
1027 615 1304 688 quisquam
1353 611 1626 669 hOuiinum
1656 610 1743 679 qui
1774 622 1870 664 nos
1899 606 2045 662 notit
2074 607 2220 677 igno«

630 728 736 786 rat,
765 730 937 788 neque
965 723 1018 770 te
1041 725 1161 768 esse
1200 710 1507 781 episcopum
1540 720 1739 770 meum,
1769 719 1939 774 neqtte
1969 718 2055 757 me
2097 716 2220 772 pre-

630 813 903 884 sbyterum
942 816 1113 863 tttttm.
1159 801 1534 859 ilonorabilem
1568 800 1724 871 igitur
1761 813 1824 852 ex
1857 812 1918 851 ea
1958 796 2139 866 regula
2171 806 2222 849 te

630 904 861 961 libenter
888 898 1124 973 appello,
1165 910 1266 965 qua
1314 893 1433 948 novi
1466 901 1519 947 te
1544 906 1663 947 esse
1696 890 1986 955 hominem,
2016 897 2070 944 et
2099 888 2221 943 novi

542 1048 543 1051 η
630 993 901 1051 hominem
928 989 993 1045 ad
1020 987 1300 1058 imaginem
1333 984 1423 1039 Dei
1454 992 1510 1038 et
1549 980 1950 1036 similitudinem
1996 978 2216 1044 factum,

628 1097 685 1144 et
711 1087 763 1141 in
794 1085 998 1140 honore
1030 1081 1259 1153 positum
1291 1079 1407 1149 ipso
1436 1075 1622 1131 ordine
1668 1089 1720 1131 et
1759 1075 1880 1144 jure
1922 1082 2144 1140 natura»,
2174 1074 2221 1129 si

629 1187 808 1234 tamen
839 1171 1182 1244 intelligendo
1207 1185 1326 1240 qua:
1370 1167 1707 1238 intelligenda
1739 1176 1883 1231 sunt,
1912 1175 2091 1222 servet
2116 1166 2221 1221 bo-

631 1286 817 1327 norem
843 1282 1020 1322 suum.
1064 1264 1195 1319 Nam
1226 1263 1296 1318 ita
1328 1261 1581 1331 scriptum
1610 1269 1729 1316 est:
1764 1259 1929 1314 Homo
1953 1260 2006 1313 in
2033 1260 2223 1315 honore

628 1362 821 1434 positus
846 1375 944 1413 non
966 1355 1243 1419 intellexit;
1282 1362 1604 1424 comparatus
1630 1362 1702 1406 est
1722 1351 1969 1421 jnmentis
1997 1350 2223 1405 insensa-

628 1454 713 1519 τίς,
739 1460 785 1507 et
805 1446 984 1505 similis
1010 1451 1173 1517 factus
1202 1454 1273 1499 est
1298 1443 1401 1498 illis
1422 1442 1594 1513 (Paul.
1622 1456 1813 1502 xtvtn.
1832 1440 1947 1512 2t).
1969 1440 2076 1495 Cur
2094 1455 2222 1511 ergo

628 1553 683 1600 te
713 1539 1079 1598 honorabilem
1126 1538 1178 1591 in
1222 1544 1478 1607 quantum
1511 1533 1670 1588 homo
1712 1548 1772 1588 es
1801 1548 1905 1588 non
1934 1532 2218 1603 appellem,

627 1650 748 1691 cum
771 1635 1066 1705 pra-sortito
1091 1629 1158 1686 de
1184 1638 1271 1683 tua
1301 1626 1473 1683 salute
1494 1635 1654 1697 atque
1680 1624 2033 1691 correctione,
2055 1640 2223 1695 quan—

628 1726 721 1782 diu
760 1726 811 1779 in
840 1723 939 1778 hac
965 1722 1067 1775 vita
1106 1737 1186 1789 es,
1228 1719 1515 1790 desperare
1544 1732 1650 1771 non
1694 1715 1955 1771 audeam?
1985 1714 2222 1770 Fratrem

634 1832 765 1873 vero
792 1826 849 1870 ut
871 1829 1075 1875 vocem,
1098 1829 1203 1868 non
1235 1824 1284 1867 te
1314 1812 1441 1867 latet
1466 1820 1789 1882 praeceptum
1814 1809 1967 1864 nobis
1988 1824 2107 1864 esse
2134 1810 2219 1864 di-

630 1910 848 1975 vinitus,
869 1916 926 1962 ut
940 1907 1099 1961 etiam
1119 1906 1198 1961 eis
1217 1904 1305 1975 qui
1335 1912 1530 1975 negant
1557 1919 1616 1959 se
1638 1904 1825 1959 fratres
1845 1910 2060 1957 nostros
2078 1917 2218 1967 esse,

628 2002 891 2063 dicamus,
930 1998 1146 2053 Fratres
1173 1996 1340 2052 nostri
1366 1996 1524 2060 estis;
1555 2004 1609 2051 et
1636 1996 1738 2049 hoc
1765 1993 2113 2050 vehementer
2133 2010 2219 2048 vae

628 2096 703 2150 let
730 2092 795 2149 ad
824 2106 1062 2158 Causam,
1085 2098 1303 2162 propter
1328 2105 1489 2160 quam
1514 2088 1750 2144 scribere
1776 2088 1917 2141 volui
1951 2086 2219 2142 Fraterni-

628 2185 722 2241 tati
747 2194 871 2240 tute.
902 2184 1019 2239 Jam
1041 2183 1181 2239 enim
1212 2181 1416 2236 reddita
1444 2180 1650 2235 ratione
1671 2194 1770 2234 cur
1794 2179 2032 2250 epistola:
2063 2179 2220 2234 talem

627 2277 844 2347 januam
868 2276 1104 2338 fecerim,
1137 2273 1259 2327 audi
1291 2272 1650 2342 placidissime
1689 2286 1807 2341 qua:
1836 2281 2148 2342 sequuntur.

699 2368 751 2421 2.
786 2368 896 2436 Ego
919 2381 1043 2421 cum
1086 2366 1138 2420 in
1177 2365 1277 2419 ista
1306 2364 1524 2436 regione
1557 2364 1993 2419 consuetudinem
2038 2364 2213 2419 homi-

632 2476 761 2516 num
791 2456 1068 2529 lugendam
1096 2467 1255 2527 atque
1274 2454 1647 2527 plangendam,
1671 2456 1760 2526 qui
1789 2470 1908 2511 cum
1931 2455 2223 2511 christiano

634 2552 851 2609 nomine
876 2550 1191 2621 glorientur,
1223 2547 1556 2603 Christianos
1584 2548 1915 2618 rebaptizare
1941 2564 2049 2603 non
2078 2547 2225 2604 dubi-

634 2655 768 2710 tant,
796 2643 989 2714 quibus
1017 2641 1196 2697 verbis
1224 2650 1463 2713 poteram
1493 2642 1791 2698 detestarer
1813 2658 1919 2697 non
1939 2642 2224 2698 defuerunt

630 2735 934 2791 laudatores
960 2733 1063 2799 tui,
1104 2734 1194 2803 qui
1234 2732 1364 2788 mihi
1402 2732 1645 2788 dicerent
1683 2741 1733 2787 te
1764 2733 1860 2788 ista
1893 2748 1998 2788 non
2025 2734 2219 2790 facere.

632 2827 848 2892 Fateor,
876 2827 1048 2897 primo
1077 2840 1182 2880 non
1210 2824 1432 2882 credidi.
1468 2825 1667 2880 Deinde
1696 2826 2039 2881 considerans
2067 2842 2224 2897 posse

632 2921 751 2976 fieri
789 2928 847 2974 ut
879 2918 1110 2973 animam
1143 2918 1428 2973 humanam
1468 2918 1537 2973 de
1567 2916 1741 2972 futura
1771 2920 1876 2972 vita
1902 2919 2221 2989 cogitantem

635 3012 730 3067 Dei
781 3011 941 3066 timor
986 3009 1293 3073 invaderet,
1340 3017 1398 3063 ut
1443 3022 1501 3063 se
1548 3008 1616 3062 ab
1651 3008 1852 3063 scelere
1886 3008 2223 3078 apertissimo

632 3107 976 3171 temperaret,
1006 3100 1300 3169 gratulatus
1323 3098 1545 3165 credidi,
1568 3099 1707 3169 quod
1739 3100 1824 3153 tali
1855 3100 2126 3170 pr0posito
2154 3100 2222 3156 ab

635 3191 871 3249 Ecclesia
894 3189 1154 3245 catholica
1175 3190 1408 3244 nolueris
1432 3203 1552 3244 esse
1576 3190 1733 3245 nimis
1753 3190 1980 3246 alienus.
2007 3191 2223 3258 Quaere-

633 3284 755 3339 bam
787 3298 915 3339 sane
940 3280 1275 3337 occasionem
1301 3281 1550 3351 loquendi
1579 3292 1775 3350 tecum,
1798 3294 1857 3337 ut
1882 3283 1927 3337 si
1959 3284 2069 3338 fieri
2097 3300 2220 3352 pos-

633 3384 737 3444 set,
764 3391 827 3430 ea
855 3391 975 3447 quae
1001 3389 1160 3445 parva
1186 3384 1518 3429 remanserat
1544 3375 1684 3430 inter
1709 3392 1809 3431 nos
1837 3375 2100 3432 dissensio
2126 3378 2225 3432 toi-

636 3469 867 3535 leretur;
894 3483 1015 3523 cum
1036 3482 1162 3523 ecce
1181 3476 1307 3522 ante
1326 3482 1525 3537 paucos
1543 3466 1660 3522 dies
1678 3466 1960 3522 diaconum
1984 3480 2224 3525 nostrum

634 3562 1107 3633 Mutugennensem
1140 3568 1191 3615 te
1217 3559 1576 3630 rebaptizasse
1606 3561 1903 3617 nuntiatum
1940 3572 2041 3617 est.
2066 3562 2225 3632 ροιυί

634 3652 987 3708 vehementer
1005 3691 1021 3716 ,
1050 3659 1104 3706 et
1133 3650 1278 3707 illius
1304 3651 1663 3707 miserabilem
1705 3653 1927 3722 lapsum,
1962 3663 2016 3709 et
2043 3664 2219 3722 tuum,

624 3736 819 3810 'frater,
844 3743 1170 3813 inopinatum
1192 3744 1386 3798 scelus.
1417 3742 1553 3798 Novi
1578 3744 1720 3800 enim
1746 3760 1865 3816 quae
1892 3745 1962 3800 sit
1987 3746 2223 3804 Ecclesia

633 3835 917 3892 catholica.
950 3833 1148 3891 Gentes
1175 3843 1301 3890 sunt
1327 3835 1608 3891 litereditas
1630 3838 1854 3903 Christi,
1875 3848 1928 3894 et
1957 3841 2224 3909 possessio

633 3924 832 3982 Cltristi
877 3924 1087 3980 termini
1120 3932 1295 3981 terrae.
1328 3924 1507 3981 Nostis
1532 3935 1587 3982 et
1612 3942 1735 3994 vos,
1766 3937 1860 3983 aut
1886 3930 1930 3984 si
1975 3945 2081 3985 non
2122 3946 2223 3985 no-

632 4020 764 4081 stis.
810 4017 1109 4083 advertite;
1158 4018 1408 4073 facillime
1445 4034 1478 4073 a
1525 4019 1824 4075 volentibus
1863 4021 1985 4077 sciri
2028 4031 2219 4092 potest.

632 4111 981 4182 Rcbaptizare
1003 4110 1160 4182 igitur
1184 4110 1495 4166 hmreticum
1517 4110 1809 4177 hominem,
1839 4115 1927 4184 qui
1957 4113 2075 4170 haec
2101 4130 2223 4171 san-

633 4202 834 4258 etitatis
862 4204 1011 4275 signa
1045 4203 1341 4275 perceperit
1365 4219 1482 4276 qua:
1506 4204 1792 4261 christiana
1821 4206 2035 4262 tradidit
2056 4207 2221 4265 disci-

632 4294 808 4362 plina.
838 4295 1055 4349 omnino
1081 4306 1355 4362 peccatum
1393 4304 1478 4352 est
1508 4315 1520 4351 :
1552 4296 1883 4369 rebaptizare
1911 4308 2088 4355 autem
2133 4316 2223 4357 ca-

633 4384 911 4446 tholirum,
940 4385 1381 4441 immanissimum
1408 4386 1584 4442 scelus
1603 4397 1705 4442 est.
1728 4388 1929 4443 Tamen
1951 4406 2055 4445 non
2087 4392 2222 4449 adeo

633 4476 889 4538 credens.
920 4477 1041 4546 quia
1079 4478 1147 4532 de
1181 4486 1232 4533 te
1268 4477 1395 4531 mihi
1428 4477 1564 4534 bene
1591 4493 1903 4548 persuasum
1942 4483 2216 4552 tenebam,

632 4568 1007 4639 Mutugennam
1051 4567 1162 4637 ipse
1203 4568 1447 4639 perrexi;
1476 4577 1531 4623 et
1571 4585 1693 4624 eum
1722 4570 1934 4640 quidem
1964 4572 2220 4632 miserum

633 4656 816 4713 videre
844 4674 948 4712 non
980 4658 1127 4729 potui
1152 4700 1166 4723 ,
1193 4674 1224 4713 a
1252 4659 1559 4729 parentibus
1586 4676 1714 4716 vero
1742 4661 1858 4732 ejus
1882 4664 2058 4725 audivi
2078 4667 2219 4737 quod

634 4762 813 4809 vester
833 4752 943 4822 jam
974 4754 1133 4809 etiam
1177 4753 1434 4809 diaconus
1470 4754 1637 4811 factus
1675 4756 1765 4811 sit.
1796 4756 1862 4813 Et
1896 4767 2069 4815 tamen
2113 4770 2219 4817 tam

638 4844 776 4900 bene
800 4844 973 4900 adhuc
998 4844 1065 4900 de
1094 4855 1183 4900 tuo
1202 4846 1365 4902 corde
1393 4846 1587 4912 sentio,
1614 4856 1671 4902 ut
1693 4863 1816 4904 eum
1838 4850 2219 4922 rebaptizatum

636 4952 759 4992 esse
791 4953 893 4991 non
920 4936 1155 4994 credam.

706 5029 761 5083 5.
793 5028 969 5096 Quare
993 5039 1064 5095 te,
1097 5028 1263 5085 frater
1286 5030 1649 5098 dilectissime,
1682 5048 1778 5102 per
1811 5034 2140 5092 divinitatem
2166 5048 2222 5093 et

635 5122 1016 5179 humanitatem
1047 5123 1254 5179 Domini
1295 5123 1459 5179 nostri
1486 5124 1611 5180 Jesu
1650 5125 1845 5182 Christi
1873 5128 2097 5185 obsecro
2117 5172 2131 5195 ,
2160 5141 2220 5187 ut

633 5215 929 5272 rescribere
958 5216 1087 5271 mihi
1129 5215 1362 5286 digneris
1402 5216 1526 5287 quid
1555 5228 1759 5289 gestum
1797 5221 1898 5286 sit,
1931 5230 1985 5277 et
2023 5223 2100 5278 sic
2128 5239 2216 5279 re-

632 5307 900 5374 scribere,
929 5314 988 5361 ut
1020 5306 1231 5361 noveris
1259 5321 1347 5373 me
1384 5305 1436 5361 iu
1467 5306 1702 5363 Ecclesia
1728 5310 1980 5367 fratribus
2019 5315 2215 5369 nostris

631 5399 911 5471 epistolam
945 5408 1087 5453 tuam
1118 5398 1252 5454 velle
1298 5398 1543 5455 recitare.
1576 5400 1728 5469 Quod
1759 5401 1880 5458 ideo
1906 5404 2121 5474 scripsi,
2151 5421 2219 5462 ne

632 5506 752 5547 cum
797 5492 850 5547 id
890 5501 1072 5563 postea
1117 5492 1343 5549 facerem
1379 5493 1518 5564 quod
1555 5510 1641 5549 me
1680 5510 1785 5549 non
1828 5511 2071 5568 sperares
2099 5514 2219 5557 esse

632 5580 916 5649 facturum,
944 5583 1271 5640 offenderem
1291 5584 1616 5641 Charitatcm
1648 5595 1820 5654 tuam,
1851 5597 1905 5644 et
1930 5589 2126 5659 justam
2151 5593 2219 5650 de

636 5690 723 5732 me
764 5676 905 5746 apud
951 5693 1262 5735 communes
1310 5679 1512 5734 amicos
1566 5680 1839 5751 querelam
1899 5682 2214 5756 deponeres.

632 5764 770 5833 Quid
797 5782 924 5838 ergo
973 5776 1026 5824 te
1053 5769 1303 5841 impediat
1336 5768 1403 5824 ad
1438 5770 1837 5828 rescribendum
1862 5817 1878 5841 ,
1907 5792 2011 5833 non
2039 5777 2214 5836 video.

630 5859 685 5916 Si
725 5859 867 5918 enim
910 5860 1242 5931 rebaptizas,
1289 5860 1419 5919 nihil
1456 5871 1539 5921 est
1571 5865 1714 5936 quod
1754 5866 1995 5929 homines
2023 5872 2089 5929 de
2126 5883 2218 5930 tuo

2328 514 2555 583 collegio
2586 511 2840 568 formides
2860 553 2875 579 ,
2907 527 3031 568 cum
3060 512 3112 569 id
3138 521 3190 571 te
3214 514 3553 586 rescripseris
3579 514 3753 573 facere
3774 521 3889 588 quod

2330 617 2383 662 te
2422 606 2492 662 illi
2525 605 2698 661 facere
2722 605 2935 661 etiamsi
2979 605 3149 662 nolles
3170 607 3441 676 juberent.
3481 606 3617 663 Cum
3657 611 3887 667 autemid

2327 700 2539 771 quantis
2582 699 2820 769 potueris
2862 698 3197 754 documentis
3236 697 3538 755 faciendum
3578 713 3699 756 esse
3733 700 3885 758 defen-

2327 794 2473 850 deris
2493 836 2507 857 .
2538 809 2645 848 non
2673 797 2843 847 solum
2877 807 2981 847 non
3014 792 3433 860 succensebunt,
3464 793 3562 849 sed
3593 794 3751 850 etiam
3777 811 3886 865 pra:-

2327 886 2596 943 dicabuut.
2624 884 2680 940 Si
2710 895 2889 939 autem
2920 900 3025 938 non
3057 883 3357 955 rebaptizas
3375 925 3391 949 ,
3417 885 3598 956 arripe
3623 885 3886 943 libertatem

2326 981 2703 1044 eliristianam,
2755 977 2920 1034 frater
2963 977 3286 1045 Maximine,
3329 978 3544 1048 arripe,
3599 993 3776 1048 quaeso
3815 988 3889 1045 te;

2327 1091 2433 1131 non
2464 1074 2776 1143 cujusquam
2820 1072 3050 1127 hominis
3070 1112 3086 1135 ,
3121 1072 3175 1126 in
3206 1071 3657 1142 contemplatione
3690 1069 3890 1139 Christi,

2326 1180 2417 1227 aut
2439 1172 2911 1243 reprehensionem
2943 1171 3179 1227 verearis
3201 1210 3218 1236 ,
3251 1178 3344 1225 aut
3366 1167 3661 1224 exhorreas
3685 1177 3890 1238 potesta-

2329 1271 2457 1320 tem.
2510 1265 2724 1320 Transit
2747 1265 2918 1319 honor
2942 1263 3097 1334 hujus
3124 1262 3305 1319 saeculi
3322 1304 3336 1327 ,
3369 1262 3562 1317 transit
3589 1260 3816 1316 ambitio.
3845 1261 3890 1317 lu

2327 1356 2507 1411 futuro
2535 1357 2732 1413 Christi
2769 1356 2993 1427 judicio,
3040 1370 3140 1410 nec
3175 1354 3376 1409 absidae
3410 1354 3671 1425 gradata,
3704 1368 3795 1410 nec
3821 1370 3889 1411 ca-

2327 1448 2531 1502 theth
2575 1448 2796 1511 velahe,
2846 1462 2946 1503 nec
2986 1444 3473 1501 sanctimonialium
3521 1446 3888 1501 occursantium

2326 1548 2486 1609 atque
2524 1544 2849 1594 cantantium
2888 1553 3077 1609 greges
3119 1536 3511 1591 adhibebuntur
3544 1534 3615 1590 ad
3655 1533 3889 1591 defensiov

2328 1646 2486 1697 nem,
2530 1630 2616 1684 ubi
2659 1629 2918 1700 coeperint
2958 1642 3210 1684 accusare
3256 1626 3641 1693 conscientiae,
3696 1634 3749 1682 et
3787 1642 3890 1683 con-

2327 1720 2671 1775 scientiarum
2710 1718 3189 1788 arhiterjudicare.
3219 1717 3351 1786 Quae
3390 1716 3480 1773 hic
3520 1717 3890 1783 honorant,ibi

2326 1822 2577 1872 onerant:
2601 1828 2718 1883 qua:
2748 1811 2835 1865 hic
2866 1811 3134 1874 relevant,
3167 1808 3239 1864 ibi
3280 1817 3520 1880 gravant.
3550 1808 3657 1863 ista
3682 1822 3791 1880 quae
3813 1821 3887 1880 pro

2327 1911 2566 1974 tempore
2608 1914 2825 1975 propter
2864 1902 3122 1957 Ecclesiae
3166 1902 3449 1957 utilitatem
3493 1900 3690 1957 honori
3735 1910 3887 1957 nostro

2326 1996 2672 2060 exhibentur,
2702 1993 3054 2049 deft-ridentur
3085 1994 3223 2049 forte
3249 1995 3386 2049 bona
3413 1992 3770 2059 conscientia;
3807 1992 3884 2048 de-

2327 2084 2545 2141 fendere
2566 2094 2743 2139 autem
2775 2101 2878 2140 non
2905 2094 3154 2155 poterunt
3182 2085 3398 2140 malam.
3895 2098 3902 2159 ξ

2396 2177 2450 2231 4.
2482 2177 2633 2243 Quod
2660 2192 2786 2247 ergo
2817 2186 2921 2231 tam
2950 2178 3036 2247 pio
3066 2186 3120 2232 et
3145 2185 3252 2231 tam
3279 2176 3535 2247 religioso
3562 2176 3741 2233 animo
3761 2175 3882 2244 facis,

2326 2271 2371 2325 si
2395 2279 2568 2324 tamen
2596 2270 2723 2324 facis
2748 2311 2761 2333 ,
2792 2280 2849 2324 ut
2878 2270 3130 2325 Ecclesiae
3151 2270 3428 2326 catholica:
3456 2268 3776 2339 baptismum
3803 2284 3886 2323 non

2327 2360 2507 2425 iteres,
2547 2360 2639 2416 sed
2662 2362 2925 2431 approbas
2952 2362 3125 2432 potius
3151 2370 3399 2432 tanquam
3430 2361 3592 2415 unius
3618 2361 3879 2416 verissima:

2327 2452 2532 2517 matris,
2562 2468 2679 2523 qua:
2708 2452 2954 2507 omnibus
2980 2452 3229 2524 gentibus
3252 2494 3267 2517 ,
3295 2462 3349 2507 et
3373 2451 3753 2523 regenerandis
3774 2465 3884 2521 prm-

2328 2543 2418 2599 bct
2459 2543 2657 2610 sinunt,
2705 2552 2760 2599 et
2806 2545 3133 2615 regeneratis
3182 2544 3344 2598 ubera
3380 2542 3635 2609 infundit,
3672 2551 3884 2614 tanquam

2328 2636 2484 2690 unius
2510 2636 2864 2706 possessionis
2902 2635 3137 2703 Christi,
3166 2651 3288 2692 sese
3321 2651 3489 2706 usque
3527 2635 3601 2691 ad
3633 2644 3779 2693 terra:
3802 2644 3886 2691 ter-

2327 2728 2501 2783 minos
2528 2729 2875 2799 porrigentis;
2902 2729 2944 2783 si
2975 2728 3076 2783 hoc
3102 2744 3228 2784 vere
3260 2727 3407 2795 facis,
3435 2742 3533 2784 cur
3559 2743 3665 2785 non
3685 2726 3885 2797 erumpis

2327 2823 2382 2878 in
2404 2824 2754 2878 exsultantem
2784 2832 2839 2877 et
2882 2822 3101 2878 liberam
3142 2822 3371 2877 vocem?
3410 2836 3507 2876 cur
3554 2821 3777 2877 lucerna:
3804 2830 3885 2874 tute

2328 2923 2436 2969 tam
2463 2916 2646 2969 utilem
2689 2914 3028 2984 splendorem
3059 2915 3260 2985 premis
3300 2916 3400 2969 sub
3436 2914 3659 2970 modio?
3682 2911 3782 2970 Cur
3800 2926 3885 2967 non

2327 3006 2565 3061 discissis
2589 3014 2747 3077 atque
2767 3006 2989 3075 abjectis
3017 3007 3286 3061 veteribus
3314 3006 3540 3077 pellibus
3574 3005 3767 3061 timida:
3786 3019 3882 3060 ser-

2326 3098 2530 3161 vitutis,
2554 3097 2843 3153 christiana
2869 3086 3043 3168 potius
3074 3098 3286 3153 indutus
3309 3098 3497 3154 fiducia
3523 3099 3644 3154 exis
3664 3107 3716 3153 et
3737 3096 3882 3153 dicis:

2328 3190 2443 3261 Ego
2471 3206 2632 3244 unum
2660 3189 2981 3260 baptismum
3014 3190 3156 3256 novi,
3187 3190 3362 3245 Patris
3387 3199 3441 3245 et
3465 3189 3593 3245 Filii
3615 3199 3666 3245 ct
3690 3187 3885 3259 Spiritus

2328 3281 2499 3336 sancti
2546 3282 2760 3337 nomine
2808 3292 3175 3338 consecratum
3224 3293 3382 3352 atque
3429 3281 3733 3353 signatum?
3775 3280 3884 3334 hanc

2330 3375 2555 3431 formam
2588 3376 2675 3431 ubi
2714 3376 2927 3432 invenio
2962 3392 3182 3434 necesse
3222 3386 3306 3433 est
3350 3388 3407 3433 ut
3446 3380 3763 3449 approbent;
3799 3391 3883 3430 non

2328 3454 2545 3522 destruo
2592 3467 2733 3538 quod
2801 3468 3124 3523 dominicum
3178 3483 3449 3539 agnosco,
3516 3485 3627 3525 non
3692 3465 3884 3525 exsufflo

2329 3560 2579 3615 vexillum
2609 3561 2748 3631 regis
2775 3561 2899 3617 mei.
2928 3561 3143 3617 Vestem
3172 3562 3371 3617 Christi
3396 3570 3451 3617 et
3482 3564 3575 3635 qui
3605 3563 3882 3625 diviserunt,

2330 3667 2439 3707 non
2464 3653 2797 3709 violaverunt
2829 3652 3006 3723 (Joan.
3037 3670 3136 3709 χιχ
3162 3697 3177 3721 ,
3207 3653 3331 3725 Ξ4);
3363 3661 3418 3709 et
3454 3655 3527 3709 illi
3558 3656 3731 3712 adhuc
3754 3653 3881 3709 Chri-

2329 3752 2469 3799 stum
2499 3760 2603 3799 uon
2625 3755 3047 3801 resurrecturum
3075 3745 3435 3813 crediderant,
3464 3746 3559 3802 sed
3600 3747 3883 3803 morientem

2328 3835 2595 3891 videbant.
2624 3836 2681 3892 Si
2703 3852 2731 3890 a
2759 3837 3186 3906 persecutoribus
3214 3838 3379 3892 vestis
3401 3853 3506 3893 non
3534 3839 3797 3894 conscissa
3818 3842 3884 3891 est

2329 3928 2609 3997 pendentis
2646 3929 2696 3983 in
2733 3944 2891 3985 cruce
2915 3971 2929 3997 ,
2961 3945 3057 3985 cur
3084 3945 3115 3985 a
3144 3928 3460 3986 Christianis
3499 3931 3784 3987 destruitur
3817 3942 3884 3984 sa-

2328 4029 2660 4076 cramentum
2705 4021 2943 4077 sedentis
2986 4021 3037 4076 in
3068 4021 3246 4078 coelo?
3271 4020 3328 4078 Si
3354 4022 3545 4078 veteris
3572 4023 3748 4095 populi
3773 4029 3883 4077 tem-

2329 4111 2549 4181 poribus
2577 4110 2793 4168 Judazus
2821 4128 3018 4180 essem,
3041 4113 3254 4185 quando
3279 4112 3420 4168 aliud
3450 4128 3572 4170 esse
3600 4115 3782 4171 melius
3799 4124 3882 4166 non

2328 4220 2579 4276 possem,
2630 4208 2956 4277 accepissem
3006 4207 3188 4277 utique
3234 4207 3713 4266 circumcisionem.
3758 4201 3883 4275 Quod

2328 4300 2655 4371 signaculum
2678 4299 2898 4369 justitia:
2926 4298 3047 4354 fidei
3075 4306 3277 4353 tantum
3313 4299 3405 4353 illo
3446 4307 3687 4372 tempore
3712 4298 3883 4357 valuit.

2327 4402 2609 4463 antequam
2652 4391 2857 4445 Domini
2902 4400 3250 4446 evacuaretur
3273 4390 3499 4446 adventu
3525 4433 3540 4458 ,
3574 4400 3632 4446 ut
3659 4389 3882 4447 infantem

2330 4480 2498 4538 filium
2528 4482 2693 4554 Moysi
2722 4482 2956 4553 Angelus
2983 4482 3343 4552 praefocassct,
3378 4482 3477 4537 nisi
3504 4492 3678 4538 mater
3698 4487 3885 4547 arrepto

2328 4575 2531 4631 calculo
2574 4573 2992 4630 circumcidisset
3037 4590 3278 4646 puerum,
3333 4582 3388 4629 et
3430 4573 3532 4629 hoc
3578 4574 3885 4630 sacramento

2327 4667 2693 4723 imminentem
2722 4668 3014 4738 perniciem
3040 4666 3333 4737 depulisset
3358 4666 3547 4738 (Exod.
3575 4682 3647 4735 tv,
3670 4665 3756 4729 ‘24,
3786 4657 3881 4730 25).

2327 4762 2443 4815 Hoc
2467 4769 2855 4816 sacramentum
2902 4761 3060 4815 etiam
3089 4760 3375 4815 .lordancm
3420 4759 3635 4815 fluvium
3676 4758 3883 4813 refrena-

2326 4853 2430 4918 vit,
2488 4861 2543 4908 et
2589 4852 2798 4907 reduxit
2838 4852 2892 4906 in
2935 4851 3155 4907 fontem.
3209 4852 3320 4906 lloc
3364 4863 3746 4908 sacramentum
3789 4848 3882 4917 ipse

2327 4944 2603 5011 Dominus,
2631 4943 2873 5016 quamvis
2900 4943 3236 4999 evacuaverit
3275 4943 3579 5011 crucifixus,
3610 4953 3777 4998 tamen
3800 4952 3880 4992 na-

2328 5047 2412 5094 tus
2437 5040 2660 5108 accepit.
2694 5037 2805 5093 Non
2838 5037 2980 5092 enim
3026 5037 3292 5107 signacula
3338 5037 3426 5092 illa
3470 5036 3713 5091 damnata
3742 5038 3878 5092 sunt,

2326 5131 2419 5187 sed
2444 5130 2852 5186 succedentibus
2880 5129 3347 5201 opportunioribus
3371 5129 3732 5186 decesserunt.
3758 5122 3870 5181 Nam

2326 5224 2463 5279 sicut
2490 5223 2951 5279 circumcisionem
2980 5222 3193 5278 abstulit
3232 5222 3443 5279 Domini
3472 5223 3673 5294 primus
3708 5217 3880 5274 adven-

2328 5322 2433 5379 tus,
2464 5313 2541 5369 sic
2570 5313 2895 5384 Baptismum
2922 5312 3129 5368 auferet
3156 5314 3422 5370 secundus
3450 5315 3725 5370 adventus.
3751 5308 3880 5364 Sicut

2326 5408 2468 5465 enim
2495 5420 2637 5462 nunc
2664 5416 3005 5478 posteaquam
3032 5404 3176 5462 venit
3214 5407 3431 5463 libertas
3458 5405 3580 5463 fidei
3602 5448 3617 5472 ,
3649 5411 3701 5460 et
3728 5411 3881 5457 remo.

2326 5510 2438 5557 tum
2467 5509 2550 5556 est
2577 5497 2849 5556 servitutis
2865 5498 3050 5572 jugum
3074 5539 3090 5564 ,
3124 5500 3299 5555 nullus
3340 5500 3656 5557 christianus
3679 5498 3879 5556 circum-

2326 5593 2519 5651 ciditur
2553 5608 2746 5659 carne;
2778 5594 2857 5648 sic
2886 5602 3012 5647 tunc
3054 5594 3401 5664 regnantibus
3434 5594 3591 5665 justis
3635 5607 3749 5649 cum
3788 5589 3877 5644 Do-

2326 5686 2492 5754 mino,
2537 5684 2908 5755 damnatisque
2954 5684 3130 5755 impiis
3154 5727 3168 5751 ,
3199 5701 3357 5743 nemo
3397 5687 3738 5759 baptizahitur
3759 5722 3775 5748 ,
3800 5674 3879 5735 sed

2328 5780 2457 5835 illud
2486 5780 2627 5849 quod
2657 5780 2754 5835 ista
2783 5778 3141 5850 praefigurant,
3172 5778 3225 5834 id
3254 5789 3336 5835 est
3360 5780 3687 5837 circumcisio
3704 5772 3876 5832 cordis.

2328 5883 2382 5931 ct
2406 5873 2662 5930 munditia
2692 5873 3037 5931 conscientiae
3065 5873 3301 5930 manebit
3323 5875 3377 5933 in
3404 5883 3678 5933 :eternum.
3698 5870 3752 5928 Si
3769 5874 3878 5931 ergo
