4054 6406
158 250 220 306 97
1337 235 1811 295 EPISTULARUM
1846 237 1929 293 CL
1938 237 2117 295 ASSlS
2154 238 2191 295 ι.
3334 250 3404 309 οε

155 364 237 417 illo
263 370 490 431 tempore
511 351 721 410 Judteus
748 366 918 409 essem
938 393 955 419 ,
984 361 1039 407 et
1067 351 1273 407 veniret
1299 350 1366 407 ad
1396 368 1483 408 me
1510 354 1698 408 Sama-

157 454 362 512 ritanus.
390 448 677 517 velletque,
715 445 809 501 illo
837 459 1018 502 errore
1045 444 1300 500 derelicto
1339 460 1497 515 quem
1537 445 1699 500 etiam

156 548 388 603 Dominus
414 540 719 612 improbavit
752 541 956 607 dicens,
1011 536 1112 595 Vos
1136 539 1360 594 adoratis
1378 541 1514 611 quod
1539 540 1701 594 nesci-

154 641 238 699 tis:
261 654 347 692 nos
372 634 633 688 adoramus
660 633 797 705 quod
819 634 1005 688 scimus
1020 673 1034 697 ,
1068 633 1307 703 quoniam
1329 632 1469 687 salus
1494 648 1556 687 ea:
1593 631 1696 686 Ju-

154 730 257 784 dttis
298 736 364 782 est
404 724 585 799 (Joan.
613 740 698 789 iv,
729 723 838 795 ἓξ)
877 723 1078 780 :vellet
1127 739 1255 795 ergo
1294 723 1694 792 Samaritanus,

153 835 288 891 quem
324 814 630 872 Samaritani
669 813 1133 881 circumciderant,
1168 815 1281 871 fieri
1321 815 1573 881 .ludazus,
1600 830 1696 870 va-

150 922 279 970 caret
299 921 432 967 certe
456 908 743 964 iterationis
772 907 991 964 audacia
1011 950 1025 975 ,
1054 918 1109 965 et
1139 908 1189 964 id
1229 909 1369 981 quod
1399 909 1538 980 apud
1582 908 1696 964 lia:-

150 1007 294 1062 resim
322 1005 498 1059 factum
523 1010 658 1066 erat,
690 1000 828 1072 quod
858 1012 1185 1072 przeceperat
1212 1001 1370 1069 Deus,
1400 1018 1507 1057 non
1537 1018 1697 1073 repe-

150 1106 252 1151 tere
293 1094 377 1149 sed
417 1092 708 1162 approbare
751 1107 1085 1163 cogeremur.
1146 1092 1298 1160 Quod
1344 1094 1389 1148 si
1432 1094 1486 1148 in
1537 1108 1699 1150 carne

147 1184 410 1241 circumcisi
439 1182 670 1238 hominis
695 1198 800 1238 non
827 1182 1118 1238 invenirem
1149 1184 1323 1238 locum
1352 1184 1437 1239 ubi
1465 1185 1695 1241 circum-

148 1279 370 1333 cisionem
400 1286 715 1346 repeterem,
744 1276 865 1346 quia
896 1292 1058 1331 unum
1089 1287 1171 1332 est
1195 1277 1323 1332 illud
1355 1279 1652 1334 membrum
1678 1297 1692 1347 ;

148 1371 290 1427 multo
320 1370 486 1424 minus
516 1370 782 1425 invenitur
808 1369 959 1426 locus
982 1371 1035 1425 in
1065 1387 1171 1426 uno
1198 1372 1377 1439 corde,
1411 1372 1498 1428 ubi
1526 1374 1698 1444 bapti-

146 1477 271 1518 smus
304 1461 494 1518 Christi
537 1471 825 1533 repetatur.
876 1461 1000 1517 ideo
1046 1464 1136 1533 qui
1191 1464 1464 1534 duplicare
1520 1466 1697 1536 Bapti-

148 1570 291 1611 smum
320 1553 473 1610 vultis
494 1595 511 1622 ,
540 1570 763 1611 necesse
802 1562 887 1611 est
913 1538 1132 1611 omnino
1177 1565 1237 1611 ut
1274 1557 1434 1613 corda
1469 1558 1697 1628 duplicia

146 1647 416 1718 requiratis.

204 1762 250 1818 5.
272 1760 441 1817 Clama
464 1775 593 1833 ergo
623 1768 768 1817 recte
789 1769 840 1817 te
868 1759 1062 1827 facere,
1091 1762 1133 1816 si
1158 1776 1264 1817 non
1292 1762 1617 1833 rebaptizas;
1645 1774 1699 1819 et

147 1870 232 1909 non
268 1854 427 1908 solum
454 1855 572 1908 sine
608 1853 956 1924 trepidatione
980 1895 996 1922 ,
1041 1853 1135 1909 sed
1161 1853 1319 1909 etiam
1357 1869 1478 1910 cum
1505 1855 1698 1925 gaudio

140 1938 253 1999 inihi
278 1943 393 1999 inde
422 1943 677 2001 rescribe.
711 1944 864 1999 Nulla
898 1954 948 2000 te
976 1954 1183 2000 tuorum
1215 1946 1471 2013 concilia,
1503 1947 1695 2013 frater,

148 2047 428 2093 exterreant.
480 2037 536 2093 Si
574 2038 717 2094 enim
762 2037 865 2094 hoc
910 2038 989 2094 eis
1025 2038 1390 2109 diSplicuerit,
1430 2056 1534 2095 non
1576 2052 1701 2097 sunt

146 2129 261 2200 digni
285 2130 368 2200 qui
398 2139 448 2185 te
476 2128 743 2193 habeant;
793 2130 837 2183 si
876 2140 1055 2185 autem
1099 2130 1389 2199 placuerit,
1433 2130 1701 2187 credimus

146 2217 199 2273 de
222 2220 567 2275 misericordia
602 2220 829 2286 Domini,
856 2222 943 2290 qui
976 2221 1222 2277 timentes
1248 2222 1347 2277 sibi
1378 2221 1662 2293 displicere
1681 2265 1697 2291 ,

148 2320 189 2365 et
208 2320 441 2367 conantes
468 2314 686 2384 placere
712 2328 977 2382 nunquam
1006 2312 1236 2379 deserit,
1277 2312 1419 2383 quod
1446 2313 1583 2370 inter
1606 2330 1702 2370 vos

148 2412 189 2456 et
218 2418 302 2458 nos
325 2403 423 2457 cito
452 2418 553 2473 pax
582 2403 687 2457 erit
720 2421 733 2457 :
766 2420 831 2457 ne
859 2412 1072 2473 propter
1101 2403 1332 2459 lmiiores
1358 2415 1605 2473 nostros,
1635 2407 1702 2462 de

148 2512 228 2565 qua
250 2497 439 2551 sarcina
469 2496 774 2566 periculosa
805 2498 939 2551 ratio
967 2497 1216 2552 reddetur
1235 2540 1251 2566 ,
1282 2499 1490 2554 misera:
1522 2500 1703 2570 plebes

148 2588 383 2644 credentes
408 2589 455 2643 in
482 2586 763 2643 Christum
792 2587 1020 2643 habeant
1060 2589 1110 2643 in
1137 2589 1383 2645 domibus
1417 2591 1526 2645 suis
1551 2607 1702 2647 com-

148 2694 306 2735 manes
334 2679 504 2743 cibos,
534 2690 596 2736 et
627 2696 864 2736 mensam
906 2679 1102 2735 Christi
1140 2697 1476 2739 communem
1506 2684 1705 2741 habere

147 2788 237 2826 non
263 2774 463 2843 possint.
503 2772 702 2829 Nonne
732 2775 1126 2845 ingemiscimus
1154 2776 1293 2847 quod
1328 2777 1409 2831 vir
1440 2787 1494 2833 et
1530 2794 1664 2833 uxor
1686 2821 1701 2846 ,

148 2873 197 2917 nt
227 2864 422 2921 fideliter
458 2866 792 2937 conjnngant
825 2881 1046 2937 corpora
1078 2883 1171 2922 sua
1191 2910 1206 2935 ,
1233 2868 1417 2939 jurant
1449 2869 1547 2925 sibi
1595 2872 1706 2941 plc-

147 2972 339 3027 rumque
375 2974 465 3027 per
503 2957 819 3022 Christum,
869 2970 922 3012 et
959 2958 1123 3028 ipsius
1162 2974 1355 3029 corpus
1392 2959 1590 3015 Christi
1620 2961 1704 3015 di-

151 3063 276 3104 versa
298 3050 671 3105 communione
692 3048 986 3103 dilaniant?
1012 3049 1122 3104 lloc
1147 3059 1345 3105 tantum
1372 3052 1702 3121 scandalum,

146 3149 297 3198 tantus
321 3143 506 3199 diaboli
534 3144 843 3214 triumphus
864 3186 877 3207 ,
910 3153 1050 3198 tanta
1082 3145 1342 3214 pernicies
1372 3146 1663 3202 animarum
1686 3200 1703 3226 ,

146 3234 182 3287 si
207 3249 288 3304 per
304 3245 433 3291 tuam
455 3236 803 3301 modestiam,
828 3245 879 3291 et
903 3235 1256 3306 prudentiam,
1290 3252 1344 3293 et
1364 3238 1705 3298 dilectionem

145 3340 274 3395 quam
300 3326 544 3385 debemus
580 3328 633 3382 ei
666 3328 756 3396 qui
784 3343 881 3397 pro
912 3328 1067 3381 nobis
1098 3343 1253 3382 suum
1281 3331 1590 3401 sanguinem
1621 3334 1704 3388 fu-

148 3415 424 3482 dit,ablata
463 3419 533 3475 de
578 3419 761 3475 medio
805 3419 856 3473 iu
887 3418 970 3472 bis
998 3420 1307 3489 regionibus
1347 3420 1547 3489 fuerit;
1588 3427 1706 3496 quis

148 3507 338 3578 explicet
364 3510 535 3567 verbis
561 3526 729 3581 quam
764 3510 855 3564 tibi
884 3512 1111 3580 palmam
1143 3523 1401 3583 praeparet
1429 3516 1702 3585 Dominus,

150 3608 195 3651 ut
213 3597 269 3653 ad
289 3610 467 3658 cetera
507 3602 756 3658 membra
790 3602 1024 3656 Sananda
1048 3642 1064 3667 ,
1094 3618 1211 3673 quze
1238 3619 1333 3674 per
1364 3615 1524 3660 totam
1563 3608 1703 3661 Afri-

147 3702 242 3744 tam
266 3684 503 3749 labefacta
533 3692 918 3747 miserabiliter
948 3692 1159 3763 jaceat,
1190 3709 1219 3747 a
1250 3703 1301 3749 te
1341 3696 1705 3766 proﬁciscatur

149 3790 235 3836 tam
259 3783 493 3841 imitabile
519 3784 806 3841 medicina:
832 3784 1209 3840 documentum
1233 3786 1257 3841 Ἰ
1281 3786 1447 3855 Quam
1478 3804 1699 3857 vereor,

147 3876 360 3941 quoniam
392 3892 483 3933 cor
511 3892 697 3933 meum
727 3875 906 3931 videre
949 3891 1055 3930 nou
1101 3886 1290 3945 potes,
1332 3894 1399 3933 ne
1447 3880 1538 3934 tibi
1581 3898 1701 3936 cum

147 3966 443 4026 insultatione
472 3972 654 4041 potius
674 3986 831 4041 quam
860 3986 979 4025 cum
1005 3968 1292 4026 dilectione
1318 3972 1461 4043 loqui
1492 3973 1697 4030 videar!

145 4057 233 4114 Sed
268 4071 401 4119 certe
434 4064 667 4135 amplius
696 4062 821 4133 quid
867 4062 1051 4117 faciam
1092 4078 1196 4118 non
1228 4063 1441 4120 invenio
1462 4107 1476 4130 ,
1520 4067 1620 4120 nisi
1648 4076 1703 4122 ut

146 4149 492 4221 inspiciendum
517 4170 830 4212 sermonem
858 4170 1034 4209 meum
1062 4154 1154 4209 tibi
1178 4154 1396 4210 offeram
1414 4198 1428 4223 ,
1466 4156 1700 4211 animum

206 4336 251 4390 ϐ.
287 4337 547 4396 Tollamus
573 4340 645 4395 de
675 4339 853 4395 medio
878 4339 1053 4394 inania
1081 4339 1307 4410 objecta,
1336 4355 1452 4411 qua:
1481 4356 1510 4395 a
1541 4342 1701 4412 parti-

149 4425 229 4481 bus
260 4429 501 4503 imperitis
534 4434 726 4505 jactari
771 4443 952 4489 contra
994 4434 1218 4490 invicem
1259 4434 1464 4501 solent;
1503 4450 1600 4490 nec
1644 4447 1699 4490 tu

149 4518 333 4589 objicias
367 4534 609 4597 tempora
649 4525 978 4593 Macariana,
1020 4540 1118 4580 nec
1161 4541 1260 4595 ego
1297 4526 1552 4580 sarvitiam
1581 4525 1697 4581 Cir-

148 4615 513 4675 cumcellionum
548 4638 561 4673 :
594 4620 638 4675 si
676 4619 778 4675 hoc
815 4619 881 4675 ad
922 4628 973 4675 te
1010 4634 1116 4674 non
1144 4619 1406 4690 pertinet,
1439 4637 1537 4677 nec
1570 4620 1699 4677 illud

150 4706 202 4760 ad
237 4724 331 4768 tae.
375 4716 513 4770 Area
557 4714 841 4783 dominica
869 4714 1103 4769 nondum
1134 4715 1383 4771 ventilata
1424 4726 1537 4783 est;
1584 4719 1699 4774 sine

152 4797 290 4867 paleis
323 4818 436 4861 esse
472 4821 582 4862 non
612 4815 804 4877 potest.
849 4805 956 4862 Nos
999 4821 1248 4873 oremus,
1283 4817 1442 4879 atque
1481 4824 1699 4879 agamus

153 4904 367 4958 quantum
398 4914 680 4968 possumus
702 4941 716 4967 ,
746 4911 804 4954 ut
828 4898 1150 4955 frumentum
1178 4899 1363 4955 simus.
1393 4899 1504 4971 Ego
1523 4900 1590 4955 de
1616 4918 1699 4957 re-

154 4979 381 5054 baptizata
429 4989 658 5047 diacono
704 5002 887 5047 nostro
941 4992 1099 5048 silere
1147 5007 1253 5047 non
1297 5007 1553 5061 possum:
1586 4994 1699 5049 scio

156 5074 270 5129 enim
291 5093 438 5149 quam
467 5081 596 5136 mihi
622 5083 891 5137 silentium
920 5084 1275 5154 perniciosum
1300 5085 1386 5139 sit.
1415 5084 1529 5140 Non
1557 5085 1698 5141 enim

157 5164 297 5235 cogito
340 5170 391 5225 in
435 5173 814 5229 ecclesiasticis
857 5173 1146 5230 honoribus
1201 5186 1436 5246 tempora
1479 5189 1697 5233 ventosa

161 5257 437 5330 inﬂigere,
468 5263 565 5319 sed
599 5265 773 5332 cogito
803 5281 888 5321 me
918 5265 1138 5336 principi
1168 5275 1434 5351 pastorum
1461 5270 1696 5324 ninnium

158 5344 378 5405 rationem
406 5351 473 5408 de
513 5355 815 5409 commissis
853 5357 1041 5411 ovibus
1082 5344 1428 5412 redditurum.
1474 5360 1528 5414 Si
1563 5359 1699 5416 forte

158 5436 296 5495 Miles
321 5452 377 5498 ut
398 5442 513 5500 h.ec
537 5446 632 5501 tibi
659 5446 967 5513 scriberem,
996 5458 1203 5518 oportet
1235 5458 1305 5510 te.
1335 5449 1516 5516 frater,
1546 5452 1698 5521 igno-

160 5532 468 5591 Sceretitnori
508 5553 650 5593 meo.
675 5538 891 5595 Multum
931 5540 1071 5595 enim
1103 5540 1264 5596 timeo
1289 5558 1355 5597 ne
1384 5558 1467 5597 me
1493 5552 1699 5599 tacente

162 5622 612 5705 ﬁdissimulaute,
656 5633 743 5689 alii
787 5649 997 5706 quoque
1033 5635 1423 5705 rebaptizeutur
1457 5654 1485 5690 a
1528 5637 1695 5692 vobis.

164 5708 349 5779 Mevi
372 5736 501 5796 ergo
524 5765 539 5793 ,
572 5736 823 5796 quantum
852 5727 992 5784 vires
1016 5735 1070 5784 et
1108 5726 1411 5785 facultatem
1446 5727 1702 5787 Dominus

1808 349 2049 420 pra-bere
2068 350 2334 423 dignatur,
2362 365 2581 409 causam
2602 354 2755 410 istam
2777 356 2854 411 sic
2874 370 3052 428 agere,
3081 367 3140 413 ut
3167 358 3406 430 paciuci'

1807 445 2182 501 collationibus
2212 447 2406 502 nostris
2448 462 2636 505 omnes
2661 449 2749 519 qui
2779 449 2931 506 nobis
2968 454 3398 524 communicant,

1811 537 2056 592 noverint
2083 537 2151 592 ab
2178 538 2472 594 Iueresibus
2499 549 2590 594 aut
2627 540 3003 599 schismatibus
3028 555 3282 614 quantum
3309 562 3402 603 ca-

1808 626 2000 683 tholica
2026 628 2186 685 distet
2208 629 2467 697 Ecclesia,
2498 640 2554 687 et
2580 642 2835 703 quantum
2864 634 2934 690 sit
2956 636 3191 692 cavenda
3220 639 3402 707 perui-

1804 720 1915 776 cies
1945 721 2027 776 vel
2074 722 2400 778 zizaniorum
2440 722 2525 779 vel
2566 726 2908 795 prrecisorum
2946 728 3013 784 de
3042 729 3149 786 vite
3192 730 3402 788 Domini

1806 822 2219 869 sarmentorum.
2266 814 2436 881 Quam
2478 815 2821 875 collationem
2867 834 3075 877 mecum
3117 822 3163 877 si
3213 822 3400 880 libenti

1805 906 1983 960 animo
2008 907 2332 977 susceperis,
2365 916 2422 962 ut
2447 909 2801 966 concordibus
2827 912 2979 967 nobis
3006 912 3285 969 amborum
3315 915 3402 971 lit-

1804 1004 1935 1051 tera:
1974 998 2183 1067 populis
2222 998 2549 1067 recitentur,
2595 1000 2849 1056 ineffabili
2891 1004 3169 1061 exsultabo
3194 1006 3401 1062 laetitia.

1804 1086 1859 1142 Si
1889 1099 2065 1144 autem
2111 1089 2162 1144 id
2200 1105 2354 1160 aequo
2391 1090 2573 1147 animo
2598 1107 2706 1146 non
2732 1093 2927 1164 accipis
2952 1136 2967 1161 ,
3010 1097 3135 1167 quid
3173 1097 3401 1165 faciam,

1802 1176 1989 1245 frater,
2023 1180 2124 1234 nisi
2155 1189 2213 1234 ut
2238 1188 2291 1235 te
2315 1195 2526 1251 quoque
2566 1181 2732 1237 invito
2764 1184 3018 1254 epistolas
3059 1196 3269 1243 nostras
3296 1204 3395 1259 po-

1802 1270 1927 1341 pulo
1970 1270 2236 1327 catholico
2282 1271 2472 1342 legam,
2522 1288 2628 1343 quo
2674 1288 2795 1330 esse
2844 1276 3011 1345 possit
3053 1278 3402 1335 instructior?

1802 1360 1952 1428 Quod
1985 1362 2028 1417 si
2056 1364 2352 1418 rescribere
2381 1364 2629 1434 dignatus
2654 1380 2761 1420 non
2791 1367 2962 1422 fueris
2982 1408 2999 1434 ,
3039 1369 3123 1424 vel
3151 1385 3299 1426 meas
3324 1371 3401 1427 le-

1800 1468 1929 1523 gere
1968 1452 2206 1519 decrevi,
2240 1461 2297 1507 ut
2323 1455 2511 1509 saltem
2539 1454 2833 1511 diffidentia
2864 1466 3042 1513 vestra
3070 1462 3280 1531 cognita
3309 1476 3397 1518 re-

1802 1545 2057 1615 baptizari
2088 1545 2429 1601 erubescant.

1875 1638 1925 1691 7.
1968 1636 2148 1708 Neque
2174 1636 2225 1691 id
2251 1652 2403 1708 agam
2434 1652 2556 1693 cum
2582 1639 2738 1695 miles
2766 1656 3001 1712 przesens
3027 1651 3107 1699 est
3126 1686 3141 1711 ,
3172 1659 3238 1701 ne
3265 1646 3385 1718 quis

1804 1739 2042 1783 vestrum
2079 1728 2369 1784 arbitretur
2398 1730 2772 1787 tumultuosius
2817 1747 2903 1788 me
2928 1749 3085 1804 agere
3128 1735 3391 1801 voluisse,

1802 1838 1959 1893 quam
1988 1822 2125 1877 ratio
2152 1823 2301 1894 pacis
2328 1821 2631 1889 desiderat;
2662 1823 2755 1880 sed
2782 1833 2903 1895 post
2922 1825 3228 1881 abscessum
3255 1827 3398 1881 mili-

1804 1915 1891 1980 tis,
1926 1922 1981 1968 ut
2000 1928 2188 1969 omnes
2207 1914 2297 1984 qui
2330 1928 2427 1969 nos
2455 1915 2676 1970 audiunt
2702 1916 2997 1988 intelligant
3023 1933 3126 1972 n0u
3152 1919 3250 1973 hoc
3277 1933 3398 1976 esse

1803 2006 2060 2079 propositi
2083 2007 2187 2061 mei
2209 2016 2269 2061 ut
2290 2006 2437 2061 inviti
2468 2007 2711 2063 homines
2731 2007 2796 2063 ad
2817 2008 3128 2079 cujusquam
3154 2025 3399 2065 commu-

1804 2099 2017 2153 nionem
2046 2107 2322 2168 cogantur,
2354 2097 2447 2154 sed
2479 2107 2536 2153 ut
2570 2098 2899 2168 quietissime
2928 2101 3286 2170 qua'reutibus
3313 2116 3402 2158 ve-

1805 2190 1941 2266 ritas
1972 2190 2291 2245 innotescat.
2338 2189 2582 2245 Cessabit
2622 2206 2653 2244 a
2706 2191 2901 2247 nostris
2948 2191 3189 2262 partibus
3229 2201 3402 2250 terror

1806 2281 2179 2352 temporalium
2208 2291 2529 2352 potestatum
2554 2299 2568 2335 :
2592 2291 2769 2338 cesset
2787 2283 2947 2338 etiam
2974 2299 3003 2337 a
3029 2285 3219 2340 vestris
3240 2286 3404 2356 parti-

1806 2373 1905 2429 bus
1931 2384 2104 2430 terror
2128 2385 2574 2448 congregatarum
2602 2376 3127 2433 Circumcellionum.
3159 2379 3237 2435 Re
3271 2395 3401 2451 aga-

1806 2484 1945 2535 mus,
1972 2470 2179 2524 ratione
2202 2482 2445 2539 agamus,
2469 2468 2768 2525 divinarum
2793 2470 3188 2542 Scripturarum
3213 2486 3401 2529 aucto-

1806 2560 2051 2617 ritatibus
2100 2576 2355 2631 agamus,
2409 2562 2576 2632 quieti
2623 2572 2782 2635 atque
2835 2565 3102 2635 tranquilli
3147 2576 3403 2637 quantum

1806 2668 2090 2723 possumus
2118 2662 2380 2723 petamus,
2410 2670 2733 2724 qumramus,
2760 2654 3054 2724 pulsenms,
3089 2667 3147 2712 ut
3169 2659 3402 2729 accipia-

1808 2761 1927 2801 mus
1948 2755 2002 2801 et
2027 2746 2387 2812 inveniamus,
2412 2755 2467 2802 et
2493 2748 2766 2817 aperiatur
2782 2749 2954 2814 nobis,
2987 2765 3052 2805 ne
3074 2753 3088 2781 ¹
3118 2749 3254 2807 forte
3285 2752 3400 2807 fieri

1810 2838 2009 2908 possit,
2052 2847 2108 2893 ut
2151 2838 2438 2909 adjuvante
2478 2837 2703 2893 Domino
2749 2840 3044 2895 concordes
3085 2851 3308 2898 conatus
3344 2853 3402 2900 et

1809 2932 2075 2986 orationes
2123 2941 2370 2997 nostras,
2417 2940 2559 2987 tanta
2607 2929 2918 2988 deformitas
2960 2940 3120 3003 atque
3158 2935 3401 3006 impietas

1809 3023 2177 3078 Africanarum
2207 3024 2482 3094 regiomnn
2515 3023 2584 3079 de
2611 3024 2806 3080 nostris
2831 3025 2987 3081 terris
3014 3026 3229 3097 incipiat
3267 3027 3401 3085 abo-

1810 3116 1927 3170 leri.
1962 3116 2019 3171 Si
2050 3130 2155 3171 non
2183 3115 2359 3171 credis
2389 3126 2509 3187 post
2536 3116 2832 3172 discessum
2874 3117 3099 3173 militum
3136 3136 3222 3176 me
3265 3120 3402 3179 velle

1809 3222 1967 3278 agere
1989 3250 2005 3272 ,
2039 3216 2160 3278 post
2186 3208 2482 3263 discessum
2514 3210 2741 3263 militum
2774 3219 2829 3263 tu
2860 3211 3117 3266 rescribe.
3163 3210 3217 3267 Si
3256 3214 3401 3271 enim

1810 3317 1907 3372 ego
1936 3312 2200 3372 prmsente
2241 3301 2407 3357 milite
2438 3303 2642 3358 litteras
2679 3317 2825 3358 meas
2872 3302 3047 3374 legere
3078 3306 3273 3375 popqu
3299 3322 3399 3362 vo-

1812 3392 1980 3455 luero,
2014 3392 2217 3463 prolata
2239 3392 2463 3463 epistola
2487 3408 2605 3450 mea
2631 3392 3015 3450 demonstrabit
3036 3411 3122 3451 me
3145 3396 3265 3453 fidei
3288 3398 3401 3455 vio-

1812 3484 2055 3538 latorem.
2085 3483 2236 3551 Quod
2260 3484 2620 3540 misericordia
2645 3485 2853 3540 Domini
2880 3496 3081 3541 avertat
3106 3502 3137 3541 a
3160 3490 3399 3548 moribus

1809 3584 1968 3645 atque
1988 3576 2229 3631 instituto
2251 3591 2388 3643 meo,
2410 3576 2550 3648 quod
2573 3576 2701 3632 mihi
2726 3591 2823 3649 per
2846 3578 3028 3650 jugum
3055 3594 3208 3635 suum
3229 3581 3399 3653 inspi-

1808 3682 1928 3724 rare
1954 3668 2197 3739 dignatus
2222 3680 2322 3725 est.

1879 3760 1933 3813 8.
1978 3760 2274 3831 Episcopus
2318 3776 2469 3817 meus
2495 3761 2887 3819 Benevolentiae
2921 3772 3025 3820 tua:
3052 3763 3275 3823 fortasse
3299 3782 3399 3839 po-

1808 3852 1915 3909 tius
1948 3853 2153 3909 litteras
2181 3854 2435 3919 mis:sset,
2466 3855 2509 3910 si
2537 3866 2679 3912 esset
2704 3872 2956 3927 praesens,
2979 3869 3067 3912 aut
3087 3873 3186 3928 ego
3206 3859 3297 3914 illo
3314 3860 3399 3917 vel

1802 3945 2022 4016 jnbente
2059 3946 2143 4001 vel
2173 3947 2514 4016 permittente
2538 3947 2892 4015 scripsissem.
2923 3947 3030 4001 Sed
3062 3948 3150 4003 illo
3179 3949 3399 4005 absente

1807 4052 1926 4092 cum
1948 4037 2155 4093 diaconi
2179 4037 2521 4107 rebaptizatio
2541 4052 2728 4093 recens
2750 4053 2867 4093 esse
2882 4037 3095 4103 dicitur,
3115 4037 3399 4110 frigescere

1806 4131 2069 4185 actionem
2102 4130 2270 4199 ipsam
2294 4129 2550 4185 dilatione
2573 4146 2675 4184 non
2700 4144 2885 4196 passus
2911 4145 3050 4195 sum,
3073 4130 3142 4186 de
3164 4133 3395 4187 fraterna

1807 4233 1861 4278 et
1886 4240 2010 4276 vera
2043 4231 2217 4276 morte
2260 4222 2586 4277 acerbissimi
2632 4221 2835 4277 doloris
2877 4223 3075 4279 aculeis
3116 4226 3395 4283 excitatus.
3437 4296 3443 4303 _

1806 4314 1976 4383 Quem
2002 4313 2243 4368 dolorem
2277 4329 2452 4369 meum
2484 4313 2771 4384 adjuvante
2804 4315 3166 4373 misericordia
3191 4327 3244 4373 et
3270 4333 3396 4389 pro-

1805 4406 2037 4460 videntia
2068 4405 2299 4471 Domini,
2336 4406 2483 4474 pacis
2519 4404 2749 4462 fortasse
2777 4410 3142 4478 compensatio
3172 4409 3396 4469 lenitura

1806 4509 1907 4555 est.
1940 4500 2080 4556 Deus
2108 4508 2162 4554 et
2194 4499 2448 4554 Dominus
2468 4507 2649 4554 noster
2669 4499 2761 4553 tibi
2793 4510 3023 4556 mentem
3054 4511 3292 4573 pacatam
3313 4504 3396 4561 in-

1805 4596 2014 4664 spirare
2041 4592 2312 4663 dignetur,
2340 4592 2555 4649 domiue
2582 4592 2927 4650 dilectissime
2954 4594 3133 4651 frater.

2273 4695 2605 4751 EPISTOLA
2638 4696 2805 4753 XXIV
2825 4703 2841 4721 ‘
2862 4698 2961 4769 (ιι).

1806 4774 2058 4849 Paulinus
2091 4774 2274 4846 Alypio
2302 4775 2535 4849 episcopo
2565 4777 2627 4849 de
2651 4775 2792 4849 libris
2820 4777 3086 4848 Augustini
3109 4795 3233 4849 quos
3257 4797 3392 4837 recc-

1879 4847 1989 4917 pit,
2032 4862 2277 4917 excusans
2324 4848 2460 4915 quod
2502 4847 2659 4901 serius
2693 4848 2880 4902 miserit
2905 4847 2991 4901 iud
3017 4847 3161 4903 illum
3191 4849 3395 4907 Eusebii

1877 4916 2156 4994 Chronica.
2177 4916 2325 4988 Cupit
2354 4918 2548 4994 edoc_e_ri
2582 4917 2644 4971 de
2668 4935 2847 4994 genere
2862 4930 2905 4994 et
2927 4920 3025 4973 vita
3049 4919 3219 4991 Διῃριὲ
3245 4924 3394 4994 :ipsc

1876 4988 2095 5043 vicissim
2122 4988 2185 5043 de
2212 5006 2265 5043 se
2289 4988 2534 5043 nonnulla
2559 4989 2806 5060 aperiens.
2852 4988 3046 5044 Panem
3081 4988 3236 5046 unum
3262 4988 3396 5049 dono

1876 5059 2049 5113 mittit.

1808 5139 2035 5195 Domino
2056 5141 2246 5196 merito
2267 5140 2586 5204 honorabili,
2616 5151 2668 5197 et
2692 5141 2997 5199 beatissimo
3020 5145 3155 5215 patri
3174 5148 3391 5214 ALYPIO,

2107 5222 2370 5278 PAULINUS
2399 5232 2453 5277 et
2482 5222 2748 5278 ΤιιειιΑειΑ
2773 5232 3106 5294 peceatores.

1878 5316 1929 5368 4.
1972 5313 2099 5369 Hau:
2124 5308 2199 5369 Est
2224 5331 2339 5369 vero
2365 5316 2603 5379 charitas,
2634 5315 2742 5371 haec
2763 5320 2984 5391 perfecta
3001 5318 3220 5382 dilectio,
3240 5332 3390 5382 quam

1871 5429 1888 5493 ξ
1913 5428 1985 5478 sic
2007 5440 2179 5478 omnes
2200 5427 2332 5489 edd.,
2356 5428 2581 5479 obscure.
2607 5433 2745 5479 Forte
2772 5442 2875 5493 pro,
2900 5441 2978 5489 ne,
3002 5427 3283 5491 legendum,
3306 5438 3388 5489 αη,

1805 5488 2264 5603 γθέλζῖευοιὲὁεὶιξέει
2290 5551 2348 5602 ad
2373 5566 2421 5603 a.
2446 5553 2530 5603 ιω.
2553 5553 2638 5616 bg.
2659 5564 2731 5603 cc.
2764 5552 2813 5603 ti‘.
3049 5550 3082 5599 Ι.
3108 5563 3157 5599 n.
3179 5563 3221 5599 r.
3241 5562 3286 5601 ε.
3311 5553 3389 5603 sb.

1805 5621 1843 5662 t.
1868 5628 1942 5662 vc.
1964 5614 2046 5662 vd.
2062 5615 2184 5662 duos
2203 5627 2249 5662 a.
2274 5624 2477 5662 uuatuor
2493 5630 2540 5662 v.
2568 5624 2619 5662 et
2632 5616 2691 5662 ad
2715 5626 2814 5662 Am.
2929 5649 2941 5661 .
2963 5620 3035 5662 Er.
3053 5619 3160 5662 ιον.

1805 5621 1843 5665 t.
1868 5628 1942 5683 vc.
1964 5614 2249 5683 vd_._dngs_a.
2274 5624 2477 5677 quatuor
2493 5630 2540 5665 v.
2568 5614 2619 5683 ej.
2632 5616 2691 5683 ad
2715 5626 2814 5664 Am.
2835 5614 2941 5662 Qad.
2963 5619 3183 5683 fama

1868 5678 1942 5740 (ιι)
1986 5676 2113 5726 Alias
2219 5691 2230 5724 :
2258 5675 2369 5739 qua:
2404 5686 2569 5727 autem
2590 5677 2650 5725 24
2672 5685 2779 5726 erat
2799 5687 2929 5725 nunc
2960 5675 3070 5726 201.
3093 5678 3274 5739 scripta
3294 5677 3390 5727 sub

1806 5737 1887 5789 fin.
1918 5751 1995 5789 an.
2021 5739 2131 5802 594,
2154 5746 2267 5790 ante
2294 5740 2525 5791 hiemem.

4000 6034 4007 6097 ἰ
