4054 6394
646 332 658 369 ί
686 351 781 410 est
807 353 941 410 circa
972 355 1303 411 humilitatem
1342 364 1563 412 nostram
1600 360 1761 414 inesse
1794 361 2025 429 docuisti,
2058 365 2256 419 domine

689 459 805 501 vere
828 454 1015 513 sancte,
1041 456 1089 500 et
1119 449 1291 501 merito
1317 448 1593 503 beatissime
1625 466 1683 503 ac
1710 451 2070 507 desiderabilis.
2100 455 2255 509 Acce-

690 535 857 606 pirnus
876 537 1006 591 enim
1030 556 1117 608 per
1144 539 1391 593 hominem
1419 550 1643 594 nostrum
1670 542 1933 597 lulianum
1958 547 2019 598 de
2040 547 2253 601 Cartha-

685 627 805 698 ﬁne
830 638 1143 683 revertentem
1167 672 1179 696 ,
1220 630 1410 685 litteras
1438 642 1626 686 tantam
1667 635 1808 689 nobis
1839 636 2128 693 Sanctitatis
2158 650 2255 695 tua:

687 719 851 774 lucem
878 719 1157 788 afferentes,
1189 733 1241 777 ut
1271 724 1410 777 nobis
1436 726 1727 781 charitatem
1771 740 1907 782 tuam
1948 748 2049 785 non
2091 750 2251 804 agno-

686 827 842 879 scere,
861 815 947 867 sed
967 832 1313 886 recognoscere
1331 816 1627 872 videremur.
1662 819 1794 884 Quia
1812 822 2038 878 videlicet
2058 842 2118 880 ea:
2136 827 2246 894 illo,

680 904 769 973 qui
784 920 879 959 nos
904 905 965 959 ab
985 907 1175 975 origine
1194 908 1367 960 mundi
1394 909 1761 977 prazdestinavit
1784 911 1894 979 sibi,
1920 913 2137 969 charitas
2155 917 2249 970 ista

676 998 931 1064 manavit,
976 997 1029 1050 in
1070 1016 1165 1068 quo
1203 1001 1325 1071 facti
1350 1017 1519 1056 sumus
1544 1013 1811 1073 antequam
1836 1006 1968 1070 nati,
2000 1008 2117 1075 quia
2143 1009 2247 1075 ipse

21 1246 182 1432 ἐῢ
235 1311 520 1416 οθθεθῆ
600 1278 647 1379 II.
793 1270 810 1324 ι

646 1910 731 1968 "in
761 1914 888 1969 cuiu;

857 1365 1183 1432 praeveniente
1206 1366 1432 1419 notitiam
1459 1368 1700 1422 charitate
1728 1372 1938 1423 connexi
1962 1388 2155 1439 sumus,
2190 1385 2242 1427 ut

675 1430 1000 1559 ρξῆυἱιεπι
1028 1465 1140 1509 ante
1164 1460 1447 1527 corporales
1470 1471 1762 1532 conspectus
1786 1462 2033 1519 revelante
2062 1469 2241 1535 spiritu

670 1546 1003 1624 nﬁcﬁemus.
1029 1546 1353 1602 Gratulamur
1373 1552 1537 1621 itaque
1560 1563 1606 1606 et
1632 1554 1907 1624 gloriamur
1929 1558 1979 1610 in
2001 1557 2236 1623 Domino,

742 1639 754 1692 i
769 1639 914 1720 inus
947 1648 1094 1709 atque
1128 1641 1259 1695 idem
1296 1644 1473 1713 ubique
1502 1656 1746 1701 terrarum
1784 1660 2017 1720 operatur
2045 1653 2097 1705 in
2135 1654 2241 1709 suis

870 1746 981 1784 nem
1016 1747 1157 1785 suam
1207 1734 1407 1802 Spiritu
1446 1747 1645 1803 sancto,
1673 1754 1818 1810 quem
1856 1758 2005 1811 super
2044 1760 2237 1798 omnem

641 1822 865 1899 ﬂrnem
879 1822 1078 1891 effudit,
1095 1826 1316 1893 ﬂuminis
1333 1826 1519 1898 impetu
1533 1828 1792 1899 (letiﬁcans
1809 1834 2053 1887 civitatem
2070 1852 2232 1889 suam.

646 1910 731 1968 "In
761 1914 907 1985 cujus
935 1924 983 1969 te
1007 1914 1191 1970 civibus
1230 1919 1554 1989 principalem
1584 1938 1696 1974 cum
1727 1924 2031 1995 principibus
2064 1928 2233 1996 populi

660 2009 759 2076 sui,
783 2011 897 2064 sede
915 2013 1189 2081 apostolica
1210 2016 1383 2068 merito
1410 2017 1702 2071 collocavit:
1724 2036 1908 2091 nosque
1922 2023 2091 2086 etiam,
2113 2040 2234 2093 quos

660 2104 812 2157 erexit
831 2104 998 2171 elisos,
1019 2113 1064 2158 et
1089 2105 1151 2158 de
1181 2118 1312 2160 terra
1341 2109 1514 2179 inOpes
1530 2113 1801 2178 suscitavit,
1826 2114 1875 2165 in
1894 2126 2054 2168 vestra
2080 2116 2234 2169 voluit

657 2206 790 2251 sorte
827 2198 1099 2251 numerari.
1133 2197 1238 2252 Sed
1278 2202 1437 2271 magis
1474 2204 1787 2269 gratulamur
1828 2204 1879 2256 in
1928 2221 1984 2257 eo
2028 2204 2232 2261 Domini

660 2300 891 2353 munere,
930 2302 1026 2354 quo
1054 2303 1143 2340 nos
1172 2288 1222 2341 in
1250 2291 1462 2358 pectoris
1501 2290 1574 2343 tui
1608 2291 1910 2345 habitatione
1942 2296 2230 2362 constituit;

657 2390 849 2447 quoque
867 2378 937 2431 ita
962 2378 1224 2433 visceribus
1246 2382 1342 2434 tuis
1364 2382 1615 2436 insinuare
1636 2385 1868 2454 dignatus
1892 2396 1981 2451 est,
2004 2398 2057 2441 ut
2084 2406 2230 2457 pecu-

642 2467 831 2522 liarem
856 2470 996 2524 nobis
1020 2469 1273 2525 charitatis
1301 2481 1399 2525 tute
1425 2472 1661 2540 ﬁduciam
1689 2477 2010 2545 vindicemus,
2042 2480 2118 2533 his
2149 2485 2227 2553 of.

636 2560 782 2629 'ﬁciis
820 2571 968 2633 atque
1006 2564 1288 2617 muneribus
1320 2568 1592 2634 provocati,
1624 2577 1681 2621 ut
1722 2585 1810 2622 nos
1840 2569 2117 2641 diﬁidenter
2141 2582 2228 2626 aut

637 2651 825 2707 leviter
852 2661 898 2708 te
926 2670 1096 2708 amare
1124 2673 1221 2709 non
1251 2656 1413 2710 liceat.

718 2743 778 2799 2.
818 2745 1113 2817 Accepimus
1152 2748 1283 2801 enim
1309 2748 1503 2820 insigne
1536 2753 1841 2824 praecipuum
1868 2754 2146 2810 dilectionis
2178 2766 2226 2810 et

637 2828 1001 2892 sollicitudinis
1045 2848 1176 2905 tum,
1222 2857 1346 2911 opus
1390 2843 1549 2895 sancti
1585 2853 1633 2896 et
1676 2846 1877 2914 perfecti
1913 2848 1966 2899 in
2011 2847 2224 2902 Domino

650 2926 850 2984 Christo
870 2931 992 2993 viri,
1026 2933 1201 3002 fratris
1228 2934 1383 2986 nostri
1410 2935 1677 3007 Augustini
1706 2936 1841 2991 libris
1864 2941 2081 3009 quinque
2104 2958 2225 2995 con-

650 3022 835 3093 fectum
855 3066 869 3091 ,
897 3025 1030 3095 quod
1056 3026 1126 3078 ita
1152 3028 1392 3080 miramur
1420 3038 1567 3098 atque
1593 3030 1920 3099 suspicimus,
1954 3042 2004 3085 ut
2036 3033 2222 3088 dictata

646 3112 888 3168 divinitus
931 3116 1079 3169 verba
1126 3116 1404 3171 credamus.
1449 3116 1630 3189 Itaque
1674 3120 1859 3189 ﬁducia
1893 3124 2222 3194 suscipienda:

641 3204 789 3260 nobis
816 3206 1164 3260 unanimitatis
1185 3220 1303 3275 tutv,
1330 3218 1375 3261 et
1401 3209 1466 3261 ad
1486 3210 1649 3279 ipsum
1673 3211 1880 3265 scribere
1900 3214 2008 3265 ausi
2026 3231 2213 3282 sumus,

635 3295 769 3349 dum
806 3312 899 3350 nos
933 3296 1011 3350 illi
1048 3313 1135 3367 per
1167 3306 1241 3361 te,
1276 3307 1324 3351 et
1362 3300 1424 3351 de
1448 3299 1696 3367 imperitia
1724 3303 2051 3370 excusandas,
2078 3314 2124 3357 et
2152 3306 2219 3357 ad

633 3388 941 3442 ‘churitatem
965 3389 1387 3444 commendandos
1418 3392 1798 3461 praesumimus;
1827 3396 1954 3448 sicut
1983 3406 2028 3449 et
2054 3398 2216 3451 omni-

1922 246 1979 302 S.
2021 244 2384 303 AUGUSTIN!
2422 248 2719 309 EPlSCOPl

3829 278 3917 337 £00

2366 365 2554 421 indices
2596 370 2852 428 charitatis
2895 373 3117 444 ipsorum
3138 420 3152 445 ,
3199 389 3283 435 tuo
3329 399 3555 455 sermone
3592 394 3915 481 cognovimus,

2366 458 2597 481 n-.__!.,_u
2642 473 2673 481 -.
2714 464 2752 481 IT!
2837 466 2867 481 ι·
3157 474 3167 481 .
3452 478 3462 481 -

2360 458 2601 515 Comitem
2629 473 2674 516 et
2707 464 2955 520 Evodium
2995 474 3308 541 rogavimus,
3350 486 3403 535 ut
3441 478 3548 533 lucc
3586 458 3795 540 scribere
3829 458 3913 558 ip;

2358 564 2606 619 curarent,
2633 568 2693 608 ne
2713 557 2788 610 vel
2807 562 3001 626 parenti
3024 560 3299 618 Donmioni
3322 568 3509 623 diutius
3534 570 3691 626 codex
3707 589 3820 630 suus
3838 557 3911 635 ds-

2356 644 2503 711 foret,
2536 653 2581 697 et
2609 645 2695 698 tibi
2721 650 3045 713 transmissus
3072 653 3179 707 sine
3198 657 3485 713 necessitate
3512 661 3798 721 redhibendi
3818 684 3916 729 ma-

2352 743 2512 788 neret.

2424 826 2480 883 4.
2521 827 2823 898 Specialiter
2844 842 3012 887 autem
3037 836 3132 891 hoc
3157 854 3191 905 a
3219 846 3268 893 te
3293 849 3424 910 peto,
3456 845 3693 912 quoniam
3719 864 3796 904 me
3822 851 3909 906 im-

2352 926 2618 971 merentem
2649 930 2693 973 et
2720 921 3061 992 inopinantem
3087 943 3271 998 magno
3292 931 3367 983 tui
3384 948 3555 988 amore
3576 938 3845 1015 complesti,
3862 952 3910 996 ut

2352 1023 2443 1076 pro
2473 1009 2565 1062 hac
2599 1012 2808 1066 historia
2852 1006 3164 1084 temporum,
3199 1021 3388 1089 referas
3430 1025 3555 1079 mihi
3593 1006 3786 1095 omnem
3826 1006 3911 1087 tute

2352 1099 2647 1155 Sauctitatis
2675 1104 2967 1159 historiam:
2997 1116 3049 1160 ut
3075 1109 3240 1179 quod‘
3272 1129 3447 1182 genus,
3485 1116 3617 1175 unde
3642 1120 3714 1183 sis
3742 1114 3906 1197 domo,

2350 1198 2486 1244 tanto
2516 1203 2715 1247 vocatus
2740 1212 2772 1247 a
2806 1195 3022 1252 Domino
3046 1242 3060 1265 ,
3104 1203 3279 1270 quibus
3306 1206 3524 1261 exordiis
3555 1221 3833 1289 segregatus
3855 1195 3909 1277 ab

2350 1291 2490 1335 utero
2519 1285 2691 1338 matris
2722 1295 2840 1354 tute,
2870 1287 2937 1340 ad
2960 1300 3169 1345 matrem
3196 1294 3419 1361 ﬁliorum
3444 1294 3541 1351 Dei
3577 1285 3719 1368 prole
3744 1303 3907 1359 (tetan-

2348 1381 2465 1437 tem,
2496 1374 2727 1443 abjurata
2755 1378 2922 1432 carnis
2949 1390 2996 1433 et
3024 1384 3284 1452 sanguinis
3308 1386 3478 1455 stirpe,
3505 1390 3779 1461 transieris,
3799 1404 3843 1446 et
3861 1395 3909 1448 in

2344 1480 2497 1534 genus
2514 1467 2680 1535 regale
2700 1477 2743 1520 et
2761 1471 3068 1524 sacerdotale
3081 1474 3151 1525 sis
3172 1476 3463 1543 translatus,
3487 1480 3746 1538 edisseras.
3772 1482 3909 1550 Quod

2344 1555 2472 1607 enim
2502 1556 2766 1624 indicasti,
2785 1560 2898 1628 jam
2931 1561 2992 1612 de
3021 1563 3319 1619 humilitatis
3344 1578 3527 1623 nostra:
3552 1569 3753 1628 nomine
3780 1577 3907 1644 apud

2343 1644 2689 1700 Mediolanum
2719 1660 2764 1703 te
2786 1650 3037 1719 didicisse,
3068 1673 3180 1709 cum
3206 1658 3308 1720 illic
3334 1660 3621 1728 initiareris,
3650 1666 3811 1733 fateor
3826 1684 3907 1722 cu-

2340 1737 2521 1792 riosius
2550 1754 2630 1794 me
2656 1738 2782 1794 velle
2816 1743 3135 1812 condiscere,
3182 1758 3235 1801 ut
3270 1751 3406 1804 omni
3440 1763 3581 1821 parte
3601 1762 3649 1810 te
3670 1758 3900 1826 noverim,

2338 1844 2436 1898 quo
2470 1831 2631 1901 magis
2670 1835 2893 1903 gratuler
2916 1876 2930 1900 ,
2960 1837 3006 1891 si
3039 1855 3069 1901 a
3095 1841 3412 1910 suscipiendo
3435 1846 3556 1899 mihi
3580 1858 3720 1916 patre
3742 1860 3905 1904 nostra

2338 1921 2621 1991 Ambrosio,
2647 1926 2725 1979 vel
2749 1927 2818 1979 ad
2839 1928 2988 1996 ﬁdem
3012 1931 3247 1987 invitatus
3269 1950 3324 1989 es
3340 1920 3459 2001 ,vel
3484 1939 3555 1991 ad
3578 1942 3905 1996 sacerdotium

2337 2026 2652 2071 consecratus
2676 2060 2691 2087 ,
2730 2029 2785 2073 ut
2808 2027 3033 2076 eumdem
3056 2026 3210 2079 ambo
3236 2028 3493 2082 videamur
3519 2031 3699 2087 habere
3731 2044 3904 2089 aucto-

2334 2127 2459 2163 rem.
2490 2110 2628 2165 Nam
2652 2129 2742 2181 ego
2767 2118 2857 2168 etsi
2884 2132 2915 2167 a
2944 2115 3197 2187 Delphina
3226 2118 3527 2194 Burdegalse
3552 2124 3855 2196 baptizatus,
3877 2146 3908 2182 ο

2332 2201 2546 2273 Lampia
2575 2208 2711 2274 apud
2737 2206 3053 2263 Barcilonem
3077 2213 3129 2264 in
3153 2212 3425 2283 Hispania,
3457 2235 3545 2287 per
3572 2221 3670 2274 vim
3696 2223 3906 2291 inﬂam-

2333 2305 2482 2347 matae
2499 2294 2660 2349 subito
2678 2297 2853 2366 plebis,
2875 2311 3099 2354 sacratus
3114 2302 3206 2355 sim
3226 2319 3245 2367 ;
3266 2314 3431 2359 tamen
3451 2306 3697 2365 Ambrosii
3711 2326 3912 2379 semper

2333 2394 2377 2437 et
2405 2385 2670 2440 dilectione
2694 2389 2761 2441 ad
2786 2389 2937 2457 ﬁdem
2961 2392 3231 2446 innutritus
3258 2411 3398 2462 sum,
3425 2406 3472 2449 et
3498 2414 3632 2452 nunc
3648 2400 3705 2453 in
3730 2416 3903 2455 sacer-

2332 2476 2454 2530 dotii
2479 2478 2653 2533 ordine
2672 2484 2953 2550 confoveor.
2984 2481 3207 2551 Denique
3240 2501 3332 2538 suo
3358 2502 3440 2539 me
3476 2486 3611 2543 clero
3646 2489 3904 2546 vindicare

2330 2568 2515 2631 voluit,
2560 2579 2615 2622 ut
2654 2570 2743 2623 etsi
2780 2571 2987 2625 diversis
3036 2573 3158 2627 locis
3199 2574 3409 2646 degam,
3450 2578 3613 2647 ipsius
3650 2580 3903 2653 presbyter

2327 2676 2545 2714 censear.

2398 2754 2450 2807 5.
2494 2754 2599 2806 Sed
2637 2752 2700 2806 de
2724 2770 2801 2808 me
2829 2772 2889 2809 ne
2914 2757 3037 2825 quid
3068 2758 3297 2827 ignores,
3335 2762 3467 2815 scias
3501 2765 3895 2834 mitiquissimum

2328 2852 2667 2911 peccatorem,
2710 2861 2809 2898 non
2847 2846 2917 2897 ita
2954 2847 3074 2899 olim
3108 2847 3170 2900 de
3204 2850 3414 2904 tenebris
3442 2862 3489 2905 et
3529 2856 3702 2908 umbra
3727 2857 3895 2911 mortis

2325 2936 2558 2988 eductum
2580 2978 2594 3002 ,
2627 2937 2858 3006 spiritum
2889 2954 3026 2992 aura:
3060 2941 3225 2994 vitalis
3267 2941 3524 3011 hausisse,
3568 2962 3656 3001 nec
3680 2948 3753 3001 ita
3777 2948 3894 3003 olim

2327 3026 2551 3095 posuisse
2578 3028 2629 3080 in
2658 3038 2826 3081 aratro
2856 3045 3081 3096 manum,
3106 3040 3150 3084 et
3168 3047 3364 3085 crucem
3385 3032 3594 3089 Domini
3616 3040 3891 3106 sustulisse;

2324 3132 2471 3191 quam
2512 3128 2564 3171 ut
2604 3120 2655 3172 in
2694 3120 2843 3189 ﬁnem
2882 3122 3101 3191 perferre
3130 3124 3409 3189 valeamus,
3455 3129 3765 3186 orationibus
3796 3132 3892 3187 tuis

2324 3209 2642 3280 adjuvemur.
2688 3212 3095 3267 Accumulabitur
3131 3216 3235 3269 [nec
3261 3220 3447 3273 nteritis
3478 3222 3576 3275 tuis
3601 3239 3789 3278 merces
3808 3265 3822 3289 ,
3848 3226 3891 3279 si

2322 3302 2595 3356 interventu
2620 3312 2706 3357 tuo
2728 3320 2883 3359 onera
2910 3318 3080 3360 nostra
3102 3308 3407 3365 relevaveris.
3434 3312 3651 3369 Sanctus
3666 3318 3801 3371 enim
3818 3318 3891 3372 la-

2323 3392 2577 3447 borantem
2604 3395 2848 3466 adjuvans
2874 3395 3016 3468 (quia
3046 3398 3258 3455 fratrem
3288 3417 3392 3456 nou
3418 3405 3672 3461 audemus
3689 3406 3887 3479 dicere)

3907 1920 3930 1951 Ο

638 3478 741 3533 'Gus
764 3480 951 3534 sanctis
973 3521 986 3545 ,
1020 3496 1231 3544 quorum
1258 3498 1345 3535 nos
1381 3492 1423 3535 et
1453 3482 1730 3536 absentium
1766 3485 1935 3555 ofﬁciis
1974 3490 2218 3559 sospitare
2252 3502 2284 3547 ς
2320 3486 2624 3547 excitabitur
2665 3486 2793 3540 sicut
2839 3489 3012 3543 civitas
3060 3507 3259 3562 magna.
3306 3492 3373 3546 Et
3410 3505 3463 3549 tu
3509 3496 3707 3567 «idem
3740 3478 3888 3568 super

638 3572 883 3642 dignatus
906 3588 976 3638 es,
1009 3574 1119 3643 pari
1145 3574 1322 3644 procul
1351 3574 1500 3627 dubio
1529 3585 1790 3631 curaturus
1816 3577 2013 3645 affectu,
2048 3590 2102 3633 ut
2130 3598 2219 3652 per

654 3662 983 3717 Sanctitatem
1009 3674 1144 3718 tuam
1165 3706 1178 3730 ,
1213 3668 1393 3720 nostris
1418 3667 1625 3719 invicem
1650 3668 1928 3723 salutentur
1952 3673 2212 3740 obsequiis,

648 3765 697 3808 et
716 3756 777 3811 in
799 3754 936 3809 clero
963 3756 1257 3811 Sanctitatis
1283 3769 1379 3811 tute
1404 3759 1627 3826 comites,
1654 3768 1700 3812 et
1730 3762 1782 3814 in
1812 3766 2122 3817 monasteriis
2147 3767 2215 3833 ﬁ-

636 3847 730 3901 dei
756 3864 816 3900 ac
840 3849 1033 3902 virtutis
1062 3858 1162 3903 tua!
1186 3851 1521 3904 ammlatores.
1564 3850 1703 3903 Nam
1742 3852 1830 3905 etsi
1854 3853 1904 3905 in
1931 3855 2131 3924 populis
2158 3874 2216 3909 ac

644 3955 798 4011 super
824 3941 1067 4010 papulum
1096 3958 1216 4012 agas
1238 3983 1250 4005 ,
1284 3958 1396 3995 oves
1420 3958 1623 4011 pascuo:
1649 3941 1855 3996 Domini
1879 3961 2052 4014 regens
2077 3947 2218 4000 solli-

644 4031 758 4084 citis
780 4032 901 4102 vigil
919 4042 1091 4103 pastor
1119 4031 1337 4086 excubiis
1362 4047 1379 4085 :
1406 4041 1569 4086 tamen
1597 4032 1906 4088 abdicatione
1925 4037 2096 4089 δίει-ιιιὶ
2114 4079 2128 4103 ,
2170 4046 2217 4090 et

640 4122 853 4193 repulsa
883 4124 1049 4178 carnis
1087 4140 1147 4176 ac
1186 4125 1474 4195 sanguinis,
1505 4126 1751 4180 desertum
1780 4127 1867 4181 tibi
1896 4129 2007 4198 ipse
2034 4129 2213 4200 fecisti,

637 4224 861 4268 secretus
882 4232 915 4267 α
938 4217 1125 4279 multis,
1156 4227 1356 4271 vocatus
1382 4218 1435 4270 in
1460 4208 1653 4288 paucis.

712 4306 769 4361 ὖ.
813 4305 951 4359 Sane
977 4309 1162 4360 vicario
1191 4310 1503 4378 aliquatenus
1531 4328 1762 4375 munere,
1802 4313 1911 4364 licet
1940 4328 2025 4380 per
2049 4315 2214 4367 omnia

640 4395 736 4449 tibi
753 4395 939 4464 impar,
964 4406 1022 4449 ut
1040 4397 1288 4467 iusseras,
1314 4399 1511 4468 providi
1531 4400 1671 4452 illam
1697 4400 1898 4453 Eusebii
1926 4404 2215 4458 venerabilis

636 4486 865 4554 episcopi
891 4483 1429 4556 ConstantinOpolitani
1449 4489 1512 4542 de
1530 4491 1716 4543 cunctis
1742 4494 2040 4561 temporibus
2062 4493 2215 4548 histo-

646 4577 793 4630 riam.
818 4575 923 4631 Sed
940 4578 993 4631 in
1013 4577 1105 4631 hoc
1122 4579 1219 4648 fuit
1241 4579 1614 4649 obtemperandi
1636 4598 1799 4649 mora,
1820 4587 1955 4653 quod
1970 4586 2213 4641 instructu

649 4679 756 4735 tuo,
782 4668 901 4737 quia
924 4668 1029 4740 ipse
1055 4686 1156 4725 non
1182 4670 1412 4725 habaem
1432 4670 1567 4725 hunc
1593 4671 1832 4741 codicem,
1856 4674 2031 4731 Roma:
2053 4681 2214 4749 reperi

642 4758 785 4829 apud
806 4769 1065 4829 parentem
1082 4770 1311 4814 nostrum
1332 4776 1445 4815 vere
1467 4764 1834 4818 sanctissimum
1857 4765 2208 4836 Domnionem,

646 4861 730 4919 qut
761 4852 934 4919 procul
958 4851 1105 4906 dubio
1122 4853 1407 4925 promptius
1434 4854 1557 4908 mihi
1576 4858 1743 4927 paruit
1770 4857 1821 4911 in
1838 4857 1933 4913 hoc
1956 4860 2208 4929 beneﬁcio,

634 4940 779 5015 quod
820 4940 908 4996 tibi
952 4942 1275 5012 deferendum
1309 4945 1526 5005 indicaui
1548 4948 1594 5001 ηί.
1636 4946 1984 5005 Verumtamen
2021 4953 2138 5020 quia
2166 4962 2213 5006 et

645 5032 755 5086 loca
779 5040 867 5086 tua
894 5034 1015 5087 mihi
1040 5035 1323 5105 signiﬁcare
1362 5038 1595 5108 dignatus
1620 5056 1673 5093 es
1693 5082 1705 5103 ,
1739 5051 1794 5094 ut
1820 5042 1927 5111 ipse
1955 5046 2206 5112 monuisti,

636 5125 710 5180 ad
724 5123 1055 5179 venerabilem
1072 5128 1260 5181 socium
1280 5145 1478 5184 cororue
1498 5140 1619 5195 tuae,
1649 5142 1839 5201 patrem
1859 5146 2080 5188 nostrum
2104 5136 2209 5189 Au-

642 5216 823 5272 relium
845 5218 1244 5289 itascripsimus,
1268 5231 1321 5274 ut
1348 5222 1391 5276 si
1416 5240 1546 5276 nunc
1570 5222 1967 5297 Hippone-regio
1988 5229 2204 5298 degeres,

636 5307 731 5363 illo
754 5309 840 5362 tibi
856 5309 1043 5363 litteras
1064 5320 1281 5377 nostras,
1312 5322 1355 5365 et
1377 5314 1725 5383 transcriptam
1744 5315 2044 5387 Carthagine
2064 5334 2210 5372 mem-

638 5398 850 5457 branam
872 5402 1396 5474 mittereslignaretur.
1429 5404 1576 5469 Quod
1605 5416 1651 5459 et
1680 5417 1876 5461 sanctos
1902 5410 2053 5477 viros,
2084 5426 2207 5479 quos

698 5594 1025 5678 ξ’
1150 5598 1463 5678 deferendum
1474 5601 1851 5678 judicavst._Mss.
1873 5605 1970 5678 ᾀμο
1990 5602 2203 5678 “judi-

635 5654 757 5708 συί.
782 5663 837 5706 Al
857 5654 937 5708 'slii
963 5660 1059 5711 duo
1078 5674 1126 5713 ν.
1149 5654 1259 5713 cuin
1281 5654 1513 5714 tredecim
1536 5678 1565 5714 e
1588 5654 2034 5727 nostris,indiciwi.

2321 3584 2535 3633 montem
2560 3576 2732 3631 civitas
2760 3580 3011 3646 aediﬁcata
3036 3596 3103 3645 es,
3145 3584 3218 3635 vel
3244 3600 3450 3639 accensa
3475 3603 3626 3656 super
3648 3588 3885 3643 candela-

2319 3664 2461 3720 brum
2503 3667 2704 3725 lucerna
2732 3669 2783 3723 in
2811 3670 3091 3739 septiformi
3124 3673 3351 3727 claritate
3376 3676 3629 3741 colhtces;
3662 3695 3765 3734 nos
3800 3679 3884 3733 sub

2322 3760 2490 3812 modio
2534 3770 2847 3829 peccatorum
2894 3762 3225 3817 delitescimus
3250 3782 3267 3819 :
3292 3768 3434 3821 visita
3472 3770 3650 3825 litteris
3685 3774 3817 3839 tuis,
3839 3784 3884 3826 et

2320 3851 2489 3920 profer
2511 3851 2563 3904 in
2586 3851 2745 3905 lucem
2766 3854 2815 3905 in
2842 3870 2938 3921 qua
2960 3855 3065 3923 ipse
3090 3858 3318 3923 versaris,
3345 3876 3497 3929 super
3524 3878 3675 3915 aurea
3698 3865 3882 3918 scande.

2320 3942 2460 3996 labra
2476 3944 2789 4013 conspicuus.
2810 3943 3025 4015 Eloquia
3039 3957 3122 4001 tua
3134 3948 3300 4002 lumen
3322 3951 3507 4004 semitis
3522 3954 3879 4018 nostrissuust,

2318 4044 2361 4086 et
2388 4032 2495 4088 oleo
2517 4034 2731 4088 lucerme
2750 4047 2849 4088 tua;
2868 4036 3260 4107 impinguabitur
3276 4050 3425 4111 caput
3446 4053 3689 4103 nostrum.
3716 4046 3783 4101 Et
3802 4062 3882 4100 ac-

2319 4125 2551 4178 cendetur
2576 4125 2730 4194 ﬁdes,
2767 4141 2880 4181 cum
2910 4129 3090 4199 spiritu
3116 4132 3217 4187 oris
3240 4133 3317 4187 tui
3343 4134 3507 4190 cibum
3529 4138 3707 4195 mustis
3732 4149 3782 4195 st
3802 4139 3881 4194 iu-

2318 4232 2425 4269 men
2451 4218 2632 4271 anima:
2656 4220 3032 4286 sumpserimus.

2388 4306 2439 4360 ϐ.
2482 4306 2599 4361 Pax
2624 4318 2670 4361 et
2695 4311 2858 4378 gratia
2886 4310 2980 4363 Dei
3014 4322 3178 4368 tecum
3204 4356 3218 4380 ,
3255 4326 3309 4369 et
3342 4332 3528 4375 corona
3554 4321 3772 4390 iustitia:
3797 4323 3877 4378 tibi

2318 4407 2513 4451 maneat
2540 4399 2592 4451 in
2616 4400 2697 4455 die
2719 4400 2829 4465 illo,
2863 4401 3063 4461 domine
3088 4415 3246 4473 pater,
3283 4408 3455 4463 marito
3484 4409 3803 4475 dilectissime
3834 4423 3878 4468 st

2318 4490 2607 4545 venerabilis
2634 4500 2681 4544 et
2714 4493 3099 4561 exoptatissime.
3130 4494 3427 4554 Benedictos
3458 4500 3754 4560 δαηοώαὼ
3784 4515 3878 4569 tu;

2317 4580 2515 4635 comites
2540 4589 2585 4635 et
2610 4581 2945 4650 aemulatores,
2970 4586 3024 4645 iu
3050 4585 3267 4642 Domino
3290 4590 3489 4660 fratres,
3510 4594 3559 4655 ai
3584 4594 3873 4666 dignantur,

2318 4680 2530 4736 nostros,
2553 4680 2654 4727 tam
2674 4672 2957 4731 inecclesiis
2973 4693 3121 4747 quam
3141 4679 3191 4731 in
3214 4683 3540 4752 monasteriis,
3554 4684 3872 4759 Carthagini,

2320 4761 2601 4834 Thagastte,
2630 4762 3031 4836 Hippone-regio
3057 4810 3071 4834 ,
3110 4780 3154 4824 et
3181 4771 3294 4825 totis
3316 4774 3570 4842 parochiis
3602 4779 3707 4837 suis
3738 4787 3875 4847 atque

2317 4857 2543 4911 omnibus
2571 4857 2780 4928 cognitis
2806 4859 2894 4913 tibi
2914 4876 3010 4933 per
3037 4861 3258 4930 Africam
3285 4865 3435 4933 locis,
3456 4867 3681 4931 Domino
3702 4872 3872 4935 catha-

2317 4947 2409 5002 lice
2430 4950 2694 5009 servientes
2715 4991 2732 5019 ,
2772 4952 2927 5011 multo
2946 4951 3135 5020 affectu
3159 4964 3207 5015 et
3234 4956 3465 5028 obsequio
3489 4963 3701 5025 subituri
3720 4979 3875 5034 roga-

2314 5055 2441 5093 mus.
2477 5038 2534 5092 Si
2562 5040 2723 5107 ipsam
2749 5041 3084 5099 membranam
3114 5048 3274 5105 sancti
3292 5045 3872 5126 Domitianis

2315 5132 2663 5201 transcriptum
2702 5132 2843 5189 nobis
2885 5136 3132 5193 remittere
3173 5139 3474 5211 dignaberis.
3518 5142 3587 5200 Et
3754 5160 3874 5217 r090

2310 5224 2499 5277 scribas
2545 5224 2663 5277 mihi
2706 5241 2851 5293 quem
2889 5227 3128 5297 hymnum
3166 5249 3326 5289 meum
3347 5239 3651 5306 cognoveris.
3679 5240 3874 5300 Panem

2312 5330 2466 5369 unum
2512 5315 2781 5375 Sanctitati
2826 5326 2925 5371 tute
2968 5320 3172 5375 unitatis
3217 5325 3380 5392 gratia
3423 5326 3675 5397 misimus,
3704 5332 3874 5399 itaque

2311 5406 2460 5459 etiam
2490 5406 2746 5461 Trinitatis
2771 5407 2999 5471 soliditas
3027 5412 3323 5473 continetur.
3354 5414 3507 5479 Hunc
3530 5434 3713 5489 rm
3740 5421 3896 5480 ω..

2312 5496 2447 5567 giam
2471 5513 2573 5552 esse
2602 5507 2653 5552 tu
2679 5498 2830 5571 facies
2855 5499 3143 5569 dignatione
3158 5504 3410 5563 sumendi.
3720 5534 3721 5537 η

2375 5676 2389 5707 ¹
2417 5675 2488 5726 sic
2510 5688 2681 5728 omnes
2702 5675 2812 5727 Edd.
2840 5682 2888 5727 In
2912 5683 2980 5742 5.,
3000 5679 3097 5745 qui.
3158 5681 3216 5734 Μ.
