4054 6428
206 441 303 500 “3
1388 414 1860 478 EPISTOLABUM
1899 416 2174 477 CLASSIS
2208 421 2250 476 ι.

204 561 430 621 ofﬁcioso
447 559 627 629 aliquo
647 549 939 615 mendacio,
962 547 1101 604 nulla
1127 546 1333 601 illorum
1360 543 1615 598 librorum
1638 552 1759 629 pars

205 655 351 716 ticula
375 648 697 715 remanebit,
724 660 841 717 quas
869 656 971 699 non
997 650 1054 695 ut
1078 638 1269 709 cuique
1296 633 1559 691 videbitur
1584 630 1666 686 vel
1695 628 1762 683 ad

205 762 369 806 mores
393 740 626 800 difﬁcilis
655 737 738 794 vel
762 734 828 792 ad
848 732 1003 789 fidem
1033 728 1358 787 incredibilis
1381 768 1398 792 ,
1426 723 1612 781 eadem
1642 736 1761 792 per-

201 835 539 897 niciosissima
568 829 752 900 regula
780 825 847 882 ad
883 821 1190 881 mentientis
1221 816 1453 875 auctoris
1479 812 1759 871 consilium

203 930 516 998 ofﬁciumque
536 921 815 979 referatur.

263 1022 312 1077 ι.
342 1018 394 1074 Si
421 1016 565 1073 enim
594 1009 946 1069 mentiebatur
970 1004 1243 1078 apostolus
1272 1000 1465 1057 Paulus
1488 1012 1608 1054 cum
1634 1010 1761 1065 apo-

204 1113 379 1171 stolum
407 1108 628 1164 Petrum
657 1103 937 1172 objurgans
963 1098 1185 1163 diceret,
1218 1093 1279 1151 Si
1324 1102 1379 1149 tu
1426 1106 1540 1146 cum
1562 1090 1630 1144 sis
1657 1085 1757 1140 Ju-

202 1209 342 1271 ωε,
390 1200 647 1276 gentiliter
681 1207 726 1253 et
763 1212 865 1251 non
901 1192 1109 1267 judaice
1150 1190 1294 1255 vivis,
1341 1180 1758 1257 quemadmodum

202 1310 350 1374 gentes
376 1275 510 1367 cogis
539 1290 850 1365 judaizare.’
872 1297 927 1343 et
960 1294 1107 1343 recte
1144 1283 1219 1338 illi
1261 1279 1539 1374 videbatur
1569 1275 1758 1374 Petrus

200 1368 389 1453 fecisse.
417 1403 576 1461 quem
610 1400 715 1442 non
743 1392 887 1439 recte
914 1379 1101 1437 fecisse
1128 1387 1179 1432 et
1205 1374 1337 1430 dixit
1363 1382 1417 1429 et
1440 1368 1668 1461 scripsit,
1689 1374 1759 1461 Aut

201 1485 334 1556 quasi
353 1457 550 1537 animos
578 1473 1005 1533 tumultuantium
1033 1467 1277 1525 definiret
1292 1463 1431 1538 (Gal.
1460 1477 1518 1529 ιι,
1540 1457 1751 1556 lli-l4);

202 1551 316 1647 quid
350 1569 800 1643 respondebimus,
827 1579 947 1621 cum
980 1551 1632 1626 exsurrexeriutperversi
1663 1552 1758 1605 ho-

200 1646 371 1730 mines,
393 1662 731 1733 prohibentes
750 1657 981 1727 nuptias,
1006 1666 1139 1724 quos
1160 1650 1361 1704 futuros
1382 1646 1495 1715 ipse
1514 1657 1775 1714 prmum--

200 1758 330 1817 tiavit
351 1757 396 1830 (ι
414 1756 546 1811 Tim.
573 1770 646 1820 tv,
671 1754 751 1823 3),
776 1760 831 1807 et
854 1748 1080 1805 dixerint
1103 1754 1269 1800 totum
1291 1740 1438 1804 illud,
1458 1737 1600 1830 quod
1617 1734 1755 1790 idem

198 1851 444 1925 apostolus
484 1848 551 1904 de
591 1843 1048 1903 matrimoniorum
1084 1838 1204 1909 jure
1243 1831 1505 1889 ﬁrmando
1551 1829 1757 1925 locutus

198 1919 271 2002 est
305 1941 356 2014 (ι
382 1940 496 1996 Cor.
542 1956 639 2002 vn,
690 1934 880 2007 10-16)
909 1974 923 1999 ,
955 1940 1173 2003 prepter
1204 1925 1447 1983 homines
1486 1922 1575 1992 qui
1603 1919 1756 2014 dile-

196 2011 351 2093 ctione
369 2033 654 2103 conjugum
677 2024 980 2083 tumultuari
997 2024 1260 2092 poterant,
1276 2015 1439 2071 fuisse
1456 2011 1753 2075 mentitum;

197 2128 375 2186 scilicet
403 2141 504 2182 non
530 2122 679 2196 quod
706 2122 808 2177 hoc
834 2117 1082 2180 senserit,
1114 2112 1207 2169 sed
1238 2121 1295 2166 ut
1330 2108 1542 2164 illorum
1571 2105 1756 2196 placa-

197 2231 325 2277 retur
344 2194 675 2274 adversitas?
702 2212 818 2269 Non
846 2224 981 2281 opus
1005 2215 1087 2264 est
1121 2204 1286 2261 multa
1314 2194 1751 2257 commemorare.

199 2313 401 2370 Possunt
423 2310 563 2365 enim
592 2306 762 2363 videri
789 2304 949 2360 etiam
992 2300 1060 2356 de
1106 2297 1349 2353 laudibus
1375 2292 1469 2348 Dei
1497 2305 1614 2347 esse
1640 2287 1757 2343 ofﬁ-

199 2406 323 2460 ciosa
359 2399 653 2463 mendacia,
687 2406 743 2453 ut
782 2394 921 2466 apud
963 2390 1206 2447 homines
1245 2386 1502 2457 pigriores
1543 2378 1757 2435 dilectio

202 2497 302 2567 ejus
324 2495 589 2558 ardescat;
626 2500 787 2561 atque
816 2490 886 2542 ita
913 2496 1168 2554 nusquam
1197 2487 1341 2535 certa
1375 2475 1479 2530 erit
1505 2472 1558 2527 in
1585 2468 1757 2567 Dibris

202 2561 371 2643 sanctis
404 2593 563 2640 castae
610 2580 849 2637 veritatis
874 2574 1181 2632 auctoritas.
1210 2568 1395 2624 Nonne
1437 2561 1758 2618 attendimus

200 2676 413 2734 eumdem
450 2672 761 2745 apostolum
786 2684 907 2725 cum
937 2663 1136 2737 ingenti
1171 2675 1297 2718 cura
1322 2650 1756 2715 commendandze

200 2770 406 2825 veritatis
427 2767 643 2823 dicere:
674 2762 735 2819 Si
754 2771 919 2817 autem
955 2757 1184 2814 Christus
1204 2769 1305 2808 non
1331 2747 1621 2808 resurrexit,
1652 2745 1759 2798 ina-

201 2862 337 2916 κώεα
350 2859 643 2932 prcdicatio
663 2863 854 2920 nostra,
879 2851 1042 2907 inanis
1057 2858 1127 2904 est
1148 2856 1195 2901 et
1214 2843 1339 2916 ﬁdes
1354 2851 1517 2897 vestra
1528 2856 1547 2894 :
1561 2836 1754 2932 inveni-

197 2969 295 3006 mur
302 2929 509 3005 autemet
523 2948 655 3021 falsi
671 2956 814 3001 testes
824 2943 942 3008 Dei;
959 2942 1075 3014 quia
1090 2936 1424 2995 testimonium
1436 2932 1654 2987 diximus
1665 2929 1759 2984 ad-

195 3058 340 3099 versus
352 3041 526 3108 Deum,
556 3039 694 3111 quod
714 3035 962 3093 suscitavit
983 3032 1253 3093 Christum,
1273 3043 1419 3099 quem
1434 3040 1535 3079 non
1548 3022 1758 3077 suscita-

192 3137 247 3191 rit
263 3135 358 3205 (Id.
374 3151 463 3200 xv,
481 3135 568 3191 l4
580 3132 701 3203 l5)?
718 3131 771 3187 Si
787 3131 905 3202 quis
922 3128 1043 3183 huic
1057 3126 1256 3181 diceret
1269 3119 1425 3189 :Quid
1439 3118 1491 3173 in
1502 3117 1606 3171 hoc
1616 3130 1757 3171 men-

193 3225 324 3282 dacio
347 3223 739 3296 perhorrescis,
767 3236 888 3278 cum
914 3219 967 3275 id
993 3218 1210 3285 dixeris,
1243 3216 1383 3286 quod
1406 3218 1565 3272 etiam
1588 3215 1631 3271 si
1654 3212 1755 3269 fal-

195 3335 297 3377 sum
318 3320 401 3385 sit,
424 3319 491 3376 ad
534 3317 744 3373 laudem
774 3316 866 3371 Dei
893 3314 1122 3371 maxime
1147 3310 1411 3384 pertinet?
1437 3309 1624 3364 Nonne
1653 3307 1754 3362 hu-

196 3411 268 3483 ius
288 3412 582 3469 detestatus
610 3409 889 3472 insaniam,
906 3407 1099 3479 quibus
1116 3414 1293 3477 posset
1319 3403 1494 3460 verbis
1514 3410 1569 3457 et
1595 3401 1757 3472 signi-

196 3505 528 3573 ﬁcationibus,
559 3504 611 3560 in
640 3504 812 3558 lucem
842 3500 1131 3573 penetralia
1171 3498 1253 3553 sui
1299 3495 1475 3553 cordis
1502 3494 1751 3566 aperiret,

198 3598 405 3654 clamans
423 3612 541 3652 non
562 3594 766 3650 minore
793 3601 885 3649 aut
909 3591 1132 3647 fortasse
1157 3590 1317 3646 etiam
1339 3586 1539 3657 majore
1554 3586 1756 3642 scelere

198 3687 243 3743 in
262 3688 357 3744 Deo
384 3684 595 3743 laudari
618 3683 922 3749 falsitatem,
953 3697 1110 3753 quam
1133 3678 1416 3750 vituperari
1443 3677 1756 3734 veritatem?

198 3780 443 3851 Agendum
466 3788 558 3837 est
588 3777 745 3851 igitur
763 3784 824 3832 ut
840 3774 906 3831 ad
926 3774 1277 3846 cognitionem
1300 3770 1596 3826 divinarum
1615 3767 1757 3824 Scri-

198 3880 441 3941 pturarum
463 3869 589 3927 talis
615 3869 776 3924 homo
794 3866 1029 3934 accedat,
1045 3865 1133 3936 qui
1157 3864 1226 3920 de
1250 3862 1445 3918 sanctis
1461 3860 1632 3916 Libris
1648 3867 1755 3915 tam

198 3973 358 4020 sancte
382 3973 435 4020 et
460 3962 729 4019 veraciter
760 3961 1047 4026 existimet,
1079 3966 1137 4013 ut
1178 3958 1311 4012 nolit
1352 3956 1524 4026 aliqua
1570 3969 1756 4009 eorum

198 4064 330 4127 parte
351 4057 604 4114 delectari
643 4070 741 4125 per
766 4052 1005 4109 ofﬁciosa
1044 4049 1340 4117 mendacia,
1375 4049 1653 4119 potiusque
1681 4046 1754 4111 id,

200 4146 322 4216 quod
342 4162 440 4203 non
490 4146 758 4216 intelligit,
789 4152 1049 4209 transeat,
1083 4156 1239 4212 quam
1269 4155 1363 4194 cor
1386 4154 1537 4193 suum
1568 4136 1759 4207 praefe-

202 4248 271 4293 rat
302 4239 371 4295 illi
403 4238 636 4295 veritati.
676 4236 920 4292 Profecto
960 4234 1101 4289 enim
1145 4247 1266 4287 cum
1314 4230 1417 4284 hoc
1440 4228 1585 4295 dicit,
1613 4226 1757 4285 credi

202 4328 288 4385 sibi
327 4332 548 4403 expetit,
576 4338 631 4386 et
670 4328 723 4384 id
768 4328 896 4398 agit,
928 4335 985 4381 ut
1027 4324 1322 4381 divinarum
1366 4320 1757 4391 Scripturarum

202 4423 580 4479 auctoritatibus
607 4435 710 4476 non
737 4418 1035 4476 credamus.

263 4515 311 4570 5.
338 4515 399 4570 Et
440 4528 543 4585 ego
600 4511 813 4583 quidem
854 4510 1324 4581 qualibuscumque
1369 4504 1588 4571 viribus,
1627 4517 1759 4572 quas

206 4604 436 4661 Dominus
462 4603 716 4676 suggerit,
743 4603 917 4658 omnia
940 4602 1025 4656 illa
1048 4600 1369 4665 testimonia,
1392 4612 1510 4669 quae
1525 4596 1760 4653 adhibita

205 4708 315 4752 sunt
337 4696 635 4754 astruenda:
666 4695 875 4751 utilitati
905 4694 1185 4759 mendacii,
1219 4693 1373 4748 aliter
1402 4701 1647 4763 oportere
1676 4690 1759 4745 ina

206 4787 351 4860 telligi
391 4788 747 4852 ostenderem,
792 4795 849 4841 ut
908 4785 1102 4855 ubique
1142 4800 1327 4839 eorum
1368 4784 1518 4837 ﬁrma
1566 4782 1758 4837 veritas

207 4878 480 4937 doceretur.
509 4880 679 4948 Quam
707 4879 849 4934 enim
878 4877 1178 4933 testimonia
1209 4875 1479 4930 mendacia
1510 4888 1628 4929 esse
1655 4890 1759 4929 non

208 4968 399 5036 debeat,
418 4982 523 5028 tam
545 4987 650 5028 non
676 4972 871 5027 debent
888 4971 1064 5026 favere
1090 4969 1386 5025 mendacio.
1412 4966 1515 5023 Sed
1545 4966 1648 5023 hoc
1677 4972 1759 5026 in-

208 5062 486 5136 telligentia:
520 5066 763 5135 relinquo
792 5074 913 5119 tum.
942 5063 1168 5119 Admota
1215 5062 1357 5116 enim
1402 5061 1613 5116 lectioni
1640 5061 1762 5116 dili-

210 5158 410 5225 gentiori
434 5156 881 5220 consideratione,
912 5156 1080 5211 multo
1110 5153 1161 5209 id
1192 5152 1416 5208 fortasse
1445 5152 1653 5207 facilius
1682 5153 1761 5208 vi-

208 5245 341 5303 debis
390 5266 544 5323 quam
593 5266 713 5321 ego.
756 5247 837 5305 Ad
880 5246 1017 5303 hanc
1057 5257 1232 5302 autem
1282 5245 1759 5302 considerationem

210 5350 347 5410 coget
380 5350 426 5399 te
468 5344 663 5415 pietas,
687 5356 790 5413 qua
810 5341 1087 5411 cognoscis
1116 5338 1368 5393 ﬂuctuare
1392 5339 1759 5393 auctoritatem

210 5426 577 5501 Scripturarum
618 5431 937 5497 divinarum,
964 5439 1022 5485 ut
1049 5430 1102 5485 in
1131 5429 1209 5484 eis
1235 5427 1375 5500 quod
1398 5428 1511 5483 vult
1538 5429 1761 5499 quisque

211 5524 395 5593 credat,
416 5527 557 5600 quod
582 5542 686 5583 non
708 5526 823 5581 vult
843 5540 946 5581 non
972 5524 1171 5591 credat,
1203 5524 1246 5578 si
1272 5524 1437 5579 semel
1462 5523 1616 5579 fuerit
1638 5538 1759 5595 per-

217 5626 405 5673 suasum
430 5620 605 5691 aliqua
638 5618 759 5674 illos
780 5617 944 5686 viros,
974 5631 1069 5687 per
1092 5630 1226 5687 quos
1264 5615 1417 5671 uobis
1449 5614 1565 5669 haec
1608 5614 1761 5668 mini-

218 5710 366 5760 um:
390 5717 527 5777 sunt,
556 5710 610 5766 in
636 5709 912 5781 scripturis
939 5709 1051 5764 suis
1086 5707 1320 5763 ofﬁciose
1347 5705 1580 5777 potuisse
1609 5722 1759 5760 men-

218 5792 312 5850 liti.
337 5794 439 5856 Nisi
475 5800 613 5857 forte
657 5799 867 5871 regulas
909 5797 1161 5870 quasdam
1209 5798 1427 5853 daturus
1468 5813 1547 5863 es,
1574 5798 1764 5869 quibus

225 5890 499 5952 noverimus
537 5892 627 5951 ubi
659 5901 903 5966 Oporteat
943 5892 1173 5957 nteutiri,
1212 5891 1301 5948 ubi
1348 5906 1451 5952 non
1501 5901 1758 5963 oporteat.

3148 316 3207 351 ἐξ
3237 334 3259 346 .ι

3346 416 3447 473 ιιι

1865 533 2017 603 Quod
2036 538 2082 592 si
2104 536 2217 591 ﬁeri
2240 546 2429 608 potest,
2454 539 2598 595 nullo
2617 539 2778 595 modo
2799 539 3143 597 mendacibus
3164 539 3443 613 dubiisque

1862 627 2157 684 rationibus
2199 629 2252 685 id
2289 631 2541 701 explices,
2569 647 2785 702 quaeso;
2813 644 2913 687 nec
2941 648 3025 687 me
3048 647 3335 689 onerosum
3353 644 3446 690 aut

1862 718 2225 788 impudentem
2265 720 2491 790 judices,
2521 736 2619 794 per
2643 722 3020 779 humanitatem
3048 722 3443 779 veracissimam

1864 809 2074 865 Domini
2104 812 2291 867 nostri.
2318 810 2471 879 Nam,
2502 821 2563 867 ut
2602 828 2707 869 non
2756 812 2930 869 dicam
2974 813 3137 879 nulla,
3164 823 3312 870 certe
3336 828 3441 870 non

1864 918 2056 974 magna
2085 904 2242 976 culpa
2268 920 2417 960 meus
2438 919 2590 961 error
2607 905 2817 962 veritati
2841 905 3002 975 favet,
3032 906 3079 963 si
3121 915 3268 965 recte
3308 906 3363 965 in
3390 914 3444 962 te

1863 1003 2041 1066 potest
2065 996 2259 1053 veritas
2286 996 2466 1053 favere
2490 997 2787 1053 mendacio.

2496 1130 2721 1188 CAPUT
2746 1130 2833 1187 IV.

1932 1238 1984 1292 6.
2026 1237 2185 1293 Multa
2225 1238 2326 1294 alia
2377 1254 2497 1295 cum
2548 1240 2909 1295 sincerissimo
2950 1239 3111 1297 corde
3151 1250 3241 1297 tuo
3294 1243 3439 1314 loqui

1862 1343 2112 1399 cuperem
2132 1371 2147 1396 ,
2176 1339 2230 1385 et
2266 1330 2336 1385 de
2367 1331 2657 1386 christiano
2686 1331 2860 1387 studio
2893 1332 3154 1399 conferre;
3191 1333 3286 1388 sed
3317 1333 3439 1389 huic

1862 1419 2125 1476 desiderio
2150 1436 2270 1476 meo
2291 1422 2431 1476 nulla
2449 1421 2671 1491 epistola
2691 1423 2820 1477 satis
2835 1429 2936 1477 est.
2955 1421 3184 1478 Uberius
3209 1422 3442 1494 idipsum

1862 1527 2078 1583 possum
2118 1527 2214 1583 per
2259 1513 2494 1579 fratrem,
2524 1528 2681 1584 quem
2730 1514 3059 1569 miscendum
3096 1524 3150 1569 et
3191 1515 3440 1571 alendum

1862 1604 2104 1660 dulcibus
2124 1613 2282 1676 atque
2308 1606 2523 1661 utilibus
2550 1607 3085 1664 sermocinationibus
3109 1608 3213 1663 tuis
3228 1609 3437 1664 misisse

1860 1710 1949 1751 me
1990 1696 2212 1765 gaudeo.
2264 1697 2333 1753 Et
2383 1709 2576 1763 tamen,
2622 1708 2877 1768 quantum
2927 1698 3137 1765 vellem,
3182 1715 3281 1755 nec
3325 1700 3440 1771 ipse

1862 1786 2024 1862 (quod
2059 1804 2188 1859 pace
2234 1789 2347 1860 ejus
2392 1790 2655 1861 dixerim)
2684 1790 2902 1846 forsitan
2936 1792 3106 1862 capit;
3138 1808 3437 1864 quanquam

1861 1881 2028 1937 nihilo
2053 1898 2139 1937 me
2166 1882 2239 1937 illi
2267 1884 2605 1953 praetulerim.
2638 1884 2750 1955 Ego
2778 1884 2920 1939 enim
2949 1900 3036 1940 me
3060 1883 3231 1940 fateor
3257 1886 3438 1941 tuica-

1863 1974 2163 2044 paciorem;
2196 1974 2289 2029 sed
2330 1975 2498 2046 ipsum
2539 1974 2695 2030 video
2740 1974 2849 2030 ﬁeri
2882 1975 3197 2045 pleniorem,
3221 1992 3327 2048 quo
3353 1992 3442 2033 me

1862 2064 1977 2119 sine
2013 2063 2339 2119 dubitatione
2378 2065 2645 2120 antecellit
2678 2084 2693 2120 :
2723 2074 2778 2120 et.
2812 2075 3153 2136 posteaquam
3200 2066 3437 2133 redierit,

1863 2153 2003 2224 quod
2050 2154 2276 2209 Domino
2311 2154 2592 2225 adjuvante
2630 2165 2997 2225 prosperatum
3028 2157 3089 2211 iri
3116 2172 3293 2227 spero,
3316 2173 3443 2213 cum

1862 2245 1980 2315 ejus
2008 2246 2236 2315 pectoris
2260 2247 2355 2303 abs
2382 2255 2433 2302 te
2460 2247 2706 2303 cumulati
2733 2249 2994 2319 particeps
3018 2246 3190 2317 fuero,
3223 2264 3327 2304 non
3357 2259 3444 2307 est

1864 2337 2197 2407 impleturus,
2226 2337 2367 2408 quod
2396 2339 2448 2393 in
2478 2355 2562 2394 me
2586 2338 2759 2396 adhuc
2783 2355 3005 2395 vacuum
3030 2339 3131 2396 erit
3150 2350 3308 2411 atque
3330 2343 3443 2395 avi-

1863 2429 1987 2485 dum
2018 2444 2267 2485 sensuum
2295 2438 2523 2485 tuorum.
2566 2431 2641 2485 Ita
2678 2431 2769 2486 flet
2812 2439 2871 2486 ut
2908 2440 2962 2487 et
3000 2446 3097 2503 ego
3124 2432 3284 2487 etiam
3315 2441 3442 2488 tunc

1862 2521 2103 2591 egentior
2139 2522 2260 2587 sim,
2291 2522 2377 2578 ille
2409 2522 2692 2593 copiosior.
2721 2522 2859 2579 Sane
2888 2523 3025 2578 idem
3067 2522 3229 2578 frater
3267 2524 3443 2594 aliqua

1863 2614 2053 2683 scripta
2080 2624 2257 2669 nostra
2286 2613 2388 2671 fert
2413 2630 2623 2675 secum;
2646 2616 2836 2686 quibus
2863 2615 3096 2686 legendis
3116 2615 3159 2670 si
3180 2614 3443 2686 dignatio-

1863 2720 1984 2761 nem
2011 2706 2334 2772 adhibueris,
2366 2708 2526 2763 etiam
2559 2708 2820 2763 sinceram
2854 2718 3011 2779 atque
3039 2707 3324 2763 fraternam
3356 2723 3441 2764 se-

1862 2797 2141 2853 veritatem
2182 2797 2439 2853 adhibeas
2476 2813 2676 2867 quaeso.
2706 2798 2819 2853 Non
2847 2799 2989 2853 enim
3027 2799 3182 2853 aliter
3207 2799 3441 2869 intelligo

1862 2886 2002 2958 quod
2042 2888 2294 2959 scriptum
2324 2897 2425 2955 est,
2452 2886 2753 2943 Emendabit
2780 2904 2857 2943 me
2873 2890 3045 2960 justus
3074 2890 3127 2943 in
3155 2890 3440 2944 misericor-

1862 2979 1969 3046 dia,
1993 2988 2039 3034 et
2061 2988 2237 3050 arguet
2262 2995 2367 3045 me;
2398 2978 2563 3034 oleum
2592 2989 2761 3033 autem
2795 2980 3067 3050 peccatoris
3108 2996 3208 3034 non
3248 2980 3439 3051 impin-

1862 3080 1977 3141 guet
1996 3080 2146 3141 caput
2172 3088 2335 3126 meum
2360 3070 2528 3142 (Psal.
2556 3087 2677 3139 exn,
2709 3073 2788 3142 5);
2818 3072 2919 3127 nisi
2949 3072 3071 3144 quia
3101 3073 3268 3143 magis
3295 3082 3440 3128 amat

1861 3163 2168 3234 objurgator
2213 3180 2439 3229 sanans,
2486 3179 2644 3236 quam
2691 3164 2933 3222 adulator
2972 3182 3212 3239 unguens
3259 3179 3438 3241 caput.

1862 3255 1974 3326 Ego
1999 3264 2173 3311 autem
2195 3255 2504 3311 difficillime
2529 3258 2695 3313 bonus
2714 3257 2876 3327 judex
2898 3258 3016 3329 lego
3042 3260 3183 3330 quod
3207 3262 3441 3332 scripse-

1861 3350 1984 3413 rim,
2010 3348 2105 3405 sed
2131 3357 2223 3403 aut
2244 3348 2475 3405 timidior
2489 3358 2654 3416 recto,
2681 3359 2772 3405 aut
2789 3351 3050 3421 cupidior.
3075 3351 3243 3408 Video
3279 3354 3443 3409 etiam

1863 3441 2128 3498 interdum
2160 3442 2283 3497 vitia
2314 3457 2466 3507 mea;
2500 3442 2592 3497 sed
2623 3441 2737 3498 haec
2765 3444 2905 3499 malo
2932 3444 3117 3500 audire
3144 3460 3175 3500 a
3203 3446 3442 3501 meliori-

1861 3533 1991 3589 bus‘
2008 3575 2023 3596 ,
2049 3549 2117 3588 ne
2136 3549 2255 3588 cum
2281 3548 2366 3588 me
2390 3543 2534 3589 recte
2557 3533 2782 3590 fortasse
2809 3535 3224 3606 reprehendero,
3256 3551 3443 3594 rursus

1861 3623 1994 3679 mihi
2033 3625 2288 3691 blandiar,
2321 3635 2376 3681 et
2405 3626 2768 3683 meticulosam
2815 3630 2991 3698 potius
3026 3628 3157 3686 mihi
3182 3628 3361 3687 videar
3388 3631 3443 3689 in

1862 3731 1971 3784 me,
1992 3732 2148 3788 quam
2174 3717 2373 3787 justam
2398 3718 2581 3774 tulisse
2606 3721 2945 3776 sententiam.

2288 3853 2617 3910 EPISTOLA
2661 3855 2849 3911 XXIX.
2872 3861 2888 3881 ‘

1864 3968 2173 4040 Augustinus
2198 3970 2472 4040 presbyter,
2496 3969 2679 4040 Alypio
2698 3968 3031 4042 Tltagastensi
3048 3972 3303 4043 episcopo.
3328 3988 3448 4026 uar-

1936 4078 2054 4117 rans
2072 4062 2252 4131 quibus
2271 4060 2705 4115 adhortationibus
2725 4061 2989 4115 obtinuerit
3008 4064 3207 4116 demum
3228 4073 3280 4115 ut
3309 4063 3446 4133 Hip-

1937 4172 2177 4226 ponenses
2193 4155 2423 4208 catholici
2445 4154 2769 4207 abhorrerent
2809 4171 2841 4207 a
2880 4154 3151 4208 luxuriosis
3184 4156 3443 4223 conviviis,

1934 4262 2045 4311 qua
2072 4247 2124 4299 in
2151 4254 2437 4299 sanctorum
2462 4245 2704 4311 natafitiis
2729 4246 2869 4316 apud
2896 4244 3165 4315 Africanas
3190 4244 3446 4304 Ecclesiae

1935 4337 2183 4394 celebrare
2206 4355 2312 4393 mos
2334 4349 2460 4393 erat.

1866 4452 2102 4524 Epistola
2128 4453 2427 4526 Presbyteri
2474 4452 3189 4525 Hipponensium-regiorum
3217 4455 3281 4510 ad
3303 4456 3443 4513 Au-

1935 4560 2057 4599 rum
2076 4545 2381 4614 episcopum
2400 4543 2859 4613 Thagasteusium,
2878 4544 2944 4600 de
2959 4544 3046 4601 die
3062 4544 3262 4602 Natalis
3284 4546 3448 4604 Leon-

1934 4636 1992 4689 tii
2017 4632 2092 4707 (ὁ)
2123 4634 2387 4705 quondam
2414 4635 2645 4705 episcopi
2678 4634 3053 4705 Hipponensis.

1937 4749 1987 4802 l.
2024 4748 2095 4802 De
2116 4747 2327 4817 negotio
2349 4746 2555 4801 interim
2577 4746 2717 4817 quod
2743 4763 2849 4802 non
2869 4763 3057 4802 curare
3074 4763 3177 4804 non
3202 4765 3443 4821 possum,

1864 4840 1994 4895 nihil
2021 4849 2222 4897 certum
2250 4839 2480 4894 scribere
2512 4839 2674 4908 potui,
2705 4839 2924 4894 absente
2963 4839 3122 4895 fratre
3153 4841 3446 4911 Machario,

1864 4933 1951 5004 qui
1976 4932 2082 4987 cito
2107 4931 2296 4985 dicitur
2325 4931 2621 4997 rediturus;
2642 4932 2852 5001 etquod
2878 4932 2984 4986 Deo
3007 4932 3292 5000 adjuvante
3320 4953 3446 5007 per-

1865 5023 1947 5095 agi
1976 5021 2225 5093 potuerit,
2260 5030 2561 5092 peragetur.
2599 5022 2671 5075 De
2721 5030 2897 5076 nostra
2924 5032 3096 5077 autem
3127 5040 3226 5094 pro
3245 5026 3323 5081 eis
3340 5029 3449 5083 sol-

1866 5113 2162 5180 licitudine,
2191 5128 2491 5184 quanquam
2521 5112 2709 5167 fratres
2741 5113 2906 5165 nostri
2935 5114 3079 5168 cives
3107 5117 3195 5184 qui
3222 5116 3449 5173 aderant

1865 5222 2081 5263 securos
2107 5208 2266 5261 suos”
2284 5205 2459 5261 facere
2482 5215 2731 5277 possent;
2761 5215 2937 5262 tamen
2958 5207 3111 5279 digna
3140 5225 3226 5266 res
3250 5212 3447 5282 episto-

1931 5343 1948 5373 ι
1972 5347 2078 5390 Mss.
2103 5347 2325 5405 quatuor,
2348 5337 2628 5392 senioribus.
2654 5348 2801 5403 Unus,
2824 5341 3101 5405 majoribus.

1930 5406 1950 5435 ³
1972 5410 2108 5453 Forte
2132 5406 2230 5464 leg.
2255 5415 2448 5453 securos
2469 5415 2563 5453 vos.

1930 5465 1946 5483 ‘
1972 5466 2101 5514 Edita
2123 5478 2250 5514 nunc
2272 5466 2495 5527 primum,
2519 5473 2572 5515 et
2595 5472 2701 5527 post
2724 5465 2985 5515 editionem
3008 5466 3258 5527 recognlta
3279 5466 3337 5515 ad
3361 5479 3452 5516 an-

1864 5527 2183 5592 tiquissimum
2198 5525 2769 5592 exemplarbiblitithecte
2784 5534 2862 5576 PP.
2878 5525 3265 5577 Cistercien'sium
3277 5536 3321 5579 s.
3336 5534 3454 5580 Cru-

1864 5587 1936 5640 cis
1956 5590 2007 5638 in
2028 5587 2297 5638 Jerusalem
2318 5587 2367 5636 iu
2391 5589 2532 5637 Urbe.

1951 5652 2000 5713 a)
2026 5658 2166 5713 Porro
2188 5662 2297 5713 qua:
2319 5649 2439 5700 alias
2459 5649 2520 5700 9.9
2545 5657 2667 5710 erat,
2690 5661 2818 5697 nunc
2841 5648 2945 5697 167.
2967 5649 3149 5713 scripta
3170 5662 3249 5701 an.
3272 5650 3384 5703 395.

1953 5710 2002 5775 b)
2026 5710 2257 5761 laudatur
2278 5721 2320 5777 ξ,
2340 5712 2665 5777 __I.eon_tius__in
2697 5723 2925 5777 sermone
2960 5710 3019 5759 1⁸5
3037 5710 3102 5761 de
3124 5712 3304 5777 divers.
3330 5728 3373 5764 c.
3397 5714 3449 5777 2,

1867 5770 2138 5836 diciturque
2182 5773 2453 5823 condidisse
2484 5770 3045 5837 basilicam__appellatam
3091 5787 3153 5823 ex
3193 5776 3344 5837 ipsius
3364 5770 3452 5826 nol

1867 5837 2000 5900 mine
2034 5830 2335 5900 Leontiauam
2372 5850 2383 5883 :
2422 5847 2518 5897 qua
2554 5834 2601 5881 in
2645 5830 2839 5883 basilica
2871 5837 3163 5900 pronuntiati
3196 5830 3455 5890 sermones
3514 5854 3524 5872 ι

1868 5899 2048 5963 aliquot
2072 5896 2316 5960 augustiai
2340 5896 2679 5959 praenotantur.
