4054 6444
559 427 658 482 iiii

559 545 657 602 lari
685 544 970 616 rollottuio,
995 559 1101 614 quo
1118 559 1215 600 nos
1234 544 1458 598 invicem
1483 542 1842 607 consolamur,
1867 555 1895 593 a
1918 537 2142 592 Domino

561 640 798 712 prestita
829 647 943 702 est;
974 638 1023 692 in
1052 653 1159 708 quo
1183 637 1538 708 promerendo
1559 636 1782 696 multum
1813 649 1909 689 nos
1937 632 2143 702 adiutos

561 745 682 786 esse
707 730 977 786 laedimus
1005 730 1118 800 ipsa
1139 741 1314 786 vestra
1357 728 1734 793 sollicitudine,
1761 741 1882 798 quas
1905 725 2144 797 proiecto

523 878 531 888 ,
559 822 676 878 sine
687 823 1077 893 'ilepreoatioae
1100 837 1200 894 pro
1223 822 1376 877 nobis
1401 835 1521 878 esse
1545 837 1655 877 non
1677 821 1866 891 potuit.

521 899 527 914 ’
627 919 683 972 3.
705 917 888 988 Itaque
927 935 994 974 ne
1025 917 1495 988 praemittam“
1520 925 1712 971 vestris
1737 914 1996 970 Cliarltati
2023 927 2145 968 usr-

1796 428 1852 484 S.
1897 422 2256 480 AliGl'STlNl
2299 420 2598 477 l'IPl-SCOPI
3728 433 3819 490 Hii

2251 537 2585 591 exsolverent
2611 536 2804 610 tum.
2840 553 3024 606 xxxii,
3054 539 3132 612 6.)
3155 540 3288 608 Qua
3310 555 3432 596 cum
3451 541 3707 611 dicerem,
3732 561 3819 600 eo-

2249 629 2420 684 dicem
2459 631 2620 686 etiam
2661 632 2841 702 accepi
2865 673 2878 697 ,
2909 641 2965 688 et
3003 633 3220 689 recitavi
3252 643 3423 696 totum
3464 635 3609 693 illum
3633 638 3816 695 locum

2251 722 2443 779 Addidi
2466 725 2627 778 etiam
2654 739 2777 779 cum
2790 724 2981 780 dolore
2999 741 3107 797 quo
3131 727 3300 796 potui,
3330 727 3578 797 quouism
3606 730 3823 800 Amo-

2249 814 2336 869 lus
2359 815 2455 880 ait,
2472 814 2538 868 sd
2553 814 2966 871 disseutendum
2980 817 3234 887 populum
3251 817 3594 875 christianum
3620 836 3654 875 ι
3679 821 3818 878 diui-

2251 905 2324 960 tie
2356 905 2680 972 Judmorum,
2704 907 2994 978 Epistolam
3018 924 3167 963 suam
3187 909 3368 964 nonin
3393 909 3587 970 tabulis
3612 913 3820 982 lapideis

2249 998 2527 1069 scriptam,
2563 999 2660 1053 sed
2682 999 2735 1054 in
2761 999 2959 1055 tabulis
2983 999 3163 1063 cordis
3189 1001 3493 1056 carnalibus
3519 1001 3588 1071 (ll
3609 1002 3727 1058 Cor.
3752 1022 3820 1075 ut,

2251 1091 2327 1159 5),
2358 1105 2479 1145 cum
2505 1090 2716 1163 Moyses
2743 1089 2974 1149 tumulus
3001 1092 3096 1147 Dei
3114 1134 3128 1160 ,
3152 1102 3370 1164 ιιι-θρία-
3397 1093 3516 1153 illos
3540 1095 3819 1167 principes,

2249 1181 2401 1238 binas
2423 1183 2658 1253 lapideas
2687 1184 2893 1240 tabulas
2906 1184 3259 1255 confregisset
3281 1183 3480 1259 (Exod.
3509 1202 3683 1256 xuii,
3715 1190 3818 1260 l0),

2249 1274 2516 1344 quomodo
2547 1289 2655 1330 non
2689 1290 2970 1346 possemus
3001 1277 3228 1332 istorum
3272 1277 3436 1333 corda
3481 1277 3821 1353 «infringere,

2248 1365 2339 1434 qui
2387 1365 2636 1421 homines
2687 1367 2817 1421 Novi
2863 1367 3193 1423 Testameuti
3216 1410 3232 1436 ,
3297 1379 3607 1434 auctorum
3651 1372 3825 1430 diebus

2251 1459 2584 1515 celebrandis
2635 1475 2700 1515 ea
2753 1460 2948 1516 vellent
3001 1463 3310 1519 solemnitor
3365 1463 3621 1522 exhibere
3647 1507 3664 1533 ,
3718 1483 3825 1538 qua

2252 1551 2478 1620 populus
2505 1550 2718 1608 Veteris
2741 1551 3072 1608 Teststnsnti
3115 1561 3170 1610 et
3212 1555 3380 1612 semel
3420 1566 3476 1612 ct
3511 1556 3656 1621 idolo
3695 1559 3824 1614 cols-

2250 1640 2446 1707 bravii.

2321 1737 2380 1792 5.
2423 1737 2572 1796 Tunc
2598 1736 2809 1793 reddito
2849 1737 3020 1794 Exodi
3060 1739 3267 1807 codice,
3295 1741 3498 1796 crimen
3541 1741 3825 1812 ebrietatis,

2253 1839 2509 1899 quantum
2532 1839 2740 1902 tempus
2761 1831 2991 1900 sinebat,
3020 1847 3366 1904 exaggerans,
3389 1835 3595 1905 sumpsi
3625 1846 3825 1907 αρσια).

2253 1922 2362 1976 lum
2377 1923 2619 1989 Paulum,
2642 1933 2697 1979 et
2722 1924 2862 1979 inter
2874 1940 2995 1995 qum
3020 1935 3236 1996 peccata
3257 1926 3426 1996 posita
3442 1936 3585 1983 esset
3609 1929 3822 1995 ostendi,

2255 2013 2437 2083 legens
2465 2013 2612 2069 illum
2641 2013 2837 2082 locum,
2869 2015 2931 2072 8i
2972 2017 3087 2088 quis
3123 2018 3280 2087 frater
3304 2018 3592 2080 nominatur
3617 2029 3705 2075 aut
3727 2020 3824 2090 for,

2254 2107 2468 2175 nicator,
2513 2118 2599 2161 aut
2639 2109 2788 2164 idolis
2813 2110 3053 2178 seruiens,
3085 2121 3172 2165 aut
3197 2126 3402 2180 auarus,
3427 2121 3519 2172 aut
3544 2113 3826 2181 maledicus,

2253 2208 2342 2252 aut
2382 2199 2606 2255 ebriosus
2633 2242 2647 2267 ,
2707 2211 2793 2256 aut
2844 2219 3049 2274 rapax;
3087 2221 3203 2264 eum
3246 2205 3497 2275 ejusmodi
3545 2223 3637 2264 nee
3678 2207 3826 2262 cibum

2254 2306 2450 2344 sumere
2476 2290 2520 2361 (l
2555 2290 2676 2347 Cor.
2712 2307 2765 2359 v,
2799 2294 2921 2364 ll);
2956 2295 3352 2365 ingemiscenda
3381 2297 3678 2355 admonens
3718 2314 3826 2356 cun

2256 2391 2452 2453 quanto
2489 2385 2727 2454 periculo
2753 2387 3159 2442 convivaremur
3180 2404 3304 2447 cum
3328 2390 3405 2445 eis
3422 2389 3515 2462 qui
3543 2391 3631 2448 vel
3661 2391 3712 2447 in
3735 2393 3826 2448 do-

2256 2475 2430 2530 mibus
2475 2475 2865 2533 inebriarentur
2911 2481 2950 2532 ι.
2998 2479 3124 2550 Legi
3163 2481 3321 2544 etiam
3364 2482 3490 2540 illud
3541 2483 3687 2554 quod
3733 2499 3829 2542 non

2257 2565 2418 2636 longe
2438 2567 2720 2646 intervallo
2746 2570 2986 2640 sequitur
3017 2589 3031 2624 ε
3066 2570 3238 2626 Nolite
3262 2589 3647 2646 erroremque
3675 2576 3827 2647 forni-

2257 2669 2473 2725 catores,
2505 2679 2662 2733 neque
2685 2664 2835 2717 idolis
2872 2665 3169 2728 seruientes,
3215 2683 3373 2738 neque
3408 2667 3648 2735 adulleri,
3687 2684 3830 2741 Itqu

2256 2751 2460 2816 molles,
2495 2769 2650 2822 neque
2689 2757 3029 2810 masculorum
3080 2757 3422 2812 ooraeubitores
3450 2799 3464 2825 ,
3497 2775 3659 2830 neque
3685 2764 3826 2832 fures,

2257 2858 2416 2912 neque
2436 2845 2593 2912 avari,
2621 2863 2777 2917 neque
2805 2846 3002 2912 ebriosi,
3023 2865 3179 2914 neque
3205 2851 3457 2918 maledici,
3479 2867 3641 2923 neque
3668 2861 3829 2923 rapto-

2257 2951 2336 2990 res
2369 2952 2579 3006 regnum
2622 2937 2716 2991 Dei
2744 2940 3082 3007 possidebunt.
3118 2941 3184 2995 Et
3236 2943 3344 2996 lucc
3386 2943 3592 3009 quidem
3638 2947 3829 3018 fuistis:

2257 3027 2346 3082 sed
2376 3027 2536 3082 abluti
2565 3031 2699 3093 estis,
2751 3031 2840 3084 sed
2855 3033 3125 3102 justi/icati
3164 3037 3280 3090 estis
3314 3037 3365 3089 in
3411 3039 3617 3093 nomine
3641 3027 3830 3096 Domini

2257 3119 2380 3176 Iesu
2405 3119 2615 3188 Christi,
2635 3133 2680 3175 et
2707 3123 2890 3193 spiritu
2913 3123 3005 3179 Del
3026 3128 3180 3180 nostri
3211 3127 3397 3197 (lbid.,
3415 3144 3488 3196 vr,
3511 3129 3696 3204 9-H).
3719 3131 3830 3198 Qui-

2258 3211 2357 3267 bus
2387 3213 2567 3278 lectls,
2615 3214 2722 3269 dixi
2765 3225 2819 3270 ut
2865 3218 3264 3275 considerarent
3318 3223 3589 3290 quomodo
3632 3233 3831 3295 possent

2261 3305 2445 3361 ﬁdeles
2473 3308 2677 3373 audire,
2706 3311 2793 3363 sed
2813 3310 2971 3364 abluti
2997 3312 3135 3380 estis,
3158 3311 3248 3382 qui
3276 3313 3447 3369 adhuc
3477 3315 3601 3370 talis
3647 3332 3828 3373 concu-

2259 3395 2535 3465 piscentiae
2577 3399 2786 3464 sordes,
2815 3411 2999 3462 contra
3028 3419 3162 3472 quas
3191 3403 3456 3459 clauditur
3479 3421 3702 3476 regnum
3729 3423 3830 3464 cte-

2261 3490 2456 3555 lorum,
2503 3493 2555 3546 in
2596 3493 2757 3549 corde
2789 3509 2908 3561 suo,
2939 3494 2988 3549 id
3017 3504 3100 3550 est
3130 3496 3181 3554 in
3217 3497 3470 3553 interiore
3516 3499 3611 3555 Del
3655 3502 3831 3572 templo

2261 3598 2380 3639 esse
2408 3585 2698 3654 patiuntur.
2731 3585 2856 3640 Inde
2881 3595 3096 3642 ventum
3136 3598 3217 3643 est
3243 3589 3309 3643 ad
3340 3589 3467 3644 illud
3509 3593 3826 3663 capitulum:

2261 3673 2676 3733 Convenientibus
2706 3696 2824 3751 ergo
2863 3682 2998 3736 vobis
3025 3683 3077 3736 in
3108 3699 3286 3749 unum,
3327 3701 3427 3738 non
3450 3695 3521 3740 est
3542 3687 3830 3742 dominicam

2263 3785 2454 3823 scenam
2493 3771 2742 3824 celebrare
2779 3788 2796 3825 .'
2838 3774 3176 3843 unusquisque
3200 3776 3329 3829 enim
3368 3779 3629 3848 propriam
3660 3795 3831 3834 canam

2264 3861 2519 3930 praesumit
2540 3861 2591 3914 in
2620 3862 3010 3927 manducando;
3038 3875 3083 3917 et
3114 3865 3246 3919 alius
3269 3867 3470 3935 quidem
3503 3871 3679 3938 esurit,
3719 3871 3832 3924 alius

2261 3951 2429 4006 sbrius
2448 3962 2538 4007 est.
2574 3951 2836 4024 Numquid
2870 3954 3046 4009 domos
3085 3973 3184 4009 non
3207 3956 3397 4013 habetis
3438 3960 3506 4012 ad
3530 3962 3832 4016 manducau-

2263 4045 2383 4100 dum
2407 4055 2454 4099 et
2481 4046 2782 4106 bibendum?
2812 4066 2878 4102 an
2899 4047 3178 4104 Ecclesium
3201 4049 3294 4105 Dei
3313 4055 3631 4110 contemnitis
3660 4055 3830 4127 (Ibid.,

2263 4153 2336 4203 xI,
2360 4138 2581 4210 ili-2%)?
2622 4157 2727 4210 quo
2771 4142 2992 4196 recitato
3020 4143 3322 4214 diligentius
3347 4148 3748 4214 commendavi,
3776 4162 3833 4202 nc

2266 4233 2487 4288 honesta
2517 4235 2728 4305 quidem
2760 4245 2813 4290 et
2833 4236 3009 4291 sobria
3031 4238 3272 4292 convivia
3319 4237 3515 4295 debere
3536 4241 3589 4296 In
3625 4240 3834 4316 ecclesia

2263 4327 2519 4382 celebrari
2541 4344 2555 4392 ;
2583 4329 3006 4399 quandoquidem
3027 4332 3311 4403 Apostolus
3331 4348 3438 4389 non
3464 4334 3680 4403 dixerit,
3698 4337 3835 4391 Nunt-

2264 4417 2391 4486 quid
2411 4416 2599 4472 domos
2630 4435 2733 4472 non
2760 4419 2967 4475 habetis
2996 4421 3061 4476 ad
3092 4422 3430 4479 inebriandos
3456 4430 3591 4480 vos!
3622 4436 3680 4482 ut
3699 4426 3834 4499 quasi

2266 4507 2635 4562 tantummodo
2685 4509 2933 4564 inebriari
2977 4511 3030 4566 in
3075 4513 3297 4570 ecclesia
3337 4530 3441 4570 non
3475 4515 3700 4573 liceret:
3732 4516 3832 4591 sed,

2266 4597 2334 4651 ad
2353 4598 2762 4654 manducandum
2795 4609 2841 4654 et
2885 4601 3184 4670 bibendum,
3225 4605 3366 4676 quod
3418 4615 3588 4676 potest
3629 4609 3836 4664 honeste

2267 4690 2381 4746 ﬁeri
2400 4733 2414 4756 ,
2448 4690 2540 4744 sed
2563 4700 2757 4761 printer
2786 4693 3086 4760 ecclesiam,
3112 4696 3178 4750 ab
3206 4697 3283 4751 eis
3310 4698 3400 4768 qui
3428 4698 3616 4756 domos
3635 4701 3834 4766 habent,

2267 4785 2354 4839 ubi
2383 4784 2648 4839 alimentis
2673 4787 2989 4841 necessariis
3019 4787 3163 4842 refici
3188 4790 3425 4859 possint;
3468 4801 3520 4847 et
3551 4803 3726 4851 tamen
3751 4807 3837 4848 nos

556 1024 678 1065 rare
707 1010 832 1080 quid
861 1019 1066 1080 gestum
1095 1010 1183 1076 sit,
1214 1018 1270 1062 ut
1306 1009 1580 1063 ciebis-enm
1617 1008 1728 1062 Deo
1753 1008 1946 1076 gratias
1972 1005 2145 1075 agatis

554 1099 624 1157 de
653 1113 878 1172 accepto
919 1100 1196 1163 beneficio,
1227 1099 1318 1179 qui
1349 1100 1623 1160 nobiscum
1667 1112 1851 1167 preces
1896 1097 1964 1150 de
1999 1095 2142 1149 acci-

555 1193 752 1262 piendo
782 1191 1166 1248 fudistis:cum
1212 1200 1332 1264 post
1377 1190 1759 1270 profectionem
1803 1198 1942 1253 luam
1989 1186 2144 1248 nobis

556 1285 851 1342 nuntiatum
869 1293 1014 1348 esset
1034 1284 1340 1346 tumultuari
1367 1284 1632 1352 homines,
1655 1291 1708 1338 et
1729 1281 1908 1342 dicere
1930 1297 1986 1335 se
2004 1279 2145 1336 ferre

553 1393 661 1432 non
703 1392 863 1454 posse
905 1386 960 1432 ut
1005 1377 1094 1434 illa
1129 1361 1436 1432 sblemnitas
1466 1376 1834 1446 prohiberetur
1860 1372 1956 1447 (α),
1987 1389 2144 1448 quam

555 1468 818 1528 Lictitiam
861 1468 1223 1542 nominantes,
1254 1467 1552 1522 vinolentia:
1595 1481 1787 1530 nomen
1829 1464 2021 1519 frustra
2050 1480 2143 1520 co-

552 1570 748 1618 nantur
776 1559 1125 1625 abscondere,
1157 1561 1293 1614 sicut
1331 1560 1488 1613 etiam
1533 1568 1583 1614 te
1623 1567 1883 1634 prmseute
1925 1559 2144 1634 jamjatn

556 1653 932 1720 nuntiabatur;
961 1663 1257 1724 opportune
1288 1651 1439 1706 nobis
1468 1650 1658 1705 accidit
1698 1652 1904 1710 occulta
1933 1652 2146 1708 ordina-

558 1748 704 1802 tione
730 1746 1109 1816 omnipotcntis
1136 1744 1247 1814 Dei,
1281 1753 1337 1800 ut
1359 1753 1544 1815 quarta
1571 1741 1700 1798 feria
1733 1741 1859 1797 illud
1893 1743 1941 1805 in
1971 1742 2146 1800 Even.

558 1838 699 1908 gelio
727 1837 1012 1910 capitulum
1041 1843 1430 1916 consequenter
1453 1842 1796 1892 tractaretur:
1824 1831 1996 1888 Nolite
2023 1833 2148 1896 dare

555 1939 787 1982 sanctum
820 1930 1046 1996 canibus,
1080 1945 1236 1999 neque
1278 1928 1585 1999 projeceritis
1620 1927 1920 2006 nutrgarilas
1959 1936 2146 1992 uestras

556 2033 674 2077 ante
693 2040 870 2096 porcos
903 2021 1194 2094 (Matth.vn
1209 2062 1221 2085 ,
1239 2019 1315 2094 6).
1336 2019 1637 2074 Tractatum
1656 2029 1881 2090 estergo
1904 2018 1971 2082 de
1995 2020 2144 2072 cani-

554 2116 656 2171 bus
683 2124 738 2170 et
766 2113 833 2168 de
875 2113 1070 2186 porcis,
1105 2113 1174 2166 ita
1199 2121 1255 2165 ut
1279 2119 1332 2176 et
1356 2110 1619 2184 pervicaci
1665 2111 1855 2164 latratu
1891 2108 2145 2172 adversus

556 2207 652 2260 Dei
682 2214 944 2276 prmcepta
982 2204 1240 2272 rixantes,
1273 2212 1325 2258 et
1351 2202 1678 2274 voluptatum
1708 2201 1996 2260 carnalium
2027 2215 2145 2256 sor-

555 2299 709 2353 dibus
752 2298 915 2352 dcditi
965 2297 1279 2351 erubescere
1325 2301 1673 2368 cogerentur;
1729 2293 2146 2366 conclusntnque

554 2389 648 2452 ita,
676 2398 732 2441 ut
755 2387 996 2442 viderent
1035 2401 1191 2457 quam
1236 2393 1379 2440 esset
1425 2383 1684 2448 nefarium
1729 2382 1864 2436 intra
1907 2383 2148 2446 ecclesia:

555 2481 787 2550 parietes
814 2479 862 2533 id
890 2494 1048 2550 agere
1093 2477 1310 2532 nomine
1350 2475 1638 2546 religionis,
1668 2473 1808 2546 quod
1837 2473 1887 2528 in
1914 2474 2023 2528 suis
2052 2473 2148 2531 d0-

555 2575 732 2629 mibus
759 2573 803 2627 si
824 2587 981 2644 agere
1009 2578 1430 2643 perseverarent,
1460 2585 1489 2623 a
1527 2577 1712 2624 sancto
1752 2576 1804 2623 et
1849 2568 2148 2644 margaritis

556 2665 928 2720 ecclesiasticis
953 2678 1047 2719 eos
1073 2662 1243 2717 arceri
1266 2670 1554 2734 Oporteret.

630 2759 684 2814 5.
717 2757 822 2813 Sed
853 2757 967 2812 haec
1003 2753 1246 2828 quamvis
1283 2764 1431 2828 grate
1469 2762 1682 2830 accepta
1727 2751 1940 2822 iuerint,
1972 2762 2147 2819 tamen

557 2850 680 2924 quia
711 2848 862 2920 pauci
891 2854 1284 2924 convenerant,
1329 2861 1433 2909 non
1479 2854 1593 2908 erat
1635 2843 1959 2908 satisfactum
2001 2853 2149 2908 tame

556 2943 790 3014 negotio.
819 2940 921 2996 Iste
959 2950 1136 2998 autem
1181 2952 1360 2994 sermo
1406 2952 1525 2992 cum
1573 2935 1642 2996 ab
1681 2935 1760 2999 eis
1790 2935 1878 3008 qui
1907 2935 2146 3013 aderant,

557 3052 655 3107 pro
679 3037 936 3107 cuiusque
967 3034 1214 3099 facultate
1253 3047 1316 3088 ac
1371 3029 1546 3092 studio
1567 3071 1582 3102 ,
1615 3027 1745 3086 foris
1783 3029 2144 3104 ventilaretur,

560 3129 759 3183 multos
789 3127 972 3180 habuit
996 3123 1434 3179 contradictores.
1471 3121 1660 3175 Postea
1687 3136 1815 3184 vero
1851 3135 2006 3200 quam
2024 3119 2152 3183 ,dicS.

561 3217 990 3290 Quadragesimaa
1017 3215 1298 3280 illuxisset,
1321 3221 1376 3266 et
1400 3211 1646 3281 frequens
1667 3210 1947 3274 multitudo
1970 3209 2036 3265 ad
2055 3209 2151 3272 bo.

562 3325 674 3365 ram
705 3306 1035 3364 tractationis
1056 3303 1306 3374 occurrit,
1337 3302 1529 3357 lectum
1552 3309 1632 3364 est
1660 3300 1798 3354 istud
1825 3301 1876 3354 in
1909 3301 2151 3372 Evange-

561 3403 654 3468 lio,
686 3400 774 3456 ubi
801 3398 1051 3460 Dominus
1080 3396 1145 3451 de
1175 3394 1370 3468 templo
1395 3392 1630 3470 expulsis
1653 3390 2013 3456 venditoribus
2039 3393 2153 3450 ani-

565 3493 805 3558 malium,
836 3498 891 3546 et
913 3489 1117 3556 eversis
1148 3487 1346 3541 mensis
1377 3483 1870 3554 nummulariorum,
1904 3483 2037 3546 dixit
2060 3483 2156 3546 do-

566 3602 711 3642 mum
738 3584 910 3642 Patris
936 3582 1018 3638 sui
1036 3596 1130 3654 pro
1157 3580 1313 3634 domo
1330 3579 1627 3640 orationum
1654 3577 1963 3656 speluncam
1994 3577 2155 3641 latro-

567 3693 694 3732 num
740 3691 858 3732 esse
900 3659 1091 3728 factam
1137 3669 1259 3744 (Id.
1307 3684 1423 3735 xxx,
1470 3668 1572 3751 1‘2)
1608 3667 1792 3742 ;quod
1833 3668 2152 3748 capitulum,

566 3785 688 3825 cum
720 3782 813 3824 eos
838 3767 1069 3822 intentos
1093 3763 1359 3835 proposita
1385 3762 1687 3816 vinolentia:
1711 3762 2004 3832 qumstione
2030 3760 2151 3828 feci,

565 3872 621 3917 et
659 3861 771 3931 ipse
810 3873 1021 3928 quoque
1067 3855 1307 3921 recitavi,
1345 3854 1669 3924 adjunxiqne
1718 3853 2152 3924 diSputationem,

566 3969 670 4024 qua
715 3949 1052 4010 ostenderem
1100 3955 1298 4019 quanto
1337 3946 1654 4010 commotius
1695 3954 1750 4011 et
1793 3943 2157 4008 vehementius

567 4047 827 4105 Dominus
875 4053 1055 4102 noster
1098 4042 1306 4103 ebriosa
1346 4040 1610 4106 convivia.
1636 4055 1757 4110 qua:
1802 4038 1996 4110 ubique
2033 4048 2158 4100 sunt

564 4139 763 4212 turpia,
782 4138 851 4198 de
871 4137 1073 4208 templo
1089 4135 1398 4206 expelleret,
1422 4135 1562 4200 unice
1584 4134 1660 4198 sic
1681 4133 1883 4204 expulit
1902 4147 2157 4192 concessa

565 4231 906 4300 commercia,
929 4245 1053 4294 cum
1094 4243 1156 4288 ea
1199 4226 1574 4294 venderentur,
1605 4242 1722 4297 qutn
1749 4224 2022 4291 sacrificiis
2065 4225 2158 4290 illo

567 4334 812 4394 tempore
849 4322 1008 4376 licitis
1051 4329 1231 4374 essent
1269 4319 1604 4386 necessaria;
1648 4333 1894 4388 quaerens
1935 4317 2004 4382 ab
2045 4318 2152 4384 eis,

570 4417 766 4487 quibus
793 4413 1102 4468 similiorem
1129 4419 1376 4483 putarent
1406 4411 1712 4486 Speluncam
1750 4411 2036 4479 latronum,
2065 4426 2159 4474 ne.

569 4506 802 4563 cessaria
823 4503 1193 4569 vendentibus,
1219 4518 1285 4564 an
1306 4501 1653 4566 immoderate
1677 4500 1998 4565 bibentibus.

642 4602 695 4656 4.
737 4600 804 4654 Ει
840 4598 1087 4670 quoniam
1139 4595 1267 4661 mihi
1308 4603 1614 4674 prcharata:
1658 4595 1913 4661 lectiones
1958 4612 2158 4668 sugge-

572 4691 754 4749 rendae
779 4689 1114 4756 tenebantur,
1159 4687 1374 4758 adjunxi
1405 4687 1602 4750 deinde
1645 4687 1814 4760 ipsum
1846 4688 2017 4746 adhuc
2044 4705 2162 4752 car-

572 4786 746 4841 nalem
770 4784 1020 4862 populum
1041 4781 1366 4848 indecorum,
1387 4779 1438 4835 in
1460 4780 1550 4834 illo
1570 4779 1789 4861 templo,
1806 4781 1898 4836 ubi
1926 4781 2159 4840 nondum

574 4893 768 4949 corpus
811 4887 864 4932 et
925 4876 1140 4946 sanguis
1182 4873 1390 4941 Domini
1432 4871 1782 4940 offerebatur,
1828 4890 1933 4934 non
1987 4875 2160 4932 soluat

574 4969 867 5035 vinulenta,
897 4967 990 5023 sed
1017 4982 1116 5022 nec
1141 4964 1318 5019 sobria
1358 4964 1569 5042 quidem
1603 4980 1834 5042 unquam
1862 4967 2162 5024 celebrasse

575 5061 853 5127 convivia;
883 5075 982 5114 nec
1001 5073 1092 5114 eos
1117 5057 1325 5128 publice
1342 5055 1611 5127 religionis
1637 5056 1851 5111 nomine
1878 5057 2162 5116 inebriatos

574 5152 807 5212 inveniri
850 5153 902 5208 in
939 5151 1178 5218 historia,
1211 5149 1310 5204 nisi
1339 5165 1460 5204 cum
1504 5147 1637 5203 festa
1683 5148 1934 5215 fabricato
1972 5149 2114 5206 idolo
2142 5153 2159 5184 ί

641 5331 1070 5403 ἓξίεεονίαθτίβαεο
1091 5326 1582 5403 αοιθιίαθνίρρξίαηε
1602 5326 1774 5403 Wﬁ-
1817 5389 1831 5403 .
1869 5391 1880 5403 .
1960 5393 1988 5403 -.

638 5388 903 5464 (a)_t£xsiat
931 5388 1456 5464 Hipponensis'eoncilii
1488 5388 1990 5464 annq'celelu-sti
2013 5405 2168 5464 canon

577 5451 782 5518 concilio
813 5464 866 5516 ιιι
895 5451 1256 5518 carthaginenst
1289 5455 1526 5510 insertus,
1559 5469 1581 5498 ι
1605 5459 1660 5518 ut
1691 5451 1810 5518 nulli
1843 5455 2054 5518 episcopi
2085 5457 2167 5507 vel

584 5539 610 5571 s
630 5517 795 5588 clerici
809 5511 856 5588 in
872 5511 1469 5588 actuosiawnviventur...
1487 5511 1650 5588 t’opuli
1668 5516 1814 5588 etiam
1825 5511 1888 5566 ab
1898 5511 2167 5588 hujusmodi

589 5601 613 5628 ι
636 5583 882 5641 conviviis,
896 5578 1256 5644 quantumiicri
1281 5583 1458 5644 potest,
1478 5576 1848 5644 proltineantur;
1873 5595 1894 5624 ι
1912 5576 1994 5641 qui
2016 5593 2169 5644 canon

614 5639 878 5708 mirante
901 5639 1029 5696 haud
1048 5641 1216 5708 dubie
1251 5639 1513 5708 Augustino
1545 5643 1658 5690 tunc
1695 5639 1979 5708 presbytero
2011 5641 2170 5699 editus

614 5657 869 5696 rocurantc
901 5657 1029 5696 naua
1065 5657 1216 5696 autne
1251 5657 1513 5701 augustum
1545 5657 1658 5690 tutu:
1695 5657 1979 5702 presuytero
2011 5657 2170 5699 Battus

578 5657 689 5757 fuit.
715 5697 897 5767 Quippe
922 5702 1165 5767 Aurelium
1186 5699 1612 5767 carthaginienses:
1635 5697 1776 5762 paulo
1798 5709 1916 5767 ante
1931 5709 2170 5767 contesta-

580 5774 664 5820 ωε
688 5761 862 5820 eratin
886 5768 1029 5816 E-ist.
1054 5763 1133 5825 ΞΩ,
1155 5770 1210 5814 ut
1232 5763 1324 5817 viis
1344 5761 1570 5814 cautibus
1600 5761 1884 5814 occurreret
1903 5764 2017 5816 huic
2046 5765 2172 5816 malo

581 5841 674 5874 ner
697 5834 847 5874 totam
868 5781 1068 5874 Allifieam
1088 5825 1269 5874 dudum
1291 5824 1552 5874 urassanti:
1578 5824 1725 5874 idque
1758 5826 1849 5874 insi
1869 5827 1964 5874 nisi
1985 5827 2171 5874 manilii

581 5841 674 5893 per
697 5834 847 5896 totam
868 5824 1068 5896 abigam
1088 5825 1269 5881 dudum
1290 5824 1527 5896 διεξεληιὶ
1540 5837 1560 5896 ;
1578 5824 1725 5887 idque
1758 5826 1849 5888 ipsi
1869 5827 1964 5877 nisi
1985 5827 2171 5879 coliculi

586 5885 869 5940 auctoritate
893 5885 998 5938 tolli
1020 5901 1116 5937 non
1141 5898 1284 5949 posse
1307 5885 1585 5937 insinuaret.

2268 4875 2335 4932 ad
2367 4877 2461 4932 has
2491 4879 2762 4947 angustias
2790 4887 3163 4949 corruptorum
3191 4890 3486 4952 temporum
3511 4894 3567 4940 et
3604 4886 3836 4942 difilucn—

2269 4968 2398 5023 tium
2425 4984 2634 5023 morum
2681 4983 2802 5024 esse
2840 4970 3146 5039 perductos,
3175 4983 3235 5027 ut
3262 4974 3326 5028 lls
3357 4975 3588 5032 nondum
3616 4979 3838 5034 modesta

2267 5061 2537 5128 convivia,
2568 5061 2662 5116 sed
2699 5062 2886 5117 saltem
2926 5062 3277 5120 domesticum
3320 5082 3545 5138 regnum
3583 5069 3838 5126 ebrietatis

2268 5163 2532 5225 optemus.

2342 5245 2396 5301 Θ.
2438 5242 2864 5300 Commemoravi
2886 5246 3045 5301 etiam
3081 5247 3350 5318 Evangelii
3385 5251 3673 5322 capitulum
3711 5249 3837 5322 quod

2271 5336 2440 5408 pridie
2468 5345 2842 5403 tractaverant,
2874 5337 2960 5393 ubi
3007 5339 3075 5393 de
3120 5339 3600 5413 pseudoprophetis
3643 5344 3830 5399 dictum

2271 5439 2354 5484 est
2381 5446 2394 5482 :
2428 5428 2511 5483 Ea:
2540 5429 2785 5498 fructibus
2813 5446 2986 5483 eorum
3015 5433 3324 5502 cognoscetis
3351 5449 3434 5487 eos
3481 5433 3690 5508 (Matth.
3741 5447 3836 5498 vn,

2274 5522 2383 5592 ill).
2420 5519 2618 5575 Deinde
2668 5525 2720 5575 in
2769 5521 3079 5576 memoriam
3106 5525 3350 5578 revocavi
3386 5513 3587 5582 fruetus
3631 5543 3694 5581 eo
3735 5526 3840 5580 loco

2276 5632 2380 5670 non
2409 5615 2723 5685 appellatos,
2757 5615 2859 5669 nisi
2887 5629 3087 5685 opera;
3143 5626 3252 5672 tum
3291 5620 3511 5688 quaesivi
3546 5621 3680 5675 inter
3719 5631 3839 5688 qttos

2278 5708 2479 5763 fructus
2510 5709 2775 5762 nominata
2803 5717 2944 5762 esset
2980 5707 3229 5777 ebrietas,
3270 5718 3323 5766 st
3347 5711 3560 5768 recitavi
3603 5708 3727 5767 illud
3771 5703 3831 5768 sd

2344 5895 2356 5924 ¹
2387 5893 2458 5940 sic
2482 5898 2586 5939 uss.
2615 5887 2972 5953 [btebrianlur]
