4054 6412
168 398 247 458 ut
644 354 647 357 <
716 360 745 367 “
812 363 839 365 “
1314 385 1788 445 EPISTOLARUM
1824 386 2100 450 CLASSIS
2133 390 2200 447 ιι.

167 519 361 569 mm
384 501 690 576 suspendere,
712 508 763 557 et
786 500 1087 558 desiderium
1109 500 1350 555 sermonis
1374 499 1445 553 tui
1469 500 1698 569 cupidis-

168 606 320 661 simum
359 610 640 669 temperare.
680 593 993 667 Scripsimus
1036 596 1205 666 itaque
1244 596 1422 649 iterato
1462 612 1613 660 nunc,
1658 595 1701 647 si

166 699 327 769 priores
358 692 420 747 ad
461 700 508 746 te
544 689 721 745 litteris
756 699 942 743 nostra:
979 690 1233 759 pervenire
1260 699 1585 754 meruerunt;
1614 698 1702 742 aut

168 789 320 860 prim,
347 784 389 839 si
417 781 522 837 illis
553 782 608 836 in
640 796 819 835 manus
857 790 970 834 tuas
1004 780 1321 851 perveniendi
1351 780 1564 853 felicitas
1601 796 1702 835 non

165 880 256 949 fuit.
360 932 363 933 ,

221 968 266 1021 Ξ.
302 965 397 1023 Sed
434 974 506 1031 tu,
531 966 687 1036 frater
711 963 994 1033 spiritualis
1019 965 1036 995 ¹
1077 964 1247 1018 omnia
1270 964 1532 1035 judicans,
1557 980 1701 1018 amo-

131 1062 249 1117 ‘rem
272 1061 319 1114 in
346 1069 390 1113 te
424 1066 649 1111 nostrum
679 1071 741 1109 ne
766 1054 957 1124 pendas
991 1055 1153 1125 officio
1191 1056 1333 1122 solo,
1370 1064 1455 1109 aut
1485 1066 1703 1127 tempore

163 1153 423 1205 litterarum.
449 1146 695 1200 Dominus
713 1145 847 1199 enim
874 1145 1010 1199 testis
1032 1153 1125 1210 est,
1147 1144 1230 1216 qui
1256 1161 1384 1199 unus
1403 1155 1549 1216 atque
1570 1146 1703 1199 idem

128 1308 131 1331 Ι
160 1249 361 1312 operatur
396 1239 449 1291 in
483 1236 591 1292 suis
630 1235 811 1307 ubique
847 1235 1141 1289 charitatem
1178 1252 1341 1300 suam,
1372 1238 1487 1306 jam
1524 1236 1705 1291 abinde

160 1333 293 1395 nobis,
312 1346 370 1385 ea:
391 1345 485 1399 quo
516 1340 564 1382 te
591 1328 827 1398 beneficio
847 1326 1201 1382 uenerabilium
1225 1328 1570 1399 episcoporum
1593 1328 1700 1381 Au-

157 1423 252 1477 relii
271 1433 313 1476 et
334 1421 520 1492 Alypii,
543 1437 633 1492 per
662 1430 749 1474 tua
771 1421 824 1475 in
844 1418 1157 1474 Manichaeos
1181 1436 1338 1490 opera
1359 1421 1698 1491 cognovimus,

156 1518 217 1569 ita
239 1516 424 1569 inditam
448 1513 766 1568 dilectionem
793 1522 930 1567 tuam
949 1553 965 1580 ,
992 1522 1045 1567 ut
1083 1512 1227 1567 nobis
1268 1529 1369 1566 non
1406 1529 1582 1567 novam
1609 1514 1704 1567 ali-

154 1626 288 1679 quam
306 1608 566 1662 amicitiam
606 1623 831 1674 sumere,
856 1606 945 1661 sed
977 1607 1123 1678 quasi
1163 1614 1370 1660 veterem
1410 1606 1704 1659 charitatem

155 1715 373 1753 resumere
405 1698 706 1753 videremur.
749 1697 977 1766 Denique
1018 1714 1152 1751 nunc
1189 1698 1284 1752 etsi
1318 1713 1563 1762 sermone,
1604 1713 1703 1750 non

156 1803 295 1847 tamen
313 1800 544 1861 tanquam
567 1799 615 1845 et
642 1787 826 1857 affectu
846 1788 998 1843 rudes
1022 1788 1301 1853 scribimus,
1326 1797 1466 1858 teque
1487 1787 1703 1841 vicissim

155 1882 310 1952 spiritu
350 1898 432 1951 per
474 1882 764 1935 interiorem
801 1881 1081 1947 hominem,
1109 1881 1253 1951 quasi
1282 1880 1699 1950 recognoscimus.

158 1973 249 2029 Nec
272 1974 439 2027 mir‘um
468 1974 513 2027 si
542 1982 589 2026 et
621 1973 843 2026 absentes
870 1972 1113 2025 adsumus
1138 1972 1297 2035 nobis,
1321 1979 1367 2024 et
1398 1971 1557 2041 ignoti
1580 1987 1701 2024 nos-

156 2076 237 2119 met
253 2066 462 2120 novimus
486 2082 506 2128 ;
538 2080 652 2118 cum
676 2064 826 2118 unius
850 2064 1077 2134 corporis
1097 2063 1314 2117 membra
1343 2063 1518 2129 simus,
1548 2077 1703 2115 unum

158 2160 390 2213 habeamus
416 2167 594 2227 caput,
617 2172 720 2210 una
745 2156 1110 2227 perfundamur
1132 2156 1316 2225 gratia,
1345 2171 1445 2208 uno
1474 2170 1604 2224 pane
1631 2153 1705 2207 vi-

156 2267 320 2313 vamus,
361 2266 457 2302 una
506 2248 800 2302 incedamus
847 2248 945 2311 via,
989 2247 1161 2299 eadem
1210 2246 1486 2299 habitemus
1532 2244 1700 2299 domo.

157 2342 350 2414 Denique
374 2343 424 2396 in
449 2357 603 2395 omne
622 2340 758 2411 quod
777 2328 978 2405 sumus,
1006 2348 1109 2393 tota
1132 2355 1223 2409 spe
1245 2354 1304 2391 ac
1330 2338 1449 2406 fide,
1478 2354 1576 2408 qua
1600 2347 1705 2392 sta-

157 2451 250 2487 nnis
281 2435 328 2487 in
364 2434 619 2503 prasenti,
647 2432 854 2486 nitimur
888 2432 942 2485 in
986 2434 1231 2503 futurum,
1268 2438 1370 2482 tam
1408 2430 1459 2481 in
1501 2429 1701 2500 spiritu,

161 2543 291 2596 quam
310 2526 354 2579 in
378 2541 589 2596 corpore
613 2523 817 2578 Domini
846 2540 1001 2577 unum
1026 2538 1220 2589 sumus,
1244 2538 1305 2575 ne
1327 2522 1483 2574 simus
1512 2521 1637 2575 nihil
1661 2521 1705 2575 si

158 2619 213 2671 ab
237 2635 321 2672 uno
342 2617 649 2673 excidemus.

216 2710 261 2764 5.
283 2708 582 2776 Quantulum
601 2723 721 2777 ergo
746 2715 837 2774 est,
861 2707 996 2777 quod
1018 2706 1243 2760 absentia
1262 2702 1539 2774 corporalis
1565 2704 1705 2757 nobis

213 2849 227 2877 ⁸
247 2844 360 2906 Edd,
380 2842 681 2909 spiritaliter.
707 2849 763 2892 At
783 2849 911 2904 Mss,
936 2838 1183 2906 spiritalis.

3281 396 3387 454 122

1803 502 1988 556 invidet
2030 504 2205 569 nostri,
2239 503 2334 558 nisi
2366 520 2489 559 sane
2514 509 2733 576 fructum
2758 506 2945 574 istum,
2970 522 3068 579 quo
3108 518 3385 580 pascuntur

1803 594 1937 648 oculi
1957 596 2307 665 temporalium
2328 599 2736 666 exspectatores.’
2760 599 2984 669 quamvis
3001 616 3090 655 nec
3110 600 3388 672 corporalis

1802 684 2003 755 quidem
2031 686 2226 756 gratia,
2264 688 2554 757 temporalis
2580 688 2633 741 in
2665 689 3010 758 spiritualibus
3036 689 3138 744 dici
3174 690 3383 759 debeat,

1802 774 1979 847 quibus
2000 778 2146 831 etiam
2168 793 2436 847 corporum
2457 779 2784 832 ceternitatem
2806 782 3101 835 resurrectio
3126 782 3387 853 largietur,

1802 878 1859 923 ut
1886 869 2130 923 audemus
2168 870 2222 923 in
2259 870 2441 924 virtute
2479 869 2668 924 Christi
2701 879 2746 925 et
2774 871 2993 926 bonitate
3014 873 3032 904 ¹
3058 871 3155 927 Dei
3194 871 3386 939 Patris,

1801 963 1883 1017 vel
1911 964 2106 1035 indigni
2132 981 2452 1035 prwsumere.
2499 965 2668 1031 Quare
2691 966 2885 1019 utinam
2910 966 3002 1021 hoc
3030 982 3223 1037 quoque
3250 966 3392 1021 nobis

1802 1072 1986 1110 munus
2010 1066 2249 1111 annueret
2284 1057 2448 1128 gratia
2482 1056 2597 1123 Dei,
2630 1073 2719 1128 per
2747 1056 3019 1111 Dominum
3046 1068 3272 1113 nostrum
3296 1055 3390 1111 Je-

1803 1164 1912 1202 sum
1934 1146 2207 1215 Christum,
2228 1158 2282 1203 ut
2303 1150 2452 1203 etiam
2472 1150 2696 1203 incarne
2719 1150 2900 1221 faciem
2920 1160 3056 1203 tuam
3077 1150 3390 1205 videremus!

1804 1258 1903 1296 non
1932 1242 2095 1296 solum
2124 1242 2384 1297 desideriis
2427 1243 2609 1296 nostris
2647 1258 2886 1312 magnum
2923 1244 3232 1311 conferretur
3255 1259 3385 1314 gau-

1804 1332 1984 1396 dium;
2013 1332 2101 1387 sed
2130 1334 2278 1386 etiam
2318 1333 2564 1386 mentibus
2592 1334 2759 1387 lumen
2783 1343 3099 1399 accresceret,
3126 1344 3174 1388 et
3205 1351 3266 1388 ea:
3304 1344 3391 1389 tua

1804 1426 1951 1495 copia
1977 1425 2365 1495 locupletaretur
2392 1426 2567 1497 impia
2592 1434 2787 1480 nostra.
2816 1426 2965 1492 Quod
2996 1427 3195 1497 quidem
3228 1436 3273 1481 et
3300 1430 3393 1483 ab-

1803 1516 2020 1571 sentibus
2046 1517 2223 1587 largiri
2252 1527 2412 1588 potes,
2436 1519 2530 1571 hac
2558 1518 2834 1587 prwsertim
2858 1521 3140 1585 occasione,
3165 1537 3264 1590 qua
3295 1520 3391 1590 ﬁlii

1804 1606 1960 1660 nostri
1986 1607 2245 1661 unanimes
2281 1616 2325 1660 et
2356 1607 2639 1661 charissimi
2672 1608 2811 1662 nobis
2836 1608 2888 1662 in
2925 1607 3166 1677 Domino,
3199 1609 3394 1665 Roma-

1804 1712 1899 1751 nus
1920 1706 1966 1750 et
1989 1696 2168 1768 Agilis,
2196 1714 2321 1767 quos
2344 1706 2397 1750 ut
2433 1714 2522 1752 nos
2547 1696 2729 1752 alteros
2768 1699 2854 1753 tibi
2883 1698 3310 1765 commendamus,
3336 1701 3391 1755 in

1804 1788 2001 1842 nomine
2026 1786 2230 1842 Domini
2258 1798 2582 1855 revertentur,
2609 1805 2757 1859 apere
2783 1790 3043 1844 charitatis
3068 1791 3307 1862 impleto;
3334 1792 3387 1844 in

1803 1895 1901 1948 quo
1931 1888 2031 1932 tua:
2065 1879 2321 1932 charitatis
2346 1878 2531 1945 affectu
2565 1881 2848 1951 specialiter
2876 1890 3101 1946 utantur,
3128 1898 3387 1952 rogamus.

1806 1968 1956 2022 Nosti
1982 1974 2112 2022 enim
2138 1985 2289 2039 quam
2315 1970 2447 2023 celsa
2477 1971 2738 2040 promittat
2772 1971 3059 2026 Altissimus
3093 1974 3239 2043 fratri
3274 1976 3388 2044 fra-

1805 2069 1930 2114 trem
1971 2060 2248 2131 adjuvanti.
2289 2059 2391 2113 Per
2423 2060 2550 2128 hos,
2577 2062 2621 2114 si
2657 2078 2754 2133 quo
2797 2078 2874 2115 me
2909 2064 3118 2134 gratiaz,
3148 2079 3259 2132 qua:
3295 2063 3385 2118 tibi

1805 2153 1925 2206 data
1950 2162 2042 2221 est,
2067 2153 2199 2207 dono
2227 2153 2536 2207 remunerari
2559 2152 2712 2219 voles,
2741 2162 2846 2207 tuto
2868 2155 3040 2224 facies.
3071 2153 3203 2209 Sunt
3230 2154 3386 2220 enim,

1804 2245 1953 2299 velim
1977 2244 2171 2308 credas,
2198 2260 2354 2298 unum
2381 2259 2465 2297 cor
2491 2253 2537 2297 et
2564 2260 2663 2297 una
2692 2244 2743 2297 in
2766 2241 2991 2297 Domino
3018 2245 3189 2298 anima
3217 2243 3390 2298 nobis-

1806 2350 1937 2389 cum.
1964 2334 2137 2389 Gratia
2166 2333 2261 2389 Dei
2288 2344 2468 2399 tecum,
2492 2344 2545 2389 ut
2566 2344 2658 2402 est,
2685 2335 2737 2388 in
2761 2345 3003 2389 (eternum
3032 2345 3251 2402 maneat,
3276 2338 3388 2406 fra-

1808 2434 1881 2479 ter
1900 2427 1953 2479 in
1974 2425 2171 2479 Christo
2196 2424 2414 2479 Domino
2436 2428 2690 2491 unanime,
2716 2426 3029 2492 venerabilis,
3052 2427 3393 2493 dilectissime,

1805 2526 1852 2571 et
1881 2516 2241 2571 desiderabilis.
2283 2517 2468 2573 Omnes
2502 2519 2556 2572 in
2587 2518 2785 2572 Christo
2817 2529 3049 2587 sanctos,
3090 2518 3264 2590 quales
3300 2520 3387 2574 tibi

1807 2610 2055 2664 cohaerere
2098 2626 2198 2664 non
2243 2611 2451 2664 dubium
2493 2619 2585 2677 est,
2613 2628 2644 2663 a
2685 2610 2824 2665 nobis
2864 2611 3049 2666 saluta.
3094 2609 3399 2667 Commendo

1808 2717 1898 2755 nos
1916 2701 2145 2754 omnibus
2169 2702 2375 2768 sanctis,
2400 2711 2452 2754 ut
2474 2710 2635 2755 tecum
2658 2718 2750 2773 pro
2770 2701 2912 2756 nobis
2937 2718 3084 2757 orare
3104 2702 3389 2772 dignentur.

1874 2836 1889 2865 ¹
1915 2841 2020 2885 Mss.
2044 2834 2431 2898 quatuordecim,
2459 2839 2505 2884 et
2523 2832 2760 2884 bonitatis.

1020 3037 1194 3144 SE
1209 3039 1300 3140 Ο
1315 3032 1748 3143 ΠΝΒΑ
1822 3030 2465 3141 CLASSIS.

155 3236 341 3300 lpktolz
356 3250 473 3301 quas
498 3234 795 3298 augustinus
809 3231 907 3294 jam
932 3229 1205 3301 episcopus,
1236 3230 1349 3301 ante
1382 3217 2562 3301 collationem.Fart‘haginensern‘pgma
2592 3217 2821 3277 habitam,
2847 3224 2899 3267 et
2929 3223 3043 3266 ante
3067 3215 3307 3266 detectam
3351 3215 3404 3267 in

922 3278 1072 3338 At'rlca
1094 3278 1273 3349 f’elagii
1297 3285 1522 3334 haeresim
1544 3283 1754 3343 scripsit,
1777 3281 1839 3329 ab
1860 3278 1985 3329 anno
2006 3279 2177 3328 Christi
2208 3279 2301 3328 396
2326 3278 2388 3328 ad
2424 3278 2529 3327 410.

1528 3415 2001 3474 W

563 3546 889 3605 EPSTOLA
933 3544 1104 3599 XXXI
1132 3549 1147 3568 ⁶
1170 3545 1270 3614 (τι).

160 3641 343 3699 Paulino
361 3660 450 3715 pro
472 3643 709 3699 secundis
737 3641 911 3695 litteris
937 3640 999 3693 ab
1042 3655 1097 3693 eo
1131 3638 1361 3708 receptis,
1392 3634 1523 3706 grati
1551 3632 1708 3686 animi

213 3738 471 3809 obsequium
512 3735 729 3800 exhibet,
762 3749 908 3803 seque
955 3730 1153 3783 Valerio
1186 3729 1531 3798 coepiscopum
1581 3723 1709 3793 Hip.

212 3845 451 3900 ponensem
485 3828 780 3882 ordinatum
818 3840 923 3878 esse
959 3822 1272 3885 renuntians,
1318 3826 1520 3890 woptat
1562 3825 1615 3869 ut
1654 3816 1709 3869 in

211 3923 412 3991 Africam
450 3921 685 3991 trajicere
728 3918 835 3988 ipse
860 3915 993 3979 velit,
1026 3930 1208 3984 magno
1241 3929 1353 3965 cum
1386 3911 1477 3965 sibi
1506 3908 1702 3975 solatio,

212 4024 303 4068 tum
324 4014 510 4070 caeteris
536 4011 826 4067 christianis
854 4008 1081 4077 exentplo
1110 4012 1331 4079 futurus.

157 4104 361 4161 Dominis
387 4102 748 4161 dilectissimis
777 4110 831 4155 et
857 4097 1250 4161 sincerissimis,
1298 4110 1422 4151 vere
1465 4091 1709 4148 beatissi-

215 4196 300 4251 mis
331 4175 485 4266 atque
533 4190 985 4248 abundantissima
1018 4188 1107 4242 Dei
1134 4187 1301 4257 gratia
1328 4181 1706 4254 praestantissi-

214 4291 301 4344 mis
344 4289 611 4353 fratribus,
660 4286 891 4341 ΡΑυιιΝυ
920 4293 973 4338 et
1008 4282 1312 4346 Tnenssm,
1355 4278 1705 4343 AUGUSTINUS,

217 4382 262 4434 in
285 4382 498 4437 Domino
528 4378 777 4435 salutem.

221 4471 403 4530 l.Cum
441 4474 646 4529 litteras
702 4485 884 4533 meas,
933 4467 1123 4538 quibus
1157 4462 1404 4535 respondi
1446 4459 1709 4532 prioribus

159 4566 337 4631 vestris,
364 4566 406 4621 si
438 4575 612 4620 tamen
645 4562 835 4617 vestris
879 4559 1067 4614 litteris
1104 4557 1209 4611 ullo
1248 4555 1406 4610 modo
1430 4570 1458 4607 a
1493 4568 1578 4607 mc
1626 4567 1709 4607 re-

158 4656 372 4726 Sponderi
403 4666 595 4728 potest,
621 4653 897 4711 celerrime
922 4650 1211 4723 optaverim
1235 4649 1414 4703 venire
1436 4647 1486 4700 in
1521 4653 1710 4699 vestra:

161 4745 412 4803 Charitatis
438 4764 646 4813 manus,
672 4754 727 4800 ut
754 4757 965 4815 quoquo
984 4749 1136 4812 pacto
1156 4738 1350 4794 absens
1370 4739 1473 4791 cito
1502 4751 1711 4806 possem

161 4852 258 4893 esse
280 4840 563 4905 vobiscum,
592 4839 795 4893 lucrum
812 4834 939 4890 mihi
991 4840 1181 4887 vestrae
1229 4828 1466 4900 epistola:
1493 4826 1713 4882 contulit

164 4931 353 4989 tarditas
390 4948 528 4985 mea.
564 4930 740 4985 Bonus
790 4927 1062 4989 Dominus,
1114 4924 1202 4994 qui
1229 4938 1332 4976 non
1353 4920 1530 4975 tribuit
1571 4934 1713 4988 swpe

163 5022 279 5089 quod
319 5023 585 5087 volumus,
618 5032 675 5077 ut
725 5019 864 5091 quod
905 5019 1183 5073 mallemus
1229 5012 1501 5068 attribuat.
1556 5010 1714 5066 Aliud

165 5114 281 5168 enim
305 5126 399 5181 est,
423 5114 564 5186 quod
593 5122 807 5184 accepta
837 5110 1059 5182 epistola
1113 5122 1227 5162 mea
1273 5104 1518 5175 scripturi
1560 5102 1710 5168 estis,

166 5203 285 5258 aliud
325 5208 459 5277 quod
499 5223 599 5261 non
640 5202 949 5274 accipiendo
977 5198 1280 5268 scripsistis.
1306 5196 1454 5262 Quod
1479 5209 1598 5248 cum
1627 5194 1716 5247 Im-

168 5296 340 5353 tissime
368 5300 664 5371 legerimus,
689 5296 942 5352 defuisset
964 5292 1115 5348 nobis
1136 5299 1278 5344 certe
1301 5288 1399 5341 ista
1417 5286 1617 5350 laetitia,
1645 5286 1709 5351 si,

170 5396 213 5440 ut
236 5392 515 5458 optavimus
541 5391 871 5458 maximeque
899 5384 1178 5446 voluimus,
1225 5380 1328 5435 cito
1371 5379 1434 5432 ad
1484 5386 1715 5433 vestram

169 5478 478 5534 Sanctitatem
524 5491 709 5535 nostra:
755 5478 942 5532 littera:
984 5478 1362 5545 permcasscnt.
1404 5468 1551 5522 Nunc
1588 5481 1715 5521 vero

222 5592 491 5643 'Emendata
514 5600 585 5643 est
604 5592 724 5642 adn.
748 5591 831 5653 bg.
854 5588 925 5638 bl.
944 5589 1030 5653 bo.
1056 5598 1101 5635 c.
1125 5598 1194 5635 cc.
1222 5583 1271 5632 ff.
1297 5596 1356 5653 g._
1373 5595 1454 5653 gv.
1475 5581 1592 5653 j._n._
1611 5592 1713 5653 r._s.

173 5656 285 5760 toto.
318 5642 391 5706 rd.
415 5657 539 5704 ducs
556 5642 597 5704 ε.
619 5654 743 5705 duos
774 5642 849 5702 ξι).
874 5652 1090 5715 quinque
1127 5660 1173 5695 v.
1213 5652 1266 5696 et
1300 5642 1359 5693 ad
1635 5647 1712 5691 Er.

225 5726 261 5761 r.

176 5776 494 5887 m(ﬂ%liti53i
507 5790 519 5826 :
532 5792 633 5843 quae
650 5785 815 5829 autem
835 5775 891 5827 51
919 5779 1043 5833 erat,
1066 5783 1195 5822 nunc
1208 5768 1285 5821 ὕ.
1309 5768 1489 5830 Scripta
1511 5767 1715 5819 ineunte

1813 3542 1868 3590 et
1892 3534 2007 3588 haec
2033 3534 2229 3589 habere
2271 3536 2486 3605 scripta,
2519 3543 2571 3592 et
2595 3536 2682 3591 illa
2714 3551 2930 3607 sperare
2970 3538 3245 3607 rescripta,
3268 3551 3401 3606 gau-

1813 3628 1902 3682 dio
1928 3628 2275 3683 cumulatiore
2300 3628 2545 3685 delectat.
2577 3630 2649 3685 lta
2678 3645 2775 3686 nec
2807 3640 2985 3686 nostra
3005 3633 3156 3703 culpa
3186 3644 3404 3687 accusa-

1813 3720 1859 3775 ri
1890 3728 2085 3789 potest,
2117 3728 2171 3775 et
2200 3721 2406 3776 Domini
2431 3721 2625 3792 largior
2658 3722 2954 3794 benignitas
2983 3723 3107 3778 fecit
3125 3721 3265 3793 quod
3310 3736 3406 3778 no-

1815 3819 1926 3867 stro
1951 3810 2218 3866 desiderio
2243 3811 2627 3868 conducibilius
2654 3828 2775 3870 esse
2799 3813 3072 3885 judicavit.

1884 3902 1938 3956 2.
1965 3901 2187 3958 Sanctos
2210 3902 2400 3958 fratres
2425 3904 2723 3959 Romanum
2752 3913 2807 3959 et
2846 3905 3076 3975 Agilem,
3107 3905 3263 3959 aliam
3293 3904 3405 3975 epi-

1813 3993 2004 4048 stolam
2031 4004 2280 4060 vestram,
2309 3994 2611 4051 audientem
2635 4010 2793 4050 voces
2819 4004 2978 4063 atque
3005 3994 3406 4055 reddentem.et

1814 4084 2180 4138 suavissimam
2206 4094 2410 4154 partem
2443 4097 2632 4141 vestrae
2662 4087 2978 4156 praesentiae,
3010 4085 3104 4140 sed
3129 4102 3231 4156 qua
3254 4087 3404 4141 vobis

1813 4173 2049 4228 visendis
2087 4174 2413 4229 inltiaremus
2457 4177 2681 4239 avidius,
2714 4192 2832 4230 cum
2882 4191 3069 4244 magna
3102 4179 3152 4231 in
3178 4176 3404 4233 Domino

1809 4265 2138 4337 jucunditatc
2165 4268 2512 4337 suscepimus.
2552 4268 2722 4334 Unde,
2755 4278 2847 4323 aut
2882 4268 3114 4340 quando,
3147 4278 3238 4323 aut
3275 4284 3408 4340 quo-

1813 4357 1974 4413 modo
1999 4358 2081 4412 vel
2107 4374 2199 4414 vos
2228 4368 2501 4429 praestare,
2533 4359 2617 4415 vel
2652 4374 2750 4414 nos
2781 4374 3059 4430 possemus
3089 4361 3321 4430 exigere,
3350 4370 3408 4416 ut

1815 4466 1913 4505 nos
1941 4449 2007 4505 de
2040 4450 2190 4504 vobis
2215 4458 2356 4505 tanta
2386 4450 2664 4506 scribendo
2683 4451 2966 4518 doceretis,
2995 4461 3191 4522 quanta
3217 4466 3404 4508 eorum

1815 4555 1909 4596 ore
1939 4539 2253 4595 didicimus?
2281 4539 2477 4596 Aderat
2498 4542 2679 4608 etiam,
2714 4541 2854 4612 quod
2871 4541 3004 4596 nulli
3027 4542 3224 4597 chartae
3247 4541 3402 4598 ades-

1816 4649 1874 4689 se
1916 4644 2108 4703 potest,
2160 4642 2362 4688 tantum
2406 4634 2459 4688 in
2505 4635 2844 4690 narrantibus
2884 4634 3151 4706 gaudium,
3203 4643 3259 4690 ut
3306 4650 3401 4705 per

1818 4726 1987 4794 ipsum
2020 4725 2177 4778 etiam
2226 4724 2427 4779 vultum
2468 4726 2756 4796 oculosque
2788 4726 3116 4796 loquentium
3141 4767 3155 4791 ,
3210 4726 3305 4781 v'os
3350 4726 3405 4782 in

1818 4814 2066 4870 cordibus
2090 4830 2274 4869 eorum
2302 4816 2530 4885 scriptos
2557 4832 2676 4870 cum
2709 4816 2959 4872 ineffabili
2987 4817 3162 4871 laetitia
3201 4817 3407 4887 legere-

1819 4921 1956 4960 mus.
1987 4906 2099 4961 Hoc
2120 4923 2327 4977 quoque
2358 4908 2585 4978 amplius
2611 4918 2747 4976 erat,
2779 4908 2918 4978 quod
2946 4909 3132 4979 pagina
3162 4910 3410 4980 quaelibet

1819 5009 2242 5069 quantacumque
2269 5000 2405 5053 bona
2431 5002 2625 5071 scripta
2656 5004 2943 5067 contineat,
2976 5002 3105 5057 nihil
3147 5004 3257 5075 ipsa
3290 5021 3412 5075 pro-

1821 5090 1948 5155 licit,
1976 5091 2216 5158 quamvis
2246 5090 2311 5144 ad
2337 5092 2627 5160 profectum
2658 5092 2951 5161 explicetur
2975 5093 3198 5148 aliorum
3227 5112 3239 5150 :
3271 5095 3408 5149 hanc

1820 5189 1996 5234 autem
2024 5181 2299 5249 epistolam
2332 5191 2582 5248 vestram,
2607 5182 2893 5238 fraternam
2925 5184 3126 5240 scilicet
3152 5186 3405 5251 animam,

1821 5271 1898 5325 sic
1934 5270 1984 5323 in
2029 5286 2211 5324 eorum
2261 5272 2524 5341 colloquio
2570 5272 2895 5342 legebamus,
2940 5283 2998 5329 ut
3036 5286 3181 5331 tanto
3206 5275 3410 5330 beatior

1820 5371 2096 5429 appareret
2114 5360 2285 5428 nobis,
2303 5371 2501 5432 quanto
2518 5362 2728 5417 uberius
2742 5366 3039 5434 conscripta
3061 5372 3201 5419 esset
3223 5378 3287 5417 ex
3315 5378 3409 5417 vo-

1819 5450 1922 5505 bis.
1972 5450 2151 5520 ltaque
2182 5451 2325 5506 illam
2368 5451 2435 5507 ad
2473 5452 2710 5523 ejusdem
2742 5454 3007 5511 beatitatis
3037 5454 3405 5523 imitationem,

1821 5542 2208 5598 studiosissime
2235 5543 2302 5599 de
2332 5544 2482 5599 vobis
2508 5546 2683 5601 omnia
2705 5543 3115 5617 percunctando,
3147 5544 3201 5602 in
3228 5554 3409 5605 nostra

1820 5634 1981 5689 corda
2012 5635 2458 5705 transcripsimus.

1892 5728 1944 5781 '5.
1976 5725 2085 5781 Nec
2124 5726 2245 5783 ideo
2288 5737 2464 5784 tamen
2492 5743 2585 5784 eos
2614 5738 2719 5783 tam
2746 5728 2851 5783 cito
2890 5745 2918 5783 a
2948 5728 3122 5797 nobis,
3165 5731 3290 5788 licet
3339 5731 3411 5790 ad

1820 5834 1915 5878 vos
1944 5829 2266 5889 remeantes,
2314 5822 2432 5879 sine
2476 5822 2719 5879 molestia
2776 5825 2917 5898 passi
2964 5840 3167 5887 sumus.
3217 5826 3406 5886 Videte
