  <div class='ocr_page' id='page_1' title='image "/cluster/home/n/w/nwhite01/storage/ocr_20150623/33/uva.x000669810/069.png"; bbox 0 0 4054 6412; ppageno 0'>
   <div class='ocr_carea' id='block_1_1' title="bbox 610 511 2196 584">
    <p class='ocr_par' dir='ltr' id='par_1_1' title="bbox 610 511 2196 584">
     <span class='ocr_line' id='line_1_1' title="bbox 610 511 2196 584; baseline -0.003 -15"><span class='ocrx_word' id='word_1_1' title='bbox 610 513 778 583; x_wconf 79' lang='lat' dir='ltr'><strong>enim,</strong></span> <span class='ocrx_word' id='word_1_2' title='bbox 797 526 981 584; x_wconf 64' lang='lat' dir='ltr'><strong>quaso</strong></span> <span class='ocrx_word' id='word_1_3' title='bbox 1001 527 1117 580; x_wconf 71' lang='lat' dir='ltr'><strong>vos,</strong></span> <span class='ocrx_word' id='word_1_4' title='bbox 1137 513 1334 584; x_wconf 75' lang='lat' dir='ltr'><strong>quibus</strong></span> <span class='ocrx_word' id='word_1_5' title='bbox 1355 511 1726 584; x_wconf 70' lang='lat' dir='ltr'><strong>qnaiiebanaur</strong></span> <span class='ocrx_word' id='word_1_6' title='bbox 1742 511 2034 567; x_wconf 78' lang='lat' dir='ltr'><strong>aii‘cetihus.</strong></span> <span class='ocrx_word' id='word_1_7' title='bbox 2055 511 2196 566; x_wconf 70' lang='lat' dir='ltr'><strong>Tan-</strong></span> 
     </span>
    </p>
   </div>
   <div class='ocr_carea' id='block_1_2' title="bbox 607 602 2198 676">
    <p class='ocr_par' dir='ltr' id='par_1_2' title="bbox 607 602 2198 676">
     <span class='ocr_line' id='line_1_2' title="bbox 607 602 2198 676; baseline -0.001 -17"><span class='ocrx_word' id='word_1_8' title='bbox 607 612 669 659; x_wconf 82' lang='lat' dir='ltr'><strong>te</strong></span> <span class='ocrx_word' id='word_1_9' title='bbox 687 605 876 676; x_wconf 67' lang='lat' dir='ltr'><strong>utiqm</strong></span> <span class='ocrx_word' id='word_1_10' title='bbox 894 603 1196 659; x_wconf 78' lang='lat' dir='ltr'><strong>dimittendi</strong></span> <span class='ocrx_word' id='word_1_11' title='bbox 1223 613 1376 660; x_wconf 83' lang='lat' dir='ltr'><strong>erant</strong></span> <span class='ocrx_word' id='word_1_12' title='bbox 1403 605 1659 670; x_wconf 81' lang='lat' dir='ltr'><strong>velocius,</strong></span> <span class='ocrx_word' id='word_1_13' title='bbox 1699 613 1895 674; x_wconf 80' lang='lat' dir='ltr'><strong>quanto</strong></span> <span class='ocrx_word' id='word_1_14' title='bbox 1921 602 2070 657; x_wconf 82' lang='lat' dir='ltr'><strong>vobis</strong></span> <span class='ocrx_word' id='word_1_15' title='bbox 2097 602 2198 657; x_wconf 79' lang='lat' dir='ltr'><strong>im-</strong></span> 
     </span>
    </p>
   </div>
   <div class='ocr_carea' id='block_1_3' title="bbox 611 694 2198 768">
    <p class='ocr_par' dir='ltr' id='par_1_3' title="bbox 611 694 2198 768">
     <span class='ocr_line' id='line_1_3' title="bbox 611 694 2198 768; baseline -0.002 -15"><span class='ocrx_word' id='word_1_16' title='bbox 611 697 831 767; x_wconf 71' lang='lat' dir='ltr'><strong>pensius</strong></span> <span class='ocrx_word' id='word_1_17' title='bbox 859 697 1074 752; x_wconf 77' lang='lat' dir='ltr'><strong>obedire</strong></span> <span class='ocrx_word' id='word_1_18' title='bbox 1107 697 1427 766; x_wconf 79' lang='lat' dir='ltr'><strong>cupiebant;</strong></span> <span class='ocrx_word' id='word_1_19' title='bbox 1450 697 1544 752; x_wconf 84' lang='lat' dir='ltr'><strong>sed</strong></span> <span class='ocrx_word' id='word_1_20' title='bbox 1586 706 1786 768; x_wconf 82' lang='lat' dir='ltr'><strong>quanto</strong></span> <span class='ocrx_word' id='word_1_21' title='bbox 1825 695 1876 750; x_wconf 86' lang='lat' dir='ltr'><strong>id</strong></span> <span class='ocrx_word' id='word_1_22' title='bbox 1916 694 2198 766; x_wconf 79' lang='lat' dir='ltr'><strong>cupiebant</strong></span> 
     </span>
    </p>
   </div>
   <div class='ocr_carea' id='block_1_4' title="bbox 609 789 2198 864">
    <p class='ocr_par' dir='ltr' id='par_1_4' title="bbox 609 789 2198 864">
     <span class='ocr_line' id='line_1_4' title="bbox 609 789 2198 864; baseline 0 -20"><span class='ocrx_word' id='word_1_23' title='bbox 609 790 798 861; x_wconf 83' lang='lat' dir='ltr'><strong>magis,</strong></span> <span class='ocrx_word' id='word_1_24' title='bbox 841 799 988 844; x_wconf 85' lang='lat' dir='ltr'><strong>tanto</strong></span> <span class='ocrx_word' id='word_1_25' title='bbox 1029 803 1126 844; x_wconf 82' lang='lat' dir='ltr'><strong>vos</strong></span> <span class='ocrx_word' id='word_1_26' title='bbox 1166 789 1325 844; x_wconf 88' lang='lat' dir='ltr'><strong>nobis</strong></span> <span class='ocrx_word' id='word_1_27' title='bbox 1372 791 1691 860; x_wconf 48' lang='lat' dir='ltr'><strong>praesentius</strong></span> <span class='ocrx_word' id='word_1_28' title='bbox 1733 789 2050 864; x_wconf 82' lang='lat' dir='ltr'><strong>exhibebant</strong></span> <span class='ocrx_word' id='word_1_29' title='bbox 2083 807 2096 841; x_wconf 87' lang='lat'>:</span> <span class='ocrx_word' id='word_1_30' title='bbox 2128 803 2198 844; x_wconf 87' lang='lat' dir='ltr'><strong>eo</strong></span> 
     </span>
    </p>
   </div>
   <div class='ocr_carea' id='block_1_5' title="bbox 610 866 2194 962">
    <p class='ocr_par' dir='ltr' id='par_1_5' title="bbox 610 866 2194 962">
     <span class='ocr_line' id='line_1_5' title="bbox 610 866 2194 962; baseline 0 -27"><span class='ocrx_word' id='word_1_31' title='bbox 610 882 808 952; x_wconf 80' lang='lat' dir='ltr'><strong>quippe</strong></span> <span class='ocrx_word' id='word_1_32' title='bbox 843 882 1146 937; x_wconf 74' lang='lat' dir='ltr'><strong>indicabant</strong></span> <span class='ocrx_word' id='word_1_33' title='bbox 1191 897 1347 952; x_wconf 87' lang='lat' dir='ltr'><strong>quam</strong></span> <span class='ocrx_word' id='word_1_34' title='bbox 1381 882 1540 936; x_wconf 83' lang='lat' dir='ltr'><strong>chara</strong></span> <span class='ocrx_word' id='word_1_35' title='bbox 1562 891 1738 937; x_wconf 83' lang='lat' dir='ltr'><strong>vestra</strong></span> <span class='ocrx_word' id='word_1_36' title='bbox 1759 866 1962 962; x_wconf 69' lang='lat' dir='ltr'><strong>viscera</strong></span> <span class='ocrx_word' id='word_1_37' title='bbox 1981 891 2194 945; x_wconf 80' lang='lat' dir='ltr'><strong>essent;</strong></span> 
     </span>
    </p>
   </div>
   <div class='ocr_carea' id='block_1_6' title="bbox 607 957 2194 1044">
    <p class='ocr_par' dir='ltr' id='par_1_6' title="bbox 607 957 2194 1044">
     <span class='ocr_line' id='line_1_6' title="bbox 607 957 2194 1044; baseline 0.001 -18"><span class='ocrx_word' id='word_1_38' title='bbox 607 980 756 1026; x_wconf 83' lang='lat' dir='ltr'><strong>tanto</strong></span> <span class='ocrx_word' id='word_1_39' title='bbox 795 973 952 1043; x_wconf 82' lang='lat' dir='ltr'><strong>igitur</strong></span> <span class='ocrx_word' id='word_1_40' title='bbox 978 987 1074 1027; x_wconf 89' lang='lat' dir='ltr'><strong>eos</strong></span> <span class='ocrx_word' id='word_1_41' title='bbox 1117 973 1292 1027; x_wconf 85' lang='lat' dir='ltr'><strong>minus</strong></span> <span class='ocrx_word' id='word_1_42' title='bbox 1335 971 1600 1028; x_wconf 90' lang='lat' dir='ltr'><strong>dimittere</strong></span> <span class='ocrx_word' id='word_1_43' title='bbox 1629 957 1955 1037; x_wconf 75' lang='lat' dir='ltr'><strong>volebamus,</strong></span> <span class='ocrx_word' id='word_1_44' title='bbox 1995 981 2194 1044; x_wconf 82' lang='lat' dir='ltr'><strong>quanto</strong></span> 
     </span>
    </p>
   </div>
   <div class='ocr_carea' id='block_1_7' title="bbox 605 1063 2192 1133">
    <p class='ocr_par' dir='ltr' id='par_1_7' title="bbox 605 1063 2192 1133">
     <span class='ocr_line' id='line_1_7' title="bbox 605 1063 2192 1133; baseline 0 -15"><span class='ocrx_word' id='word_1_45' title='bbox 605 1063 800 1133; x_wconf 75' lang='lat' dir='ltr'><strong>jusuus</strong></span> <span class='ocrx_word' id='word_1_46' title='bbox 826 1073 884 1119; x_wconf 89' lang='lat' dir='ltr'><strong>ut</strong></span> <span class='ocrx_word' id='word_1_47' title='bbox 907 1065 1299 1120; x_wconf 74' lang='lat' dir='ltr'><strong>dimitterentur</strong></span> <span class='ocrx_word' id='word_1_48' title='bbox 1333 1065 1616 1119; x_wconf 77' lang='lat' dir='ltr'><strong>instabant.</strong></span> <span class='ocrx_word' id='word_1_49' title='bbox 1640 1064 1685 1120; x_wconf 87' lang='lat'><strong>0</strong></span> <span class='ocrx_word' id='word_1_50' title='bbox 1711 1081 1824 1120; x_wconf 86' lang='lat' dir='ltr'><strong>rem</strong></span> <span class='ocrx_word' id='word_1_51' title='bbox 1863 1080 1970 1118; x_wconf 87' lang='lat' dir='ltr'><strong>non</strong></span> <span class='ocrx_word' id='word_1_52' title='bbox 2018 1064 2192 1118; x_wconf 87' lang='lat' dir='ltr'><strong>feren-</strong></span> 
     </span>
    </p>
   </div>
   <div class='ocr_carea' id='block_1_8' title="bbox 609 1139 2190 1223">
    <p class='ocr_par' dir='ltr' id='par_1_8' title="bbox 609 1139 2190 1223">
     <span class='ocr_line' id='line_1_8' title="bbox 609 1139 2190 1223; baseline -0.001 -13"><span class='ocrx_word' id='word_1_53' title='bbox 609 1153 754 1221; x_wconf 78' lang='lat' dir='ltr'><strong>dam,</strong></span> <span class='ocrx_word' id='word_1_54' title='bbox 777 1139 876 1210; x_wconf 87' lang='lat' dir='ltr'><strong>nisi</strong></span> <span class='ocrx_word' id='word_1_55' title='bbox 898 1171 927 1209; x_wconf 86' lang='lat' dir='ltr'><strong>a</strong></span> <span class='ocrx_word' id='word_1_56' title='bbox 959 1157 1110 1210; x_wconf 84' lang='lat' dir='ltr'><strong>nobis</strong></span> <span class='ocrx_word' id='word_1_57' title='bbox 1133 1157 1230 1210; x_wconf 87' lang='lat' dir='ltr'><strong>ista</strong></span> <span class='ocrx_word' id='word_1_58' title='bbox 1278 1156 1607 1211; x_wconf 70' lang='lat' dir='ltr'><strong>discessione</strong></span> <span class='ocrx_word' id='word_1_59' title='bbox 1643 1171 1747 1211; x_wconf 86' lang='lat' dir='ltr'><strong>non</strong></span> <span class='ocrx_word' id='word_1_60' title='bbox 1773 1156 2190 1223; x_wconf 79' lang='lat' dir='ltr'><strong>discederemus,</strong></span> 
     </span>
    </p>
   </div>
   <div class='ocr_carea' id='block_1_9' title="bbox 610 1247 2196 1316">
    <p class='ocr_par' dir='ltr' id='par_1_9' title="bbox 610 1247 2196 1316">
     <span class='ocr_line' id='line_1_9' title="bbox 610 1247 2196 1316; baseline 0.001 -15"><span class='ocrx_word' id='word_1_61' title='bbox 610 1248 710 1302; x_wconf 79' lang='lat' dir='ltr'><strong>nisi</strong></span> <span class='ocrx_word' id='word_1_62' title='bbox 747 1248 898 1303; x_wconf 74' lang='lat' dir='ltr'><strong>unius</strong></span> <span class='ocrx_word' id='word_1_63' title='bbox 939 1265 1160 1303; x_wconf 73' lang='lat' dir='ltr'><strong>essentne</strong></span> <span class='ocrx_word' id='word_1_64' title='bbox 1186 1250 1414 1316; x_wconf 75' lang='lat' dir='ltr'><strong>corporis</strong></span> <span class='ocrx_word' id='word_1_65' title='bbox 1437 1249 1678 1313; x_wconf 62' lang='lat' dir='ltr'><strong>memora,</strong></span> <span class='ocrx_word' id='word_1_66' title='bbox 1719 1265 1876 1302; x_wconf 76' lang='lat' dir='ltr'><strong>unum</strong></span> <span class='ocrx_word' id='word_1_67' title='bbox 1905 1247 2196 1302; x_wconf 70' lang='lat' dir='ltr'><strong>haberemus</strong></span> 
     </span>
    </p>
   </div>
   <div class='ocr_carea' id='block_1_10' title="bbox 606 1342 2197 1412">
    <p class='ocr_par' dir='ltr' id='par_1_10' title="bbox 606 1342 2197 1412">
     <span class='ocr_line' id='line_1_10' title="bbox 606 1342 2197 1412; baseline 0 -18"><span class='ocrx_word' id='word_1_68' title='bbox 606 1351 776 1411; x_wconf 76' lang='lat' dir='ltr'><strong>caput,</strong></span> <span class='ocrx_word' id='word_1_69' title='bbox 810 1357 910 1395; x_wconf 82' lang='lat' dir='ltr'><strong>una</strong></span> <span class='ocrx_word' id='word_1_70' title='bbox 940 1342 1355 1411; x_wconf 78' lang='lat' dir='ltr'><strong>perfunderemur</strong></span> <span class='ocrx_word' id='word_1_71' title='bbox 1391 1343 1575 1412; x_wconf 73' lang='lat' dir='ltr'><strong>gratia,</strong></span> <span class='ocrx_word' id='word_1_72' title='bbox 1620 1359 1720 1396; x_wconf 81' lang='lat' dir='ltr'><strong>uno</strong></span> <span class='ocrx_word' id='word_1_73' title='bbox 1748 1360 1878 1412; x_wconf 83' lang='lat' dir='ltr'><strong>pane</strong></span> <span class='ocrx_word' id='word_1_74' title='bbox 1903 1343 2197 1408; x_wconf 70' lang='lat' dir='ltr'><strong>viveremus,</strong></span> 
     </span>
    </p>
   </div>
   <div class='ocr_carea' id='block_1_11' title="bbox 605 1432 2198 1496">
    <p class='ocr_par' dir='ltr' id='par_1_11' title="bbox 605 1432 2198 1496">
     <span class='ocr_line' id='line_1_11' title="bbox 605 1432 2198 1496; baseline 0.002 -11"><span class='ocrx_word' id='word_1_75' title='bbox 605 1448 708 1485; x_wconf 80' lang='lat' dir='ltr'><strong>una</strong></span> <span class='ocrx_word' id='word_1_76' title='bbox 751 1433 1092 1487; x_wconf 73' lang='lat' dir='ltr'><strong>incedet-emus</strong></span> <span class='ocrx_word' id='word_1_77' title='bbox 1127 1435 1224 1496; x_wconf 71' lang='lat' dir='ltr'><strong>via,</strong></span> <span class='ocrx_word' id='word_1_78' title='bbox 1272 1436 1443 1488; x_wconf 75' lang='lat' dir='ltr'><strong>eadem</strong></span> <span class='ocrx_word' id='word_1_79' title='bbox 1490 1435 1825 1488; x_wconf 69' lang='lat' dir='ltr'><strong>habitantum</strong></span> <span class='ocrx_word' id='word_1_80' title='bbox 1865 1435 2052 1488; x_wconf 77' lang='lat' dir='ltr'><strong>domo!</strong></span> <span class='ocrx_word' id='word_1_81' title='bbox 2089 1432 2198 1488; x_wconf 83' lang='lat' dir='ltr'><strong>Cur</strong></span> 
     </span>
    </p>
   </div>
   <div class='ocr_carea' id='block_1_12' title="bbox 605 1525 2193 1597">
    <p class='ocr_par' dir='ltr' id='par_1_12' title="bbox 605 1525 2193 1597">
     <span class='ocr_line' id='line_1_12' title="bbox 605 1525 2193 1597; baseline 0.001 -18"><span class='ocrx_word' id='word_1_82' title='bbox 605 1525 748 1579; x_wconf 88' lang='lat' dir='ltr'><strong>enim</strong></span> <span class='ocrx_word' id='word_1_83' title='bbox 775 1538 882 1577; x_wconf 82' lang='lat' dir='ltr'><strong>non</strong></span> <span class='ocrx_word' id='word_1_84' title='bbox 914 1525 1116 1579; x_wconf 83' lang='lat' dir='ltr'><strong>eisdem</strong></span> <span class='ocrx_word' id='word_1_85' title='bbox 1143 1525 1300 1580; x_wconf 82' lang='lat' dir='ltr'><strong>etiam</strong></span> <span class='ocrx_word' id='word_1_86' title='bbox 1325 1527 1499 1580; x_wconf 83' lang='lat' dir='ltr'><strong>verbis</strong></span> <span class='ocrx_word' id='word_1_87' title='bbox 1521 1529 1826 1582; x_wconf 72' lang='lat' dir='ltr'><strong>uteremur?</strong></span> <span class='ocrx_word' id='word_1_88' title='bbox 1856 1525 2156 1597; x_wconf 69' lang='lat' dir='ltr'><strong>Agnoscitis</strong></span> <span class='ocrx_word' id='word_1_89' title='bbox 2175 1527 2193 1558; x_wconf 81' lang='grc'>¹</span> 
     </span>
    </p>
   </div>
   <div class='ocr_carea' id='block_1_13' title="bbox 605 1617 2197 1691">
    <p class='ocr_par' dir='ltr' id='par_1_13' title="bbox 605 1617 2197 1691">
     <span class='ocr_line' id='line_1_13' title="bbox 605 1617 2197 1691; baseline 0.001 -20"><span class='ocrx_word' id='word_1_90' title='bbox 605 1617 770 1682; x_wconf 91' lang='lat' dir='ltr'><strong>enim,</strong></span> <span class='ocrx_word' id='word_1_91' title='bbox 797 1617 978 1684; x_wconf 85' lang='lat' dir='ltr'><strong>credo,</strong></span> <span class='ocrx_word' id='word_1_92' title='bbox 1014 1617 1125 1671; x_wconf 68' lang='lat' dir='ltr'><strong>haec</strong></span> <span class='ocrx_word' id='word_1_93' title='bbox 1149 1633 1266 1672; x_wconf 86' lang='lat' dir='ltr'><strong>esse</strong></span> <span class='ocrx_word' id='word_1_94' title='bbox 1286 1635 1352 1672; x_wconf 88' lang='lat' dir='ltr'><strong>ex</strong></span> <span class='ocrx_word' id='word_1_95' title='bbox 1382 1619 1605 1690; x_wconf 87' lang='lat' dir='ltr'><strong>epistola</strong></span> <span class='ocrx_word' id='word_1_96' title='bbox 1631 1627 1808 1673; x_wconf 88' lang='lat' dir='ltr'><strong>vestra</strong></span> <span class='ocrx_word' id='word_1_97' title='bbox 1839 1619 1937 1691; x_wconf 85' lang='grc' dir='ltr'><strong>(α).</strong></span> <span class='ocrx_word' id='word_1_98' title='bbox 1969 1617 2075 1674; x_wconf 88' lang='lat' dir='ltr'><strong>Sed</strong></span> <span class='ocrx_word' id='word_1_99' title='bbox 2103 1633 2197 1673; x_wconf 91' lang='lat' dir='ltr'><strong>cur</strong></span> 
     </span>
    </p>
   </div>
   <div class='ocr_carea' id='block_1_14' title="bbox 603 1706 2196 1778">
    <p class='ocr_par' dir='ltr' id='par_1_14' title="bbox 603 1706 2196 1778">
     <span class='ocr_line' id='line_1_14' title="bbox 603 1706 2196 1778; baseline 0.002 -19"><span class='ocrx_word' id='word_1_100' title='bbox 603 1706 778 1777; x_wconf 80' lang='lat' dir='ltr'><strong>potius</strong></span> <span class='ocrx_word' id='word_1_101' title='bbox 819 1706 935 1760; x_wconf 73' lang='lat' dir='ltr'><strong>inec</strong></span> <span class='ocrx_word' id='word_1_102' title='bbox 983 1716 1156 1761; x_wconf 88' lang='lat' dir='ltr'><strong>vestra</strong></span> <span class='ocrx_word' id='word_1_103' title='bbox 1189 1711 1293 1762; x_wconf 89' lang='lat' dir='ltr'><strong>sint</strong></span> <span class='ocrx_word' id='word_1_104' title='bbox 1321 1708 1479 1762; x_wconf 86' lang='lat' dir='ltr'><strong>verba</strong></span> <span class='ocrx_word' id='word_1_105' title='bbox 1507 1723 1666 1778; x_wconf 87' lang='lat' dir='ltr'><strong>quam</strong></span> <span class='ocrx_word' id='word_1_106' title='bbox 1703 1723 1842 1772; x_wconf 84' lang='lat' dir='ltr'><strong>mea,</strong></span> <span class='ocrx_word' id='word_1_107' title='bbox 1872 1723 1989 1778; x_wconf 67' lang='lat' dir='ltr'><strong>quae</strong></span> <span class='ocrx_word' id='word_1_108' title='bbox 2018 1707 2196 1776; x_wconf 82' lang='lat' dir='ltr'><strong>utique</strong></span> 
     </span>
    </p>
   </div>
   <div class='ocr_carea' id='block_1_15' title="bbox 603 1797 2196 1869">
    <p class='ocr_par' dir='ltr' id='par_1_15' title="bbox 603 1797 2196 1869">
     <span class='ocr_line' id='line_1_15' title="bbox 603 1797 2196 1869; baseline 0.001 -19"><span class='ocrx_word' id='word_1_109' title='bbox 603 1811 761 1866; x_wconf 89' lang='lat' dir='ltr'><strong>quam</strong></span> <span class='ocrx_word' id='word_1_110' title='bbox 786 1811 912 1851; x_wconf 76' lang='lat' dir='ltr'><strong>vera</strong></span> <span class='ocrx_word' id='word_1_111' title='bbox 943 1807 1084 1861; x_wconf 88' lang='lat' dir='ltr'><strong>sunt,</strong></span> <span class='ocrx_word' id='word_1_112' title='bbox 1122 1805 1226 1851; x_wconf 85' lang='lat' dir='ltr'><strong>tam</strong></span> <span class='ocrx_word' id='word_1_113' title='bbox 1260 1797 1411 1852; x_wconf 89' lang='lat' dir='ltr'><strong>nobis</strong></span> <span class='ocrx_word' id='word_1_114' title='bbox 1441 1799 1509 1853; x_wconf 84' lang='lat' dir='ltr'><strong>ab</strong></span> <span class='ocrx_word' id='word_1_115' title='bbox 1547 1798 1787 1869; x_wconf 87' lang='lat' dir='ltr'><strong>ejusdem</strong></span> <span class='ocrx_word' id='word_1_116' title='bbox 1815 1798 2004 1868; x_wconf 82' lang='lat' dir='ltr'><strong>capitis</strong></span> <span class='ocrx_word' id='word_1_117' title='bbox 2045 1813 2196 1852; x_wconf 85' lang='lat' dir='ltr'><strong>com-</strong></span> 
     </span>
    </p>
   </div>
   <div class='ocr_carea' id='block_1_16' title="bbox 605 1887 2199 1961">
    <p class='ocr_par' dir='ltr' id='par_1_16' title="bbox 605 1887 2199 1961">
     <span class='ocr_line' id='line_1_16' title="bbox 605 1887 2199 1961; baseline 0.003 -21"><span class='ocrx_word' id='word_1_118' title='bbox 605 1887 859 1942; x_wconf 85' lang='lat' dir='ltr'><strong>munione</strong></span> <span class='ocrx_word' id='word_1_119' title='bbox 881 1889 1231 1958; x_wconf 78' lang='lat' dir='ltr'><strong>proveniunt?</strong></span> <span class='ocrx_word' id='word_1_120' title='bbox 1262 1889 1328 1942; x_wconf 84' lang='lat' dir='ltr'><strong>Et</strong></span> <span class='ocrx_word' id='word_1_121' title='bbox 1348 1890 1604 1960; x_wconf 83' lang='lat' dir='ltr'><strong>sialiqnid</strong></span> <span class='ocrx_word' id='word_1_122' title='bbox 1634 1889 1904 1961; x_wconf 86' lang='lat' dir='ltr'><strong>proprium</strong></span> <span class='ocrx_word' id='word_1_123' title='bbox 1936 1890 2086 1944; x_wconf 83' lang='lat' dir='ltr'><strong>vobis</strong></span> <span class='ocrx_word' id='word_1_124' title='bbox 2112 1889 2199 1944; x_wconf 86' lang='lat' dir='ltr'><strong>do-</strong></span> 
     </span>
    </p>
   </div>
   <div class='ocr_carea' id='block_1_17' title="bbox 605 1978 2199 2051">
    <p class='ocr_par' dir='ltr' id='par_1_17' title="bbox 605 1978 2199 2051">
     <span class='ocr_line' id='line_1_17' title="bbox 605 1978 2199 2051; baseline 0.002 -19"><span class='ocrx_word' id='word_1_125' title='bbox 605 1987 788 2033; x_wconf 87' lang='lat' dir='ltr'><strong>natum</strong></span> <span class='ocrx_word' id='word_1_126' title='bbox 817 1978 1028 2045; x_wconf 83' lang='lat' dir='ltr'><strong>habent,</strong></span> <span class='ocrx_word' id='word_1_127' title='bbox 1061 1989 1204 2034; x_wconf 88' lang='lat' dir='ltr'><strong>tanto</strong></span> <span class='ocrx_word' id='word_1_128' title='bbox 1231 1981 1397 2051; x_wconf 86' lang='lat' dir='ltr'><strong>magis</strong></span> <span class='ocrx_word' id='word_1_129' title='bbox 1427 1996 1487 2036; x_wconf 89' lang='lat' dir='ltr'><strong>ea</strong></span> <span class='ocrx_word' id='word_1_130' title='bbox 1519 1981 1595 2036; x_wconf 82' lang='lat' dir='ltr'><strong>sic</strong></span> <span class='ocrx_word' id='word_1_131' title='bbox 1619 1981 1800 2046; x_wconf 82' lang='lat' dir='ltr'><strong>dilexi,</strong></span> <span class='ocrx_word' id='word_1_132' title='bbox 1822 1989 1880 2036; x_wconf 90' lang='lat' dir='ltr'><strong>ut</strong></span> <span class='ocrx_word' id='word_1_133' title='bbox 1894 1980 2199 2035; x_wconf 87' lang='lat' dir='ltr'><strong>obsiderent</strong></span> 
     </span>
    </p>
   </div>
   <div class='ocr_carea' id='block_1_18' title="bbox 609 2072 2196 2144">
    <p class='ocr_par' dir='ltr' id='par_1_18' title="bbox 609 2072 2196 2144">
     <span class='ocr_line' id='line_1_18' title="bbox 609 2072 2196 2144; baseline 0.001 -19"><span class='ocrx_word' id='word_1_134' title='bbox 609 2072 750 2126; x_wconf 85' lang='lat' dir='ltr'><strong>viam</strong></span> <span class='ocrx_word' id='word_1_135' title='bbox 797 2073 1026 2143; x_wconf 83' lang='lat' dir='ltr'><strong>pectoris</strong></span> <span class='ocrx_word' id='word_1_136' title='bbox 1055 2073 1179 2140; x_wconf 84' lang='lat' dir='ltr'><strong>mei,</strong></span> <span class='ocrx_word' id='word_1_137' title='bbox 1213 2089 1386 2144; x_wconf 87' lang='lat' dir='ltr'><strong>neque</strong></span> <span class='ocrx_word' id='word_1_138' title='bbox 1415 2089 1442 2126; x_wconf 89' lang='lat' dir='ltr'><strong>a</strong></span> <span class='ocrx_word' id='word_1_139' title='bbox 1473 2075 1639 2129; x_wconf 89' lang='lat' dir='ltr'><strong>corde</strong></span> <span class='ocrx_word' id='word_1_140' title='bbox 1669 2073 1734 2127; x_wconf 91' lang='lat' dir='ltr'><strong>ad</strong></span> <span class='ocrx_word' id='word_1_141' title='bbox 1764 2074 1995 2144; x_wconf 83' lang='lat' dir='ltr'><strong>linguam</strong></span> <span class='ocrx_word' id='word_1_142' title='bbox 2023 2087 2196 2127; x_wconf 92' lang='lat' dir='ltr'><strong>meam</strong></span> 
     </span>
    </p>
   </div>
   <div class='ocr_carea' id='block_1_19' title="bbox 607 2163 2198 2237">
    <p class='ocr_par' dir='ltr' id='par_1_19' title="bbox 607 2163 2198 2237">
     <span class='ocr_line' id='line_1_19' title="bbox 607 2163 2198 2237; baseline 0.001 -19"><span class='ocrx_word' id='word_1_143' title='bbox 607 2163 765 2220; x_wconf 87' lang='lat' dir='ltr'><strong>verba</strong></span> <span class='ocrx_word' id='word_1_144' title='bbox 805 2166 1031 2220; x_wconf 88' lang='lat' dir='ltr'><strong>transire</strong></span> <span class='ocrx_word' id='word_1_145' title='bbox 1060 2167 1316 2234; x_wconf 87' lang='lat' dir='ltr'><strong>sinerent,</strong></span> <span class='ocrx_word' id='word_1_146' title='bbox 1355 2167 1525 2222; x_wconf 90' lang='lat' dir='ltr'><strong>donec</strong></span> <span class='ocrx_word' id='word_1_147' title='bbox 1557 2176 1702 2221; x_wconf 86' lang='lat' dir='ltr'><strong>tanto</strong></span> <span class='ocrx_word' id='word_1_148' title='bbox 1729 2167 1902 2236; x_wconf 85' lang='lat' dir='ltr'><strong>priora</strong></span> <span class='ocrx_word' id='word_1_149' title='bbox 1929 2168 1972 2230; x_wconf 81' lang='lat'><strong>&#39;,</strong></span> <span class='ocrx_word' id='word_1_150' title='bbox 2000 2173 2198 2237; x_wconf 89' lang='lat' dir='ltr'><strong>quanto</strong></span> 
     </span>
    </p>
   </div>
   <div class='ocr_carea' id='block_1_20' title="bbox 607 2256 2195 2328">
    <p class='ocr_par' dir='ltr' id='par_1_20' title="bbox 607 2256 2195 2328">
     <span class='ocr_line' id='line_1_20' title="bbox 607 2256 2195 2328; baseline 0.001 -17"><span class='ocrx_word' id='word_1_151' title='bbox 607 2264 730 2311; x_wconf 90' lang='lat' dir='ltr'><strong>sunt</strong></span> <span class='ocrx_word' id='word_1_152' title='bbox 756 2265 953 2323; x_wconf 86' lang='lat' dir='ltr'><strong>vestra,</strong></span> <span class='ocrx_word' id='word_1_153' title='bbox 972 2256 1342 2328; x_wconf 87' lang='lat' dir='ltr'><strong>procederent.</strong></span> <span class='ocrx_word' id='word_1_154' title='bbox 1366 2258 1544 2314; x_wconf 80' lang='lat' dir='ltr'><strong>Sancti</strong></span> <span class='ocrx_word' id='word_1_155' title='bbox 1572 2258 1761 2313; x_wconf 78' lang='lat' dir='ltr'><strong>fratres</strong></span> <span class='ocrx_word' id='word_1_156' title='bbox 1787 2270 1839 2314; x_wconf 89' lang='lat' dir='ltr'><strong>et</strong></span> <span class='ocrx_word' id='word_1_157' title='bbox 1867 2257 2045 2313; x_wconf 89' lang='lat' dir='ltr'><strong>dilecti</strong></span> <span class='ocrx_word' id='word_1_158' title='bbox 2067 2258 2195 2324; x_wconf 90' lang='lat' dir='ltr'><strong>Deo,</strong></span> 
     </span>
    </p>
   </div>
   <div class='ocr_carea' id='block_1_21' title="bbox 608 2348 2201 2420">
    <p class='ocr_par' dir='ltr' id='par_1_21' title="bbox 608 2348 2201 2420">
     <span class='ocr_line' id='line_1_21' title="bbox 608 2348 2201 2420; baseline 0.001 -19"><span class='ocrx_word' id='word_1_159' title='bbox 608 2357 896 2420; x_wconf 89' lang='lat' dir='ltr'><strong>nostraque</strong></span> <span class='ocrx_word' id='word_1_160' title='bbox 923 2348 1146 2404; x_wconf 89' lang='lat' dir='ltr'><strong>invicem</strong></span> <span class='ocrx_word' id='word_1_161' title='bbox 1175 2349 1433 2413; x_wconf 83' lang='lat' dir='ltr'><strong>membra,</strong></span> <span class='ocrx_word' id='word_1_162' title='bbox 1465 2351 1582 2420; x_wconf 84' lang='lat' dir='ltr'><strong>quis</strong></span> <span class='ocrx_word' id='word_1_163' title='bbox 1608 2349 1812 2406; x_wconf 86' lang='lat' dir='ltr'><strong>dubitet</strong></span> <span class='ocrx_word' id='word_1_164' title='bbox 1836 2366 1935 2405; x_wconf 89' lang='lat' dir='ltr'><strong>nos</strong></span> <span class='ocrx_word' id='word_1_165' title='bbox 1963 2364 2070 2404; x_wconf 91' lang='lat' dir='ltr'><strong>uno</strong></span> <span class='ocrx_word' id='word_1_166' title='bbox 2094 2349 2201 2420; x_wconf 78' lang='lat' dir='ltr'><strong>spl-</strong></span> 
     </span>
    </p>
   </div>
   <div class='ocr_carea' id='block_1_22' title="bbox 608 2437 2201 2510">
    <p class='ocr_par' dir='ltr' id='par_1_22' title="bbox 608 2437 2201 2510">
     <span class='ocr_line' id='line_1_22' title="bbox 608 2437 2201 2510; baseline 0.003 -19"><span class='ocrx_word' id='word_1_167' title='bbox 608 2437 712 2491; x_wconf 87' lang='lat' dir='ltr'><strong>ritu</strong></span> <span class='ocrx_word' id='word_1_168' title='bbox 741 2438 995 2509; x_wconf 73' lang='lat' dir='ltr'><strong>vegetari,</strong></span> <span class='ocrx_word' id='word_1_169' title='bbox 1035 2439 1138 2493; x_wconf 87' lang='lat' dir='ltr'><strong>nisi</strong></span> <span class='ocrx_word' id='word_1_170' title='bbox 1177 2439 1265 2508; x_wconf 86' lang='lat' dir='ltr'><strong>qui</strong></span> <span class='ocrx_word' id='word_1_171' title='bbox 1296 2454 1399 2493; x_wconf 91' lang='lat' dir='ltr'><strong>non</strong></span> <span class='ocrx_word' id='word_1_172' title='bbox 1426 2439 1587 2494; x_wconf 88' lang='lat' dir='ltr'><strong>sentit</strong></span> <span class='ocrx_word' id='word_1_173' title='bbox 1609 2455 1710 2510; x_wconf 90' lang='lat' dir='ltr'><strong>qua</strong></span> <span class='ocrx_word' id='word_1_174' title='bbox 1736 2440 1890 2496; x_wconf 89' lang='lat' dir='ltr'><strong>nobis</strong></span> <span class='ocrx_word' id='word_1_175' title='bbox 1918 2439 2201 2496; x_wconf 88' lang='lat' dir='ltr'><strong>dilectione</strong></span> 
     </span>
    </p>
   </div>
   <div class='ocr_carea' id='block_1_23' title="bbox 607 2526 936 2582">
    <p class='ocr_par' dir='ltr' id='par_1_23' title="bbox 607 2526 936 2582">
     <span class='ocr_line' id='line_1_23' title="bbox 607 2526 936 2582; baseline 0.003 -1"><span class='ocrx_word' id='word_1_176' title='bbox 607 2526 936 2582; x_wconf 77' lang='lat' dir='ltr'><strong>vinciamur?</strong></span> 
     </span>
    </p>
   </div>
   <div class='ocr_carea' id='block_1_24' title="bbox 681 2619 2198 2688">
    <p class='ocr_par' dir='ltr' id='par_1_24' title="bbox 681 2619 2198 2688">
     <span class='ocr_line' id='line_1_24' title="bbox 681 2619 2198 2688; baseline 0.005 -14"><span class='ocrx_word' id='word_1_177' title='bbox 681 2620 736 2674; x_wconf 77' lang='grc'><strong>4.</strong></span> <span class='ocrx_word' id='word_1_178' title='bbox 782 2619 985 2675; x_wconf 82' lang='lat' dir='ltr'><strong>Vellem</strong></span> <span class='ocrx_word' id='word_1_179' title='bbox 1044 2628 1220 2675; x_wconf 84' lang='lat' dir='ltr'><strong>tamen</strong></span> <span class='ocrx_word' id='word_1_180' title='bbox 1283 2621 1422 2675; x_wconf 88' lang='lat' dir='ltr'><strong>scire</strong></span> <span class='ocrx_word' id='word_1_181' title='bbox 1451 2662 1466 2688; x_wconf 94' lang='lat'><strong>,</strong></span> <span class='ocrx_word' id='word_1_182' title='bbox 1507 2630 1688 2680; x_wconf 13' lang='lat' dir='ltr'><strong>rutrum</strong></span> <span class='ocrx_word' id='word_1_183' title='bbox 1734 2621 1869 2678; x_wconf 89' lang='lat' dir='ltr'><strong>hanc</strong></span> <span class='ocrx_word' id='word_1_184' title='bbox 1907 2625 2198 2681; x_wconf 81' lang='lat' dir='ltr'><strong>absentiam</strong></span> 
     </span>
    </p>
   </div>
   <div class='ocr_carea' id='block_1_25' title="bbox 607 2712 2201 2787">
    <p class='ocr_par' dir='ltr' id='par_1_25' title="bbox 607 2712 2201 2787">
     <span class='ocr_line' id='line_1_25' title="bbox 607 2712 2201 2787; baseline 0.004 -20"><span class='ocrx_word' id='word_1_185' title='bbox 607 2712 938 2783; x_wconf 86' lang='lat' dir='ltr'><strong>corporalem</strong></span> <span class='ocrx_word' id='word_1_186' title='bbox 964 2726 1060 2767; x_wconf 85' lang='lat' dir='ltr'><strong>vos</strong></span> <span class='ocrx_word' id='word_1_187' title='bbox 1104 2713 1384 2782; x_wconf 88' lang='lat' dir='ltr'><strong>patientius</strong></span> <span class='ocrx_word' id='word_1_188' title='bbox 1423 2729 1579 2783; x_wconf 87' lang='lat' dir='ltr'><strong>quam</strong></span> <span class='ocrx_word' id='word_1_189' title='bbox 1610 2730 1707 2769; x_wconf 88' lang='lat' dir='ltr'><strong>nos</strong></span> <span class='ocrx_word' id='word_1_190' title='bbox 1736 2713 2042 2787; x_wconf 88' lang='lat' dir='ltr'><strong>faciliusque</strong></span> <span class='ocrx_word' id='word_1_191' title='bbox 2069 2720 2201 2774; x_wconf 84' lang='lat' dir='ltr'><strong>tole-</strong></span> 
     </span>
    </p>
   </div>
   <div class='ocr_carea' id='block_1_26' title="bbox 607 2804 2200 2873">
    <p class='ocr_par' dir='ltr' id='par_1_26' title="bbox 607 2804 2200 2873">
     <span class='ocr_line' id='line_1_26' title="bbox 607 2804 2200 2873; baseline 0.006 -14"><span class='ocrx_word' id='word_1_192' title='bbox 607 2804 770 2860; x_wconf 86' lang='lat' dir='ltr'><strong>retis?</strong></span> <span class='ocrx_word' id='word_1_193' title='bbox 809 2805 864 2860; x_wconf 92' lang='lat' dir='ltr'><strong>Si</strong></span> <span class='ocrx_word' id='word_1_194' title='bbox 892 2804 962 2859; x_wconf 90' lang='lat' dir='ltr'><strong>ita</strong></span> <span class='ocrx_word' id='word_1_195' title='bbox 991 2815 1092 2872; x_wconf 89' lang='lat' dir='ltr'><strong>est,</strong></span> <span class='ocrx_word' id='word_1_196' title='bbox 1117 2805 1305 2873; x_wconf 87' lang='lat' dir='ltr'><strong>fateor,</strong></span> <span class='ocrx_word' id='word_1_197' title='bbox 1335 2823 1436 2864; x_wconf 90' lang='lat' dir='ltr'><strong>non</strong></span> <span class='ocrx_word' id='word_1_198' title='bbox 1481 2823 1603 2865; x_wconf 82' lang='lat' dir='ltr'><strong>nino</strong></span> <span class='ocrx_word' id='word_1_199' title='bbox 1637 2809 1791 2867; x_wconf 84' lang='lat' dir='ltr'><strong>istam</strong></span> <span class='ocrx_word' id='word_1_200' title='bbox 1837 2811 2200 2870; x_wconf 72' lang='lat' dir='ltr'><strong>fortitudinem</strong></span> 
     </span>
    </p>
   </div>
   <div class='ocr_carea' id='block_1_27' title="bbox 610 2896 2201 2968">
    <p class='ocr_par' dir='ltr' id='par_1_27' title="bbox 610 2896 2201 2968">
     <span class='ocr_line' id='line_1_27' title="bbox 610 2896 2201 2968; baseline 0.011 -25"><span class='ocrx_word' id='word_1_201' title='bbox 610 2907 864 2960; x_wconf 75' lang='lat' dir='ltr'><strong>vestram,</strong></span> <span class='ocrx_word' id='word_1_202' title='bbox 898 2896 998 2949; x_wconf 89' lang='lat' dir='ltr'><strong>nisi</strong></span> <span class='ocrx_word' id='word_1_203' title='bbox 1034 2896 1166 2952; x_wconf 88' lang='lat' dir='ltr'><strong>forte</strong></span> <span class='ocrx_word' id='word_1_204' title='bbox 1205 2897 1325 2966; x_wconf 85' lang='lat' dir='ltr'><strong>quia</strong></span> <span class='ocrx_word' id='word_1_205' title='bbox 1357 2913 1453 2952; x_wconf 91' lang='lat' dir='ltr'><strong>nos</strong></span> <span class='ocrx_word' id='word_1_206' title='bbox 1485 2899 1618 2954; x_wconf 87' lang='lat' dir='ltr'><strong>tales</strong></span> <span class='ocrx_word' id='word_1_207' title='bbox 1647 2914 1852 2968; x_wconf 86' lang='lat' dir='ltr'><strong>sumus,</strong></span> <span class='ocrx_word' id='word_1_208' title='bbox 1886 2911 1942 2958; x_wconf 86' lang='lat' dir='ltr'><strong>ut</strong></span> <span class='ocrx_word' id='word_1_209' title='bbox 1976 2904 2201 2960; x_wconf 88' lang='lat' dir='ltr'><strong>minusa</strong></span> 
     </span>
    </p>
   </div>
   <div class='ocr_carea' id='block_1_28' title="bbox 607 2986 2202 3056">
    <p class='ocr_par' dir='ltr' id='par_1_28' title="bbox 607 2986 2202 3056">
     <span class='ocr_line' id='line_1_28' title="bbox 607 2986 2202 3056; baseline 0.011 -17"><span class='ocrx_word' id='word_1_210' title='bbox 607 2987 758 3041; x_wconf 84' lang='lat' dir='ltr'><strong>vobis</strong></span> <span class='ocrx_word' id='word_1_211' title='bbox 775 2986 1086 3050; x_wconf 78' lang='lat' dir='ltr'><strong>desiderari,</strong></span> <span class='ocrx_word' id='word_1_212' title='bbox 1106 3004 1262 3056; x_wconf 87' lang='lat' dir='ltr'><strong>quam</strong></span> <span class='ocrx_word' id='word_1_213' title='bbox 1281 3004 1371 3042; x_wconf 85' lang='lat' dir='ltr'><strong>vos</strong></span> <span class='ocrx_word' id='word_1_214' title='bbox 1387 2989 1690 3049; x_wconf 86' lang='lat' dir='ltr'><strong>desiderare</strong></span> <span class='ocrx_word' id='word_1_215' title='bbox 1708 2991 2013 3052; x_wconf 82' lang='lat' dir='ltr'><strong>debeamus.</strong></span> <span class='ocrx_word' id='word_1_216' title='bbox 2045 2996 2098 3052; x_wconf 86' lang='lat' dir='ltr'><strong>iu</strong></span> <span class='ocrx_word' id='word_1_217' title='bbox 2115 3011 2202 3056; x_wconf 83' lang='lat' dir='ltr'><strong>me</strong></span> 
     </span>
    </p>
   </div>
   <div class='ocr_carea' id='block_1_29' title="bbox 609 3078 2197 3158">
    <p class='ocr_par' dir='ltr' id='par_1_29' title="bbox 609 3078 2197 3158">
     <span class='ocr_line' id='line_1_29' title="bbox 609 3078 2197 3158; baseline 0.008 -28"><span class='ocrx_word' id='word_1_218' title='bbox 609 3087 756 3131; x_wconf 90' lang='lat' dir='ltr'><strong>certe</strong></span> <span class='ocrx_word' id='word_1_219' title='bbox 799 3078 842 3130; x_wconf 91' lang='lat' dir='ltr'><strong>si</strong></span> <span class='ocrx_word' id='word_1_220' title='bbox 881 3088 1022 3133; x_wconf 89' lang='lat' dir='ltr'><strong>esset</strong></span> <span class='ocrx_word' id='word_1_221' title='bbox 1058 3082 1303 3148; x_wconf 88' lang='lat' dir='ltr'><strong>patientia</strong></span> <span class='ocrx_word' id='word_1_222' title='bbox 1339 3092 1528 3136; x_wconf 76' lang='lat' dir='ltr'><strong>vestra:</strong></span> <span class='ocrx_word' id='word_1_223' title='bbox 1556 3084 1808 3139; x_wconf 73' lang='lat' dir='ltr'><strong>absentia:</strong></span> <span class='ocrx_word' id='word_1_224' title='bbox 1850 3087 2197 3158; x_wconf 64' lang='lat' dir='ltr'><strong>perferendae,</strong></span> 
     </span>
    </p>
   </div>
   <div class='ocr_carea' id='block_1_30' title="bbox 610 3167 2197 3246">
    <p class='ocr_par' dir='ltr' id='par_1_30' title="bbox 610 3167 2197 3246">
     <span class='ocr_line' id='line_1_30' title="bbox 610 3167 2197 3246; baseline 0.01 -24"><span class='ocrx_word' id='word_1_225' title='bbox 610 3167 918 3237; x_wconf 88' lang='lat' dir='ltr'><strong>displiceret</strong></span> <span class='ocrx_word' id='word_1_226' title='bbox 933 3169 1090 3236; x_wconf 86' lang='lat' dir='ltr'><strong>mihi;</strong></span> <span class='ocrx_word' id='word_1_227' title='bbox 1116 3172 1344 3241; x_wconf 81' lang='lat' dir='ltr'><strong>segniter</strong></span> <span class='ocrx_word' id='word_1_228' title='bbox 1369 3175 1508 3230; x_wconf 86' lang='lat' dir='ltr'><strong>enim</strong></span> <span class='ocrx_word' id='word_1_229' title='bbox 1529 3190 1736 3246; x_wconf 85' lang='lat' dir='ltr'><strong>agerem</strong></span> <span class='ocrx_word' id='word_1_230' title='bbox 1758 3187 1812 3233; x_wconf 91' lang='lat' dir='ltr'><strong>ut</strong></span> <span class='ocrx_word' id='word_1_231' title='bbox 1832 3193 1927 3235; x_wconf 87' lang='lat' dir='ltr'><strong>vos</strong></span> <span class='ocrx_word' id='word_1_232' title='bbox 1942 3181 2197 3238; x_wconf 87' lang='lat' dir='ltr'><strong>viderem:</strong></span> 
     </span>
    </p>
   </div>
   <div class='ocr_carea' id='block_1_31' title="bbox 609 3259 2201 3342">
    <p class='ocr_par' dir='ltr' id='par_1_31' title="bbox 609 3259 2201 3342">
     <span class='ocr_line' id='line_1_31' title="bbox 609 3259 2201 3342; baseline 0.01 -31"><span class='ocrx_word' id='word_1_233' title='bbox 609 3259 736 3328; x_wconf 90' lang='lat' dir='ltr'><strong>quid</strong></span> <span class='ocrx_word' id='word_1_234' title='bbox 775 3267 955 3313; x_wconf 89' lang='lat' dir='ltr'><strong>autem</strong></span> <span class='ocrx_word' id='word_1_235' title='bbox 986 3261 1284 3328; x_wconf 84' lang='lat' dir='ltr'><strong>absurdius,</strong></span> <span class='ocrx_word' id='word_1_236' title='bbox 1313 3279 1467 3330; x_wconf 83' lang='lat' dir='ltr'><strong>quam</strong></span> <span class='ocrx_word' id='word_1_237' title='bbox 1498 3265 1804 3322; x_wconf 78' lang='lat' dir='ltr'><strong>fortitudine</strong></span> <span class='ocrx_word' id='word_1_238' title='bbox 1832 3268 1943 3324; x_wconf 82' lang='lat' dir='ltr'><strong>fieri</strong></span> <span class='ocrx_word' id='word_1_239' title='bbox 1987 3272 2201 3342; x_wconf 81' lang='lat' dir='ltr'><strong>segnio-</strong></span> 
     </span>
    </p>
   </div>
   <div class='ocr_carea' id='block_1_32' title="bbox 612 3351 2197 3424">
    <p class='ocr_par' dir='ltr' id='par_1_32' title="bbox 612 3351 2197 3424">
     <span class='ocr_line' id='line_1_32' title="bbox 612 3351 2197 3424; baseline 0.012 -18"><span class='ocrx_word' id='word_1_240' title='bbox 612 3352 759 3406; x_wconf 88' lang='lat' dir='ltr'><strong>rem?</strong></span> <span class='ocrx_word' id='word_1_241' title='bbox 781 3351 883 3407; x_wconf 90' lang='lat' dir='ltr'><strong>Sed</strong></span> <span class='ocrx_word' id='word_1_242' title='bbox 903 3367 1003 3421; x_wconf 87' lang='lat' dir='ltr'><strong>qua</strong></span> <span class='ocrx_word' id='word_1_243' title='bbox 1031 3353 1278 3409; x_wconf 69' lang='lat' dir='ltr'><strong>Ecclesia:</strong></span> <span class='ocrx_word' id='word_1_244' title='bbox 1299 3371 1422 3410; x_wconf 85' lang='lat' dir='ltr'><strong>cura</strong></span> <span class='ocrx_word' id='word_1_245' title='bbox 1452 3366 1651 3422; x_wconf 88' lang='lat' dir='ltr'><strong>tenear,</strong></span> <span class='ocrx_word' id='word_1_246' title='bbox 1675 3374 1740 3412; x_wconf 89' lang='lat' dir='ltr'><strong>ex</strong></span> <span class='ocrx_word' id='word_1_247' title='bbox 1759 3359 1859 3416; x_wconf 90' lang='lat' dir='ltr'><strong>hoc</strong></span> <span class='ocrx_word' id='word_1_248' title='bbox 1879 3373 2050 3420; x_wconf 86' lang='lat' dir='ltr'><strong>vestra</strong></span> <span class='ocrx_word' id='word_1_249' title='bbox 2070 3366 2197 3424; x_wconf 82' lang='lat' dir='ltr'><strong>cha-</strong></span> 
     </span>
    </p>
   </div>
   <div class='ocr_carea' id='block_1_33' title="bbox 609 3443 2199 3523">
    <p class='ocr_par' dir='ltr' id='par_1_33' title="bbox 609 3443 2199 3523">
     <span class='ocr_line' id='line_1_33' title="bbox 609 3443 2199 3523; baseline 0.009 -25"><span class='ocrx_word' id='word_1_250' title='bbox 609 3443 742 3499; x_wconf 87' lang='lat' dir='ltr'><strong>ritas</strong></span> <span class='ocrx_word' id='word_1_251' title='bbox 772 3454 980 3514; x_wconf 89' lang='lat' dir='ltr'><strong>oportet</strong></span> <span class='ocrx_word' id='word_1_252' title='bbox 1008 3446 1264 3513; x_wconf 84' lang='lat' dir='ltr'><strong>attendat,</strong></span> <span class='ocrx_word' id='word_1_253' title='bbox 1307 3447 1445 3516; x_wconf 88' lang='lat' dir='ltr'><strong>quod</strong></span> <span class='ocrx_word' id='word_1_254' title='bbox 1488 3449 1820 3506; x_wconf 83' lang='lat' dir='ltr'><strong>beatissimus</strong></span> <span class='ocrx_word' id='word_1_255' title='bbox 1857 3465 2004 3523; x_wconf 90' lang='lat' dir='ltr'><strong>pater</strong></span> <span class='ocrx_word' id='word_1_256' title='bbox 2045 3457 2199 3513; x_wconf 86' lang='lat' dir='ltr'><strong>Vale-</strong></span> 
     </span>
    </p>
   </div>
   <div class='ocr_carea' id='block_1_34' title="bbox 611 3535 2202 3616">
    <p class='ocr_par' dir='ltr' id='par_1_34' title="bbox 611 3535 2202 3616">
     <span class='ocr_line' id='line_1_34' title="bbox 611 3535 2202 3616; baseline 0.01 -28"><span class='ocrx_word' id='word_1_257' title='bbox 611 3535 743 3602; x_wconf 88' lang='lat' dir='ltr'><strong>rius,</strong></span> <span class='ocrx_word' id='word_1_258' title='bbox 772 3535 883 3604; x_wconf 92' lang='lat' dir='ltr'><strong>qui,</strong></span> <span class='ocrx_word' id='word_1_259' title='bbox 906 3550 1000 3588; x_wconf 85' lang='lat' dir='ltr'><strong>vos</strong></span> <span class='ocrx_word' id='word_1_260' title='bbox 1026 3536 1296 3591; x_wconf 85' lang='lat' dir='ltr'><strong>nobiscum</strong></span> <span class='ocrx_word' id='word_1_261' title='bbox 1324 3547 1578 3606; x_wconf 80' lang='lat' dir='ltr'><strong>quantum</strong></span> <span class='ocrx_word' id='word_1_262' title='bbox 1604 3541 1815 3608; x_wconf 83' lang='lat' dir='ltr'><strong>salutet,</strong></span> <span class='ocrx_word' id='word_1_263' title='bbox 1846 3555 2202 3616; x_wconf 90' lang='lat' dir='ltr'><strong>quantumque</strong></span> 
     </span>
    </p>
   </div>
   <div class='ocr_carea' id='block_1_35' title="bbox 612 3626 2201 3705">
    <p class='ocr_par' dir='ltr' id='par_1_35' title="bbox 612 3626 2201 3705">
     <span class='ocr_line' id='line_1_35' title="bbox 612 3626 2201 3705; baseline 0.011 -25"><span class='ocrx_word' id='word_1_264' title='bbox 612 3626 775 3694; x_wconf 77' lang='lat' dir='ltr'><strong>sitiat,</strong></span> <span class='ocrx_word' id='word_1_265' title='bbox 806 3627 1030 3683; x_wconf 79' lang='lat' dir='ltr'><strong>audietis</strong></span> <span class='ocrx_word' id='word_1_266' title='bbox 1054 3644 1118 3681; x_wconf 86' lang='lat' dir='ltr'><strong>ex</strong></span> <span class='ocrx_word' id='word_1_267' title='bbox 1149 3629 1415 3696; x_wconf 81' lang='lat' dir='ltr'><strong>fratribus,</strong></span> <span class='ocrx_word' id='word_1_268' title='bbox 1451 3645 1552 3685; x_wconf 87' lang='lat' dir='ltr'><strong>nee</strong></span> <span class='ocrx_word' id='word_1_269' title='bbox 1573 3633 1938 3705; x_wconf 84' lang='lat' dir='ltr'><strong>presbyterum</strong></span> <span class='ocrx_word' id='word_1_270' title='bbox 1976 3654 2061 3694; x_wconf 90' lang='lat' dir='ltr'><strong>me</strong></span> <span class='ocrx_word' id='word_1_271' title='bbox 2084 3655 2201 3698; x_wconf 85' lang='lat' dir='ltr'><strong>esse</strong></span> 
     </span>
    </p>
   </div>
   <div class='ocr_carea' id='block_1_36' title="bbox 613 3719 2202 3800">
    <p class='ocr_par' dir='ltr' id='par_1_36' title="bbox 613 3719 2202 3800">
     <span class='ocr_line' id='line_1_36' title="bbox 613 3719 2202 3800; baseline 0.011 -30"><span class='ocrx_word' id='word_1_272' title='bbox 613 3731 766 3772; x_wconf 87' lang='lat' dir='ltr'><strong>suum</strong></span> <span class='ocrx_word' id='word_1_273' title='bbox 787 3732 973 3788; x_wconf 82' lang='lat' dir='ltr'><strong>passus</strong></span> <span class='ocrx_word' id='word_1_274' title='bbox 991 3729 1092 3781; x_wconf 83' lang='lat' dir='ltr'><strong>est,</strong></span> <span class='ocrx_word' id='word_1_275' title='bbox 1118 3719 1215 3774; x_wconf 83' lang='lat' dir='ltr'><strong>nisi</strong></span> <span class='ocrx_word' id='word_1_276' title='bbox 1239 3721 1494 3790; x_wconf 76' lang='lat' dir='ltr'><strong>majorem</strong></span> <span class='ocrx_word' id='word_1_277' title='bbox 1517 3723 1645 3779; x_wconf 89' lang='lat' dir='ltr'><strong>mihi</strong></span> <span class='ocrx_word' id='word_1_278' title='bbox 1668 3727 2066 3800; x_wconf 81' lang='lat' dir='ltr'><strong>coepiscopatus</strong></span> <span class='ocrx_word' id='word_1_279' title='bbox 2088 3746 2202 3788; x_wconf 85' lang='lat' dir='ltr'><strong>sar-</strong></span> 
     </span>
    </p>
   </div>
   <div class='ocr_carea' id='block_1_37' title="bbox 613 3811 2203 3897">
    <p class='ocr_par' dir='ltr' id='par_1_37' title="bbox 613 3811 2203 3897">
     <span class='ocr_line' id='line_1_37' title="bbox 613 3811 2203 3897; baseline 0.011 -32"><span class='ocrx_word' id='word_1_280' title='bbox 613 3811 785 3866; x_wconf 86' lang='lat' dir='ltr'><strong>cinam</strong></span> <span class='ocrx_word' id='word_1_281' title='bbox 815 3813 1109 3882; x_wconf 89' lang='lat' dir='ltr'><strong>imponeret</strong></span> <span class='ocrx_word' id='word_1_282' title='bbox 1153 3815 1248 3882; x_wconf 73' lang='grc' dir='ltr'><strong>(ι).</strong></span> <span class='ocrx_word' id='word_1_283' title='bbox 1293 3814 1445 3881; x_wconf 84' lang='lat' dir='ltr'><strong>Quod</strong></span> <span class='ocrx_word' id='word_1_284' title='bbox 1475 3817 1690 3886; x_wconf 78' lang='lat' dir='ltr'><strong>quidem</strong></span> <span class='ocrx_word' id='word_1_285' title='bbox 1741 3821 1862 3889; x_wconf 85' lang='lat' dir='ltr'><strong>quia</strong></span> <span class='ocrx_word' id='word_1_286' title='bbox 1906 3830 2048 3878; x_wconf 86' lang='lat' dir='ltr'><strong>tanta</strong></span> <span class='ocrx_word' id='word_1_287' title='bbox 2088 3824 2203 3897; x_wconf 84' lang='lat' dir='ltr'><strong>ejus</strong></span> 
     </span>
    </p>
   </div>
   <div class='ocr_carea' id='block_1_38' title="bbox 612 3903 2203 3978">
    <p class='ocr_par' dir='ltr' id='par_1_38' title="bbox 612 3903 2203 3978">
     <span class='ocr_line' id='line_1_38' title="bbox 612 3903 2203 3978; baseline 0.011 -20"><span class='ocrx_word' id='word_1_288' title='bbox 612 3903 904 3971; x_wconf 78' lang='lat' dir='ltr'><strong>clisritate,</strong></span> <span class='ocrx_word' id='word_1_289' title='bbox 949 3914 1198 3976; x_wconf 85' lang='lat' dir='ltr'><strong>tantoque</strong></span> <span class='ocrx_word' id='word_1_290' title='bbox 1249 3908 1423 3978; x_wconf 88' lang='lat' dir='ltr'><strong>p0puli</strong></span> <span class='ocrx_word' id='word_1_291' title='bbox 1473 3910 1649 3965; x_wconf 89' lang='lat' dir='ltr'><strong>studio</strong></span> <span class='ocrx_word' id='word_1_292' title='bbox 1687 3912 1963 3970; x_wconf 88' lang='lat' dir='ltr'><strong>Dominum</strong></span> <span class='ocrx_word' id='word_1_293' title='bbox 1992 3916 2042 3972; x_wconf 88' lang='lat' dir='ltr'><strong>id</strong></span> <span class='ocrx_word' id='word_1_294' title='bbox 2073 3919 2203 3975; x_wconf 83' lang='lat' dir='ltr'><strong>velle</strong></span> 
     </span>
    </p>
   </div>
   <div class='ocr_carea' id='block_1_39' title="bbox 613 3997 2204 4079">
    <p class='ocr_par' dir='ltr' id='par_1_39' title="bbox 613 3997 2204 4079">
     <span class='ocr_line' id='line_1_39' title="bbox 613 3997 2204 4079; baseline 0.008 -27"><span class='ocrx_word' id='word_1_295' title='bbox 613 3997 832 4064; x_wconf 86' lang='lat' dir='ltr'><strong>credidi,</strong></span> <span class='ocrx_word' id='word_1_296' title='bbox 863 3999 1128 4053; x_wconf 73' lang='lat' dir='ltr'><strong>norimillis</strong></span> <span class='ocrx_word' id='word_1_297' title='bbox 1147 3998 1254 4069; x_wconf 83' lang='lat' dir='ltr'><strong>jam</strong></span> <span class='ocrx_word' id='word_1_298' title='bbox 1276 4001 1534 4071; x_wconf 78' lang='lat' dir='ltr'><strong>exemplis</strong></span> <span class='ocrx_word' id='word_1_299' title='bbox 1552 4004 1988 4075; x_wconf 71' lang='lat' dir='ltr'><strong>prtecedcntibns,</strong></span> <span class='ocrx_word' id='word_1_300' title='bbox 2013 4010 2204 4079; x_wconf 87' lang='lat' dir='ltr'><strong>quibus</strong></span> 
     </span>
    </p>
   </div>
   <div class='ocr_carea' id='block_1_40' title="bbox 614 4090 2202 4161">
    <p class='ocr_par' dir='ltr' id='par_1_40' title="bbox 614 4090 2202 4161">
     <span class='ocr_line' id='line_1_40' title="bbox 614 4090 2202 4161; baseline 0.009 -17"><span class='ocrx_word' id='word_1_301' title='bbox 614 4090 743 4146; x_wconf 89' lang='lat' dir='ltr'><strong>mihi</strong></span> <span class='ocrx_word' id='word_1_302' title='bbox 771 4092 944 4147; x_wconf 92' lang='lat' dir='ltr'><strong>omnis</strong></span> <span class='ocrx_word' id='word_1_303' title='bbox 971 4095 1242 4147; x_wconf 77' lang='lat' dir='ltr'><strong>excusatio</strong></span> <span class='ocrx_word' id='word_1_304' title='bbox 1265 4094 1628 4161; x_wconf 88' lang='lat' dir='ltr'><strong>claudebatur,</strong></span> <span class='ocrx_word' id='word_1_305' title='bbox 1670 4097 2011 4157; x_wconf 73' lang='lat' dir='ltr'><strong>vehementer</strong></span> <span class='ocrx_word' id='word_1_306' title='bbox 2056 4103 2202 4160; x_wconf 87' lang='lat' dir='ltr'><strong>timttl</strong></span> 
     </span>
    </p>
   </div>
   <div class='ocr_carea' id='block_1_41' title="bbox 612 4185 2200 4266">
    <p class='ocr_par' dir='ltr' id='par_1_41' title="bbox 612 4185 2200 4266">
     <span class='ocr_line' id='line_1_41' title="bbox 612 4185 2200 4266; baseline 0.008 -25"><span class='ocrx_word' id='word_1_307' title='bbox 612 4200 886 4241; x_wconf 78' lang='lat' dir='ltr'><strong>excusare.</strong></span> <span class='ocrx_word' id='word_1_308' title='bbox 918 4185 1021 4241; x_wconf 87' lang='lat' dir='ltr'><strong>Sed</strong></span> <span class='ocrx_word' id='word_1_309' title='bbox 1066 4203 1364 4258; x_wconf 87' lang='lat' dir='ltr'><strong>quanquam</strong></span> <span class='ocrx_word' id='word_1_310' title='bbox 1409 4190 1590 4260; x_wconf 88' lang='lat' dir='ltr'><strong>jugum</strong></span> <span class='ocrx_word' id='word_1_311' title='bbox 1622 4190 1818 4247; x_wconf 89' lang='lat' dir='ltr'><strong>Christi</strong></span> <span class='ocrx_word' id='word_1_312' title='bbox 1847 4209 1943 4265; x_wconf 89' lang='lat' dir='ltr'><strong>per</strong></span> <span class='ocrx_word' id='word_1_313' title='bbox 1969 4197 2200 4266; x_wconf 89' lang='lat' dir='ltr'><strong>selpsum</strong></span> 
     </span>
    </p>
   </div>
   <div class='ocr_carea' id='block_1_42' title="bbox 614 4276 2200 4357">
    <p class='ocr_par' dir='ltr' id='par_1_42' title="bbox 614 4276 2200 4357">
     <span class='ocr_line' id='line_1_42' title="bbox 614 4276 2200 4357; baseline 0.008 -28"><span class='ocrx_word' id='word_1_314' title='bbox 614 4276 734 4329; x_wconf 87' lang='lat' dir='ltr'><strong>lene</strong></span> <span class='ocrx_word' id='word_1_315' title='bbox 759 4276 845 4339; x_wconf 87' lang='lat' dir='ltr'><strong>sit,</strong></span> <span class='ocrx_word' id='word_1_316' title='bbox 878 4284 930 4329; x_wconf 83' lang='lat' dir='ltr'><strong>et</strong></span> <span class='ocrx_word' id='word_1_317' title='bbox 954 4277 1160 4330; x_wconf 86' lang='lat' dir='ltr'><strong>sarcina</strong></span> <span class='ocrx_word' id='word_1_318' title='bbox 1189 4278 1323 4332; x_wconf 85' lang='lat' dir='ltr'><strong>levis</strong></span> <span class='ocrx_word' id='word_1_319' title='bbox 1346 4278 1558 4349; x_wconf 77' lang='lat' dir='ltr'><strong>(Matth.</strong></span> <span class='ocrx_word' id='word_1_320' title='bbox 1590 4296 1667 4348; x_wconf 73' lang='grc' dir='ltr'>χι,</span> <span class='ocrx_word' id='word_1_321' title='bbox 1700 4282 1821 4348; x_wconf 82' lang='lat'><strong>50);</strong></span> <span class='ocrx_word' id='word_1_322' title='bbox 1871 4293 2044 4341; x_wconf 89' lang='lat' dir='ltr'><strong>tamen</strong></span> <span class='ocrx_word' id='word_1_323' title='bbox 2075 4303 2200 4357; x_wconf 87' lang='lat' dir='ltr'><strong>pro-</strong></span> 
     </span>
    </p>
   </div>
   <div class='ocr_carea' id='block_1_43' title="bbox 613 4369 2200 4446">
    <p class='ocr_par' dir='ltr' id='par_1_43' title="bbox 613 4369 2200 4446">
     <span class='ocr_line' id='line_1_43' title="bbox 613 4369 2200 4446; baseline 0.008 -27"><span class='ocrx_word' id='word_1_324' title='bbox 613 4375 732 4438; x_wconf 89' lang='lat' dir='ltr'><strong>pter</strong></span> <span class='ocrx_word' id='word_1_325' title='bbox 765 4377 1001 4421; x_wconf 84' lang='lat' dir='ltr'><strong>nostram</strong></span> <span class='ocrx_word' id='word_1_326' title='bbox 1039 4369 1374 4436; x_wconf 81' lang='lat' dir='ltr'><strong>asperitatem</strong></span> <span class='ocrx_word' id='word_1_327' title='bbox 1409 4379 1568 4439; x_wconf 85' lang='lat' dir='ltr'><strong>atque</strong></span> <span class='ocrx_word' id='word_1_328' title='bbox 1598 4371 1976 4441; x_wconf 77' lang='lat' dir='ltr'><strong>inﬁrmitatem,</strong></span> <span class='ocrx_word' id='word_1_329' title='bbox 2004 4377 2048 4430; x_wconf 89' lang='lat' dir='ltr'><strong>si</strong></span> <span class='ocrx_word' id='word_1_330' title='bbox 2075 4376 2200 4446; x_wconf 90' lang='lat' dir='ltr'><strong>quid</strong></span> 
     </span>
    </p>
   </div>
   <div class='ocr_carea' id='block_1_44' title="bbox 616 4458 2199 4533">
    <p class='ocr_par' dir='ltr' id='par_1_44' title="bbox 616 4458 2199 4533">
     <span class='ocr_line' id='line_1_44' title="bbox 616 4458 2199 4533; baseline 0.008 -21"><span class='ocrx_word' id='word_1_331' title='bbox 616 4473 703 4513; x_wconf 90' lang='lat' dir='ltr'><strong>me</strong></span> <span class='ocrx_word' id='word_1_332' title='bbox 728 4458 937 4512; x_wconf 87' lang='lat' dir='ltr'><strong>mordet</strong></span> <span class='ocrx_word' id='word_1_333' title='bbox 952 4458 1053 4513; x_wconf 90' lang='lat' dir='ltr'><strong>hoc</strong></span> <span class='ocrx_word' id='word_1_334' title='bbox 1077 4460 1365 4526; x_wconf 88' lang='lat' dir='ltr'><strong>vinculum,</strong></span> <span class='ocrx_word' id='word_1_335' title='bbox 1395 4472 1553 4532; x_wconf 86' lang='lat' dir='ltr'><strong>atque</strong></span> <span class='ocrx_word' id='word_1_336' title='bbox 1583 4473 1732 4532; x_wconf 75' lang='lat' dir='ltr'><strong>urget</strong></span> <span class='ocrx_word' id='word_1_337' title='bbox 1753 4464 1852 4520; x_wconf 91' lang='lat' dir='ltr'><strong>hoc</strong></span> <span class='ocrx_word' id='word_1_338' title='bbox 1879 4481 2034 4533; x_wconf 89' lang='lat' dir='ltr'><strong>onus,</strong></span> <span class='ocrx_word' id='word_1_339' title='bbox 2063 4470 2199 4525; x_wconf 85' lang='lat' dir='ltr'><strong>lnef-</strong></span> 
     </span>
    </p>
   </div>
   <div class='ocr_carea' id='block_1_45' title="bbox 614 4549 2200 4626">
    <p class='ocr_par' dir='ltr' id='par_1_45' title="bbox 614 4549 2200 4626">
     <span class='ocr_line' id='line_1_45' title="bbox 614 4549 2200 4626; baseline 0.009 -24"><span class='ocrx_word' id='word_1_340' title='bbox 614 4549 843 4604; x_wconf 82' lang='lat' dir='ltr'><strong>fabiliter</strong></span> <span class='ocrx_word' id='word_1_341' title='bbox 867 4549 993 4604; x_wconf 86' lang='lat' dir='ltr'><strong>mihi</strong></span> <span class='ocrx_word' id='word_1_342' title='bbox 1023 4551 1293 4620; x_wconf 87' lang='lat' dir='ltr'><strong>aliquanto</strong></span> <span class='ocrx_word' id='word_1_343' title='bbox 1319 4563 1506 4608; x_wconf 72' lang='lat' dir='ltr'><strong>vestra:</strong></span> <span class='ocrx_word' id='word_1_344' title='bbox 1538 4557 1830 4624; x_wconf 61' lang='lat' dir='ltr'><strong>praesentia</strong></span> <span class='ocrx_word' id='word_1_345' title='bbox 1875 4559 2082 4626; x_wconf 88' lang='lat' dir='ltr'><strong>solatio,</strong></span> <span class='ocrx_word' id='word_1_346' title='bbox 2117 4570 2200 4616; x_wconf 83' lang='lat' dir='ltr'><strong>to-</strong></span> 
     </span>
    </p>
   </div>
   <div class='ocr_carea' id='block_1_46' title="bbox 616 4641 2200 4717">
    <p class='ocr_par' dir='ltr' id='par_1_46' title="bbox 616 4641 2200 4717">
     <span class='ocr_line' id='line_1_46' title="bbox 616 4641 2200 4717; baseline 0.008 -23"><span class='ocrx_word' id='word_1_347' title='bbox 616 4641 887 4697; x_wconf 83' lang='lat' dir='ltr'><strong>lerabilius</strong></span> <span class='ocrx_word' id='word_1_348' title='bbox 906 4651 959 4696; x_wconf 91' lang='lat' dir='ltr'><strong>et</strong></span> <span class='ocrx_word' id='word_1_349' title='bbox 985 4643 1291 4712; x_wconf 80' lang='lat' dir='ltr'><strong>portnbilius</strong></span> <span class='ocrx_word' id='word_1_350' title='bbox 1333 4644 1663 4713; x_wconf 89' lang='lat' dir='ltr'><strong>redderetur,</strong></span> <span class='ocrx_word' id='word_1_351' title='bbox 1709 4663 1841 4717; x_wconf 89' lang='lat' dir='ltr'><strong>quos</strong></span> <span class='ocrx_word' id='word_1_352' title='bbox 1877 4649 2034 4705; x_wconf 90' lang='lat' dir='ltr'><strong>audio</strong></span> <span class='ocrx_word' id='word_1_353' title='bbox 2058 4650 2200 4707; x_wconf 88' lang='lat' dir='ltr'><strong>curis</strong></span> 
     </span>
    </p>
   </div>
   <div class='ocr_carea' id='block_1_47' title="bbox 617 4735 2198 4815">
    <p class='ocr_par' dir='ltr' id='par_1_47' title="bbox 617 4735 2198 4815">
     <span class='ocr_line' id='line_1_47' title="bbox 617 4735 2198 4815; baseline 0.008 -26"><span class='ocrx_word' id='word_1_354' title='bbox 617 4735 874 4804; x_wconf 83' lang='lat' dir='ltr'><strong>ejusmodi</strong></span> <span class='ocrx_word' id='word_1_355' title='bbox 916 4735 1270 4806; x_wconf 86' lang='lat' dir='ltr'><strong>expeditiores</strong></span> <span class='ocrx_word' id='word_1_356' title='bbox 1292 4737 1670 4809; x_wconf 86' lang='lat' dir='ltr'><strong>liberioresque</strong></span> <span class='ocrx_word' id='word_1_357' title='bbox 1697 4739 1874 4797; x_wconf 78' lang='lat' dir='ltr'><strong>vivere</strong></span> <span class='ocrx_word' id='word_1_358' title='bbox 1899 4739 1992 4815; x_wconf 90' lang='lat' dir='ltr'><strong>(c).</strong></span> <span class='ocrx_word' id='word_1_359' title='bbox 2023 4742 2198 4815; x_wconf 83' lang='lat' dir='ltr'><strong>Quare</strong></span> 
     </span>
    </p>
   </div>
   <div class='ocr_carea' id='block_1_48' title="bbox 680 4901 2130 4976">
    <p class='ocr_par' dir='ltr' id='par_1_48' title="bbox 680 4901 2130 4976">
     <span class='ocr_line' id='line_1_48' title="bbox 680 4901 2130 4976; baseline 0.013 -34"><span class='ocrx_word' id='word_1_360' title='bbox 680 4903 698 4976; x_wconf 57' lang='grc' dir='ltr'><strong>ξ</strong></span> <span class='ocrx_word' id='word_1_361' title='bbox 723 4911 908 4976; x_wconf 47' lang='lat' dir='ltr'><strong>tumes</strong></span> <span class='ocrx_word' id='word_1_362' title='bbox 1067 4901 1247 4976; x_wconf 72' lang='lat' dir='ltr'><strong>ferunt,</strong></span> <span class='ocrx_word' id='word_1_363' title='bbox 1272 4904 1508 4976; x_wconf 64' lang='lat' dir='ltr'><strong>agnosgis,</strong></span> <span class='ocrx_word' id='word_1_364' title='bbox 1529 4915 1757 4976; x_wconf 64' lang='lat' dir='ltr'><strong>coempto</strong></span> <span class='ocrx_word' id='word_1_365' title='bbox 1776 4907 2007 4976; x_wconf 74' lang='lat' dir='ltr'><strong>profecto.</strong></span> <span class='ocrx_word' id='word_1_366' title='bbox 2072 4918 2130 4961; x_wconf 76' lang='lat' dir='ltr'><strong>il.</strong></span> 
     </span>
    </p>
   </div>
   <div class='ocr_carea' id='block_1_49' title="bbox 676 4963 2057 5036">
    <p class='ocr_par' dir='ltr' id='par_1_49' title="bbox 676 4963 2057 5036">
     <span class='ocr_line' id='line_1_49' title="bbox 676 4963 2057 5036; baseline 0.01 -26"><span class='ocrx_word' id='word_1_367' title='bbox 676 4966 696 5036; x_wconf 67' lang='grc' dir='ltr'><strong>ξ</strong></span> <span class='ocrx_word' id='word_1_368' title='bbox 721 4963 1080 5036; x_wconf 42' lang='lat' dir='ltr'><strong>inpripsgidq</strong></span> <span class='ocrx_word' id='word_1_369' title='bbox 1104 4963 1322 5036; x_wconf 55' lang='lat' dir='ltr'><strong>partem?</strong></span> <span class='ocrx_word' id='word_1_370' title='bbox 1345 4967 1435 5016; x_wconf 84' lang='lat' dir='ltr'><strong>sed</strong></span> <span class='ocrx_word' id='word_1_371' title='bbox 1457 4963 1633 5020; x_wconf 88' lang='lat' dir='ltr'><strong>melius</strong></span> <span class='ocrx_word' id='word_1_372' title='bbox 1654 4963 1701 5020; x_wconf 77' lang='lat' dir='ltr'><strong>in</strong></span> <span class='ocrx_word' id='word_1_373' title='bbox 1723 4963 1851 5034; x_wconf 64' lang='lat' dir='ltr'><strong>uss,</strong></span> <span class='ocrx_word' id='word_1_374' title='bbox 1875 4969 2057 5036; x_wconf 77' lang='lat' dir='ltr'><strong>priora.</strong></span> 
     </span>
    </p>
   </div>
   <div class='ocr_carea' id='block_1_50' title="bbox 699 5027 1300 5086">
    <p class='ocr_par' dir='ltr' id='par_1_50' title="bbox 699 5027 1300 5086">
     <span class='ocr_line' id='line_1_50' title="bbox 699 5027 1300 5086; baseline -0.002 -9"><span class='ocrx_word' id='word_1_375' title='bbox 699 5027 750 5086; x_wconf 80' lang='grc' dir='ltr'><strong>α)</strong></span> <span class='ocrx_word' id='word_1_376' title='bbox 772 5031 837 5073; x_wconf 76' lang='lat' dir='ltr'><strong>Ex</strong></span> <span class='ocrx_word' id='word_1_377' title='bbox 860 5027 1002 5086; x_wconf 67' lang='lat' dir='ltr'><strong>Epist.</strong></span> <span class='ocrx_word' id='word_1_378' title='bbox 1029 5027 1153 5086; x_wconf 62' lang='lat' dir='ltr'><strong>xxi,</strong></span> <span class='ocrx_word' id='word_1_379' title='bbox 1178 5041 1228 5076; x_wconf 81' lang='grc' dir='ltr'>ιι.</span> <span class='ocrx_word' id='word_1_380' title='bbox 1253 5027 1300 5076; x_wconf 75' lang='lat'><strong>2.</strong></span> 
     </span>
    </p>
   </div>
   <div class='ocr_carea' id='block_1_51' title="bbox 701 5086 2198 5159">
    <p class='ocr_par' dir='ltr' id='par_1_51' title="bbox 701 5086 2198 5159">
     <span class='ocr_line' id='line_1_51' title="bbox 701 5086 2198 5159; baseline 0.008 -23"><span class='ocrx_word' id='word_1_381' title='bbox 701 5086 750 5150; x_wconf 90' lang='lat' dir='ltr'><strong>b)</strong></span> <span class='ocrx_word' id='word_1_382' title='bbox 769 5087 1019 5159; x_wconf 53' lang='lat' dir='ltr'><strong>Donidius,</strong></span> <span class='ocrx_word' id='word_1_383' title='bbox 1041 5102 1085 5159; x_wconf 69' lang='grc' dir='ltr'><strong>ρ.</strong></span> <span class='ocrx_word' id='word_1_384' title='bbox 1109 5089 1172 5159; x_wconf 84' lang='lat'><strong>8_:</strong></span> <span class='ocrx_word' id='word_1_385' title='bbox 1207 5109 1229 5134; x_wconf 76' lang='grc' dir='ltr'><strong>ι</strong></span> <span class='ocrx_word' id='word_1_386' title='bbox 1250 5090 1595 5159; x_wconf 71' lang='lat' dir='ltr'><strong>Episcopaum,</strong></span> <span class='ocrx_word' id='word_1_387' title='bbox 1609 5092 1788 5159; x_wconf 77' lang='lat' dir='ltr'><strong>inquit,</strong></span> <span class='ocrx_word' id='word_1_388' title='bbox 1810 5096 2061 5159; x_wconf 84' lang='lat' dir='ltr'><strong>suscipere</strong></span> <span class='ocrx_word' id='word_1_389' title='bbox 2082 5110 2198 5147; x_wconf 85' lang='lat' dir='ltr'><strong>eon-</strong></span> 
     </span>
    </p>
   </div>
   <div class='ocr_carea' id='block_1_52' title="bbox 622 5149 2197 5221">
    <p class='ocr_par' dir='ltr' id='par_1_52' title="bbox 622 5149 2197 5221">
     <span class='ocr_line' id='line_1_52' title="bbox 622 5149 2197 5221; baseline 0.01 -26"><span class='ocrx_word' id='word_1_390' title='bbox 622 5167 643 5195; x_wconf 75' lang='grc' dir='ltr'><strong>α</strong></span> <span class='ocrx_word' id='word_1_391' title='bbox 761 5161 947 5221; x_wconf 56' lang='lat' dir='ltr'><strong>mergam</strong></span> <span class='ocrx_word' id='word_1_392' title='bbox 969 5149 1302 5221; x_wconf 67' lang='lat' dir='ltr'><strong>Ecclesia:</strong></span> <span class='ocrx_word' id='word_1_393' title='bbox 1323 5149 1519 5221; x_wconf 68' lang='lat' dir='ltr'><strong>vivente</strong></span> <span class='ocrx_word' id='word_1_394' title='bbox 1544 5149 2041 5221; x_wconf 50' lang='lat' dir='ltr'><strong>episcolajpresbi&#39;ter</strong></span> <span class='ocrx_word' id='word_1_395' title='bbox 2056 5173 2197 5210; x_wconf 83' lang='lat' dir='ltr'><strong>recu-</strong></span> 
     </span>
    </p>
   </div>
   <div class='ocr_carea' id='block_1_53' title="bbox 621 5209 2192 5284">
    <p class='ocr_par' dir='ltr' id='par_1_53' title="bbox 621 5209 2192 5284">
     <span class='ocr_line' id='line_1_53' title="bbox 621 5209 2192 5284; baseline 0.008 -27"><span class='ocrx_word' id='word_1_396' title='bbox 621 5229 642 5257; x_wconf 79' lang='grc' dir='ltr'><strong>ιι</strong></span> <span class='ocrx_word' id='word_1_397' title='bbox 664 5209 1066 5284; x_wconf 49' lang='grc' dir='ltr'>δςιὶηιιλιξιιιιιιιιιο</span> <span class='ocrx_word' id='word_1_398' title='bbox 1098 5209 1167 5284; x_wconf 81' lang='lat' dir='ltr'><strong>illi</strong></span> <span class='ocrx_word' id='word_1_399' title='bbox 1201 5212 1303 5262; x_wconf 80' lang='lat' dir='ltr'><strong>fieri</strong></span> <span class='ocrx_word' id='word_1_400' title='bbox 1338 5213 1507 5284; x_wconf 74' lang='lat' dir='ltr'><strong>solere</strong></span> <span class='ocrx_word' id='word_1_401' title='bbox 1539 5209 2192 5284; x_wconf 51' lang='lat' dir='ltr'><strong>abetn&#39;nih&#39;ussubderetur,</strong></span> 
     </span>
    </p>
   </div>
   <div class='ocr_carea' id='block_1_54' title="bbox 620 5272 2195 5336">
    <p class='ocr_par' dir='ltr' id='par_1_54' title="bbox 620 5272 2195 5336">
     <span class='ocr_line' id='line_1_54' title="bbox 620 5272 2195 5336; baseline 0.007 -17"><span class='ocrx_word' id='word_1_402' title='bbox 620 5290 643 5319; x_wconf 78' lang='grc' dir='ltr'><strong>ι</strong></span> <span class='ocrx_word' id='word_1_403' title='bbox 665 5279 814 5336; x_wconf 78' lang='lat' dir='ltr'><strong>atque</strong></span> <span class='ocrx_word' id='word_1_404' title='bbox 836 5272 890 5336; x_wconf 86' lang='lat' dir='ltr'><strong>id</strong></span> <span class='ocrx_word' id='word_1_405' title='bbox 908 5272 1078 5335; x_wconf 80' lang='lat' dir='ltr'><strong>ignaro</strong></span> <span class='ocrx_word' id='word_1_406' title='bbox 1100 5277 1428 5327; x_wconf 83' lang='lat' dir='ltr'><strong>transmarinis</strong></span> <span class='ocrx_word' id='word_1_407' title='bbox 1459 5283 1510 5326; x_wconf 90' lang='lat' dir='ltr'><strong>et</strong></span> <span class='ocrx_word' id='word_1_408' title='bbox 1534 5277 1759 5327; x_wconf 80' lang='lat' dir='ltr'><strong>Africanis</strong></span> <span class='ocrx_word' id='word_1_409' title='bbox 1779 5279 2001 5328; x_wconf 74' lang='lat' dir='ltr'><strong>Ecclesia!</strong></span> <span class='ocrx_word' id='word_1_410' title='bbox 2027 5272 2195 5330; x_wconf 56' lang='lat' dir='ltr'><strong>exemi</strong></span> 
     </span>
    </p>
   </div>
   <div class='ocr_carea' id='block_1_55' title="bbox 620 5333 2193 5445">
    <p class='ocr_par' dir='ltr' id='par_1_55' title="bbox 620 5333 2193 5445">
     <span class='ocr_line' id='line_1_55' title="bbox 620 5333 2193 5445; baseline 0.01 -65"><span class='ocrx_word' id='word_1_411' title='bbox 620 5353 642 5380; x_wconf 78' lang='grc' dir='ltr'><strong>ιι</strong></span> <span class='ocrx_word' id='word_1_412' title='bbox 665 5333 1106 5445; x_wconf 48' lang='lat' dir='ltr'><strong>pliilprohareutr,</strong></span> <span class='ocrx_word' id='word_1_413' title='bbox 1139 5336 1414 5410; x_wconf 78' lang='lat' dir='ltr'><strong>compulsus</strong></span> <span class='ocrx_word' id='word_1_414' title='bbox 1443 5346 1589 5400; x_wconf 85' lang='lat' dir='ltr'><strong>atque</strong></span> <span class='ocrx_word' id='word_1_415' title='bbox 1621 5346 1815 5410; x_wconf 78' lang='lat' dir='ltr'><strong>coactus</strong></span> <span class='ocrx_word' id='word_1_416' title='bbox 1843 5341 2193 5396; x_wconf 76' lang='lat' dir='ltr'><strong>succulmit.....</strong></span> 
     </span>
     <span class='ocr_line' id='line_1_56' title="bbox 621 5396 2193 5445; baseline 0.003 -4"><span class='ocrx_word' id='word_1_417' title='bbox 621 5415 642 5441; x_wconf 73' lang='lat' dir='ltr'><strong>tt</strong></span> <span class='ocrx_word' id='word_1_418' title='bbox 665 5404 733 5445; x_wconf 86' lang='lat' dir='ltr'><strong>Ou</strong></span> <span class='ocrx_word' id='word_1_419' title='bbox 818 5396 868 5444; x_wconf 83' lang='lat' dir='ltr'><strong>in</strong></span> <span class='ocrx_word' id='word_1_420' title='bbox 890 5409 1054 5445; x_wconf 79' lang='lat' dir='ltr'><strong>seinse</strong></span> <span class='ocrx_word' id='word_1_421' title='bbox 1085 5406 1252 5445; x_wconf 76' lang='lat' dir='ltr'><strong>postea</strong></span> <span class='ocrx_word' id='word_1_422' title='bbox 1273 5399 1378 5445; x_wconf 83' lang='lat' dir='ltr'><strong>lteri</strong></span> <span class='ocrx_word' id='word_1_423' title='bbox 1403 5413 1498 5445; x_wconf 88' lang='lat' dir='ltr'><strong>non</strong></span> <span class='ocrx_word' id='word_1_424' title='bbox 1520 5399 1752 5445; x_wconf 79' lang='lat' dir='ltr'><strong>debuisse</strong></span> <span class='ocrx_word' id='word_1_425' title='bbox 1775 5407 1830 5445; x_wconf 85' lang='lat' dir='ltr'><strong>ut</strong></span> <span class='ocrx_word' id='word_1_426' title='bbox 1852 5402 1961 5445; x_wconf 82' lang='lat' dir='ltr'><strong>vivo</strong></span> <span class='ocrx_word' id='word_1_427' title='bbox 1982 5414 2071 5445; x_wconf 84' lang='lat' dir='ltr'><strong>sun</strong></span> <span class='ocrx_word' id='word_1_428' title='bbox 2095 5408 2193 5445; x_wconf 67' lang='lat' dir='ltr'><strong>nni.</strong></span> 
     </span>
    </p>
   </div>
   <div class='ocr_carea' id='block_1_56' title="bbox 621 5396 2197 5460">
    <p class='ocr_par' dir='ltr' id='par_1_56' title="bbox 621 5396 2197 5460">
     <span class='ocr_line' id='line_1_57' title="bbox 621 5396 2197 5460; baseline 0.009 -19"><span class='ocrx_word' id='word_1_429' title='bbox 621 5415 642 5441; x_wconf 71' lang='grc' dir='ltr'><strong><em>α</em></strong></span> <span class='ocrx_word' id='word_1_430' title='bbox 665 5396 804 5455; x_wconf 78' lang='lat' dir='ltr'><strong>Quod</strong></span> <span class='ocrx_word' id='word_1_431' title='bbox 818 5396 868 5444; x_wconf 87' lang='lat' dir='ltr'><strong>in</strong></span> <span class='ocrx_word' id='word_1_432' title='bbox 890 5396 1054 5460; x_wconf 80' lang='lat' dir='ltr'><strong>seipse</strong></span> <span class='ocrx_word' id='word_1_433' title='bbox 1085 5396 1259 5460; x_wconf 80' lang='lat' dir='ltr'><strong>postea</strong></span> <span class='ocrx_word' id='word_1_434' title='bbox 1273 5399 1378 5447; x_wconf 77' lang='lat' dir='ltr'><strong>fieri</strong></span> <span class='ocrx_word' id='word_1_435' title='bbox 1403 5413 1498 5448; x_wconf 91' lang='lat' dir='ltr'><strong>non</strong></span> <span class='ocrx_word' id='word_1_436' title='bbox 1509 5396 1752 5452; x_wconf 67' lang='lat' dir='ltr'><strong>&#39;debuisse</strong></span> <span class='ocrx_word' id='word_1_437' title='bbox 1775 5407 1830 5452; x_wconf 88' lang='lat' dir='ltr'><strong>ut</strong></span> <span class='ocrx_word' id='word_1_438' title='bbox 1852 5402 1961 5452; x_wconf 87' lang='lat' dir='ltr'><strong>vivo</strong></span> <span class='ocrx_word' id='word_1_439' title='bbox 1982 5414 2071 5460; x_wconf 84' lang='lat' dir='ltr'><strong>suo</strong></span> <span class='ocrx_word' id='word_1_440' title='bbox 2095 5408 2197 5460; x_wconf 83' lang='lat' dir='ltr'><strong>eni-</strong></span> 
     </span>
    </p>
   </div>
   <div class='ocr_carea' id='block_1_57' title="bbox 621 5459 2196 5525">
    <p class='ocr_par' dir='ltr' id='par_1_57' title="bbox 621 5459 2196 5525">
     <span class='ocr_line' id='line_1_58' title="bbox 621 5459 2196 5525; baseline 0.008 -20"><span class='ocrx_word' id='word_1_441' title='bbox 621 5476 645 5505; x_wconf 75' lang='grc' dir='ltr'><strong><em>α</em></strong></span> <span class='ocrx_word' id='word_1_442' title='bbox 665 5469 811 5525; x_wconf 79' lang='lat' dir='ltr'><strong>scopo</strong></span> <span class='ocrx_word' id='word_1_443' title='bbox 841 5459 1259 5525; x_wconf 70' lang='lat' dir='ltr'><strong>ordinaretur,et</strong></span> <span class='ocrx_word' id='word_1_444' title='bbox 1295 5460 1417 5525; x_wconf 74' lang='lat' dir='ltr'><strong>dixit</strong></span> <span class='ocrx_word' id='word_1_445' title='bbox 1449 5469 1500 5512; x_wconf 88' lang='lat' dir='ltr'><strong>et</strong></span> <span class='ocrx_word' id='word_1_446' title='bbox 1531 5463 1719 5525; x_wconf 85' lang='lat' dir='ltr'><strong>scripsit</strong></span> <span class='ocrx_word' id='word_1_447' title='bbox 1733 5496 1756 5525; x_wconf 17' lang='grc' dir='ltr'><strong>,γ</strong></span> <span class='ocrx_word' id='word_1_448' title='bbox 1780 5469 1976 5524; x_wconf 72' lang='lat' dir='ltr'><strong>pi&#39;uplet‘</strong></span> <span class='ocrx_word' id='word_1_449' title='bbox 2006 5459 2196 5517; x_wconf 84' lang='lat' dir='ltr'><strong>concilii</strong></span> 
     </span>
    </p>
   </div>
   <div class='ocr_carea' id='block_1_58' title="bbox 620 5519 2196 5588">
    <p class='ocr_par' dir='ltr' id='par_1_58' title="bbox 620 5519 2196 5588">
     <span class='ocr_line' id='line_1_59' title="bbox 620 5519 2196 5588; baseline 0.01 -24"><span class='ocrx_word' id='word_1_450' title='bbox 620 5535 644 5564; x_wconf 69' lang='grc' dir='ltr'><strong>ι</strong></span> <span class='ocrx_word' id='word_1_451' title='bbox 660 5519 953 5588; x_wconf 70' lang='lat' dir='ltr'><strong>universalis</strong></span> <span class='ocrx_word' id='word_1_452' title='bbox 996 5520 1230 5588; x_wconf 49' lang='lat' dir='ltr'><strong>(aligera)</strong></span> <span class='ocrx_word' id='word_1_453' title='bbox 1272 5519 1880 5588; x_wconf 9' lang='lat' dir='ltr'><strong>vetitum.»_Porrophauo&#39;</strong></span> <span class='ocrx_word' id='word_1_454' title='bbox 1909 5525 2196 5588; x_wconf 77' lang='lat' dir='ltr'><strong>dignitatem</strong></span> 
     </span>
    </p>
   </div>
   <div class='ocr_carea' id='block_1_59' title="bbox 613 5579 2196 5655">
    <p class='ocr_par' dir='ltr' id='par_1_59' title="bbox 613 5579 2196 5655">
     <span class='ocr_line' id='line_1_60' title="bbox 613 5579 2196 5655; baseline 0.008 -28"><span class='ocrx_word' id='word_1_455' title='bbox 613 5579 818 5655; x_wconf 64' lang='lat' dir='ltr'><strong>adeptus</strong></span> <span class='ocrx_word' id='word_1_456' title='bbox 841 5589 926 5655; x_wconf 81' lang='lat' dir='ltr'><strong>es_t_</strong></span> <span class='ocrx_word' id='word_1_457' title='bbox 938 5579 1150 5655; x_wconf 40' lang='grc' dir='ltr'><strong>ιιηξὶδρςξρ</strong></span> <span class='ocrx_word' id='word_1_458' title='bbox 1167 5579 1490 5655; x_wconf 60' lang='lat' dir='ltr'><strong>juxta_i:r05p.</strong></span> <span class='ocrx_word' id='word_1_459' title='bbox 1515 5585 1686 5635; x_wconf 87' lang='lat' dir='ltr'><strong>Chron.</strong></span> <span class='ocrx_word' id='word_1_460' title='bbox 1712 5579 1994 5638; x_wconf 66' lang='lat' dir='ltr'><strong>imminente</strong></span> <span class='ocrx_word' id='word_1_461' title='bbox 2024 5589 2196 5640; x_wconf 84' lang='lat' dir='ltr'><strong>Christi</strong></span> 
     </span>
    </p>
   </div>
   <div class='ocr_carea' id='block_1_60' title="bbox 613 5640 1390 5699">
    <p class='ocr_par' dir='ltr' id='par_1_60' title="bbox 613 5640 1390 5699">
     <span class='ocr_line' id='line_1_61' title="bbox 613 5640 1390 5699; baseline 0.004 -10"><span class='ocrx_word' id='word_1_462' title='bbox 613 5640 778 5699; x_wconf 66' lang='lat' dir='ltr'><strong>Natali,</strong></span> <span class='ocrx_word' id='word_1_463' title='bbox 804 5655 865 5690; x_wconf 91' lang='lat' dir='ltr'><strong>ex</strong></span> <span class='ocrx_word' id='word_1_464' title='bbox 891 5642 1058 5693; x_wconf 82' lang='lat' dir='ltr'><strong>Homil.</strong></span> <span class='ocrx_word' id='word_1_465' title='bbox 1083 5640 1144 5694; x_wconf 74' lang='lat'><strong>25</strong></span> <span class='ocrx_word' id='word_1_466' title='bbox 1166 5640 1292 5694; x_wconf 82' lang='lat' dir='ltr'><strong>inter</strong></span> <span class='ocrx_word' id='word_1_467' title='bbox 1313 5645 1390 5695; x_wconf 83' lang='lat'><strong>50.</strong></span> 
     </span>
    </p>
   </div>
   <div class='ocr_carea' id='block_1_61' title="bbox 679 5702 2196 5778">
    <p class='ocr_par' dir='ltr' id='par_1_61' title="bbox 679 5702 2196 5778">
     <span class='ocr_line' id='line_1_62' title="bbox 679 5702 2196 5778; baseline 0.007 -28"><span class='ocrx_word' id='word_1_468' title='bbox 679 5702 995 5778; x_wconf 41' lang='lat' dir='ltr'><strong>gelraulinus</strong></span> <span class='ocrx_word' id='word_1_469' title='bbox 1021 5705 1291 5778; x_wconf 55' lang='lat' dir='ltr'><strong>tundimus</strong></span> <span class='ocrx_word' id='word_1_470' title='bbox 1313 5709 1376 5778; x_wconf 78' lang='lat' dir='ltr'><strong>ab</strong></span> <span class='ocrx_word' id='word_1_471' title='bbox 1395 5706 1755 5778; x_wconf 60' lang='lat' dir='ltr'><strong>ecclesiastith</strong></span> <span class='ocrx_word' id='word_1_472' title='bbox 1773 5710 1902 5762; x_wconf 82' lang='lat' dir='ltr'><strong>curls</strong></span> <span class='ocrx_word' id='word_1_473' title='bbox 1930 5709 2057 5764; x_wconf 88' lang='lat' dir='ltr'><strong>liber</strong></span> <span class='ocrx_word' id='word_1_474' title='bbox 2079 5723 2196 5775; x_wconf 72' lang='lat' dir='ltr'><strong>age-</strong></span> 
     </span>
    </p>
   </div>
   <div class='ocr_carea' id='block_1_62' title="bbox 611 5761 2197 5836">
    <p class='ocr_par' dir='ltr' id='par_1_62' title="bbox 611 5761 2197 5836">
     <span class='ocr_line' id='line_1_63' title="bbox 611 5761 2197 5836; baseline 0.007 -23"><span class='ocrx_word' id='word_1_475' title='bbox 611 5761 714 5814; x_wconf 76' lang='lat' dir='ltr'><strong>bat.</strong></span> <span class='ocrx_word' id='word_1_476' title='bbox 731 5761 920 5836; x_wconf 76' lang='lat' dir='ltr'><strong>Quippe</strong></span> <span class='ocrx_word' id='word_1_477' title='bbox 948 5767 997 5815; x_wconf 91' lang='lat' dir='ltr'><strong>in</strong></span> <span class='ocrx_word' id='word_1_478' title='bbox 1029 5769 1364 5836; x_wconf 79' lang='lat' dir='ltr'><strong>Barcinoneusi</strong></span> <span class='ocrx_word' id='word_1_479' title='bbox 1393 5761 1978 5836; x_wconf 15' lang='lat' dir='ltr'><strong>uiciesianpre’sb’yterutn’</strong></span> <span class='ocrx_word' id='word_1_480' title='bbox 1995 5761 2052 5836; x_wconf 75' lang='lat' dir='ltr'><strong>se</strong></span> <span class='ocrx_word' id='word_1_481' title='bbox 2082 5761 2197 5824; x_wconf 66' lang='grc' dir='ltr'><strong>ὧι]-</strong></span> 
     </span>
    </p>
   </div>
   <div class='ocr_carea' id='block_1_63' title="bbox 613 5825 2196 5898">
    <p class='ocr_par' dir='ltr' id='par_1_63' title="bbox 613 5825 2196 5898">
     <span class='ocr_line' id='line_1_64' title="bbox 613 5825 2196 5898; baseline 0.006 -23"><span class='ocrx_word' id='word_1_482' title='bbox 820 5825 903 5898; x_wconf 51' lang='grc' dir='ltr'><strong>ιὶξ</strong></span> <span class='ocrx_word' id='word_1_483' title='bbox 920 5829 1382 5898; x_wconf 57' lang='lat' dir='ltr'><strong>consensit_detnuin</strong></span> <span class='ocrx_word' id='word_1_484' title='bbox 1404 5843 1463 5898; x_wconf 81' lang='lat' dir='ltr'><strong>ea</strong></span> <span class='ocrx_word' id='word_1_485' title='bbox 1486 5825 1757 5898; x_wconf 72' lang='lat' dir='ltr'><strong>conditione</strong></span> <span class='ocrx_word' id='word_1_486' title='bbox 1771 5825 1796 5892; x_wconf 89' lang='grc'><em>,’</em></span> <span class='ocrx_word' id='word_1_487' title='bbox 1808 5835 1946 5898; x_wconf 73' lang='lat' dir='ltr'><strong>sicuti</strong></span> <span class='ocrx_word' id='word_1_488' title='bbox 1970 5835 2027 5882; x_wconf 87' lang='lat' dir='ltr'><strong>ad</strong></span> <span class='ocrx_word' id='word_1_489' title='bbox 2050 5844 2196 5885; x_wconf 71' lang='lat' dir='ltr'><strong>Seve-</strong></span> 
     </span>
    </p>
   </div>
   <div class='ocr_carea' id='block_1_64' title="bbox 614 5889 2191 5961">
    <p class='ocr_par' dir='ltr' id='par_1_64' title="bbox 614 5889 2191 5961">
     <span class='ocr_line' id='line_1_65' title="bbox 614 5889 2191 5961; baseline 0.008 -23"><span class='ocrx_word' id='word_1_490' title='bbox 614 5899 724 5938; x_wconf 85' lang='lat' dir='ltr'><strong>ruut</strong></span> <span class='ocrx_word' id='word_1_491' title='bbox 745 5889 797 5938; x_wconf 90' lang='lat' dir='ltr'><strong>in</strong></span> <span class='ocrx_word' id='word_1_492' title='bbox 828 5889 971 5951; x_wconf 82' lang='lat' dir='ltr'><strong>epist.</strong></span> <span class='ocrx_word' id='word_1_493' title='bbox 993 5889 1026 5937; x_wconf 85' lang='lat'><strong>6</strong></span> <span class='ocrx_word' id='word_1_494' title='bbox 1045 5891 1238 5950; x_wconf 83' lang='lat' dir='ltr'><strong>scribit,</strong></span> <span class='ocrx_word' id='word_1_495' title='bbox 1263 5899 1318 5942; x_wconf 90' lang='lat' dir='ltr'><strong>ut</strong></span> <span class='ocrx_word' id='word_1_496' title='bbox 1340 5893 1499 5943; x_wconf 85' lang='lat' dir='ltr'><strong>eidem</strong></span> <span class='ocrx_word' id='word_1_497' title='bbox 1522 5892 1743 5946; x_wconf 57' lang='lat' dir='ltr'><strong>Emissae</strong></span> <span class='ocrx_word' id='word_1_498' title='bbox 1767 5889 1863 5945; x_wconf 86' lang='lat' dir='ltr'><strong>non</strong></span> <span class='ocrx_word' id='word_1_499' title='bbox 1883 5894 2191 5961; x_wconf 82' lang='lat' dir='ltr'><strong>alligaretur:</strong></span> 
     </span>
    </p>
   </div>
   <div class='ocr_carea' id='block_1_65' title="bbox 1848 355 3864 456">
    <p class='ocr_par' dir='ltr' id='par_1_65' title="bbox 1848 355 3864 456">
     <span class='ocr_line' id='line_1_66' title="bbox 1848 355 3864 456; baseline -0.008 -1"><span class='ocrx_word' id='word_1_500' title='bbox 1848 400 1907 455; x_wconf 84' lang='lat' dir='ltr'><strong>s.</strong></span> <span class='ocrx_word' id='word_1_501' title='bbox 1948 395 2318 456; x_wconf 58' lang='lat' dir='ltr'><strong>aususnon</strong></span> <span class='ocrx_word' id='word_1_502' title='bbox 2355 393 2654 452; x_wconf 72' lang='lat' dir='ltr'><strong>EPlSGBPl</strong></span> <span class='ocrx_word' id='word_1_503' title='bbox 3385 355 3392 360; x_wconf 76' lang='grc'><em>’</em></span> <span class='ocrx_word' id='word_1_504' title='bbox 3775 395 3864 454; x_wconf 65' lang='grc' dir='ltr'>ια</span> 
     </span>
    </p>
   </div>
   <div class='ocr_carea' id='block_1_66' title="bbox 2304 505 3862 580">
    <p class='ocr_par' dir='ltr' id='par_1_66' title="bbox 2304 505 3862 580">
     <span class='ocr_line' id='line_1_67' title="bbox 2304 505 3862 580; baseline 0 -16"><span class='ocrx_word' id='word_1_505' title='bbox 2304 524 2409 564; x_wconf 90' lang='lat' dir='ltr'><strong>non</strong></span> <span class='ocrx_word' id='word_1_506' title='bbox 2437 508 2772 579; x_wconf 76' lang='lat' dir='ltr'><strong>impudenter</strong></span> <span class='ocrx_word' id='word_1_507' title='bbox 2794 520 2895 578; x_wconf 81' lang='lat' dir='ltr'><strong>ego</strong></span> <span class='ocrx_word' id='word_1_508' title='bbox 2913 519 3040 579; x_wconf 84' lang='lat' dir='ltr'><strong>rogo</strong></span> <span class='ocrx_word' id='word_1_509' title='bbox 3056 519 3176 573; x_wconf 79' lang='lat' dir='ltr'><strong>ves,</strong></span> <span class='ocrx_word' id='word_1_510' title='bbox 3205 514 3272 562; x_wconf 87' lang='lat' dir='ltr'><strong>et-</strong></span> <span class='ocrx_word' id='word_1_511' title='bbox 3286 506 3517 577; x_wconf 79' lang='lat' dir='ltr'><strong>postulo,</strong></span> <span class='ocrx_word' id='word_1_512' title='bbox 3536 505 3795 580; x_wconf 35' lang='lat' dir='ltr'><strong>ettﬂagito,</strong></span> <span class='ocrx_word' id='word_1_513' title='bbox 3811 522 3862 570; x_wconf 76' lang='lat' dir='ltr'><strong>ut</strong></span> 
     </span>
    </p>
   </div>
   <div class='ocr_carea' id='block_1_67' title="bbox 2304 599 3864 671">
    <p class='ocr_par' dir='ltr' id='par_1_67' title="bbox 2304 599 3864 671">
     <span class='ocr_line' id='line_1_68' title="bbox 2304 599 3864 671; baseline 0.004 -18"><span class='ocrx_word' id='word_1_514' title='bbox 2304 599 2357 654; x_wconf 91' lang='lat' dir='ltr'><strong>in</strong></span> <span class='ocrx_word' id='word_1_515' title='bbox 2390 600 2623 657; x_wconf 70' lang='lat' dir='ltr'><strong>Africam</strong></span> <span class='ocrx_word' id='word_1_516' title='bbox 2651 601 2856 671; x_wconf 76' lang='lat' dir='ltr'><strong>meiere</strong></span> <span class='ocrx_word' id='word_1_517' title='bbox 2881 599 3068 655; x_wconf 81' lang='lat' dir='ltr'><strong>talium</strong></span> <span class='ocrx_word' id='word_1_518' title='bbox 3098 599 3370 654; x_wconf 82' lang='lat' dir='ltr'><strong>hominum</strong></span> <span class='ocrx_word' id='word_1_519' title='bbox 3405 599 3514 667; x_wconf 65' lang='lat' dir='ltr'><strong>siti;</strong></span> <span class='ocrx_word' id='word_1_520' title='bbox 3553 613 3708 670; x_wconf 79' lang='lat' dir='ltr'><strong>quam</strong></span> <span class='ocrx_word' id='word_1_521' title='bbox 3733 602 3864 659; x_wconf 69' lang='lat' dir='ltr'><strong>sieti-</strong></span> 
     </span>
    </p>
   </div>
   <div class='ocr_carea' id='block_1_68' title="bbox 2306 691 3642 762">
    <p class='ocr_par' dir='ltr' id='par_1_68' title="bbox 2306 691 3642 762">
     <span class='ocr_line' id='line_1_69' title="bbox 2306 691 3642 762; baseline -0.001 -16"><span class='ocrx_word' id='word_1_522' title='bbox 2306 693 2425 746; x_wconf 83' lang='lat' dir='ltr'><strong>tatis</strong></span> <span class='ocrx_word' id='word_1_523' title='bbox 2445 692 2722 748; x_wconf 79' lang='lat' dir='ltr'><strong>nobilitate</strong></span> <span class='ocrx_word' id='word_1_524' title='bbox 2746 693 3100 756; x_wconf 81' lang='lat' dir='ltr'><strong>laborantem,</strong></span> <span class='ocrx_word' id='word_1_525' title='bbox 3125 691 3310 746; x_wconf 81' lang='lat' dir='ltr'><strong>venire</strong></span> <span class='ocrx_word' id='word_1_526' title='bbox 3329 691 3642 762; x_wconf 60' lang='lat' dir='ltr'><strong>digneminit</strong></span> 
     </span>
    </p>
   </div>
   <div class='ocr_carea' id='block_1_69' title="bbox 2372 783 3889 875">
    <p class='ocr_par' dir='ltr' id='par_1_69' title="bbox 2372 783 3889 875">
     <span class='ocr_line' id='line_1_70' title="bbox 2372 783 3889 875; baseline 0.004 -36"><span class='ocrx_word' id='word_1_527' title='bbox 2372 785 2424 839; x_wconf 76' lang='grc' dir='ltr'><strong>Β.</strong></span> <span class='ocrx_word' id='word_1_528' title='bbox 2453 785 2562 840; x_wconf 85' lang='lat' dir='ltr'><strong>Scit</strong></span> <span class='ocrx_word' id='word_1_529' title='bbox 2603 784 2744 840; x_wconf 80' lang='lat' dir='ltr'><strong>Deus</strong></span> <span class='ocrx_word' id='word_1_530' title='bbox 2785 784 2908 855; x_wconf 84' lang='lat' dir='ltr'><strong>quia</strong></span> <span class='ocrx_word' id='word_1_531' title='bbox 2955 797 3060 838; x_wconf 88' lang='lat' dir='ltr'><strong>non</strong></span> <span class='ocrx_word' id='word_1_532' title='bbox 3102 783 3275 838; x_wconf 79' lang='lat' dir='ltr'><strong>solum</strong></span> <span class='ocrx_word' id='word_1_533' title='bbox 3316 792 3540 854; x_wconf 83' lang='lat' dir='ltr'><strong>propter</strong></span> <span class='ocrx_word' id='word_1_534' title='bbox 3569 783 3889 875; x_wconf 66' lang='lat' dir='ltr'><strong>desiderium,</strong></span> 
     </span>
    </p>
   </div>
   <div class='ocr_carea' id='block_1_70' title="bbox 2300 875 3864 949">
    <p class='ocr_par' dir='ltr' id='par_1_70' title="bbox 2300 875 3864 949">
     <span class='ocr_line' id='line_1_71' title="bbox 2300 875 3864 949; baseline -0.001 -15"><span class='ocrx_word' id='word_1_535' title='bbox 2300 894 2497 945; x_wconf 90' lang='lat' dir='ltr'><strong>meum,</strong></span> <span class='ocrx_word' id='word_1_536' title='bbox 2531 892 2704 949; x_wconf 91' lang='lat' dir='ltr'><strong>neque</strong></span> <span class='ocrx_word' id='word_1_537' title='bbox 2729 878 2899 934; x_wconf 90' lang='lat' dir='ltr'><strong>solum</strong></span> <span class='ocrx_word' id='word_1_538' title='bbox 2932 885 3147 948; x_wconf 89' lang='lat' dir='ltr'><strong>propter</strong></span> <span class='ocrx_word' id='word_1_539' title='bbox 3167 890 3260 931; x_wconf 90' lang='lat' dir='ltr'><strong>eos</strong></span> <span class='ocrx_word' id='word_1_540' title='bbox 3289 877 3377 946; x_wconf 90' lang='lat' dir='ltr'><strong>qui</strong></span> <span class='ocrx_word' id='word_1_541' title='bbox 3410 875 3494 931; x_wconf 90' lang='lat' dir='ltr'><strong>vel</strong></span> <span class='ocrx_word' id='word_1_542' title='bbox 3523 891 3615 946; x_wconf 89' lang='lat' dir='ltr'><strong>per</strong></span> <span class='ocrx_word' id='word_1_543' title='bbox 3657 893 3749 932; x_wconf 90' lang='lat' dir='ltr'><strong>nos</strong></span> <span class='ocrx_word' id='word_1_544' title='bbox 3785 896 3864 937; x_wconf 46' lang='lat' dir='ltr'><strong>ve.</strong></span> 
     </span>
    </p>
   </div>
   <div class='ocr_carea' id='block_1_71' title="bbox 2300 967 3860 1042">
    <p class='ocr_par' dir='ltr' id='par_1_71' title="bbox 2300 967 3860 1042">
     <span class='ocr_line' id='line_1_72' title="bbox 2300 967 3860 1042; baseline 0.004 -17"><span class='ocrx_word' id='word_1_545' title='bbox 2300 980 2468 1026; x_wconf 86' lang='lat' dir='ltr'><strong>strum</strong></span> <span class='ocrx_word' id='word_1_546' title='bbox 2495 972 2843 1042; x_wconf 84' lang='lat' dir='ltr'><strong>propositum,</strong></span> <span class='ocrx_word' id='word_1_547' title='bbox 2866 970 2949 1026; x_wconf 88' lang='lat' dir='ltr'><strong>vel</strong></span> <span class='ocrx_word' id='word_1_548' title='bbox 2977 969 3356 1040; x_wconf 83' lang='lat' dir='ltr'><strong>undecumque</strong></span> <span class='ocrx_word' id='word_1_549' title='bbox 3388 967 3523 1023; x_wconf 78' lang='lat' dir='ltr'><strong>fama</strong></span> <span class='ocrx_word' id='word_1_550' title='bbox 3571 970 3860 1040; x_wconf 54' lang='lat' dir='ltr'><strong>praedicante</strong></span> 
     </span>
    </p>
   </div>
   <div class='ocr_carea' id='block_1_72' title="bbox 2298 1061 3862 1133">
    <p class='ocr_par' dir='ltr' id='par_1_72' title="bbox 2298 1061 3862 1133">
     <span class='ocr_line' id='line_1_73' title="bbox 2298 1061 3862 1133; baseline 0.003 -16"><span class='ocrx_word' id='word_1_551' title='bbox 2298 1063 2618 1129; x_wconf 85' lang='lat' dir='ltr'><strong>didicerunt,</strong></span> <span class='ocrx_word' id='word_1_552' title='bbox 2643 1063 2736 1119; x_wconf 83' lang='lat' dir='ltr'><strong>sed</strong></span> <span class='ocrx_word' id='word_1_553' title='bbox 2766 1063 2924 1119; x_wconf 87' lang='lat' dir='ltr'><strong>etiam</strong></span> <span class='ocrx_word' id='word_1_554' title='bbox 2951 1071 3171 1133; x_wconf 86' lang='lat' dir='ltr'><strong>propter</strong></span> <span class='ocrx_word' id='word_1_555' title='bbox 3197 1069 3422 1117; x_wconf 74' lang='lat' dir='ltr'><strong>cteteros</strong></span> <span class='ocrx_word' id='word_1_556' title='bbox 3450 1061 3540 1132; x_wconf 90' lang='lat' dir='ltr'><strong>qui</strong></span> <span class='ocrx_word' id='word_1_557' title='bbox 3570 1063 3752 1132; x_wconf 85' lang='lat' dir='ltr'><strong>partim</strong></span> <span class='ocrx_word' id='word_1_558' title='bbox 3775 1080 3862 1121; x_wconf 80' lang='lat' dir='ltr'><strong>non</strong></span> 
     </span>
    </p>
   </div>
   <div class='ocr_carea' id='block_1_73' title="bbox 2298 1151 3863 1225">
    <p class='ocr_par' dir='ltr' id='par_1_73' title="bbox 2298 1151 3863 1225">
     <span class='ocr_line' id='line_1_74' title="bbox 2298 1151 3863 1225; baseline 0.001 -16"><span class='ocrx_word' id='word_1_559' title='bbox 2298 1155 2538 1220; x_wconf 86' lang='lat' dir='ltr'><strong>audiunt,</strong></span> <span class='ocrx_word' id='word_1_560' title='bbox 2581 1156 2771 1225; x_wconf 83' lang='lat' dir='ltr'><strong>partim</strong></span> <span class='ocrx_word' id='word_1_561' title='bbox 2817 1153 2994 1209; x_wconf 86' lang='lat' dir='ltr'><strong>audita</strong></span> <span class='ocrx_word' id='word_1_562' title='bbox 3037 1167 3143 1208; x_wconf 91' lang='lat' dir='ltr'><strong>non</strong></span> <span class='ocrx_word' id='word_1_563' title='bbox 3171 1151 3414 1219; x_wconf 87' lang='lat' dir='ltr'><strong>credunt,</strong></span> <span class='ocrx_word' id='word_1_564' title='bbox 3455 1161 3629 1208; x_wconf 84' lang='lat' dir='ltr'><strong>tamen</strong></span> <span class='ocrx_word' id='word_1_565' title='bbox 3672 1166 3863 1223; x_wconf 82' lang='lat' dir='ltr'><strong>possunt</strong></span> 
     </span>
    </p>
   </div>
   <div class='ocr_carea' id='block_1_74' title="bbox 2299 1242 3864 1317">
    <p class='ocr_par' dir='ltr' id='par_1_74' title="bbox 2299 1242 3864 1317">
     <span class='ocr_line' id='line_1_75' title="bbox 2299 1242 3864 1317; baseline -0.001 -16"><span class='ocrx_word' id='word_1_566' title='bbox 2299 1257 2568 1316; x_wconf 86' lang='lat' dir='ltr'><strong>comperta</strong></span> <span class='ocrx_word' id='word_1_567' title='bbox 2599 1246 2840 1317; x_wconf 77' lang='lat' dir='ltr'><strong>diligere,</strong></span> <span class='ocrx_word' id='word_1_568' title='bbox 2877 1259 2970 1300; x_wconf 85' lang='lat' dir='ltr'><strong>vos</strong></span> <span class='ocrx_word' id='word_1_569' title='bbox 2998 1244 3114 1299; x_wconf 81' lang='lat' dir='ltr'><strong>istis</strong></span> <span class='ocrx_word' id='word_1_570' title='bbox 3148 1243 3304 1299; x_wconf 83' lang='lat' dir='ltr'><strong>terris</strong></span> <span class='ocrx_word' id='word_1_571' title='bbox 3344 1242 3506 1298; x_wconf 85' lang='lat' dir='ltr'><strong>etiam</strong></span> <span class='ocrx_word' id='word_1_572' title='bbox 3546 1244 3864 1313; x_wconf 81' lang='lat' dir='ltr'><strong>corporaliter</strong></span> 
     </span>
    </p>
   </div>
   <div class='ocr_carea' id='block_1_75' title="bbox 2299 1333 3861 1409">
    <p class='ocr_par' dir='ltr' id='par_1_75' title="bbox 2299 1333 3861 1409">
     <span class='ocr_line' id='line_1_76' title="bbox 2299 1333 3861 1409; baseline -0.003 -15"><span class='ocrx_word' id='word_1_573' title='bbox 2299 1339 2486 1394; x_wconf 86' lang='lat' dir='ltr'><strong>adesse</strong></span> <span class='ocrx_word' id='word_1_574' title='bbox 2513 1339 2776 1409; x_wconf 83' lang='lat' dir='ltr'><strong>cupimus.</strong></span> <span class='ocrx_word' id='word_1_575' title='bbox 2803 1335 3057 1406; x_wconf 74' lang='lat' dir='ltr'><strong>Quamvis</strong></span> <span class='ocrx_word' id='word_1_576' title='bbox 3093 1335 3240 1390; x_wconf 83' lang='lat' dir='ltr'><strong>enim</strong></span> <span class='ocrx_word' id='word_1_577' title='bbox 3273 1333 3458 1390; x_wconf 83' lang='lat' dir='ltr'><strong>sedulo</strong></span> <span class='ocrx_word' id='word_1_578' title='bbox 3486 1342 3645 1404; x_wconf 84' lang='lat' dir='ltr'><strong>atque</strong></span> <span class='ocrx_word' id='word_1_579' title='bbox 3682 1335 3861 1390; x_wconf 87' lang='lat' dir='ltr'><strong>miseri-</strong></span> 
     </span>
    </p>
   </div>
   <div class='ocr_carea' id='block_1_76' title="bbox 2301 1425 3864 1500">
    <p class='ocr_par' dir='ltr' id='par_1_76' title="bbox 2301 1425 3864 1500">
     <span class='ocr_line' id='line_1_77' title="bbox 2301 1425 3864 1500; baseline -0.001 -15"><span class='ocrx_word' id='word_1_580' title='bbox 2301 1431 2533 1485; x_wconf 86' lang='lat' dir='ltr'><strong>corditer</strong></span> <span class='ocrx_word' id='word_1_581' title='bbox 2560 1430 2614 1484; x_wconf 65' lang='lat' dir='ltr'><strong>id&quot;</strong></span> <span class='ocrx_word' id='word_1_582' title='bbox 2637 1430 2809 1500; x_wconf 83' lang='lat' dir='ltr'><strong>agitis,</strong></span> <span class='ocrx_word' id='word_1_583' title='bbox 2843 1439 3018 1484; x_wconf 86' lang='lat' dir='ltr'><strong>tamen</strong></span> <span class='ocrx_word' id='word_1_584' title='bbox 3046 1427 3206 1483; x_wconf 86' lang='lat' dir='ltr'><strong>etiam</strong></span> <span class='ocrx_word' id='word_1_585' title='bbox 3254 1441 3433 1481; x_wconf 83' lang='lat' dir='ltr'><strong>coram</strong></span> <span class='ocrx_word' id='word_1_586' title='bbox 3477 1425 3772 1482; x_wconf 82' lang='lat' dir='ltr'><strong>hominibus</strong></span> <span class='ocrx_word' id='word_1_587' title='bbox 3795 1443 3864 1483; x_wconf 59' lang='lat' dir='ltr'><strong>re</strong></span> 
     </span>
    </p>
   </div>
   <div class='ocr_carea' id='block_1_77' title="bbox 2300 1518 3867 1593">
    <p class='ocr_par' dir='ltr' id='par_1_77' title="bbox 2300 1518 3867 1593">
     <span class='ocr_line' id='line_1_78' title="bbox 2300 1518 3867 1593; baseline -0.001 -17"><span class='ocrx_word' id='word_1_588' title='bbox 2300 1523 2512 1593; x_wconf 80' lang='lat' dir='ltr'><strong>gionum</strong></span> <span class='ocrx_word' id='word_1_589' title='bbox 2556 1529 2856 1576; x_wconf 87' lang='lat' dir='ltr'><strong>nostrarum</strong></span> <span class='ocrx_word' id='word_1_590' title='bbox 2895 1521 3108 1574; x_wconf 84' lang='lat' dir='ltr'><strong>luceant</strong></span> <span class='ocrx_word' id='word_1_591' title='bbox 3148 1531 3310 1589; x_wconf 82' lang='lat' dir='ltr'><strong>opera</strong></span> <span class='ocrx_word' id='word_1_592' title='bbox 3344 1526 3539 1582; x_wconf 82' lang='lat' dir='ltr'><strong>vestra,</strong></span> <span class='ocrx_word' id='word_1_593' title='bbox 3584 1526 3643 1573; x_wconf 83' lang='lat' dir='ltr'><strong>ut-</strong></span> <span class='ocrx_word' id='word_1_594' title='bbox 3681 1518 3867 1574; x_wconf 76' lang='lat' dir='ltr'><strong>videant</strong></span> 
     </span>
    </p>
   </div>
   <div class='ocr_carea' id='block_1_78' title="bbox 2300 1608 3864 1681">
    <p class='ocr_par' dir='ltr' id='par_1_78' title="bbox 2300 1608 3864 1681">
     <span class='ocr_line' id='line_1_79' title="bbox 2300 1608 3864 1681; baseline -0.003 -14"><span class='ocrx_word' id='word_1_595' title='bbox 2300 1611 2437 1667; x_wconf 84' lang='lat' dir='ltr'><strong>hona</strong></span> <span class='ocrx_word' id='word_1_596' title='bbox 2468 1611 2600 1666; x_wconf 86' lang='lat' dir='ltr'><strong>facta</strong></span> <span class='ocrx_word' id='word_1_597' title='bbox 2625 1622 2818 1678; x_wconf 87' lang='lat' dir='ltr'><strong>vestra,</strong></span> <span class='ocrx_word' id='word_1_598' title='bbox 2846 1618 2902 1666; x_wconf 87' lang='lat' dir='ltr'><strong>et</strong></span> <span class='ocrx_word' id='word_1_599' title='bbox 2938 1608 3234 1681; x_wconf 74' lang='lat' dir='ltr'><strong>gloriﬁcent</strong></span> <span class='ocrx_word' id='word_1_600' title='bbox 3269 1608 3482 1664; x_wconf 79' lang='lat' dir='ltr'><strong>Patrem</strong></span> <span class='ocrx_word' id='word_1_601' title='bbox 3519 1618 3766 1674; x_wconf 76' lang='lat' dir='ltr'><strong>vestrum,</strong></span> <span class='ocrx_word' id='word_1_602' title='bbox 3791 1610 3864 1680; x_wconf 80' lang='lat' dir='ltr'><strong>qui</strong></span> 
     </span>
    </p>
   </div>
   <div class='ocr_carea' id='block_1_79' title="bbox 2301 1701 3861 1776">
    <p class='ocr_par' dir='ltr' id='par_1_79' title="bbox 2301 1701 3861 1776">
     <span class='ocr_line' id='line_1_80' title="bbox 2301 1701 3861 1776; baseline -0.002 -19"><span class='ocrx_word' id='word_1_603' title='bbox 2301 1703 2353 1758; x_wconf 90' lang='lat' dir='ltr'><strong>in</strong></span> <span class='ocrx_word' id='word_1_604' title='bbox 2381 1705 2530 1759; x_wconf 68' lang='lat' dir='ltr'><strong>cretis</strong></span> <span class='ocrx_word' id='word_1_605' title='bbox 2552 1713 2631 1759; x_wconf 84' lang='lat' dir='ltr'><strong>est</strong></span> <span class='ocrx_word' id='word_1_606' title='bbox 2658 1703 2801 1776; x_wconf 58' lang='grc' dir='ltr'>(ιιι,</span> <span class='ocrx_word' id='word_1_607' title='bbox 2824 1719 2879 1769; x_wconf 89' lang='lat' dir='ltr'><strong>v,</strong></span> <span class='ocrx_word' id='word_1_608' title='bbox 2909 1702 2977 1758; x_wconf 78' lang='grc'><strong>16</strong></span> <span class='ocrx_word' id='word_1_609' title='bbox 2997 1701 3037 1772; x_wconf 94' lang='grc'><strong>).</strong></span> <span class='ocrx_word' id='word_1_610' title='bbox 3068 1701 3365 1757; x_wconf 82' lang='lat' dir='ltr'><strong>Piscatores</strong></span> <span class='ocrx_word' id='word_1_611' title='bbox 3394 1708 3618 1755; x_wconf 83' lang='lat' dir='ltr'><strong>vocante</strong></span> <span class='ocrx_word' id='word_1_612' title='bbox 3646 1701 3861 1765; x_wconf 71' lang='lat' dir='ltr'><strong>Donum,</strong></span> 
     </span>
    </p>
   </div>
   <div class='ocr_carea' id='block_1_80' title="bbox 2300 1790 3861 1865">
    <p class='ocr_par' dir='ltr' id='par_1_80' title="bbox 2300 1790 3861 1865">
     <span class='ocr_line' id='line_1_81' title="bbox 2300 1790 3861 1865; baseline -0.003 -16"><span class='ocrx_word' id='word_1_613' title='bbox 2300 1796 2438 1865; x_wconf 87' lang='lat' dir='ltr'><strong>quod</strong></span> <span class='ocrx_word' id='word_1_614' title='bbox 2468 1796 2734 1850; x_wconf 88' lang='lat' dir='ltr'><strong>naviculas</strong></span> <span class='ocrx_word' id='word_1_615' title='bbox 2753 1795 2954 1850; x_wconf 77' lang='lat' dir='ltr'><strong>erretis</strong></span> <span class='ocrx_word' id='word_1_616' title='bbox 2982 1793 3316 1859; x_wconf 72' lang='lat' dir='ltr'><strong>dimiserunt,</strong></span> <span class='ocrx_word' id='word_1_617' title='bbox 3338 1791 3515 1846; x_wconf 86' lang='lat' dir='ltr'><strong>omnia</strong></span> <span class='ocrx_word' id='word_1_618' title='bbox 3531 1790 3861 1856; x_wconf 80' lang='lat' dir='ltr'><strong>sedlmisisse,</strong></span> 
     </span>
    </p>
   </div>
   <div class='ocr_carea' id='block_1_81' title="bbox 2300 1880 3865 1949">
    <p class='ocr_par' dir='ltr' id='par_1_81' title="bbox 2300 1880 3865 1949">
     <span class='ocr_line' id='line_1_82' title="bbox 2300 1880 3865 1949; baseline -0.003 -9"><span class='ocrx_word' id='word_1_619' title='bbox 2300 1895 2353 1940; x_wconf 89' lang='lat' dir='ltr'><strong>et</strong></span> <span class='ocrx_word' id='word_1_620' title='bbox 2391 1886 2670 1940; x_wconf 79' lang='lat' dir='ltr'><strong>Dominum</strong></span> <span class='ocrx_word' id='word_1_621' title='bbox 2707 1893 2919 1939; x_wconf 84' lang='lat' dir='ltr'><strong>secutos</strong></span> <span class='ocrx_word' id='word_1_622' title='bbox 2946 1898 3087 1949; x_wconf 88' lang='lat' dir='ltr'><strong>esse,</strong></span> <span class='ocrx_word' id='word_1_623' title='bbox 3115 1883 3276 1938; x_wconf 83' lang='lat' dir='ltr'><strong>etiam</strong></span> <span class='ocrx_word' id='word_1_624' title='bbox 3300 1880 3764 1938; x_wconf 82' lang='lat' dir='ltr'><strong>commemorando</strong></span> <span class='ocrx_word' id='word_1_625' title='bbox 3787 1881 3865 1936; x_wconf 75' lang='lat' dir='ltr'><strong>lte-</strong></span> 
     </span>
    </p>
   </div>
   <div class='ocr_carea' id='block_1_82' title="bbox 2302 1977 3862 2049">
    <p class='ocr_par' dir='ltr' id='par_1_82' title="bbox 2302 1977 3862 2049">
     <span class='ocr_line' id='line_1_83' title="bbox 2302 1977 3862 2049; baseline -0.001 -17"><span class='ocrx_word' id='word_1_626' title='bbox 2302 1978 2392 2032; x_wconf 89' lang='lat' dir='ltr'><strong>tati</strong></span> <span class='ocrx_word' id='word_1_627' title='bbox 2419 1988 2544 2032; x_wconf 84' lang='lat' dir='ltr'><strong>sunt</strong></span> <span class='ocrx_word' id='word_1_628' title='bbox 2574 1978 2708 2049; x_wconf 82' lang='lat' dir='ltr'><strong>(ld.,</strong></span> <span class='ocrx_word' id='word_1_629' title='bbox 2740 1994 2853 2044; x_wconf 79' lang='lat' dir='ltr'><strong>xix,</strong></span> <span class='ocrx_word' id='word_1_630' title='bbox 2888 1977 3002 2048; x_wconf 73' lang='lat'><strong>27).</strong></span> <span class='ocrx_word' id='word_1_631' title='bbox 3027 1977 3093 2032; x_wconf 83' lang='lat' dir='ltr'><strong>Et</strong></span> <span class='ocrx_word' id='word_1_632' title='bbox 3132 1992 3318 2032; x_wconf 83' lang='lat' dir='ltr'><strong>revera</strong></span> <span class='ocrx_word' id='word_1_633' title='bbox 3357 1977 3537 2032; x_wconf 86' lang='lat' dir='ltr'><strong>omnia</strong></span> <span class='ocrx_word' id='word_1_634' title='bbox 3580 1978 3862 2044; x_wconf 84' lang='lat' dir='ltr'><strong>contemnit,</strong></span> 
     </span>
    </p>
   </div>
   <div class='ocr_carea' id='block_1_83' title="bbox 2300 2068 3868 2141">
    <p class='ocr_par' dir='ltr' id='par_1_83' title="bbox 2300 2068 3868 2141">
     <span class='ocr_line' id='line_1_84' title="bbox 2300 2068 3868 2141; baseline 0.001 -18"><span class='ocrx_word' id='word_1_635' title='bbox 2300 2071 2390 2139; x_wconf 88' lang='lat' dir='ltr'><strong>qui</strong></span> <span class='ocrx_word' id='word_1_636' title='bbox 2412 2086 2514 2124; x_wconf 89' lang='lat' dir='ltr'><strong>non</strong></span> <span class='ocrx_word' id='word_1_637' title='bbox 2540 2071 2710 2125; x_wconf 87' lang='lat' dir='ltr'><strong>solum</strong></span> <span class='ocrx_word' id='word_1_638' title='bbox 2739 2078 2989 2141; x_wconf 88' lang='lat' dir='ltr'><strong>quantum</strong></span> <span class='ocrx_word' id='word_1_639' title='bbox 3017 2070 3202 2139; x_wconf 89' lang='lat' dir='ltr'><strong>potuit,</strong></span> <span class='ocrx_word' id='word_1_640' title='bbox 3229 2068 3322 2124; x_wconf 87' lang='lat' dir='ltr'><strong>sed</strong></span> <span class='ocrx_word' id='word_1_641' title='bbox 3353 2068 3511 2124; x_wconf 86' lang='lat' dir='ltr'><strong>etiam</strong></span> <span class='ocrx_word' id='word_1_642' title='bbox 3529 2078 3780 2140; x_wconf 87' lang='lat' dir='ltr'><strong>quantum</strong></span> <span class='ocrx_word' id='word_1_643' title='bbox 3799 2084 3868 2125; x_wconf 83' lang='lat' dir='ltr'><strong>vo-</strong></span> 
     </span>
    </p>
   </div>
   <div class='ocr_carea' id='block_1_84' title="bbox 2300 2160 3864 2233">
    <p class='ocr_par' dir='ltr' id='par_1_84' title="bbox 2300 2160 3864 2233">
     <span class='ocr_line' id='line_1_85' title="bbox 2300 2160 3864 2233; baseline 0.001 -19"><span class='ocrx_word' id='word_1_644' title='bbox 2300 2160 2398 2216; x_wconf 88' lang='lat' dir='ltr'><strong>luit</strong></span> <span class='ocrx_word' id='word_1_645' title='bbox 2434 2162 2651 2229; x_wconf 87' lang='lat' dir='ltr'><strong>habere,</strong></span> <span class='ocrx_word' id='word_1_646' title='bbox 2686 2165 2996 2217; x_wconf 82' lang='lat' dir='ltr'><strong>contemnit.</strong></span> <span class='ocrx_word' id='word_1_647' title='bbox 3030 2161 3134 2218; x_wconf 87' lang='lat' dir='ltr'><strong>Sed</strong></span> <span class='ocrx_word' id='word_1_648' title='bbox 3169 2161 3219 2216; x_wconf 91' lang='lat' dir='ltr'><strong>in</strong></span> <span class='ocrx_word' id='word_1_649' title='bbox 3261 2177 3326 2217; x_wconf 92' lang='lat' dir='ltr'><strong>eo</strong></span> <span class='ocrx_word' id='word_1_650' title='bbox 3375 2162 3514 2232; x_wconf 90' lang='lat' dir='ltr'><strong>quod</strong></span> <span class='ocrx_word' id='word_1_651' title='bbox 3564 2162 3864 2233; x_wconf 82' lang='lat' dir='ltr'><strong>cupiebatur,</strong></span> 
     </span>
    </p>
   </div>
   <div class='ocr_carea' id='block_1_85' title="bbox 2301 2254 3868 2326">
    <p class='ocr_par' dir='ltr' id='par_1_85' title="bbox 2301 2254 3868 2326">
     <span class='ocr_line' id='line_1_86' title="bbox 2301 2254 3868 2326; baseline -0.001 -16"><span class='ocrx_word' id='word_1_652' title='bbox 2301 2255 2438 2311; x_wconf 91' lang='lat' dir='ltr'><strong>oculi</strong></span> <span class='ocrx_word' id='word_1_653' title='bbox 2470 2255 2562 2310; x_wconf 89' lang='lat' dir='ltr'><strong>Dei</strong></span> <span class='ocrx_word' id='word_1_654' title='bbox 2587 2263 2751 2310; x_wconf 89' lang='lat' dir='ltr'><strong>testes</strong></span> <span class='ocrx_word' id='word_1_655' title='bbox 2775 2264 2932 2321; x_wconf 87' lang='lat' dir='ltr'><strong>sunt;</strong></span> <span class='ocrx_word' id='word_1_656' title='bbox 2962 2255 3014 2309; x_wconf 91' lang='lat' dir='ltr'><strong>in</strong></span> <span class='ocrx_word' id='word_1_657' title='bbox 3038 2270 3102 2309; x_wconf 92' lang='lat' dir='ltr'><strong>eo</strong></span> <span class='ocrx_word' id='word_1_658' title='bbox 3123 2254 3262 2326; x_wconf 89' lang='lat' dir='ltr'><strong>quod</strong></span> <span class='ocrx_word' id='word_1_659' title='bbox 3286 2254 3602 2321; x_wconf 85' lang='lat' dir='ltr'><strong>habebatur,</strong></span> <span class='ocrx_word' id='word_1_660' title='bbox 3633 2264 3687 2310; x_wconf 90' lang='lat' dir='ltr'><strong>et</strong></span> <span class='ocrx_word' id='word_1_661' title='bbox 3722 2254 3868 2310; x_wconf 80' lang='lat' dir='ltr'><strong>itemi-</strong></span> 
     </span>
    </p>
   </div>
   <div class='ocr_carea' id='block_1_86' title="bbox 2302 2345 3869 2417">
    <p class='ocr_par' dir='ltr' id='par_1_86' title="bbox 2302 2345 3869 2417">
     <span class='ocr_line' id='line_1_87' title="bbox 2302 2345 3869 2417; baseline 0.001 -18"><span class='ocrx_word' id='word_1_662' title='bbox 2302 2361 2448 2400; x_wconf 88' lang='lat' dir='ltr'><strong>num.</strong></span> <span class='ocrx_word' id='word_1_663' title='bbox 2481 2345 2670 2401; x_wconf 78' lang='lat' dir='ltr'><strong>Nescio</strong></span> <span class='ocrx_word' id='word_1_664' title='bbox 2709 2361 2815 2417; x_wconf 92' lang='lat' dir='ltr'><strong>quo</strong></span> <span class='ocrx_word' id='word_1_665' title='bbox 2839 2355 3016 2400; x_wconf 88' lang='lat' dir='ltr'><strong>autem</strong></span> <span class='ocrx_word' id='word_1_666' title='bbox 3047 2346 3224 2412; x_wconf 91' lang='lat' dir='ltr'><strong>modo,</strong></span> <span class='ocrx_word' id='word_1_667' title='bbox 3269 2360 3389 2400; x_wconf 90' lang='lat' dir='ltr'><strong>cum</strong></span> <span class='ocrx_word' id='word_1_668' title='bbox 3416 2346 3686 2415; x_wconf 78' lang='lat' dir='ltr'><strong>superflua</strong></span> <span class='ocrx_word' id='word_1_669' title='bbox 3707 2355 3869 2402; x_wconf 85' lang='lat' dir='ltr'><strong>et-ter-</strong></span> 
     </span>
    </p>
   </div>
   <div class='ocr_carea' id='block_1_87' title="bbox 2302 2438 3872 2509">
    <p class='ocr_par' dir='ltr' id='par_1_87' title="bbox 2302 2438 3872 2509">
     <span class='ocr_line' id='line_1_88' title="bbox 2302 2438 3872 2509; baseline 0.001 -17"><span class='ocrx_word' id='word_1_670' title='bbox 2302 2453 2427 2492; x_wconf 88' lang='lat' dir='ltr'><strong>rena</strong></span> <span class='ocrx_word' id='word_1_671' title='bbox 2458 2438 2766 2509; x_wconf 81' lang='lat' dir='ltr'><strong>diliguntur,</strong></span> <span class='ocrx_word' id='word_1_672' title='bbox 2797 2439 2993 2493; x_wconf 87' lang='lat' dir='ltr'><strong>arctius</strong></span> <span class='ocrx_word' id='word_1_673' title='bbox 3021 2438 3208 2508; x_wconf 91' lang='lat' dir='ltr'><strong>adepta</strong></span> <span class='ocrx_word' id='word_1_674' title='bbox 3256 2452 3413 2508; x_wconf 87' lang='lat' dir='ltr'><strong>quam</strong></span> <span class='ocrx_word' id='word_1_675' title='bbox 3449 2439 3728 2509; x_wconf 73' lang='lat' dir='ltr'><strong>concupita</strong></span> <span class='ocrx_word' id='word_1_676' title='bbox 3765 2451 3872 2493; x_wconf 83' lang='lat' dir='ltr'><strong>con-</strong></span> 
     </span>
    </p>
   </div>
   <div class='ocr_carea' id='block_1_88' title="bbox 2302 2529 3871 2600">
    <p class='ocr_par' dir='ltr' id='par_1_88' title="bbox 2302 2529 3871 2600">
     <span class='ocr_line' id='line_1_89' title="bbox 2302 2529 3871 2600; baseline -0.001 -16"><span class='ocrx_word' id='word_1_677' title='bbox 2302 2530 2584 2600; x_wconf 77' lang='lat' dir='ltr'><strong>stringunt.</strong></span> <span class='ocrx_word' id='word_1_678' title='bbox 2627 2530 2756 2585; x_wconf 80' lang='lat' dir='ltr'><strong>Nam</strong></span> <span class='ocrx_word' id='word_1_679' title='bbox 2802 2529 2939 2584; x_wconf 89' lang='lat' dir='ltr'><strong>unde</strong></span> <span class='ocrx_word' id='word_1_680' title='bbox 2971 2529 3138 2584; x_wconf 85' lang='lat' dir='ltr'><strong>tristis</strong></span> <span class='ocrx_word' id='word_1_681' title='bbox 3177 2529 3265 2584; x_wconf 91' lang='lat' dir='ltr'><strong>ille</strong></span> <span class='ocrx_word' id='word_1_682' title='bbox 3291 2529 3557 2597; x_wconf 83' lang='lat' dir='ltr'><strong>discessit,</strong></span> <span class='ocrx_word' id='word_1_683' title='bbox 3601 2529 3693 2600; x_wconf 87' lang='lat' dir='ltr'><strong>qui</strong></span> <span class='ocrx_word' id='word_1_684' title='bbox 3725 2529 3871 2584; x_wconf 82' lang='lat' dir='ltr'><strong>consi-</strong></span> 
     </span>
    </p>
   </div>
   <div class='ocr_carea' id='block_1_89' title="bbox 2305 2621 3867 2691">
    <p class='ocr_par' dir='ltr' id='par_1_89' title="bbox 2305 2621 3867 2691">
     <span class='ocr_line' id='line_1_90' title="bbox 2305 2621 3867 2691; baseline 0.001 -17"><span class='ocrx_word' id='word_1_685' title='bbox 2305 2621 2429 2674; x_wconf 92' lang='lat' dir='ltr'><strong>lium</strong></span> <span class='ocrx_word' id='word_1_686' title='bbox 2467 2622 2586 2675; x_wconf 74' lang='lat' dir='ltr'><strong>vita:</strong></span> <span class='ocrx_word' id='word_1_687' title='bbox 2633 2630 2845 2676; x_wconf 64' lang='lat' dir='ltr'><strong>aeternae</strong></span> <span class='ocrx_word' id='word_1_688' title='bbox 2880 2621 3268 2691; x_wconf 78' lang='lat' dir='ltr'><strong>consequendze</strong></span> <span class='ocrx_word' id='word_1_689' title='bbox 3297 2621 3569 2690; x_wconf 74' lang='lat' dir='ltr'><strong>qutenebat</strong></span> <span class='ocrx_word' id='word_1_690' title='bbox 3598 2636 3627 2674; x_wconf 85' lang='lat' dir='ltr'><strong>a</strong></span> <span class='ocrx_word' id='word_1_691' title='bbox 3655 2621 3867 2685; x_wconf 82' lang='lat' dir='ltr'><strong>Domino,</strong></span> 
     </span>
    </p>
   </div>
   <div class='ocr_carea' id='block_1_90' title="bbox 2303 2711 3872 2780">
    <p class='ocr_par' dir='ltr' id='par_1_90' title="bbox 2303 2711 3872 2780">
     <span class='ocr_line' id='line_1_91' title="bbox 2303 2711 3872 2780; baseline -0.001 -12"><span class='ocrx_word' id='word_1_692' title='bbox 2303 2729 2423 2769; x_wconf 84' lang='lat' dir='ltr'><strong>Cum</strong></span> <span class='ocrx_word' id='word_1_693' title='bbox 2451 2714 2686 2769; x_wconf 89' lang='lat' dir='ltr'><strong>audisset</strong></span> <span class='ocrx_word' id='word_1_694' title='bbox 2709 2713 2987 2769; x_wconf 87' lang='lat' dir='ltr'><strong>vendenda</strong></span> <span class='ocrx_word' id='word_1_695' title='bbox 3015 2727 3138 2768; x_wconf 88' lang='lat' dir='ltr'><strong>esse</strong></span> <span class='ocrx_word' id='word_1_696' title='bbox 3161 2713 3476 2780; x_wconf 84' lang='lat' dir='ltr'><strong>omnia-sua,</strong></span> <span class='ocrx_word' id='word_1_697' title='bbox 3505 2711 3872 2768; x_wconf 77' lang='lat' dir='ltr'><strong>etdiatribuen-</strong></span> 
     </span>
    </p>
   </div>
   <div class='ocr_carea' id='block_1_91' title="bbox 2302 2803 3871 2877">
    <p class='ocr_par' dir='ltr' id='par_1_91' title="bbox 2302 2803 3871 2877">
     <span class='ocr_line' id='line_1_92' title="bbox 2302 2803 3871 2877; baseline -0.001 -18"><span class='ocrx_word' id='word_1_698' title='bbox 2302 2805 2368 2859; x_wconf 89' lang='lat' dir='ltr'><strong>da</strong></span> <span class='ocrx_word' id='word_1_699' title='bbox 2409 2806 2748 2877; x_wconf 89' lang='lat' dir='ltr'><strong>pauperibus,</strong></span> <span class='ocrx_word' id='word_1_700' title='bbox 2797 2813 2851 2860; x_wconf 91' lang='lat' dir='ltr'><strong>et</strong></span> <span class='ocrx_word' id='word_1_701' title='bbox 2899 2804 3197 2862; x_wconf 82' lang='lat' dir='ltr'><strong>habendum</strong></span> <span class='ocrx_word' id='word_1_702' title='bbox 3245 2803 3558 2865; x_wconf 67' lang='lat' dir='ltr'><strong>thesauum</strong></span> <span class='ocrx_word' id='word_1_703' title='bbox 3589 2805 3644 2866; x_wconf 79' lang='lat' dir='ltr'><strong>in</strong></span> <span class='ocrx_word' id='word_1_704' title='bbox 3671 2805 3818 2870; x_wconf 64' lang='lat' dir='ltr'><strong>cutio,</strong></span> <span class='ocrx_word' id='word_1_705' title='bbox 3835 2804 3871 2858; x_wconf 89' lang='lat' dir='ltr'><strong>si</strong></span> 
     </span>
    </p>
   </div>
   <div class='ocr_carea' id='block_1_92' title="bbox 2303 2896 3871 2972">
    <p class='ocr_par' dir='ltr' id='par_1_92' title="bbox 2303 2896 3871 2972">
     <span class='ocr_line' id='line_1_93' title="bbox 2303 2896 3871 2972; baseline 0 -22"><span class='ocrx_word' id='word_1_706' title='bbox 2303 2897 2464 2952; x_wconf 87' lang='lat' dir='ltr'><strong>vellet</strong></span> <span class='ocrx_word' id='word_1_707' title='bbox 2489 2911 2607 2952; x_wconf 88' lang='lat' dir='ltr'><strong>esse</strong></span> <span class='ocrx_word' id='word_1_708' title='bbox 2637 2897 2916 2966; x_wconf 84' lang='lat' dir='ltr'><strong>perfectus,</strong></span> <span class='ocrx_word' id='word_1_709' title='bbox 2943 2897 3042 2951; x_wconf 88' lang='lat' dir='ltr'><strong>nisi</strong></span> <span class='ocrx_word' id='word_1_710' title='bbox 3065 2897 3183 2967; x_wconf 90' lang='lat' dir='ltr'><strong>quia</strong></span> <span class='ocrx_word' id='word_1_711' title='bbox 3202 2911 3440 2968; x_wconf 84' lang='lat' dir='ltr'><strong>magnas,</strong></span> <span class='ocrx_word' id='word_1_712' title='bbox 3461 2905 3518 2950; x_wconf 92' lang='lat' dir='ltr'><strong>ut</strong></span> <span class='ocrx_word' id='word_1_713' title='bbox 3553 2896 3871 2972; x_wconf 84' lang='lat' dir='ltr'><strong>Evangelium</strong></span> 
     </span>
    </p>
   </div>
   <div class='ocr_carea' id='block_1_93' title="bbox 2304 2985 3871 3058">
    <p class='ocr_par' dir='ltr' id='par_1_93' title="bbox 2304 2985 3871 3058">
     <span class='ocr_line' id='line_1_94' title="bbox 2304 2985 3871 3058; baseline -0.001 -16"><span class='ocrx_word' id='word_1_714' title='bbox 2304 2987 2559 3058; x_wconf 90' lang='lat' dir='ltr'><strong>loquitur,</strong></span> <span class='ocrx_word' id='word_1_715' title='bbox 2588 2987 2815 3044; x_wconf 82' lang='lat' dir='ltr'><strong>habebat</strong></span> <span class='ocrx_word' id='word_1_716' title='bbox 2839 2987 3081 3044; x_wconf 85' lang='lat' dir='ltr'><strong>divitias?</strong></span> <span class='ocrx_word' id='word_1_717' title='bbox 3110 2985 3266 3058; x_wconf 86' lang='lat' dir='ltr'><strong>(Luc.</strong></span> <span class='ocrx_word' id='word_1_718' title='bbox 3294 3003 3445 3054; x_wconf 85' lang='lat' dir='ltr'><strong>xvm,</strong></span> <span class='ocrx_word' id='word_1_719' title='bbox 3475 2986 3581 3055; x_wconf 72' lang='lat'><strong>22,-</strong></span> <span class='ocrx_word' id='word_1_720' title='bbox 3600 2987 3715 3058; x_wconf 77' lang='grc'>25.)</span> <span class='ocrx_word' id='word_1_721' title='bbox 3740 2986 3871 3042; x_wconf 80' lang='lat' dir='ltr'><strong>Aliud</strong></span> 
     </span>
    </p>
   </div>
   <div class='ocr_carea' id='block_1_94' title="bbox 2302 3077 3873 3149">
    <p class='ocr_par' dir='ltr' id='par_1_94' title="bbox 2302 3077 3873 3149">
     <span class='ocr_line' id='line_1_95' title="bbox 2302 3077 3873 3149; baseline 0 -17"><span class='ocrx_word' id='word_1_722' title='bbox 2302 3087 2386 3132; x_wconf 81' lang='lat' dir='ltr'><strong>est</strong></span> <span class='ocrx_word' id='word_1_723' title='bbox 2413 3078 2574 3144; x_wconf 88' lang='lat' dir='ltr'><strong>enim,</strong></span> <span class='ocrx_word' id='word_1_724' title='bbox 2608 3077 2751 3133; x_wconf 89' lang='lat' dir='ltr'><strong>nolle</strong></span> <span class='ocrx_word' id='word_1_725' title='bbox 2780 3078 3120 3148; x_wconf 87' lang='lat' dir='ltr'><strong>iueorporare</strong></span> <span class='ocrx_word' id='word_1_726' title='bbox 3147 3094 3266 3149; x_wconf 66' lang='lat' dir='ltr'><strong>qua:</strong></span> <span class='ocrx_word' id='word_1_727' title='bbox 3283 3078 3494 3142; x_wconf 89' lang='lat' dir='ltr'><strong>desunt,</strong></span> <span class='ocrx_word' id='word_1_728' title='bbox 3521 3079 3668 3133; x_wconf 87' lang='lat' dir='ltr'><strong>aliud</strong></span> <span class='ocrx_word' id='word_1_729' title='bbox 3693 3080 3790 3149; x_wconf 87' lang='lat' dir='ltr'><strong>jam</strong></span> <span class='ocrx_word' id='word_1_730' title='bbox 3811 3079 3873 3132; x_wconf 83' lang='lat' dir='ltr'><strong>in-</strong></span> 
     </span>
    </p>
   </div>
   <div class='ocr_carea' id='block_1_95' title="bbox 2305 3169 3872 3240">
    <p class='ocr_par' dir='ltr' id='par_1_95' title="bbox 2305 3169 3872 3240">
     <span class='ocr_line' id='line_1_96' title="bbox 2305 3169 3872 3240; baseline -0.001 -17"><span class='ocrx_word' id='word_1_731' title='bbox 2305 3179 2583 3240; x_wconf 75' lang='lat' dir='ltr'><strong>corporale</strong></span> <span class='ocrx_word' id='word_1_732' title='bbox 2619 3169 2872 3225; x_wconf 85' lang='lat' dir='ltr'><strong>divellere</strong></span> <span class='ocrx_word' id='word_1_733' title='bbox 2903 3187 2914 3222; x_wconf 91' lang='lat'><strong>:</strong></span> <span class='ocrx_word' id='word_1_734' title='bbox 2949 3170 3036 3225; x_wconf 86' lang='lat' dir='ltr'><strong>illa</strong></span> <span class='ocrx_word' id='word_1_735' title='bbox 3071 3171 3215 3224; x_wconf 89' lang='lat' dir='ltr'><strong>velut</strong></span> <span class='ocrx_word' id='word_1_736' title='bbox 3237 3170 3340 3224; x_wconf 91' lang='lat' dir='ltr'><strong>cibi</strong></span> <span class='ocrx_word' id='word_1_737' title='bbox 3393 3170 3756 3240; x_wconf 84' lang='lat' dir='ltr'><strong>repudiantur,</strong></span> <span class='ocrx_word' id='word_1_738' title='bbox 3805 3170 3872 3224; x_wconf 86' lang='lat' dir='ltr'><strong>illa</strong></span> 
     </span>
    </p>
   </div>
   <div class='ocr_carea' id='block_1_96' title="bbox 2303 3260 3874 3333">
    <p class='ocr_par' dir='ltr' id='par_1_96' title="bbox 2303 3260 3874 3333">
     <span class='ocr_line' id='line_1_97' title="bbox 2303 3260 3874 3333; baseline 0.002 -20"><span class='ocrx_word' id='word_1_739' title='bbox 2303 3261 2446 3314; x_wconf 88' lang='lat' dir='ltr'><strong>velut</strong></span> <span class='ocrx_word' id='word_1_740' title='bbox 2470 3260 2706 3318; x_wconf 86' lang='lat' dir='ltr'><strong>membra</strong></span> <span class='ocrx_word' id='word_1_741' title='bbox 2735 3261 3110 3332; x_wconf 65' lang='lat' dir='ltr'><strong>praecidantur.</strong></span> <span class='ocrx_word' id='word_1_742' title='bbox 3138 3261 3347 3328; x_wconf 87' lang='lat' dir='ltr'><strong>Quanto</strong></span> <span class='ocrx_word' id='word_1_743' title='bbox 3371 3262 3528 3331; x_wconf 83' lang='lat' dir='ltr'><strong>igitur</strong></span> <span class='ocrx_word' id='word_1_744' title='bbox 3555 3271 3612 3316; x_wconf 93' lang='lat' dir='ltr'><strong>et</strong></span> <span class='ocrx_word' id='word_1_745' title='bbox 3649 3269 3874 3333; x_wconf 86' lang='lat' dir='ltr'><strong>quantum</strong></span> 
     </span>
    </p>
   </div>
   <div class='ocr_carea' id='block_1_97' title="bbox 2305 3353 3875 3426">
    <p class='ocr_par' dir='ltr' id='par_1_97' title="bbox 2305 3353 3875 3426">
     <span class='ocr_line' id='line_1_98' title="bbox 2305 3353 3875 3426; baseline 0.001 -18"><span class='ocrx_word' id='word_1_746' title='bbox 2305 3353 2529 3409; x_wconf 85' lang='lat' dir='ltr'><strong>mirabili</strong></span> <span class='ocrx_word' id='word_1_747' title='bbox 2560 3355 2750 3425; x_wconf 88' lang='lat' dir='ltr'><strong>gaudio</strong></span> <span class='ocrx_word' id='word_1_748' title='bbox 2776 3358 2972 3410; x_wconf 87' lang='lat' dir='ltr'><strong>nostris</strong></span> <span class='ocrx_word' id='word_1_749' title='bbox 3005 3355 3330 3426; x_wconf 81' lang='lat' dir='ltr'><strong>temporibus</strong></span> <span class='ocrx_word' id='word_1_750' title='bbox 3358 3355 3652 3410; x_wconf 83' lang='lat' dir='ltr'><strong>christiana</strong></span> <span class='ocrx_word' id='word_1_751' title='bbox 3673 3355 3875 3410; x_wconf 86' lang='lat' dir='ltr'><strong>charitas</strong></span> 
     </span>
    </p>
   </div>
   <div class='ocr_carea' id='block_1_98' title="bbox 2304 3445 3871 3518">
    <p class='ocr_par' dir='ltr' id='par_1_98' title="bbox 2304 3445 3871 3518">
     <span class='ocr_line' id='line_1_99' title="bbox 2304 3445 3871 3518; baseline -0.001 -19"><span class='ocrx_word' id='word_1_752' title='bbox 2304 3445 2597 3516; x_wconf 87' lang='lat' dir='ltr'><strong>conspicit,</strong></span> <span class='ocrx_word' id='word_1_753' title='bbox 2646 3462 2740 3518; x_wconf 88' lang='lat' dir='ltr'><strong>per</strong></span> <span class='ocrx_word' id='word_1_754' title='bbox 2770 3448 2974 3502; x_wconf 89' lang='lat' dir='ltr'><strong>Domini</strong></span> <span class='ocrx_word' id='word_1_755' title='bbox 3009 3447 3347 3517; x_wconf 80' lang='lat' dir='ltr'><strong>Evangelium</strong></span> <span class='ocrx_word' id='word_1_756' title='bbox 3377 3461 3498 3501; x_wconf 89' lang='lat' dir='ltr'><strong>cum</strong></span> <span class='ocrx_word' id='word_1_757' title='bbox 3540 3446 3723 3501; x_wconf 65' lang='lat' dir='ltr'><strong>laetitia</strong></span> <span class='ocrx_word' id='word_1_758' title='bbox 3759 3447 3871 3512; x_wconf 82' lang='lat' dir='ltr'><strong>ﬁeri,</strong></span> 
     </span>
    </p>
   </div>
   <div class='ocr_carea' id='block_1_99' title="bbox 2305 3539 3712 3610">
    <p class='ocr_par' dir='ltr' id='par_1_99' title="bbox 2305 3539 3712 3610">
     <span class='ocr_line' id='line_1_100' title="bbox 2305 3539 3712 3610; baseline 0 -17"><span class='ocrx_word' id='word_1_759' title='bbox 2305 3539 2444 3610; x_wconf 91' lang='lat' dir='ltr'><strong>quod</strong></span> <span class='ocrx_word' id='word_1_760' title='bbox 2462 3556 2526 3595; x_wconf 82' lang='lat' dir='ltr'><strong>ex</strong></span> <span class='ocrx_word' id='word_1_761' title='bbox 2548 3556 2642 3595; x_wconf 91' lang='lat' dir='ltr'><strong>ore</strong></span> <span class='ocrx_word' id='word_1_762' title='bbox 2670 3541 2874 3596; x_wconf 80' lang='lat' dir='ltr'><strong>Domini</strong></span> <span class='ocrx_word' id='word_1_763' title='bbox 2897 3557 3016 3595; x_wconf 85' lang='lat' dir='ltr'><strong>cum</strong></span> <span class='ocrx_word' id='word_1_764' title='bbox 3048 3540 3256 3595; x_wconf 77' lang='lat' dir='ltr'><strong>tristitia</strong></span> <span class='ocrx_word' id='word_1_765' title='bbox 3285 3540 3434 3595; x_wconf 87' lang='lat' dir='ltr'><strong>dives</strong></span> <span class='ocrx_word' id='word_1_766' title='bbox 3469 3539 3712 3595; x_wconf 89' lang='lat' dir='ltr'><strong>audivit?</strong></span> 
     </span>
    </p>
   </div>
   <div class='ocr_carea' id='block_1_100' title="bbox 2377 3631 3876 3703">
    <p class='ocr_par' dir='ltr' id='par_1_100' title="bbox 2377 3631 3876 3703">
     <span class='ocr_line' id='line_1_101' title="bbox 2377 3631 3876 3703; baseline -0.001 -16"><span class='ocrx_word' id='word_1_767' title='bbox 2377 3631 2431 3687; x_wconf 80' lang='lat'><strong>6.</strong></span> <span class='ocrx_word' id='word_1_768' title='bbox 2459 3632 2776 3703; x_wconf 85' lang='lat' dir='ltr'><strong>Quanquam</strong></span> <span class='ocrx_word' id='word_1_769' title='bbox 2816 3633 2975 3687; x_wconf 86' lang='lat' dir='ltr'><strong>nullis</strong></span> <span class='ocrx_word' id='word_1_770' title='bbox 3001 3632 3181 3687; x_wconf 87' lang='lat' dir='ltr'><strong>verbis</strong></span> <span class='ocrx_word' id='word_1_771' title='bbox 3207 3631 3468 3700; x_wconf 73' lang='lat' dir='ltr'><strong>explicem</strong></span> <span class='ocrx_word' id='word_1_772' title='bbox 3497 3631 3876 3703; x_wconf 55' lang='lat' dir='ltr'><strong>concepti“</strong></span> 
     </span>
    </p>
   </div>
   <div class='ocr_carea' id='block_1_101' title="bbox 2305 3722 3876 3794">
    <p class='ocr_par' dir='ltr' id='par_1_101' title="bbox 2305 3722 3876 3794">
     <span class='ocr_line' id='line_1_102' title="bbox 2305 3722 3876 3794; baseline -0.001 -17"><span class='ocrx_word' id='word_1_773' title='bbox 2305 3737 2368 3780; x_wconf 88' lang='lat' dir='ltr'><strong>ae</strong></span> <span class='ocrx_word' id='word_1_774' title='bbox 2397 3724 2802 3794; x_wconf 82' lang='lat' dir='ltr'><strong>parturitionem</strong></span> <span class='ocrx_word' id='word_1_775' title='bbox 2827 3724 3008 3778; x_wconf 85' lang='lat' dir='ltr'><strong>cordis</strong></span> <span class='ocrx_word' id='word_1_776' title='bbox 3036 3723 3172 3789; x_wconf 84' lang='lat' dir='ltr'><strong>mei;</strong></span> <span class='ocrx_word' id='word_1_777' title='bbox 3227 3732 3405 3780; x_wconf 80' lang='lat' dir='ltr'><strong>tanien</strong></span> <span class='ocrx_word' id='word_1_778' title='bbox 3445 3724 3574 3794; x_wconf 74' lang='lat' dir='ltr'><strong>quia</strong></span> <span class='ocrx_word' id='word_1_779' title='bbox 3617 3722 3876 3794; x_wconf 75' lang='lat' dir='ltr'><strong>prudenter</strong></span> 
     </span>
    </p>
   </div>
   <div class='ocr_carea' id='block_1_102' title="bbox 2307 3813 3874 3887">
    <p class='ocr_par' dir='ltr' id='par_1_102' title="bbox 2307 3813 3874 3887">
     <span class='ocr_line' id='line_1_103' title="bbox 2307 3813 3874 3887; baseline -0.001 -17"><span class='ocrx_word' id='word_1_780' title='bbox 2307 3823 2360 3870; x_wconf 78' lang='lat' dir='ltr'><strong>et</strong></span> <span class='ocrx_word' id='word_1_781' title='bbox 2386 3817 2468 3884; x_wconf 85' lang='lat' dir='ltr'><strong>pie</strong></span> <span class='ocrx_word' id='word_1_782' title='bbox 2489 3816 2781 3887; x_wconf 74' lang='lat' dir='ltr'><strong>intelligitis</strong></span> <span class='ocrx_word' id='word_1_783' title='bbox 2811 3832 2916 3870; x_wconf 90' lang='lat' dir='ltr'><strong>non</strong></span> <span class='ocrx_word' id='word_1_784' title='bbox 2941 3830 3062 3872; x_wconf 83' lang='lat' dir='ltr'><strong>esse</strong></span> <span class='ocrx_word' id='word_1_785' title='bbox 3096 3816 3254 3870; x_wconf 75' lang='lat' dir='ltr'><strong>istam</strong></span> <span class='ocrx_word' id='word_1_786' title='bbox 3281 3824 3535 3882; x_wconf 74' lang='lat' dir='ltr'><strong>vestram,</strong></span> <span class='ocrx_word' id='word_1_787' title='bbox 3564 3815 3672 3873; x_wconf 78' lang='lat' dir='ltr'><strong>hoc</strong></span> <span class='ocrx_word' id='word_1_788' title='bbox 3693 3825 3773 3871; x_wconf 75' lang='lat' dir='ltr'><strong>est</strong></span> <span class='ocrx_word' id='word_1_789' title='bbox 3792 3813 3874 3872; x_wconf 73' lang='grc' dir='ltr'>ιιιιο</span> 
     </span>
    </p>
   </div>
   <div class='ocr_carea' id='block_1_103' title="bbox 2309 3905 3878 3978">
    <p class='ocr_par' dir='ltr' id='par_1_103' title="bbox 2309 3905 3878 3978">
     <span class='ocr_line' id='line_1_104' title="bbox 2309 3905 3878 3978; baseline -0.002 -16"><span class='ocrx_word' id='word_1_790' title='bbox 2309 3921 2539 3973; x_wconf 76' lang='lat' dir='ltr'><strong>tnenatn,</strong></span> <span class='ocrx_word' id='word_1_791' title='bbox 2567 3908 2659 3962; x_wconf 85' lang='lat' dir='ltr'><strong>sed</strong></span> <span class='ocrx_word' id='word_1_792' title='bbox 2688 3909 2740 3962; x_wconf 91' lang='lat' dir='ltr'><strong>in</strong></span> <span class='ocrx_word' id='word_1_793' title='bbox 2779 3908 2930 3963; x_wconf 85' lang='lat' dir='ltr'><strong>vobis</strong></span> <span class='ocrx_word' id='word_1_794' title='bbox 2972 3907 3179 3961; x_wconf 83' lang='lat' dir='ltr'><strong>Domini</strong></span> <span class='ocrx_word' id='word_1_795' title='bbox 3210 3907 3461 3978; x_wconf 76' lang='lat' dir='ltr'><strong>gloriam;</strong></span> <span class='ocrx_word' id='word_1_796' title='bbox 3493 3921 3624 3962; x_wconf 83' lang='lat' dir='ltr'><strong>nam</strong></span> <span class='ocrx_word' id='word_1_797' title='bbox 3645 3917 3702 3965; x_wconf 78' lang='lat' dir='ltr'><strong>et</strong></span> <span class='ocrx_word' id='word_1_798' title='bbox 3729 3905 3878 3964; x_wconf 81' lang='lat' dir='ltr'><strong>inimi-</strong></span> 
     </span>
    </p>
   </div>
   <div class='ocr_carea' id='block_1_104' title="bbox 2309 3997 3877 4069">
    <p class='ocr_par' dir='ltr' id='par_1_104' title="bbox 2309 3997 3877 4069">
     <span class='ocr_line' id='line_1_105' title="bbox 2309 3997 3877 4069; baseline -0.004 -17"><span class='ocrx_word' id='word_1_799' title='bbox 2309 4013 2426 4052; x_wconf 89' lang='lat' dir='ltr'><strong>cum</strong></span> <span class='ocrx_word' id='word_1_800' title='bbox 2477 3999 2786 4053; x_wconf 76' lang='lat' dir='ltr'><strong>cautissime</strong></span> <span class='ocrx_word' id='word_1_801' title='bbox 2831 3997 3130 4061; x_wconf 82' lang='lat' dir='ltr'><strong>intuemini,</strong></span> <span class='ocrx_word' id='word_1_802' title='bbox 3163 3997 3612 4068; x_wconf 76' lang='lat' dir='ltr'><strong>devotissimeque</strong></span> <span class='ocrx_word' id='word_1_803' title='bbox 3641 3997 3805 4069; x_wconf 79' lang='lat' dir='ltr'><strong>agitis,</strong></span> <span class='ocrx_word' id='word_1_804' title='bbox 3833 4002 3877 4048; x_wconf 89' lang='lat' dir='ltr'><strong>ut</strong></span> 
     </span>
    </p>
   </div>
   <div class='ocr_carea' id='block_1_105' title="bbox 2309 4088 3875 4160">
    <p class='ocr_par' dir='ltr' id='par_1_105' title="bbox 2309 4088 3875 4160">
     <span class='ocr_line' id='line_1_106' title="bbox 2309 4088 3875 4160; baseline 0.005 -17"><span class='ocrx_word' id='word_1_805' title='bbox 2309 4098 2556 4160; x_wconf 84' lang='lat' dir='ltr'><strong>tanquam</strong></span> <span class='ocrx_word' id='word_1_806' title='bbox 2585 4089 2830 4160; x_wconf 84' lang='lat' dir='ltr'><strong>discipuli</strong></span> <span class='ocrx_word' id='word_1_807' title='bbox 2850 4090 3045 4144; x_wconf 76' lang='lat' dir='ltr'><strong>Christi</strong></span> <span class='ocrx_word' id='word_1_808' title='bbox 3069 4089 3294 4144; x_wconf 87' lang='lat' dir='ltr'><strong>humiles</strong></span> <span class='ocrx_word' id='word_1_809' title='bbox 3313 4089 3475 4145; x_wconf 87' lang='lat' dir='ltr'><strong>corde</strong></span> <span class='ocrx_word' id='word_1_810' title='bbox 3493 4105 3557 4145; x_wconf 83' lang='lat' dir='ltr'><strong>ac</strong></span> <span class='ocrx_word' id='word_1_811' title='bbox 3579 4091 3740 4148; x_wconf 72' lang='lat' dir='ltr'><strong>mites</strong></span> <span class='ocrx_word' id='word_1_812' title='bbox 3758 4088 3875 4151; x_wconf 77' lang='lat' dir='ltr'><strong>sitis:</strong></span> 
     </span>
    </p>
   </div>
   <div class='ocr_carea' id='block_1_106' title="bbox 2308 4181 3875 4255">
    <p class='ocr_par' dir='ltr' id='par_1_106' title="bbox 2308 4181 3875 4255">
     <span class='ocr_line' id='line_1_107' title="bbox 2308 4181 3875 4255; baseline 0 -20"><span class='ocrx_word' id='word_1_813' title='bbox 2308 4181 2488 4236; x_wconf 86' lang='lat' dir='ltr'><strong>utilius</strong></span> <span class='ocrx_word' id='word_1_814' title='bbox 2510 4183 2654 4238; x_wconf 78' lang='lat' dir='ltr'><strong>enim</strong></span> <span class='ocrx_word' id='word_1_815' title='bbox 2671 4191 2883 4240; x_wconf 84' lang='lat' dir='ltr'><strong>terrena</strong></span> <span class='ocrx_word' id='word_1_816' title='bbox 2907 4184 3174 4254; x_wconf 86' lang='lat' dir='ltr'><strong>opulentia</strong></span> <span class='ocrx_word' id='word_1_817' title='bbox 3193 4192 3402 4238; x_wconf 87' lang='lat' dir='ltr'><strong>tenetur</strong></span> <span class='ocrx_word' id='word_1_818' title='bbox 3423 4183 3716 4251; x_wconf 84' lang='lat' dir='ltr'><strong>humiliter,</strong></span> <span class='ocrx_word' id='word_1_819' title='bbox 3737 4196 3875 4255; x_wconf 84' lang='lat' dir='ltr'><strong>quam</strong></span> 
     </span>
    </p>
   </div>
   <div class='ocr_carea' id='block_1_107' title="bbox 2307 4274 3877 4349">
    <p class='ocr_par' dir='ltr' id='par_1_107' title="bbox 2307 4274 3877 4349">
     <span class='ocr_line' id='line_1_108' title="bbox 2307 4274 3877 4349; baseline 0 -20"><span class='ocrx_word' id='word_1_820' title='bbox 2307 4274 2536 4345; x_wconf 79' lang='lat' dir='ltr'><strong>superbe</strong></span> <span class='ocrx_word' id='word_1_821' title='bbox 2579 4276 3075 4346; x_wconf 78' lang='lat' dir='ltr'><strong>relinquitur:quia</strong></span> <span class='ocrx_word' id='word_1_822' title='bbox 3119 4291 3248 4348; x_wconf 78' lang='lat' dir='ltr'><strong>ergo</strong></span> <span class='ocrx_word' id='word_1_823' title='bbox 3285 4287 3431 4334; x_wconf 89' lang='lat' dir='ltr'><strong>recte</strong></span> <span class='ocrx_word' id='word_1_824' title='bbox 3471 4277 3764 4349; x_wconf 82' lang='lat' dir='ltr'><strong>intelligitis</strong></span> <span class='ocrx_word' id='word_1_825' title='bbox 3789 4289 3877 4332; x_wconf 86' lang='lat' dir='ltr'><strong>non</strong></span> 
     </span>
    </p>
   </div>
   <div class='ocr_carea' id='block_1_108' title="bbox 2307 4366 3875 4440">
    <p class='ocr_par' dir='ltr' id='par_1_108' title="bbox 2307 4366 3875 4440">
     <span class='ocr_line' id='line_1_109' title="bbox 2307 4366 3875 4440; baseline 0.001 -20"><span class='ocrx_word' id='word_1_826' title='bbox 2307 4366 2444 4421; x_wconf 90' lang='lat' dir='ltr'><strong>hanc</strong></span> <span class='ocrx_word' id='word_1_827' title='bbox 2464 4383 2582 4422; x_wconf 87' lang='lat' dir='ltr'><strong>esse</strong></span> <span class='ocrx_word' id='word_1_828' title='bbox 2611 4378 2858 4435; x_wconf 87' lang='lat' dir='ltr'><strong>vestram,</strong></span> <span class='ocrx_word' id='word_1_829' title='bbox 2882 4369 2975 4424; x_wconf 88' lang='lat' dir='ltr'><strong>sed</strong></span> <span class='ocrx_word' id='word_1_830' title='bbox 3004 4370 3210 4424; x_wconf 91' lang='lat' dir='ltr'><strong>Domini</strong></span> <span class='ocrx_word' id='word_1_831' title='bbox 3241 4370 3486 4440; x_wconf 80' lang='lat' dir='ltr'><strong>gloriam,</strong></span> <span class='ocrx_word' id='word_1_832' title='bbox 3516 4370 3707 4426; x_wconf 82' lang='lat' dir='ltr'><strong>videtis</strong></span> <span class='ocrx_word' id='word_1_833' title='bbox 3738 4382 3875 4440; x_wconf 77' lang='lat' dir='ltr'><strong>quam</strong></span> 
     </span>
    </p>
   </div>
   <div class='ocr_carea' id='block_1_109' title="bbox 2305 4459 3876 4529">
    <p class='ocr_par' dir='ltr' id='par_1_109' title="bbox 2305 4459 3876 4529">
     <span class='ocr_line' id='line_1_110' title="bbox 2305 4459 3876 4529; baseline 0.003 -19"><span class='ocrx_word' id='word_1_834' title='bbox 2305 4471 2470 4526; x_wconf 82' lang='lat' dir='ltr'><strong>parva</strong></span> <span class='ocrx_word' id='word_1_835' title='bbox 2497 4467 2551 4512; x_wconf 86' lang='lat' dir='ltr'><strong>et</strong></span> <span class='ocrx_word' id='word_1_836' title='bbox 2567 4459 2756 4529; x_wconf 86' lang='lat' dir='ltr'><strong>exigua</strong></span> <span class='ocrx_word' id='word_1_837' title='bbox 2784 4459 3031 4514; x_wconf 81' lang='lat' dir='ltr'><strong>dixerim.</strong></span> <span class='ocrx_word' id='word_1_838' title='bbox 3066 4461 3182 4516; x_wconf 85' lang='lat' dir='ltr'><strong>Dixi</strong></span> <span class='ocrx_word' id='word_1_839' title='bbox 3208 4463 3347 4516; x_wconf 88' lang='lat' dir='ltr'><strong>enim</strong></span> <span class='ocrx_word' id='word_1_840' title='bbox 3377 4461 3447 4517; x_wconf 85' lang='lat' dir='ltr'><strong>de</strong></span> <span class='ocrx_word' id='word_1_841' title='bbox 3475 4462 3723 4518; x_wconf 82' lang='lat' dir='ltr'><strong>laudibus</strong></span> <span class='ocrx_word' id='word_1_842' title='bbox 3741 4461 3876 4518; x_wconf 83' lang='lat' dir='ltr'><strong>Chri-</strong></span> 
     </span>
    </p>
   </div>
   <div class='ocr_carea' id='block_1_110' title="bbox 2306 4549 3878 4624">
    <p class='ocr_par' dir='ltr' id='par_1_110' title="bbox 2306 4549 3878 4624">
     <span class='ocr_line' id='line_1_111' title="bbox 2306 4549 3878 4624; baseline 0.004 -22"><span class='ocrx_word' id='word_1_843' title='bbox 2306 4549 2394 4616; x_wconf 86' lang='lat' dir='ltr'><strong>sti,</strong></span> <span class='ocrx_word' id='word_1_844' title='bbox 2442 4549 2633 4618; x_wconf 89' lang='lat' dir='ltr'><strong>quibus</strong></span> <span class='ocrx_word' id='word_1_845' title='bbox 2677 4559 2801 4604; x_wconf 88' lang='lat' dir='ltr'><strong>sunt</strong></span> <span class='ocrx_word' id='word_1_846' title='bbox 2843 4550 3035 4622; x_wconf 69' lang='lat' dir='ltr'><strong>[iugum</strong></span> <span class='ocrx_word' id='word_1_847' title='bbox 3080 4552 3310 4622; x_wconf 78' lang='lat' dir='ltr'><strong>impares</strong></span> <span class='ocrx_word' id='word_1_848' title='bbox 3353 4554 3704 4624; x_wconf 78' lang='lat' dir='ltr'><strong>Angeiorum.</strong></span> <span class='ocrx_word' id='word_1_849' title='bbox 3751 4554 3878 4609; x_wconf 81' lang='lat' dir='ltr'><strong>lianc</strong></span> 
     </span>
    </p>
   </div>
   <div class='ocr_carea' id='block_1_111' title="bbox 2306 4639 3880 4712">
    <p class='ocr_par' dir='ltr' id='par_1_111' title="bbox 2306 4639 3880 4712">
     <span class='ocr_line' id='line_1_112' title="bbox 2306 4639 3880 4712; baseline 0.003 -18"><span class='ocrx_word' id='word_1_850' title='bbox 2306 4655 2435 4711; x_wconf 84' lang='lat' dir='ltr'><strong>ergo</strong></span> <span class='ocrx_word' id='word_1_851' title='bbox 2460 4639 2656 4695; x_wconf 88' lang='lat' dir='ltr'><strong>Christi</strong></span> <span class='ocrx_word' id='word_1_852' title='bbox 2686 4641 2906 4712; x_wconf 78' lang='lat' dir='ltr'><strong>gloriam</strong></span> <span class='ocrx_word' id='word_1_853' title='bbox 2927 4643 3086 4699; x_wconf 86' lang='lat' dir='ltr'><strong>etiam</strong></span> <span class='ocrx_word' id='word_1_854' title='bbox 3105 4645 3270 4700; x_wconf 85' lang='lat' dir='ltr'><strong>oculis</strong></span> <span class='ocrx_word' id='word_1_855' title='bbox 3299 4655 3600 4701; x_wconf 83' lang='lat' dir='ltr'><strong>nostrorum</strong></span> <span class='ocrx_word' id='word_1_856' title='bbox 3622 4647 3880 4702; x_wconf 76' lang='lat' dir='ltr'><strong>hmuinuat</strong></span> 
     </span>
    </p>
   </div>
   <div class='ocr_carea' id='block_1_112' title="bbox 2304 4731 3880 4809">
    <p class='ocr_par' dir='ltr' id='par_1_112' title="bbox 2304 4731 3880 4809">
     <span class='ocr_line' id='line_1_113' title="bbox 2304 4731 3880 4809; baseline 0.006 -24"><span class='ocrx_word' id='word_1_857' title='bbox 2304 4731 2546 4802; x_wconf 86' lang='lat' dir='ltr'><strong>cupimus</strong></span> <span class='ocrx_word' id='word_1_858' title='bbox 2573 4731 2861 4797; x_wconf 86' lang='lat' dir='ltr'><strong>admoveri,</strong></span> <span class='ocrx_word' id='word_1_859' title='bbox 2888 4733 2940 4788; x_wconf 91' lang='lat' dir='ltr'><strong>in</strong></span> <span class='ocrx_word' id='word_1_860' title='bbox 2968 4750 3073 4792; x_wconf 87' lang='lat' dir='ltr'><strong>uno</strong></span> <span class='ocrx_word' id='word_1_861' title='bbox 3102 4738 3349 4807; x_wconf 86' lang='lat' dir='ltr'><strong>conjugio</strong></span> <span class='ocrx_word' id='word_1_862' title='bbox 3377 4739 3649 4809; x_wconf 77' lang='lat' dir='ltr'><strong>proposita</strong></span> <span class='ocrx_word' id='word_1_863' title='bbox 3688 4739 3880 4808; x_wconf 74' lang='lat' dir='ltr'><strong>utrique</strong></span> 
     </span>
    </p>
   </div>
   <div class='ocr_carea' id='block_1_113' title="bbox 2304 4824 3881 4900">
    <p class='ocr_par' dir='ltr' id='par_1_113' title="bbox 2304 4824 3881 4900">
     <span class='ocr_line' id='line_1_114' title="bbox 2304 4824 3881 4900; baseline 0.005 -23"><span class='ocrx_word' id='word_1_864' title='bbox 2304 4824 2453 4878; x_wconf 86' lang='lat' dir='ltr'><strong>sexui</strong></span> <span class='ocrx_word' id='word_1_865' title='bbox 2483 4824 2753 4882; x_wconf 65' lang='lat' dir='ltr'><strong>calcanda</strong></span> <span class='ocrx_word' id='word_1_866' title='bbox 2788 4827 3071 4897; x_wconf 66' lang='lat' dir='ltr'><strong>superbiae,</strong></span> <span class='ocrx_word' id='word_1_867' title='bbox 3097 4843 3202 4884; x_wconf 86' lang='lat' dir='ltr'><strong>non</strong></span> <span class='ocrx_word' id='word_1_868' title='bbox 3239 4829 3582 4900; x_wconf 66' lang='lat' dir='ltr'><strong>desperanda:</strong></span> <span class='ocrx_word' id='word_1_869' title='bbox 3616 4829 3881 4900; x_wconf 69' lang='lat' dir='ltr'><strong>perfectio.</strong></span> 
     </span>
    </p>
   </div>
   <div class='ocr_carea' id='block_1_114' title="bbox 2303 4917 3876 4994">
    <p class='ocr_par' dir='ltr' id='par_1_114' title="bbox 2303 4917 3876 4994">
     <span class='ocr_line' id='line_1_115' title="bbox 2303 4917 3876 4994; baseline 0.003 -22"><span class='ocrx_word' id='word_1_870' title='bbox 2303 4917 2387 4972; x_wconf 87' lang='lat' dir='ltr'><strong>nis</strong></span> <span class='ocrx_word' id='word_1_871' title='bbox 2408 4919 2671 4988; x_wconf 85' lang='lat' dir='ltr'><strong>exempla.</strong></span> <span class='ocrx_word' id='word_1_872' title='bbox 2703 4918 2895 4976; x_wconf 84' lang='lat' dir='ltr'><strong>Nescio</strong></span> <span class='ocrx_word' id='word_1_873' title='bbox 2921 4921 2965 4975; x_wconf 88' lang='lat' dir='ltr'><strong>si</strong></span> <span class='ocrx_word' id='word_1_874' title='bbox 2980 4921 3264 4994; x_wconf 82' lang='lat' dir='ltr'><strong>quidquam</strong></span> <span class='ocrx_word' id='word_1_875' title='bbox 3294 4923 3692 4980; x_wconf 80' lang='lat' dir='ltr'><strong>misericordius</strong></span> <span class='ocrx_word' id='word_1_876' title='bbox 3715 4923 3876 4994; x_wconf 79' lang='lat' dir='ltr'><strong>agitis,</strong></span> 
     </span>
    </p>
   </div>
   <div class='ocr_carea' id='block_1_115' title="bbox 2303 5011 3879 5086">
    <p class='ocr_par' dir='ltr' id='par_1_115' title="bbox 2303 5011 3879 5086">
     <span class='ocr_line' id='line_1_116' title="bbox 2303 5011 3879 5086; baseline 0.004 -24"><span class='ocrx_word' id='word_1_877' title='bbox 2303 5025 2460 5080; x_wconf 87' lang='lat' dir='ltr'><strong>quam</strong></span> <span class='ocrx_word' id='word_1_878' title='bbox 2486 5011 2530 5064; x_wconf 91' lang='lat' dir='ltr'><strong>si</strong></span> <span class='ocrx_word' id='word_1_879' title='bbox 2562 5019 2766 5066; x_wconf 86' lang='lat' dir='ltr'><strong>tantum</strong></span> <span class='ocrx_word' id='word_1_880' title='bbox 2794 5013 2972 5068; x_wconf 89' lang='lat' dir='ltr'><strong>nolitis</strong></span> <span class='ocrx_word' id='word_1_881' title='bbox 2997 5014 3182 5078; x_wconf 77' lang='lat' dir='ltr'><strong>latere,</strong></span> <span class='ocrx_word' id='word_1_882' title='bbox 3210 5015 3352 5086; x_wconf 89' lang='lat' dir='ltr'><strong>quod</strong></span> <span class='ocrx_word' id='word_1_883' title='bbox 3379 5016 3510 5074; x_wconf 81' lang='lat' dir='ltr'><strong>tales</strong></span> <span class='ocrx_word' id='word_1_884' title='bbox 3540 5017 3693 5083; x_wconf 76' lang='lat' dir='ltr'><strong>eatis,</strong></span> <span class='ocrx_word' id='word_1_885' title='bbox 3720 5029 3879 5086; x_wconf 63' lang='lat' dir='ltr'><strong>quan-.-</strong></span> 
     </span>
    </p>
   </div>
   <div class='ocr_carea' id='block_1_116' title="bbox 2301 5103 2998 5161">
    <p class='ocr_par' dir='ltr' id='par_1_116' title="bbox 2301 5103 2998 5161">
     <span class='ocr_line' id='line_1_117' title="bbox 2301 5103 2998 5161; baseline 0.01 -8"><span class='ocrx_word' id='word_1_886' title='bbox 2301 5110 2411 5156; x_wconf 87' lang='lat' dir='ltr'><strong>tum</strong></span> <span class='ocrx_word' id='word_1_887' title='bbox 2439 5103 2574 5158; x_wconf 81' lang='lat' dir='ltr'><strong>tales</strong></span> <span class='ocrx_word' id='word_1_888' title='bbox 2591 5118 2714 5159; x_wconf 85' lang='lat' dir='ltr'><strong>esse</strong></span> <span class='ocrx_word' id='word_1_889' title='bbox 2739 5105 2998 5161; x_wconf 85' lang='lat' dir='ltr'><strong>voluistis.</strong></span> 
     </span>
    </p>
   </div>
   <div class='ocr_carea' id='block_1_117' title="bbox 2373 5195 3875 5272">
    <p class='ocr_par' dir='ltr' id='par_1_117' title="bbox 2373 5195 3875 5272">
     <span class='ocr_line' id='line_1_118' title="bbox 2373 5195 3875 5272; baseline 0.002 -22"><span class='ocrx_word' id='word_1_890' title='bbox 2373 5196 2425 5250; x_wconf 88' lang='lat'><strong>7.</strong></span> <span class='ocrx_word' id='word_1_891' title='bbox 2456 5195 2788 5253; x_wconf 84' lang='lat' dir='ltr'><strong>Vetustinum</strong></span> <span class='ocrx_word' id='word_1_892' title='bbox 2821 5200 2995 5270; x_wconf 90' lang='lat' dir='ltr'><strong>impiis</strong></span> <span class='ocrx_word' id='word_1_893' title='bbox 3033 5213 3244 5272; x_wconf 84' lang='lat' dir='ltr'><strong>quoque</strong></span> <span class='ocrx_word' id='word_1_894' title='bbox 3270 5201 3631 5258; x_wconf 84' lang='lat' dir='ltr'><strong>miserabilem</strong></span> <span class='ocrx_word' id='word_1_895' title='bbox 3659 5213 3875 5272; x_wconf 75' lang='lat' dir='ltr'><strong>puerum</strong></span> 
     </span>
    </p>
   </div>
   <div class='ocr_carea' id='block_1_118' title="bbox 2302 5289 3878 5365">
    <p class='ocr_par' dir='ltr' id='par_1_118' title="bbox 2302 5289 3878 5365">
     <span class='ocr_line' id='line_1_119' title="bbox 2302 5289 3878 5365; baseline 0.003 -22"><span class='ocrx_word' id='word_1_896' title='bbox 2302 5299 2493 5344; x_wconf 84' lang='lat' dir='ltr'><strong>vestrae</strong></span> <span class='ocrx_word' id='word_1_897' title='bbox 2539 5289 2848 5362; x_wconf 83' lang='lat' dir='ltr'><strong>benignitati</strong></span> <span class='ocrx_word' id='word_1_898' title='bbox 2885 5294 3241 5365; x_wconf 83' lang='lat' dir='ltr'><strong>charitatique</strong></span> <span class='ocrx_word' id='word_1_899' title='bbox 3284 5295 3647 5356; x_wconf 82' lang='lat' dir='ltr'><strong>commendo:</strong></span> <span class='ocrx_word' id='word_1_900' title='bbox 3703 5305 3878 5350; x_wconf 82' lang='lat' dir='ltr'><strong>causas</strong></span> 
     </span>
    </p>
   </div>
   <div class='ocr_carea' id='block_1_119' title="bbox 2302 5383 3893 5460">
    <p class='ocr_par' dir='ltr' id='par_1_119' title="bbox 2302 5383 3893 5460">
     <span class='ocr_line' id='line_1_120' title="bbox 2302 5383 3893 5460; baseline 0.003 -22"><span class='ocrx_word' id='word_1_901' title='bbox 2302 5383 2617 5439; x_wconf 89' lang='lat' dir='ltr'><strong>calamitatis</strong></span> <span class='ocrx_word' id='word_1_902' title='bbox 2657 5393 2714 5440; x_wconf 91' lang='lat' dir='ltr'><strong>et</strong></span> <span class='ocrx_word' id='word_1_903' title='bbox 2755 5388 3192 5456; x_wconf 83' lang='lat' dir='ltr'><strong>peregrinationis</strong></span> <span class='ocrx_word' id='word_1_904' title='bbox 3237 5391 3352 5460; x_wconf 83' lang='lat' dir='ltr'><strong>ejus</strong></span> <span class='ocrx_word' id='word_1_905' title='bbox 3378 5391 3604 5447; x_wconf 82' lang='lat' dir='ltr'><strong>audietis</strong></span> <span class='ocrx_word' id='word_1_906' title='bbox 3633 5405 3700 5446; x_wconf 87' lang='lat' dir='ltr'><strong>ex</strong></span> <span class='ocrx_word' id='word_1_907' title='bbox 3751 5390 3893 5459; x_wconf 86' lang='lat' dir='ltr'><strong>ipso.</strong></span> 
     </span>
    </p>
   </div>
   <div class='ocr_carea' id='block_1_120' title="bbox 2301 5473 3876 5551">
    <p class='ocr_par' dir='ltr' id='par_1_120' title="bbox 2301 5473 3876 5551">
     <span class='ocr_line' id='line_1_121' title="bbox 2301 5473 3876 5551; baseline 0.003 -23"><span class='ocrx_word' id='word_1_908' title='bbox 2301 5473 2432 5529; x_wconf 82' lang='lat' dir='ltr'><strong>Nam</strong></span> <span class='ocrx_word' id='word_1_909' title='bbox 2457 5484 2510 5530; x_wconf 90' lang='lat' dir='ltr'><strong>et</strong></span> <span class='ocrx_word' id='word_1_910' title='bbox 2540 5475 2866 5546; x_wconf 89' lang='lat' dir='ltr'><strong>propositum</strong></span> <span class='ocrx_word' id='word_1_911' title='bbox 2884 5478 3019 5548; x_wconf 87' lang='lat' dir='ltr'><strong>ejus,</strong></span> <span class='ocrx_word' id='word_1_912' title='bbox 3048 5497 3154 5551; x_wconf 90' lang='lat' dir='ltr'><strong>quo</strong></span> <span class='ocrx_word' id='word_1_913' title='bbox 3184 5482 3501 5536; x_wconf 88' lang='lat' dir='ltr'><strong>serviturum</strong></span> <span class='ocrx_word' id='word_1_914' title='bbox 3527 5499 3584 5538; x_wconf 89' lang='lat' dir='ltr'><strong>se</strong></span> <span class='ocrx_word' id='word_1_915' title='bbox 3608 5496 3731 5537; x_wconf 84' lang='lat' dir='ltr'><strong>esse</strong></span> <span class='ocrx_word' id='word_1_916' title='bbox 3769 5478 3846 5550; x_wconf 89' lang='lat' dir='ltr'><strong>pol</strong></span> <span class='ocrx_word' id='word_1_917' title='bbox 3864 5499 3876 5512; x_wconf 65' lang='lat'><strong><em>&#39;</em></strong></span> 
     </span>
    </p>
   </div>
   <div class='ocr_carea' id='block_1_121' title="bbox 2309 5591 3878 5658">
    <p class='ocr_par' dir='ltr' id='par_1_121' title="bbox 2309 5591 3878 5658">
     <span class='ocr_line' id='line_1_122' title="bbox 2309 5591 3878 5658; baseline 0.003 -21"><span class='ocrx_word' id='word_1_918' title='bbox 2309 5606 2333 5637; x_wconf 71' lang='grc' dir='ltr'>ς</span> <span class='ocrx_word' id='word_1_919' title='bbox 2355 5597 2404 5641; x_wconf 83' lang='lat' dir='ltr'><strong>tu</strong></span> <span class='ocrx_word' id='word_1_920' title='bbox 2426 5591 2745 5658; x_wconf 64' lang='lat' dir='ltr'><strong>sacerdotium</strong></span> <span class='ocrx_word' id='word_1_921' title='bbox 2769 5597 2949 5642; x_wconf 88' lang='lat' dir='ltr'><strong>tantum</strong></span> <span class='ocrx_word' id='word_1_922' title='bbox 2972 5596 3171 5654; x_wconf 78' lang='lat' dir='ltr'><strong>Donum,</strong></span> <span class='ocrx_word' id='word_1_923' title='bbox 3198 5595 3367 5658; x_wconf 87' lang='lat' dir='ltr'><strong>inquit,</strong></span> <span class='ocrx_word' id='word_1_924' title='bbox 3386 5609 3482 5645; x_wconf 87' lang='lat' dir='ltr'><strong>non</strong></span> <span class='ocrx_word' id='word_1_925' title='bbox 3505 5595 3714 5658; x_wconf 79' lang='lat' dir='ltr'><strong>etiamin</strong></span> <span class='ocrx_word' id='word_1_926' title='bbox 3730 5591 3878 5658; x_wconf 59' lang='lat' dir='ltr'><strong>locum</strong></span> 
     </span>
    </p>
   </div>
   <div class='ocr_carea' id='block_1_122' title="bbox 2310 5649 3878 5719">
    <p class='ocr_par' dir='ltr' id='par_1_122' title="bbox 2310 5649 3878 5719">
     <span class='ocr_line' id='line_1_123' title="bbox 2310 5649 3878 5719; baseline 0 -17"><span class='ocrx_word' id='word_1_927' title='bbox 2310 5668 2333 5697; x_wconf 74' lang='grc' dir='ltr'><strong>α</strong></span> <span class='ocrx_word' id='word_1_928' title='bbox 2355 5650 2907 5719; x_wconf 47' lang='lat' dir='ltr'><strong>Ecclesiededicatus,»</strong></span> <span class='ocrx_word' id='word_1_929' title='bbox 2928 5649 3223 5719; x_wconf 81' lang='lat' dir='ltr'><strong>Quapropter</strong></span> <span class='ocrx_word' id='word_1_930' title='bbox 3257 5649 3516 5707; x_wconf 71' lang='lat' dir='ltr'><strong>barcinone</strong></span> <span class='ocrx_word' id='word_1_931' title='bbox 3559 5657 3605 5705; x_wconf 88' lang='lat' dir='ltr'><strong>in</strong></span> <span class='ocrx_word' id='word_1_932' title='bbox 3637 5656 3720 5719; x_wconf 81' lang='lat' dir='ltr'><strong>die</strong></span> <span class='ocrx_word' id='word_1_933' title='bbox 3742 5649 3878 5719; x_wconf 54' lang='lat' dir='ltr'><strong>sitan</strong></span> 
     </span>
    </p>
   </div>
   <div class='ocr_carea' id='block_1_123' title="bbox 2301 5715 3876 5782">
    <p class='ocr_par' dir='ltr' id='par_1_123' title="bbox 2301 5715 3876 5782">
     <span class='ocr_line' id='line_1_124' title="bbox 2301 5715 3876 5782; baseline 0.002 -21"><span class='ocrx_word' id='word_1_934' title='bbox 2301 5715 2485 5782; x_wconf 77' lang='lat' dir='ltr'><strong>Domini</strong></span> <span class='ocrx_word' id='word_1_935' title='bbox 2507 5715 2780 5782; x_wconf 64' lang='lat' dir='ltr'><strong>ordinatus,</strong></span> <span class='ocrx_word' id='word_1_936' title='bbox 2806 5717 2919 5782; x_wconf 74' lang='lat' dir='ltr'><strong>inde</strong></span> <span class='ocrx_word' id='word_1_937' title='bbox 2941 5730 2998 5767; x_wconf 88' lang='lat' dir='ltr'><strong>se</strong></span> <span class='ocrx_word' id='word_1_938' title='bbox 3021 5715 3193 5782; x_wconf 14' lang='lat' dir='ltr'><strong>dolatu,</strong></span> <span class='ocrx_word' id='word_1_939' title='bbox 3212 5721 3401 5782; x_wconf 86' lang='lat' dir='ltr'><strong>recepit</strong></span> <span class='ocrx_word' id='word_1_940' title='bbox 3430 5726 3537 5782; x_wconf 85' lang='lat' dir='ltr'><strong>post</strong></span> <span class='ocrx_word' id='word_1_941' title='bbox 3559 5717 3732 5782; x_wconf 78' lang='lat' dir='ltr'><strong>Pascha</strong></span> <span class='ocrx_word' id='word_1_942' title='bbox 3754 5716 3876 5782; x_wconf 69' lang='lat' dir='ltr'><strong>inle-</strong></span> 
     </span>
    </p>
   </div>
   <div class='ocr_carea' id='block_1_124' title="bbox 2303 5776 3878 5844">
    <p class='ocr_par' dir='ltr' id='par_1_124' title="bbox 2303 5776 3878 5844">
     <span class='ocr_line' id='line_1_125' title="bbox 2303 5776 3878 5844; baseline 0.002 -21"><span class='ocrx_word' id='word_1_943' title='bbox 2303 5776 2500 5837; x_wconf 84' lang='lat' dir='ltr'><strong>quentls</strong></span> <span class='ocrx_word' id='word_1_944' title='bbox 2520 5777 2650 5834; x_wconf 87' lang='lat' dir='ltr'><strong>anni,</strong></span> <span class='ocrx_word' id='word_1_945' title='bbox 2666 5776 3017 5844; x_wconf 72' lang='lat' dir='ltr'><strong>393videlieet,</strong></span> <span class='ocrx_word' id='word_1_946' title='bbox 3042 5788 3124 5830; x_wconf 90' lang='lat' dir='ltr'><strong>aut</strong></span> <span class='ocrx_word' id='word_1_947' title='bbox 3144 5781 3254 5830; x_wconf 62' lang='grc' dir='ltr'><strong>ΗΜ.</strong></span> <span class='ocrx_word' id='word_1_948' title='bbox 3280 5776 3677 5844; x_wconf 68' lang='lat' dir='ltr'><strong>Hujus&#39;veroloei</strong></span> <span class='ocrx_word' id='word_1_949' title='bbox 3705 5778 3878 5844; x_wconf 72' lang='lat' dir='ltr'><strong>episcp-</strong></span> 
     </span>
    </p>
   </div>
   <div class='ocr_carea' id='block_1_125' title="bbox 2304 5837 3876 5906">
    <p class='ocr_par' dir='ltr' id='par_1_125' title="bbox 2304 5837 3876 5906">
     <span class='ocr_line' id='line_1_126' title="bbox 2304 5837 3876 5906; baseline 0.003 -20"><span class='ocrx_word' id='word_1_950' title='bbox 2304 5845 2468 5906; x_wconf 79' lang='lat' dir='ltr'><strong>pattun</strong></span> <span class='ocrx_word' id='word_1_951' title='bbox 2490 5846 2602 5906; x_wconf 76' lang='lat' dir='ltr'><strong>ante</strong></span> <span class='ocrx_word' id='word_1_952' title='bbox 2626 5852 2802 5906; x_wconf 64' lang='lat' dir='ltr'><strong>annum</strong></span> <span class='ocrx_word' id='word_1_953' title='bbox 2834 5839 2926 5890; x_wconf 71' lang='lat'><strong>409</strong></span> <span class='ocrx_word' id='word_1_954' title='bbox 2958 5844 3230 5906; x_wconf 76' lang='lat' dir='ltr'><strong>suscepisse</strong></span> <span class='ocrx_word' id='word_1_955' title='bbox 3255 5837 3412 5906; x_wconf 73' lang='lat' dir='ltr'><strong>ipsum</strong></span> <span class='ocrx_word' id='word_1_956' title='bbox 3441 5856 3537 5893; x_wconf 87' lang='lat' dir='ltr'><strong>non</strong></span> <span class='ocrx_word' id='word_1_957' title='bbox 3568 5837 3876 5904; x_wconf 53' lang='lat' dir='ltr'><strong>liquetfi&#39;ide</strong></span> 
     </span>
    </p>
   </div>
   <div class='ocr_carea' id='block_1_126' title="bbox 2246 5900 2749 5978">
    <p class='ocr_par' dir='ltr' id='par_1_126' title="bbox 2246 5900 2749 5978">
     <span class='ocr_line' id='line_1_127' title="bbox 2246 5900 2749 5978; baseline -0.006 -27"><span class='ocrx_word' id='word_1_958' title='bbox 2246 5973 2260 5978; x_wconf 82' lang='lat'>_</span> <span class='ocrx_word' id='word_1_959' title='bbox 2304 5906 2406 5951; x_wconf 88' lang='lat' dir='ltr'><strong>not.</strong></span> <span class='ocrx_word' id='word_1_960' title='bbox 2433 5900 2482 5949; x_wconf 89' lang='lat' dir='ltr'><strong>iu</strong></span> <span class='ocrx_word' id='word_1_961' title='bbox 2504 5901 2645 5962; x_wconf 77' lang='lat' dir='ltr'><strong>Epist.</strong></span> <span class='ocrx_word' id='word_1_962' title='bbox 2671 5900 2749 5951; x_wconf 78' lang='lat'><strong>95.</strong></span> 
     </span>
    </p>
   </div>
  </div>
