4054 6416
201 351 289 412 l”
508 304 533 307 Π
562 304 577 307 Π
618 300 633 304 —
655 300 663 303 ⁷
1331 350 1700 409 EPISTOLAB

1842 350 2110 413 CLASSIS
2144 350 2207 411 ΙΙ.

297 462 542 517 Audimur?
562 462 731 525 pignus
751 460 892 525 dulce
920 461 1106 525 duobus
1129 463 1243 512 eris.

244 532 289 577 tn
307 536 353 577 te
375 526 475 575 heia
504 523 689 587 patrum
707 523 891 587 sudavit
911 536 1024 587 cura
1050 524 1268 587 duorum,

296 594 344 636 Et
365 586 442 635 tibi
465 582 660 646 magnus
680 586 829 634 honos
856 582 1117 646 laetiﬁcasse
1138 585 1274 634 duos.

240 648 320 700 sed
344 660 418 697 me
446 644 713 708 Augustino,
736 659 844 695 cum
865 644 1052 707 copula,
1077 659 1171 694 non
1194 647 1472 695 meritorum

292 717 410 759 Jacto
432 706 612 770 parem,
631 706 733 770 solo
745 706 973 770 comparo
993 718 1159 770 amore
1181 710 1266 755 tui.

240 779 335 822 sam
354 767 460 831 quid
484 782 577 830 ego
600 767 851 831 effundam,
874 779 1041 831 rorans
1064 768 1148 831 tibi
1174 780 1386 831 paupere
1414 769 1557 818 rivo?

288 836 353 881 Ie
368 827 567 891 printer,
598 830 788 889 gemino
810 829 1007 877 ﬂumine
1031 827 1297 889 prolueris;

238 890 590 961 PraterAlypius
610 897 701 947 est,
733 890 1396 961 Augustinusqueomagister,

543 951 619 999 hic
638 950 848 1007 consors,
874 951 953 999 hic
974 957 1103 998 sator
1126 950 1326 1012 ingenii.

289 961 521 1063 agitare
542 1010 675 1061 vales
697 1018 747 1060 et
770 1018 1085 1063 praeceptore.
1110 1012 1303 1063 Lieenti.

237 1010 521 1064 untofratre
542 1010 675 1061 vales
697 1018 747 1060 et
770 1018 1085 1073 praeceptore,
1110 1010 1303 1073 Licenti,

286 1081 330 1125 Et
355 1074 538 1124 dubitas
565 1073 737 1135 pennis
761 1070 942 1121 talibus
957 1078 1082 1121 astra
1110 1072 1290 1135 sequi?

594 1132 612 1194 (
627 1145 737 1182 nam
760 1140 809 1199 te
833 1145 925 1199 nec
946 1138 1115 1199 speret
1142 1132 1346 1199 mundus
1366 1134 1621 1195 amicum),

285 1194 371 1247 Non
384 1194 573 1246 daberis
593 1202 755 1252 terra,
778 1194 942 1243 debita
961 1194 1143 1242 Christo
1164 1195 1335 1243 anima.

236 1266 294 1309 Tu
313 1255 529 1327 thahmps
550 1254 683 1327 licet,
707 1261 758 1304 et
779 1254 936 1327 celsos
955 1254 1209 1327 mediteris
1230 1255 1457 1315 honores,

286 1327 401 1369 Nunc
418 1314 527 1368 olim
551 1314 743 1365 Domino
764 1317 1027 1365 restituere
1051 1322 1148 1364 tuo.

234 1379 367 1431 modo
383 1391 523 1428 unum
546 1378 740 1427 vincent
755 1377 871 1438 justi
893 1376 989 1425 duo
1013 1384 1332 1437 peccatorem,

286 1447 334 1490 Et
351 1447 424 1490 tm
442 1439 666 1488 fraterna:
690 1444 799 1487 vota
821 1451 994 1499 preces
1014 1438 1229 1499 abigent.

236 1508 345 1566 tngo
360 1501 471 1566 redi,
491 1512 594 1566 qua
610 1511 730 1549 voce
754 1510 945 1561 parens,
967 1509 1064 1566 qua
1084 1498 1319 1566 sanguine
1339 1498 1505 1559 frater,

289 1559 416 1612 λιιιὺο
433 1559 710 1611 sacerdotes
731 1559 782 1609 te
804 1559 1029 1609 remeare
1048 1559 1239 1620 jubent.

235 1623 291 1673 Ad
310 1632 381 1674 tua
401 1632 447 1674 te
466 1622 737 1679 retrahunt,
762 1633 870 1692 nam
892 1634 1018 1692 nunc
1039 1619 1197 1692 aliena
1220 1621 1441 1692 petebe
1456 1622 1503 1682 ις

283 1693 379 1735 Bac
398 1696 555 1747 tinge,
573 1683 924 1747 quaeretinent
944 1694 1096 1747 regna
1121 1683 1208 1739 tui,
1236 1689 1315 1732 tua
1337 1689 1463 1733 sunt.

231 1753 324 1809 nae
341 1743 519 1809 repete,
543 1743 623 1809 his
644 1744 789 1809 inhia,
816 1743 1033 1809 externis
1058 1755 1123 1791 ne
1145 1750 1347 1809 contere
1370 1749 1585 1807 tempus,

281 1808 318 1857 Si
339 1803 412 1858 tua
431 1803 663 1864 nolueris,
685 1806 936 1867 quisquam
959 1803 1117 1852 aliena
1138 1803 1302 1851 dabit?

228 1876 311 1918 Non
331 1868 421 1919 eris
441 1869 542 1929 ipse
564 1864 1103 1929 tuus,'misSusque_per
1129 1871 1298 1929 extera
1320 1864 1466 1928 longe

506 1927 805 1989 heuiprotzrii
832 1924 1039 1989 pectoris
1063 1924 1204 1974 exsul
1226 1938 1361 1987 ages.

227 1988 455 2041 Sollia'uun
475 1990 592 2038 satis
615 1988 729 2037 haec
743 1994 854 2036 nato
875 1988 1110 2048 cecinisse
1133 1994 1402 2048 parentem,

282 2058 386 2101 Dum
408 2051 485 2101 tibi
509 2063 624 2112 quae
646 2048 881 2112 mihimet,
905 2048 986 2112 vel
1008 2046 1237 2112 volo,'vel
1259 2056 1446 2112 metuo.

227 2118 319 2163 Haec
339 2113 433 2171 tibi,
455 2112 494 2162 si
516 2108 697 2173 recipis
708 2145 735 2173 ,ί
748 2110 875 2157 feret
897 2108 1009 2173 olim
1033 2110 1203 2173 [agina
1227 2110 1397 2173 vitam:

275 2174 313 2223 si
334 2170 502 2231 renuis,
528 2170 703 2221 eadem
726 2172 829 2232 haec
850 2171 1023 2232 pagina
1047 2170 1187 2219 testis
1210 2172 1320 2219 erit.

228 2230 625 2285 incolumem'mihi
649 2239 718 2291 te,
743 2230 806 2279 fili
830 2230 1127 2290 charissime,
1151 2231 1363 2280 Christus

276 2303 454 2355 annuat,
478 2302 528 2344 et
547 2307 748 2344 servum
770 2293 854 2340 det
874 2293 967 2340 sibi
991 2299 1245 2355 perpetuo.

226 2357 339 2415 vive,
361 2352 537 2418 precor,
559 2356 652 2405 sed
677 2355 787 2403 vive
810 2361 942 2418 nec:
970 2352 1462 2418 nam'viveremundo

278 2415 415 2468 Hortis
433 2415 579 2480 Opus;
611 2417 717 2465 viva
744 2421 819 2464 est
845 2416 1010 2463 vivere
1036 2415 1131 2463 vita
1155 2420 1252 2463 Deo
1275 2416 1316 2460 ί.

528 2518 858 2574 EPISTULA
903 2515 1136 2570 χχχιιι.
1164 2521 1180 2539 ο
1209 2516 1286 2586 (η)

180 2609 435 2682 Augustinus
462 2607 802 2664 Proculeiano
826 2606 983 2678 partis
1024 2606 1311 2659 donatiauce
1345 2604 1481 2675 apud
1512 2604 1707 2675 Hippo-

234 2717 328 2756 nem
345 2702 587 2772 episcopo,
611 2699 825 2753 inritans
850 2698 996 2751 illum
1024 2704 1075 2750 ut
1098 2705 1271 2750 mutua
1294 2696 1557 2750 collatione
1574 2696 1705 2750 schi-

236 2807 323 2845 m
344 2799 681 2863 componatur.

178 2900 361 2959 Domino
385 2901 678 2959 honorabili
704 2908 756 2956 et
782 2898 1126 2954 dilectissimo
1156 2897 1521 2953 Puecuneuno
1538 2896 1575 2963 ³,
1600 2896 1706 2950 Au-

832 3006 1108 3047 GUS'HNUS.

230 3108 271 3162 l.
308 3106 511 3179 Propter
556 3105 923 3177 imperitorum
953 3103 1222 3158 hominum
1254 3102 1534 3168 vanitates,
1582 3102 1703 3157 diu-

175 3198 255 3252 tius
274 3201 394 3267 apud
415 3207 461 3253 te
487 3199 553 3253 de
580 3198 734 3251 titulo
758 3196 994 3266 epistola:
1019 3211 1150 3250 meae
1177 3194 1447 3263 disputare
1473 3208 1576 3247 non
1611 3192 1704 3248 de-

174 3286 269 3340 beo.
291 3286 407 3342 Cum
435 3288 575 3342 enim
606 3301 702 3342 nos
728 3300 976 3341 revocare
1003 3286 1226 3339 invicem
1253 3285 1320 3338 ah
1344 3299 1523 3338 errore
1544 3298 1706 3365 cona-

175 3392 282 3444 mur,
308 3380 535 3451 quamvis
580 3386 707 3434 ante
737 3377 1094 3449 plenissimam
1119 3376 1502 3431 discussioucm
1531 3390 1705 3430 causae

173 3468 439 3538 quibusdam
454 3470 619 3527 videri
641 3470 823 3539 possit,
846 3469 966 3541 quis
985 3477 1224 3523 nostrum
1244 3477 1402 3533 erret,
1424 3470 1701 3535 incertum;

174 3562 391 3618 terviruus
419 3571 592 3618 tamen
626 3560 850 3616 invicem
880 3560 1051 3625 nobis,
1076 3560 1119 3613 si
1152 3559 1290 3613 bono
1318 3562 1493 3613 animo
1524 3560 1703 3615 nobis-

174 3661 267 3704 uim
290 3651 494 3722 agimus,
543 3660 661 3707 uta
705 3650 1047 3720 perversitate
1075 3648 1354 3705 discordia:
1398 3651 1700 3705 liberemur.

174 3738 293 3805 Quod
319 3757 395 3798 me
419 3744 629 3799 sincero
668 3741 827 3797 corde
853 3756 1029 3810 agere,
1060 3748 1113 3795 et
1151 3754 1272 3794 cum
1304 3748 1534 3795 tremore
1561 3740 1703 3795 chri-

174 3831 325 3888 stlattas
349 3833 672 3897 humilitatis,
700 3818 906 3889 etiamsi
940 3832 1203 3902 plerisque
1229 3831 1528 3887 hominibus
1546 3848 1703 3902 aper-

172 3928 261 3976 tum
284 3938 377 3978 nou
403 3934 500 3991 est,
552 3923 696 3979 videt
734 3932 908 3976 tamen
954 3922 1042 3976 ille
1070 3921 1153 3975 cui
1185 3922 1323 3975 nulla
1365 3922 1527 3976 corda
1555 3922 1702 3978 clau-

173 4012 352 4071 duntur.
386 4015 515 4086 Quid
562 4024 740 4072 autem
788 4018 839 4071 in
886 4023 938 4070 te
969 4014 1231 4069 honorare
1274 4030 1379 4070 non
1422 4015 1653 4071 dubitem
1684 4058 1701 4086 ,

173 4102 296 4161 facile
326 4108 581 4179 intelligis.
624 4107 736 4162 Non
768 4107 908 4162 enim
938 4120 1175 4160 errorem
1214 4104 1534 4171 schismatis,
1563 4107 1703 4163 unde

174 4209 331 4251 omnes
348 4198 600 4265 homines,
619 4206 872 4268 quantum
899 4195 963 4249 ad
986 4211 1071 4250 me
1096 4195 1303 4261 attinet,
1332 4196 1486 4264 cupio
1503 4196 1697 4261 sanari,

175 4284 351 4357 dignum
380 4289 578 4344 honore
616 4289 791 4358 aliquo
816 4286 1059 4341 existimo
1095 4303 1107 4339 :
1139 4286 1229 4339 sed
1270 4293 1322 4339 te
1348 4294 1470 4339 ante
1502 4285 1699 4352 omnia,

175 4380 289 4446 quod
326 4382 474 4452 ipsius
503 4383 656 4438 nobis
686 4382 931 4436 humana:
975 4381 1244 4437 societatis
1273 4380 1482 4435 vinculo
1507 4380 1697 4436 astrin-

173 4472 305 4538 gcris,
339 4475 545 4544 etquod
572 4474 823 4529 nonnulla
867 4472 918 4526 in
947 4482 999 4527 te
1029 4472 1368 4541 przeeminent
1400 4469 1701 4539 placidioris

174 4561 332 4616 mentis
380 4564 563 4619 indicia
590 4605 604 4631 ,
663 4563 854 4634 quibus
906 4563 1051 4617 nullo
1101 4561 1258 4615 modo
1306 4561 1697 4632 desperandum

172 4658 253 4713 est,
275 4650 409 4710 facile
434 4664 483 4711 te
506 4671 660 4727 posse
674 4655 972 4721 veritatem,
1001 4670 1119 4709 cum
1141 4653 1299 4709 fuerit
1317 4654 1696 4735 demonstrata,

175 4745 435 4813 complecti,
483 4749 598 4805 sine
640 4749 749 4802 ullo
786 4757 917 4804 cestu
959 4747 1301 4802 dubitationis
1330 4747 1698 4802 honorandum

175 4844 292 4901 pulo.
334 4838 629 4895 Dilectionis
654 4847 827 4894 autem
854 4847 1055 4893 tantum
1097 4838 1189 4893 tibi
1227 4837 1413 4903 debeo,
1445 4848 1697 4909 quantum

174 4926 298 4981 nobis
333 4928 549 4999 imperat
575 4932 686 5001 ipse
734 4931 946 5001 quinos
975 4929 1156 4985 dilexit
1199 4945 1364 4999 usque
1414 4930 1479 4984 ad
1524 4931 1699 4986 crucis

172 5018 489 5085 opprobrium.

229 5102 275 5156 3.
309 5106 407 5163 Sed
429 5125 495 5165 ne
530 5110 734 5165 mireris
771 5109 908 5181 quod
936 5109 1073 5180 apud
1102 5109 1528 5165 Benevolentiam
1554 5120 1697 5165 tuam

174 5196 339 5252 iamdiu
368 5201 533 5266 tacui;
562 5217 663 5258 non
695 5201 937 5272 putabam
970 5201 1019 5255 in
1049 5201 1147 5255 hac
1180 5210 1231 5257 te
1258 5217 1377 5257 esse
1416 5204 1695 5269 sententia,

219 5307 370 5382 δρῶ.)
392 5310 597 5374 petisses.
612 5320 667 5363 Αι
688 5319 814 5382 uss,

216 5367 322 5435 fis.
346 5367 478 5435 nég.,
501 5388 611 5426 vera
632 5380 702 5423 est
724 5367 982 5424 vittefevita
1007 5382 1123 5422 Deo.
1145 5374 1247 5432 Alii,
1272 5374 1391 5424 viva.

218 5429 367 5493 mpod
388 5429 496 5483 B'ad.
531 5446 632 5485 Am.
668 5440 743 5483 Er.
782 5443 832 5483 et
864 5436 986 5483 duos
1007 5435 1149 5484 vatie.
1175 5429 1281 5485 Mss.
1309 5434 1605 5487 Proculiano.
1628 5439 1700 5487 Sic

328 5494 372 5542 in
392 5508 497 5558 sqq.
519 5498 661 5560 Epist.
679 5496 937 5560 _su'ibitur_
961 5496 1084 5556 apud
1105 5503 1212 5545 ιον.
1238 5505 1287 5545 et
1310 5496 1568 5559 plerosque
1588 5507 1696 5551 Mss.

223 5552 235 5567 '
258 5554 313 5603 Ad
334 5552 503 5605 alsia.
640 5556 709 5630 bl.
733 5570 778 5605 c.
802 5570 874 5605 cc.
897 5552 1022 5665 mag.
1039 5570 1126 5633 gv.
1152 5570 1194 5604 r.
1230 5571 1271 5605 s.
1310 5552 1345 5607 ἰ.
1381 5573 1454 5634 vc.
1478 5552 1600 5609 duos
1619 5563 1695 5610 sl).

230 5623 408 5665 Miror
428 5630 481 5665 v.
501 5625 735 5665 recensua
758 5624 853 5665 est.
870 5623 922 5665 et
1022 5616 1133 5665 ΕΜ.
1155 5626 1255 5665 Am.
1270 5621 1380 5665 uad.
1405 5627 1478 5665 1-.r.
1493 5627 1603 5665 ιον.

176 5618 216 5658 ει
230 5623 408 5675 quatuor
428 5630 481 5666 v.
501 5616 735 5669 recensita
758 5624 853 5675 est,
870 5623 922 5665 et
942 5616 1001 5665 ad
1155 5626 1255 5665 Am.
1270 5621 1380 5667 uad.
1405 5627 1478 5667 ιτ.
1493 5627 1603 5669 Lov.

223 5674 282 5742 ςὰ)
303 5676 417 5727 Alias
439 5676 553 5729 H7:
577 5692 686 5742 qua!
708 5674 869 5728 autem
890 5677 1088 5736 ποῖαι,
1113 5691 1237 5728 nunc
1258 5681 1334 5729 50.
1362 5683 1540 5741 scripta
1562 5684 1697 5734 initio

178 5743 442 5798 σιιιωοβωυδ
463 5742 718 5803 Augustini.

3294 357 3396 424 150

1826 480 1981 534 quam
2007 467 2134 522 mihi
2166 468 2328 524 frater
2349 468 2602 538 Evodius,
2644 472 2729 527 cui
2755 472 2911 530 fidem
2940 488 3045 531 non
3068 475 3263 535 habere
3282 482 3391 537 non

1822 571 2059 625 possum,
2084 558 2318 629 gaudens
2339 560 2607 618 indicavit.
2634 562 2764 618 Nam
2786 580 2905 619 cum
2934 566 3066 622 forte
3085 569 3392 640 contigisset

1821 655 1879 699 ut
1902 647 1954 700 in
1978 663 2133 702 unam
2156 649 2370 705 domum
2390 654 2764 719 conveniretis,
2790 665 2842 709 et
2861 671 3038 712 sermo
3056 659 3193 714 inter
3211 674 3305 717 vos
3322 660 3391 717 de

1820 751 1913 807 spe
1938 748 2137 807 nostra,
2168 739 2269 796 hoc
2294 752 2375 797 est
2407 742 2475 798 de
2501 743 2695 799 Christi
2722 745 3029 803 haereditate
3056 759 3205 804 ortus
3226 761 3386 816 esset,

1818 828 1891 883 ait
1936 829 2134 886 dixisse
2175 832 2560 904 Benignitatem
2606 844 2769 900 tuam,
2813 838 2949 893 velle
2990 848 3040 894 te
3084 839 3235 896 bonis
3262 842 3389 897 viris

1818 921 2123 978 sedentibus
2152 926 2393 980 conferre
2418 926 2712 981 nobiscum.
2741 926 2889 995 Quod
2918 937 2969 984 te
2996 931 3215 985 multum
3254 946 3385 1002 gau-

1817 1010 1918 1066 deo
1958 1023 2153 1067 nostrae
2195 1014 2478 1070 humilitati
2517 1016 2709 1071 offerre
2737 1016 3044 1087 dignatum;
3076 1035 3248 1090 neque
3278 1021 3384 1076 ullo

1815 1100 1974 1156 modo
2003 1116 2215 1170 possum
2258 1112 2455 1160 tantam
2498 1106 2827 1160 occasionem
2874 1106 3083 1177 benigni
3110 1110 3269 1165 animi
3310 1111 3385 1165 tui

1814 1189 2082 1257 deserere,
2115 1201 2172 1247 ut
2197 1202 2447 1263 quantum
2489 1195 2626 1251 vires
2654 1195 2906 1251 Dominus
2931 1197 3169 1267 praebere
3196 1199 3381 1271 digna-

1817 1279 1975 1349 bitur,
1994 1298 2224 1352 quaeram
2247 1293 2415 1339 tecum
2442 1294 2599 1355 atque
2618 1285 2915 1353 discutiam,
2934 1303 3050 1357 quae
3066 1302 3244 1355 causa,
3266 1306 3385 1360 qua:

1815 1372 1981 1442 origo,
2014 1389 2130 1443 quae
2158 1375 2291 1429 ratio
2318 1375 2370 1429 in
2402 1375 2639 1431 Ecclesia
2664 1377 2880 1442 Christi,
2910 1379 2993 1432 cui
3017 1378 3168 1445 dixit,
3196 1379 3384 1436 Pacem

1814 1476 1975 1515 meam
1997 1463 2061 1515 do
2084 1463 2237 1530 vobis,
2265 1481 2437 1534 pacem
2463 1482 2622 1518 meant
2641 1466 2865 1536 relinquo
2894 1468 3026 1522 vobis
3062 1467 3240 1537 (Joan.
3269 1486 3381 1534 xiv,

1812 1549 1925 1623 27),
1958 1562 2062 1608 tam
2087 1554 2327 1626 lugendae
2363 1563 2521 1626 atque
2548 1556 2855 1626 plangcndae
2882 1556 3210 1614 discissiouis
3239 1562 3379 1616 exti-

1812 1644 1954 1699 terit.

1883 1735 1935 1789 5.
1966 1734 2153 1790 Audivi
2174 1737 2384 1807 quidem
2405 1737 2473 1795 de
2494 1748 2787 1795 memorato
2812 1739 2975 1797 fratre
3000 1749 3048 1798 te
3070 1741 3231 1799 fuisse
3248 1757 3379 1800 con-

1810 1833 2073 1895 questum,
2107 1828 2244 1897 quod
2274 1829 2453 1884 nescio
2481 1830 2604 1900 quid
2635 1831 2728 1886 tibi
2753 1832 3135 1889 contumeliose
3163 1848 3381 1905 respon-

1808 1914 1984 1970 derit:
2006 1916 2164 1986 quod,
2188 1933 2367 1987 quaeso
2390 1927 2459 1985 te,
2484 1936 2549 1975 ne
2571 1920 2712 1975 illam
2729 1923 3101 1978 contumeliam
3121 1923 3377 1996 deputes;

1808 2018 1965 2074 quam
1989 2016 2191 2061 certum
2221 2007 2350 2062 mihi
2377 2018 2458 2064 est
2483 2025 2586 2064 non
2610 2010 2677 2065 de
2700 2013 2931 2082 superbo
2955 2014 3133 2070 animo
3159 2030 3377 2085 proces-

1811 2093 1974 2159 sisse;
1996 2096 2117 2149 novi
2141 2098 2282 2151 enim
2309 2098 2521 2153 fratrem
2548 2114 2745 2167 meum,
2774 2100 2868 2156 sed
2891 2102 2935 2155 si
2962 2102 3085 2173 quid
3112 2103 3165 2159 in
3191 2104 3348 2176 dispu
3440 2088 3444 2092 θ

1809 2183 1970 2239 tando
2013 2200 2108 2254 pro
2134 2184 2237 2241 fide
2283 2201 2399 2253 sua,
2448 2196 2503 2243 et
2532 2204 2629 2258 pro
2658 2190 2909 2245 Ecclesia:
2944 2191 3201 2249 charitate
3245 2194 3374 2253 dixit

1806 2272 2030 2331 fortasse
2058 2275 2365 2344 ferventius,
2408 2278 2548 2348 quod
2578 2290 2663 2335 tua
2697 2281 2926 2351 gravitas
2952 2283 3116 2339 nollet
3152 2284 3338 2341 audire
3357 2326 3375 2353 ,

1807 2378 1914 2417 non
1953 2364 2038 2418 illa
2067 2368 2417 2433 contumacia,
2448 2367 2541 2422 sed
2573 2368 2757 2424 fiducia
2788 2372 3105 2427 nominanda
3131 2382 3231 2429 est.
3258 2374 3382 2429 Col-

1808 2453 2028 2508 latorem
2057 2456 2197 2510 enim
2242 2465 2295 2511 et
2320 2457 2723 2528 disputatorem,
2757 2476 2863 2516 non
2905 2472 3284 2522 assentatorem
3324 2475 3381 2523 et

1806 2543 2130 2601 adulatorem
2178 2562 2235 2603 se
2284 2563 2403 2605 esse
2446 2551 2707 2620 cupiebat.
2766 2552 2897 2608 Nam
2942 2553 3043 2611 hoc
3082 2565 3165 2612 est
3205 2558 3379 2615 oleum

1808 2637 2119 2704 peccatoris,
2151 2654 2258 2707 quo
2284 2642 2535 2710 prepheta
2575 2659 2680 2698 nou
2710 2644 2820 2698 vult
2844 2645 3157 2717 impinguari
3180 2657 3377 2719 caput;

1806 2724 1877 2779 ita
1906 2729 2045 2781 enim
2086 2729 2215 2783 dicit
2242 2747 2256 2784 :
2297 2730 2593 2785 Emendabit
2631 2750 2708 2787 me
2735 2735 2899 2800 iustus
2936 2737 2991 2790 in
3014 2738 3376 2808 misericordia,

1806 2828 1853 2872 et
1892 2829 2064 2891 arguet
2104 2838 2220 2887 me;
2249 2822 2412 2877 oleum
2449 2835 2613 2878 autem
2659 2827 2931 2894 peccatoris
2969 2843 3069 2882 non
3104 2828 3379 2902 impingite:

1806 2921 1957 2981 caput
1990 2929 2152 2966 meum
2173 2912 2340 2986 (Psal.
2370 2929 2491 2979 exc,
2520 2916 2595 2985 5).
2624 2915 2819 2970 Mavult
2838 2918 2980 2971 enim
3000 2933 3183 2974 severa
3212 2921 3377 2977 mise-
3424 2902 3427 2913 Ι

1806 3003 2030 3058 ricordia
2052 3004 2178 3074 justi
2195 3005 2484 3071 emendari,
2506 3022 2660 3076 quam
2679 3007 2779 3062 leni
2798 3008 3112 3064 adulationis
3133 3010 3380 3067 unctione

1808 3093 2029 3150 laudari.
2071 3095 2221 3151 Unde
2248 3096 2407 3151 etiam
2450 3096 2575 3151 illud
2613 3098 2977 3168 propheticum
3004 3109 3121 3155 est:
3156 3100 3255 3167 Qui
3292 3118 3379 3160 vos

1809 3187 1976 3256 felices
2018 3187 2208 3255 dicunt,
2235 3189 2288 3242 in
2323 3206 2540 3244 errorem
2576 3206 2660 3244 vos
2701 3192 2902 3246 mittunt
2943 3192 2961 3261 (
2989 3190 3114 3247 Isai.
3143 3209 3221 3258 ut,
3253 3194 3377 3267 12).

1808 3277 2036 3350 ideoque
2075 3280 2142 3337 de
2186 3280 2429 3347 homine,
2478 3297 2634 3351 quem
2682 3282 2825 3339 falsae.
2872 3284 3137 3341 blanditia:
3178 3286 3379 3343 faciunt

1805 3381 2156 3441 arrogantem,
2191 3382 2334 3428 recte
2362 3374 2519 3429 etiam
2550 3374 2703 3444 vulgo
2728 3374 2941 3442 dicitur,
2973 3376 3153 3435 Crevit
3177 3388 3372 3450 caput:

1808 3461 2185 3535 impinguatum
2212 3473 2292 3519 est
2333 3465 2471 3519 enim
2500 3465 2618 3519 oleo
2654 3468 2977 3535 peccatoris;
3008 3467 3108 3524 hoc
3133 3477 3233 3534 est,
3266 3485 3371 3525 non

1806 3572 1991 3626 aspera
2013 3556 2232 3611 veritate
2255 3557 2587 3627 corrigentis,
2610 3556 2703 3612 sed
2724 3557 2827 3613 leni
2848 3557 3073 3615 falsitate
3091 3558 3378 3615 laudantis.

1807 3648 1985 3719 Neque
2015 3648 2114 3704 hoc
2143 3649 2195 3703 in
2225 3665 2340 3705 eam
2369 3659 2569 3720 partem
2600 3658 2721 3720 peto
2753 3651 3000 3722 accipias,
3026 3653 3176 3723 quasi
3199 3668 3298 3725 ego
3323 3665 3379 3715 te

1806 3753 1836 3793 a
1862 3740 2023 3794 fratre
2044 3738 2263 3806 Evodio,
2288 3749 2533 3809 tanquam
2555 3756 2583 3793 a
2604 3739 2767 3810 justo,
2791 3741 3125 3799 emendatum
3148 3743 3366 3815 intelligi

1806 3833 1983 3890 velim.
2020 3833 2217 3888 Vereor
2260 3832 2401 3888 enim
2430 3848 2495 3888 ne
2540 3847 2627 3887 me
2650 3848 2858 3904 quoque
2881 3834 3074 3904 aliquid
3099 3844 3374 3895 contume-

1806 3928 1937 3983 liose
1967 3927 2017 3981 in
2042 3934 2092 3981 te
2110 3925 2290 3982 dicere
2316 3925 2608 3991 existimes,
2639 3926 2781 3995 quod
2806 3926 3147 3983 vehementer
3170 3943 3332 3984 caveo
3355 3970 3368 3996 ,

1806 4028 2057 4087 quantum
2082 4032 2317 4087 possum.
2374 4015 2478 4071 Sed
2511 4016 2685 4085 justus
2723 4025 2804 4071 est
2832 4017 2917 4071 ille
2944 4018 3030 4086 qui
3060 4017 3213 4085 dixit,
3260 4018 3371 4091 Ego

1804 4126 1915 4166 sum
1942 4110 2123 4164 veritas
2147 4108 2325 4176 (Joan.
2358 4123 2472 4171 xiv,
2500 4108 2575 4177 6).
2606 4108 2787 4177 itaque
2807 4108 2872 4162 de
2896 4107 3177 4177 cujuslibet
3202 4107 3372 4164 homi-

1806 4204 1889 4258 nis
1921 4218 2013 4257 ore
2039 4201 2190 4256 nobis
2217 4214 2401 4254 verum
2430 4213 2548 4254 cum
2578 4198 2751 4268 aliqua
2777 4198 3063 4268 asperitate
3098 4200 3367 4266 senuerit,

1806 4309 1910 4349 non
1952 4292 2018 4347 ah
2046 4291 2137 4346 illo
2176 4290 2410 4357 homine,
2454 4290 2544 4360 qui
2588 4289 2723 4345 forte
2766 4298 3013 4360 peccator
3039 4299 3143 4359 est,
3186 4291 3278 4347 sed
3306 4292 3375 4348 ab

1805 4384 1915 4455 ipsa
1938 4382 2191 4449 Veritate,
2218 4380 2320 4437 hoc
2347 4388 2428 4436 est
2445 4396 2474 4436 a
2504 4378 2732 4445 Christo,
2760 4381 2847 4451 qui
2870 4379 3041 4450 justus
3064 4389 3161 4447 est,
3195 4397 3375 4438 emen-

1803 4474 2025 4538 damur;
2055 4488 2122 4528 ne
2167 4480 2407 4527 nostrum
2452 4481 2610 4543 caput
2656 4471 2882 4539 blandae,
2927 4472 3018 4528 sed
3061 4473 3374 4542 perniciosa:

1804 4564 2121 4622 adulationis
2160 4563 2359 4630 unctio,
2386 4563 2483 4617 hoc
2519 4571 2602 4618 est
2625 4562 2799 4617 oleum
2828 4565 3143 4632 peccatoris,
3176 4564 3370 4636 impin-

1802 4666 1943 4730 guet.
1973 4657 2282 4728 Quanquam
2327 4654 2535 4711 etiamsi
2576 4653 2736 4709 frater
2780 4654 3010 4709 Evodius
3050 4656 3371 4725 aliquantum

1804 4765 1900 4820 pro
1927 4764 2038 4804 sua:
2081 4745 2468 4803 communionis
2494 4744 2803 4801 defensione
2849 4743 3124 4808 turbatior,
3170 4744 3368 4816 aliquid

1804 4840 1993 4895 elatius
2018 4838 2193 4893 animo
2221 4837 2570 4892 commotiore
2606 4834 2845 4900 dixisset,
2892 4836 3033 4890 aetati
3063 4835 3289 4893 hominis
3319 4847 3373 4894 et

1802 4930 2102 4988 necessitati
2130 4944 2303 4984 causa;
2324 4936 2375 4983 te
2397 4935 2668 4997 oporteret
2692 4926 2981 4995 ignoscere.

1872 5024 1924 5079 4.
1970 5020 2102 5076 illud
2132 5030 2305 5074 tamen
2349 5017 2489 5089 quod
2529 5018 2837 5087 promittere
2859 5017 3105 5088 dignatus
3136 5033 3216 5084 es,
3245 5028 3369 5092 peto

1801 5112 2122 5177 memineris,
2156 5118 2215 5165 ut
2240 5109 2543 5166 sedentibus
2567 5121 2700 5179 quos
2738 5108 2854 5178 ipse
2901 5108 3159 5181 delegeris
3192 5111 3371 5178 (dum-

1801 5206 1958 5262 modo
1984 5204 2144 5261 verba
2163 5210 2341 5257 nostra
2362 5215 2469 5255 non
2498 5200 2722 5255 inaniter
2749 5200 3089 5267 ventilentur,
3120 5202 3211 5257 sed
3249 5202 3373 5257 stilo

1801 5298 2149 5369 excipiantur,
2178 5303 2235 5349 ut
2276 5304 2330 5350 et
2371 5291 2700 5362 tranquillius
2726 5299 2782 5347 et
2809 5292 3101 5349 ordinatius
3144 5293 3371 5348 dissera-

1799 5404 1939 5455 mus,
1969 5387 2090 5442 etsi
2117 5385 2241 5456 quid
2268 5384 2405 5441 forte
2426 5398 2457 5438 a
2481 5383 2633 5440 nobis
2659 5382 2857 5439 dictum
2890 5383 2959 5439 de
2992 5383 3243 5438 memoria
3289 5382 3370 5436 la-

1803 5497 1954 5553 psum
1971 5479 2144 5543 fuerit,
2166 5478 2475 5534 recitatione
2488 5477 2810 5548 revocetur),
2834 5491 2944 5531 rem
2973 5485 3078 5529 tam
3105 5488 3367 5544 magnam,

1801 5583 1856 5629 et
1902 5573 1967 5628 ad
2007 5572 2231 5629 salutem
2259 5570 2496 5625 omnium
2542 5569 2890 5639 pertinentem
2921 5582 3041 5621 cum
3086 5566 3372 5625 concordia

1800 5666 2148 5736 requiramus.
2194 5663 2299 5717 Aut
2334 5661 2379 5717 si
2422 5661 2611 5732 placet,
2641 5660 2787 5714 nullo
2814 5657 2989 5713 medio
3036 5658 3370 5731 interposito,

1802 5760 1947 5829 prius
1977 5756 2247 5811 uobiscum
2288 5756 2398 5808 sive
2440 5766 2534 5822 per
2557 5751 2827 5820 epistolas,
2861 5749 2971 5806 sive
3004 5768 3099 5824 per
3131 5750 3371 5819 collocas
