4054 6384
635 265 728 328 ιδι
1533 233 1536 236 ’
1857 263 1912 319 s.
1956 259 2216 318 aucusr

2358 257 2654 319 EPISCUP!
3466 243 3468 245 ’
3499 245 3503 249 ’
3771 271 3860 338 ιω

635 373 831 438 tionem
879 389 1036 451 atque
1074 379 1371 444 lectionem,
1406 379 1492 434 ubi
1523 376 1794 448 placuerit.
1834 373 2202 432 conferamus:

635 481 706 530 ne
755 469 892 528 torte
940 471 1352 542 internperantes
1421 461 1661 526 nonmrllt
1707 460 1974 524 auditores
2026 462 2210 523 malint

637 555 788 634 quasi
814 565 1052 618 nostrum
1077 564 1386 632 exspectare
1411 566 1701 627 certamen,
1747 567 1906 631 quam
1933 559 2002 616 de
2029 564 2210 613 nostra

637 650 806 710 salute
830 654 882 708 in
926 656 1103 708 nostra
1130 645 1484 708 collocatione
1507 643 1778 722 cogitare:
1804 655 1859 705 ut
1883 640 2024 721 quod
2050 643 2212 706 fuerit

638 745 782 802 inter
801 752 900 800 nos
926 740 1285 809 termlnatum,
1319 747 1494 813 postea
1526 749 1623 812 per
1661 747 1757 797 nos
1801 743 2022 812 populus
2050 749 2210 796 nove-

637 837 741 900 rlt;
774 839 864 890 aut
886 835 932 892 sl
956 845 1052 906 per
1077 831 1328 906 epistolas
1354 834 1436 904 agl
1463 824 1653 903 placet,
1684 827 1812 902 ipsae
1849 825 2086 902 plebibus
2123 843 2210 886 re-

638 928 885 993 citamur,
916 931 973 981 ut
999 916 1284 995 aliquando
1306 932 1412 978 non
1447 917 1652 993 plebes,
1693 915 1788 978 sed
1816 916 1960 991 plebs
1988 931 2088 975 mia
2127 913 2210 975 dia

639 1025 805 1074 catur.
833 1009 1056 1073 Prorsus
1083 1015 1217 1071 sicut
1244 1009 1498 1081 volneris,
1527 1015 1663 1069 sicut
1686 1013 1930 1084 jttsseris,
1958 1005 2093 1067 sicut
2121 1011 2214 1066 tibl

640 1100 913 1180 placuerit,
945 1105 1167 1162 libenter
1193 1098 1501 1176 amplector.
1535 1105 1601 1159 Et
1623 1096 1690 1159 de
1711 1107 1892 1158 animo
1919 1091 2214 1157 beatissimi

638 1203 692 1257 et
718 1189 1034 1256 venerabilis
1070 1193 1198 1253 mihi
1236 1197 1398 1268 patris
1431 1187 1623 1251 Valerll
1663 1205 1800 1250 nunc
1829 1184 2061 1249 absentis
2106 1197 2213 1246 tota

638 1291 922 1346 seCurltate
950 1289 1200 1359 polliceor
1239 1288 1337 1341 ho'c
1365 1298 1486 1341 eum
1527 1295 1646 1340 cum
1693 1293 1880 1354 magna
1913 1283 2089 1338 laetitia
2117 1289 2210 1338 co-

637 1375 945 1454 gniturum:
978 1373 1097 1434 novi
1125 1373 1266 1433 enlm
1295 1385 1547 1447 quantum
1570 1369 1749 1446 diligat
1770 1383 1972 1445 pacem,
2000 1381 2054 1428 et
2075 1366 2214 1427 nulla

638 1466 758 1528 vani
787 1475 950 1526 fastus
977 1464 1232 1524 inanitate
1256 1469 1507 1539 jactetur.

709 1561 763 1618 5.
793 1563 939 1631 Rogo
970 1569 1020 1615 te‘
1041 1557 1160 1630 quid
1190 1560 1342 1614 nobis
1372 1565 1452 1613 est
1482 1566 1604 1611 cum
1630 1556 1896 1613 Veteribus
1924 1553 2214 1612 dissensio-

642 1653 830 1708 nibus?
860 1651 1139 1719 Hucusque
1161 1649 1378 1702 vulnera
1407 1649 1492 1702 illa
1519 1648 1844 1714 duraverint,
1868 1665 1983 1717 quae
2014 1652 2218 1701 animo-

641 1744 770 1800 sitas
813 1739 1085 1799 heminam
1111 1733 1458 1812 superborum
1491 1742 1684 1796 nostris
1711 1740 1960 1796 membris
1991 1738 2212 1807 inflixit;

641 1843 866 1906 quorum
896 1834 1170 1888 vulnerum
1210 1831 1594 1903 ptltl‘efactione
1631 1825 1790 1886 etiam
1819 1831 2055 1885 «labrem
2094 1839 2215 1900 pera

641 1916 891 1994 didltnus,
923 1933 1029 1996 quo‘
1059 1921 1192 1978 solet
1221 1922 1460 1978 medicus
1508 1916 1791 1992 implorari.
1827 1919 1983 1975 Vides
2022 1927 2219 1991 quanta"

641 2023 696 2072 et
723 2021 880 2086 quam
912 2009 1198 2069 miserabili
1226 2005 1460 2068 nuditate
1498 2009 1798 2067 cllristianm
1825 2004 2013 2066 domus
2064 2003 2216 2064 famia

643 2106 832 2176 liaeque
862 2096 1084 2161 turbata:
1123 2097 1290 2160 ‘sinl.
1334 2096 1500 2158 Mariti
1531 2113 1583 2158 et
1611 2120 1801 2158 uxores
1846 2104 1910 2158 de
1946 2120 2041 2158 suo
2083 2105 2218 2159 lecto

641 2189 741 2252 sibi
771 2189 1129 2262 consentiunt,
1160 2205 1214 2251 et
1240 2195 1306 2251 de
1331 2193 1524 2251 Christi
1552 2189 1700 2249 altari
1740 2196 2073 2250 dissentiunt.
2120 2191 2220 2250 Per

642 2291 786 2345 illum
813 2283 912 2345 sibi
935 2291 1130 2359 jurant,
1161 2299 1215 2342 ut
1245 2289 1382 2343 inter
1407 2303 1463 2341 se
1493 2301 1672 2357 pacem
1707 2281 1949 2350 habeant,
1980 2293 2032 2342 et
2057 2288 2108 2341 in
2130 2281 2218 2341 illo

644 2373 841 2436 habere
867 2397 971 2436 non
1013 2381 1250 2451 possunt.
1306 2371 1419 2434 Filii
1447 2394 1564 2434 cum
1595 2379 1896 2448 parentibus
1924 2394 2078 2432 unam
2118 2377 2217 2433 do-

644 2479 786 2527 mum
818 2465 1012 2526 habent
1033 2486 1201 2533 suam,
1235 2475 1285 2524 et
1317 2467 1531 2524 domum
1561 2465 1653 2524 Dei
1687 2485 1789 2523 non
1810 2461 2004 2523 habent
2035 2465 2210 2522 imam.

644 2553 938 2618 Suceedere‘
969 2563 1018 2614 in‘
1064 2576 1248 2616 eorum
1280 2560 1638 2615 haereditatem
1664 2561 1904 2630 cupiunt,
1945 2575 2064 2614 cum
2093 2559 2218 2630 qui-

645 2654 739 2712 bus
767 2654 833 2710 de
858 2645 1055 2710 Christi
1095 2645 1400 2708 hzereditate
1446 2653 1705 2708 rixantdr.
1748 2653 1898 2708 Servi
1930 2653 1982 2707 et
2020 2645 2222 2707 domini

644 2752 974 2803 communem
1009 2741 1286 2801 Dominum
1317 2741 1576 2811 dividunt,
1599 2737 1686 2817 qui
1714 2743 1932 2800 formam
1963 2747 2096 2802 servi
2126 2763 2218 2800 ac-

643 2831 799 2910 cepit,
838 2836 894 2892 at
933 2853 1118 2892 omnes
1161 2835 1443 2892 serviendo
1489 2833 1757 2891 liberaret.
1803 2837 2074 2891 [lonorant
2123 2853 2218 2892 nos

643 2923 824 2996 vestri,
857 2924 1117 2984 honorant
1141 2944 1234 2983 vos
1260 2928 1445 2982 nostri.
1472 2925 1572 2982 Per
1593 2943 1841 2982 coronam
1865 2937 2098 2981 nostram
2122 2943 2219 2982 nos

644 3017 885 3093 adjurant
915 3015 1096 3085 vestri,
1129 3037 1220 3091 per
1261 3033 1513 3074 coronam
1562 3019 1789 3074 vestram
1834 3034 1930 3073 vos
1976 3018 2222 3089 adjnrant

646 3113 830 3169 nostri.
863 3109 1106 3167 Omnium
1135 3111 1294 3165 verba
1322 3111 1656 3180 suscipimus,
1692 3111 1956 3164 neminem
1982 3103 2220 3165 otTende-

645 3218 701 3262 re
729 3206 988 3258 volumus.
1027 3201 1164 3272 Quid
1195 3217 1290 3256 nos
1319 3201 1462 3256 solus
1490 3195 1730 3256 Christus
1776 3199 2015 3267 otl'endit,
2064 3202 2215 3271 cujus

644 3287 878 3353 membra
913 3285 1209 3348 laniamus?
1238 3288 1304 3346 Et
1348 3292 1591 3347 homines
1629 3291 1839 3362 quidem
1870 3308 2056 3346 causas
2094 3309 2219 3348 suas

647 3380 914 3445 seculares
949 3386 1084 3456 apud
1127 3401 1224 3440 nos
1268 3383 1416 3439 linire
1456 3385 1747 3454 cupientes,
1779 3383 1989 3454 quando
2015 3385 2090 3438 eis
2121 3401 2216 3439 ne-

643 3471 857 3536 cessarii
895 3473 1168 3541 fuerimus,
1203 3480 1279 3533 sic
1317 3491 1413 3531 nos
1444 3490 1656 3531 sanctos
1693 3487 1743 3531 et
1786 3475 1878 3532 Dei
1915 3493 2096 3532 servos
2123 3487 2217 3548 ap-

645 3571 858 3644 pellant,
912 3580 968 3626 ut
1016 3567 1222 3641 negotia
1271 3571 1422 3623 terra:
1470 3584 1577 3621 sua:
1614 3575 1904 3638 peragant:
1939 3560 2219 3637 aliquando

645 3677 859 3735 agamus
885 3664 936 3718 et
967 3679 1064 3718 nos
1092 3662 1354 3733 negotium
1381 3661 1564 3716 salutis
1585 3665 1780 3715 nostra:
1801 3663 1854 3715 ct
1879 3661 2062 3715 salutis
2089 3662 2220 3731 ipso-

645 3769 782 3823 rum,
811 3775 914 3812 non
937 3756 1003 3812 de
1032 3771 1180 3820 auro,
1209 3772 1311 3810 non
1339 3751 1406 3811 de
1430 3763 1669 3825 argento,
1718 3767 1821 3808 non
1848 3753 1916 3808 de
1957 3752 2130 3808 fundis
2164 3754 2217 3809 et

646 3847 941 3920 pecoribus,
976 3855 1069 3919 pro
1091 3847 1278 3917 quibus
1305 3843 1461 3902 rebus
1488 3837 1718 3916 quotidie
1756 3845 2018 3900 submisso
2048 3845 2220 3913 capite

647 3943 952 4007 salutamur,
985 3950 1041 3995 ut
1065 3930 1421 3995 dissensiones
1452 3938 1720 3993 hominum
1746 3930 2107 4004 terminemus,
2128 3927 2223 3992 sed

646 4025 716 4090 de
756 4025 869 4104 ipSo
908 4033 1078 4102 capite
1118 4041 1297 4086 nostro
1324 4040 1430 4086 tam
1463 4031 1631 4101 turpis
1659 4031 1792 4085 inter
1823 4046 1920 4085 nos
1959 4029 2012 4085 et
2040 4021 2219 4100 perni-

643 4127 784 4182 ciosa
812 4123 1074 4180 dissensio
1103 4131 1200 4178 est.
1249 4119 1646 4190 QUantumlibet
1687 4121 1857 4192 capita
1903 4115 2222 4176 submittant

644 4211 732 4290 qui
765 4231 859 4270 nos
897 4215 1147 4278 salutant,
1173 4215 1230 4268 ut
1253 4229 1346 4268 eos
1371 4204 1661 4268 Concordes
1690 4211 1739 4267 in
1773 4217 1908 4268 terra
1945 4209 2215 4278 faciamus,

646 4301 710 4360 de
737 4305 1059 4374 cmlousque
1090 4302 1157 4356 ad
1193 4317 1401 4356 crucem
1433 4303 1751 4358 submissum
1797 4314 1877 4359 est
1921 4309 2077 4374 caput
2119 4311 2217 4359 no-

645 4406 836 4462 strum,
870 4392 922 4449 in
947 4410 1050 4466 quo
1077 4393 1368 4448 concordes
1394 4409 1496 4448 non
1537 4409 1736 4448 sumus.

715 4487 767 4545 6.
802 4477 947 4559 Rogo
975 4495 1025 4542 te
1053 4493 1208 4555 atque
1235 4479 1474 4547 obsecro,
1507 4478 1549 4538 si
1579 4493 1657 4538 est
1685 4477 1735 4538 in
1762 4492 1812 4539 te
1833 4485 2005 4554 aliqua
2036 4486 2221 4540 huma-

646 4581 803 4644 nitas,
826 4593 982 4649 quam
1009 4575 1157 4632 multi
1182 4569 1486 4646 pradicant,
1508 4573 1589 4628 hic
1611 4576 1860 4646 appareat
1880 4576 2086 4631 bonitas
2109 4579 2216 4644 tua,

645 4674 690 4731 si
719 4688 824 4729 non
851 4679 1064 4744 prepter
1089 4661 1318 4724 honores
1340 4669 1668 4723 transitorios
1694 4659 1988 4732 simulatur,
2018 4677 2074 4725 οι
2094 4675 2222 4725 Con-

647 4767 951 4822 tremiscant
994 4765 1045 4820 in
1089 4774 1141 4820 te
1166 4764 1366 4818 viscera
1413 4753 1807 4827 misericordiae,
1851 4773 1902 4818 et
1938 4755 2069 4820 velis
2119 4757 2218 4820 ali-

646 4847 858 4930 quando
885 4874 997 4913 rem
1018 4847 1206 4914 discuti
1229 4856 1473 4911 instando
1499 4856 1769 4912 nobiscum
1799 4851 2145 4928 orationibus,
2166 4869 2222 4918 et

647 4951 825 5006 omnia
856 4950 1071 5020 paciﬁce
1098 4939 1422 5004 conferendo
1460 4968 1472 5003 :
1515 4965 1580 5005 ne
1608 4941 1815 5006 miserae
1860 4944 2063 5022 plebes,
2101 4971 2219 5026 quae

647 5043 843 5098 nostris
869 5031 1155 5097 honoribus
1179 5042 1562 5112 obsequuntur,
1581 5048 1820 5112 premant
1840 5060 1938 5098 nos
1952 5039 2218 5116 obsequiis

646 5132 757 5188 suis
786 5123 836 5186 in
859 5131 1057 5201 judicio
1089 5133 1210 5198 Dei;
1237 5132 1330 5188 sed
1356 5133 1530 5204 potius
1558 5144 1733 5190 nostra
1761 5149 1867 5191 non
1895 5129 2016 5191 ficta
2040 5129 2216 5192 chari-

647 5232 754 5279 tate
783 5223 1054 5278 nobiscum
1095 5234 1358 5280 revocata:
1395 5225 1462 5280 ab
1500 5227 1764 5281 erroribus
1789 5235 1842 5282 et
1872 5217 2216 5284 dissensioni-

645 5314 765 5384 bus,
800 5309 851 5370 in
881 5305 1121 5372 veritatis
1157 5323 1210 5370 et
1259 5304 1402 5385 pacis
1433 5306 1619 5372 itinera
1649 5315 1958 5387 dirigantur.
2001 5309 2138 5392 Opto
2167 5330 2220 5378 te

647 5422 824 5462 coram
856 5406 1024 5462 oculis
1052 5395 1146 5463 Dei
1174 5394 1381 5463 beatum
1407 5423 1545 5475 esse,
1573 5395 1785 5466 domine
1817 5403 2136 5466 honorabilis
2166 5422 2218 5469 ct

649 5486 1010 5554 dilectissime.

712 5697 727 5729 ι
751 5701 854 5752 να.
873 5709 979 5759 sex,
1007 5703 1228 5763 turpatc.

2714 377 3037 436 EPISTOLA
3081 379 3294 440 xxxnv
3327 386 3344 406 -
3374 383 3472 456 (α).

2314 485 2392 540 De
2412 491 2610 558 juvene,
2642 491 2728 557 qui
2756 501 2966 546 manus
2995 495 3188 548 cadere
3215 493 3418 562 ulla“,
3443 489 3642 553 Mum
3675 508 3724 554 et
3745 510 3858 557 mr-

2387 589 2484 631 tem
2510 581 2728 635 mina‘lus
2755 575 2953 638 transiit
2975 579 3044 639 ad
3072 573 3386 654 Donatum,
3413 587 3476 642 ab
3511 581 3670 660 itaqu
3706 587 3859 650 iurato

2391 673 2670 736 baptizatus
2691 684 2782 727 est.
2813 674 2960 739 Quod
2977 691 3045 730 an
3073 671 3396 733 Prmbiaui
3416 681 3633 749 episcopi
3653 686 3859 741 undat:

2389 771 2576 837 factm
2615 763 2699 834 stt,
2732 769 2804 824 uti
2828 769 3084 842 presbyter
3109 772 3266 844 ipsius
3316 767 3477 830 Victor
3512 769 3705 846 ριόιεέο
3729 772 3859 851 oﬁcn

2392 862 2724 924 renuntiarat,
2752 861 2938 932 tamen
2966 863 3189 931 postulat
3219 866 3540 938 Augustinus,
3569 878 3677 923 me
3695 871 3863 926 Mm

2389 959 2620 1019 paratum
2639 959 2863 1006 asserens
2887 951 2955 1005 ad
2969 955 3146 1020 totum,
3166 955 3212 1010 si
3235 945 3596 1014 Precianam
3609 952 3744 1028 ﬁdit,
3755 964 3862 1018 ωε.

2387 1044 2560 1096 amatis
2589 1059 2798 1098 causam
2831 1035 3030 1116 gmw
3051 1050 3475 1118 pennatam.

2321 1155 2542 1210 Domino
2570 1158 2764 1212 eximio
2793 1159 3085 1230 Meritoque
3113 1163 3449 1232 decipiam!
3479 1166 3494 1197 ‘
3525 1173 3688 1236 ευμσ
3716 1168 3860 1225 lieno-

2621 1243 2774 1304 rablll
2800 1248 2950 1306 nam
2971 1243 3216 1320 Elissam,
3245 1255 3601 1313 Accusamus.

2393 1361 2443 1414 Ι.
2470 1360 2580 1416 Scit
2604 1361 2764 1427 Deus,
2795 1357 2879 1418 cui
2899 1363 3171 1419 manifesta
3216 1366 3338 1422 sunt
3363 1373 3560 1426 arcana
3587 1365 3759 1428 ἐσωἱέ
3780 1367 3863 1426 lm-

2323 1452 2483 1518 mani,
2516 1461 2769 1522 quantum
2795 1463 2978 1523 pacein
3004 1455 3165 1528 diligo
3187 1459 3553 1528 christianum,
3587 1471 3866 1520 Wire

2323 1545 2519 1598 moveri
2549 1545 2825 1616 sacrilegis
2846 1555 3034 1601 eorum
3061 1545 3232 1617 factis,
3254 1551 3346 1622 qui
3368 1549 3421 1606 in
3437 1549 3553 1623 eius
3570 1549 3868 1611 dissensione

2324 1633 2535 1704 indigne
2589 1645 2748 1704 atque
2791 1637 2956 1706 impie
2994 1651 3380 1707 perseverant)
3417 1659 3648 1714 eumque
3695 1658 3866 1701 malum

2321 1725 2484 1778 animi
2534 1728 2638 1779 mei
2671 1741 2790 1782 esse
2821 1729 3114 1796 paciﬁcum,
3141 1739 3313 1802 neqtte
3345 1741 3433 1789 me
3457 1733 3511 1790 id
3557 1743 3710 1807 agerc
3736 1739 3790 1792 trt
3819 1739 3870 1793 ad

2323 1819 2750 1874 communionem
2772 1817 3082 1877 catholicam
3117 1825 3397 1894 quisquam
3426 1837 3647 1897 cogatur
3680 1821 3867 1895 invitm,

2325 1909 2416 1964 sed
2444 1918 2499 1963 ut
2527 1911 2772 1966 omnibus
2798 1913 3090 1969 errantibus
3118 1919 3300 1986 aperta
3345 1919 3541 1974 veritas
3571 1916 3868 1988 declaretur,

2325 2009 2378 2054 et
2418 2015 2509 2068 per
2539 2011 2774 2056 nostrum
2819 2000 3199 2073 mil'iisterium,
3243 1998 3354 2063 Deo
3389 2007 3630 2078 juvenile,
3677 2013 3870 2068 manife-

2323 2102 2456 2147 stata
2483 2108 2538 2147 se
2555 2095 2972 2164 amplectendam
2984 2107 3140 2170 atque
3165 2097 3470 2156 sectandam
3494 2105 3622 2158 satis
3649 2104 3760 2176 ipsa
3779 2111 3873 2175 pcr-

2325 2185 2562 2238 stiadcat.

2393 2278 2445 2336 2.
2487 2279 2620 2346 Quid
2649 2282 2788 2336 enim
2825 2281 3218 2350 exsecrabilins,
3248 2295 3430 2357 qureso
3475 2297 3547 2357 te,
3582 2293 3640 2345 ut
3668 2284 3765 2346 alia
3804 2299 3870 2344 ta-

2326 2385 2497 2436 ceam,
2526 2387 2680 2440 quam
2710 2373 2762 2427 id
2787 2374 2928 2443 quod
2959 2388 3096 2431 nunc
3121 2379 3354 2434 accidit?
3385 2382 3683 2453 (ἔω-ήμην
3703 2383 3874 2453 abepi-

2327 2479 2486 2534 δεορο
2513 2480 2608 2519 suo
2625 2466 2854 2535 juvenis,
2888 2471 3088 2526 crebris
3107 2472 3341 2528 caedibus
3367 2475 3550 2530 matris
3577 2477 3807 2540 insanus,
3833 2485 3876 2530 et

2327 2556 2518 2625 impias
2553 2573 2741 2612 manus
2777 2575 2874 2614 nec
2913 2561 3014 2615 illis
3043 2562 3252 2630 diebus,-
3291 2581 3410 2619 eum
3445 2567 3610 2622 etiam
3647 2569 3878 2626 merits

2327 2646 2503 2716 legum
2532 2650 2954 2707 sceleratissimis
2980 2656 3167 2723 parcit,
3197 2671 3226 2710 a
3248 2658 3540 2714 visceribus
3577 2659 3717 2716 unde
3750 2669 3878 2716 Intus

2325 2746 2406 2791 est
2433 2755 2702 2795 revocans.
2736 2742 2960 2796 Minatur
2981 2745 3150 2800 eidem
3189 2749 3340 2802 matri
3382 2764 3440 2804 se
3477 2749 3536 2803 in
3560 2751 3872 2820 νῶι-κωδω-

2327 2832 2431 2886 nati
2462 2833 2824 2899 transiturum,
2850 2846 2901 2890 et
2931 2851 3048 2891 eam
3073 2853 3234 2906 quam
3259 2839 3556 2897 incredibili
3597 2839 3773 2900 furore
3809 2856 3879 2897 so-

2326 2919 2396 2975 let
2421 2922 2623 2976 cmdere
2660 2935 3072 2993 perempturum.
3105 2927 3329 2983 Minatur
3357 2931 3422 2994 ei,
3458 2933 3650 2986 transit
3685 2932 3748 2987 ad
3781 2947 3880 3002 par-

2331 3019 2434 3065 tem
2465 3013 2674 3079 Donati,
2701 3015 3053 3084 rebaptizatur
3083 3019 3283 3083 turens,
3310 3029 3364 3074 et
3393 3021 3446 3074 in
3467 3031 3765 3078 maternum
3788 3039 3880 3078 san-

2329 3103 2542 3173 guinem
2578 3105 2808 3161 fremens
2837 3107 2968 3162 alhis
2995 3107 3223 3165 vestibtis
3243 3103 3568 3167 candidatur.
3609 3105 3881 3171 Constitui-

2324 3197 2410 3249 tur
2452 3198 2585 3251 intra
2637 3193 2896 3254 cancellos
2948 3202 3188 3256 eminens
3232 3207 3388 3274 atque
3444 3206 3799 3275 conspicuus,
3837 3211 3882 3261 et

2324 3288 2557 3342 omnium
2582 3293 2904 3358 gementium
2932 3293 3097 3347 oculis
3140 3295 3422 3350 matricidii
3470 3295 3752 3354 meditator
3782 3305 3880 3353 tau-

2325 3389 2479 3448 quam
2509 3389 2792 3436 renovatus
2821 3384 3122 3452 opponitur.

2401 3471 2453 3524 3.
2499 3471 2743 3528 llaeccine
2783 3475 2992 3530 tandem
3035 3469 3130 3532 tibi
3167 3479 3391 3547 placent,
3440 3482 3518 3535 vir
3559 3473 3883 3552 gravissime?

2324 3562 2658 3634 Nequaquam
2686 3563 2788 3622 hoc
2819 3566 2885 3622 de
2915 3571 2965 3622 te
2981 3567 3292 3623 crediderim
3333 3575 3489 3626 :novi
3520 3569 3882 3629 censideratio.

2331 3672 2451 3710 nem
2482 3665 2644 3710 tuam.
2678 3657 2906 3713 Caeditur
2947 3669 3116 3714 mater
3140 3661 3366 3716 carnalis
3410 3663 3460 3715 in
3499 3661 3749 3719 membris
3784 3664 3884 3735 qui-

2324 3743 2420 3802 bus
2447 3750 2626 3817 gcnuit
2651 3759 2703 3804 el
2732 3751 2948 3804 nutrivit
2974 3752 3263 3820 ingratum;
3299 3753 3543 3822 prohibet
3571 3749 3670 3810 hoc
3712 3753 3877 3811 Eccle—

2324 3842 2400 3896 sia
2433 3845 2600 3896 mater
2629 3844 2934 3912 spiritualis,
2965 3843 3187 3898 Caeditur
3225 3847 3278 3898 et
3306 3845 3414 3914 ipsa
3457 3845 3506 3899 in
3537 3844 3880 3902 Sacramenlis'

2325 3931 2516 4001 quibus
2539 3935 2720 4002 genuit
2741 3943 2794 3988 et
2817 3934 3032 3988 nutrivit
3059 3935 3335 4004 ingratum.
3363 3933 3547 3990 Nonne
3574 3929 3668 3991 tibi
3699 3929 3885 3991 videtur

2324 4024 2519 4080 dixisse
2542 4025 2920 4095 parricidaliter
2942 4024 3188 4080 frendens
3228 4045 3239 4080 :
3269 4027 3402 4093 Quid
3436 4025 3624 4083 faciam
3649 4027 3884 4085 Ecclesia:

2325 4123 2441 4186 qua:
2472 4121 2557 4171 me
2583 4115 2825 4186 prohibet
2851 4116 3056 4172 cardere
3077 4123 3297 4172 matrem
3325 4119 3537 4173 meam?
3573 4119 3746 4175 inveni
3774 4107 3887 4190 quid

2325 4208 2510 4265 faciam
2538 4208 2774 4278 :injuriis
2800 4207 2992 4280 quibus
3021 4215 3192 4280 potest
3225 4209 3380 4264 etiam
3410 4209 3522 4278 ipsa
3544 4203 3785 4274 feriatur;
3810 4209 3886 4263 liat

2325 4301 2378 4357 in
2400 4319 2484 4358 me
2512 4294 2706 4373 aliquid
2733 4299 2872 4357 unde
2893 4303 3124 4358 membra
3154 4303 3266 4374 ejus
3288 4302 3517 4359 doleant.
3550 4296 3743 4359 Vadam
3769 4302 3886 4360 mihi

2326 4391 2392 4448 ad
2417 4408 2509 4449 eos
2534 4393 2621 4465 qui
2648 4403 2908 4450 noverunt
2930 4395 3211 4451 exsntllare
3238 4398 3464 4468 gratiam
3487 4397 3536 4451 in
3569 4413 3668 4468 qua
3706 4391 3776 4453 illi
3801 4405 3885 4449 na-

2328 4487 2409 4539 tus
2435 4500 2570 4551 sum,
2593 4476 2872 4540 destruere
2894 4484 3113 4540 formam
3141 4503 3294 4556 quam
3319 4481 3370 4541 in
3394 4493 3542 4542 utero
3563 4485 3676 4558 ejus
3697 4485 3885 4554 accepi.

2326 4567 2523 4631 Ambas
2551 4576 2748 4632 matres
2771 4592 2915 4633 meas
2940 4578 3092 4632 saevis
3108 4580 3424 4636 cruciatibus
3452 4589 3725 4650 torqueam
3750 4593 3887 4648 :qum

2327 4673 2412 4724 me
2441 4671 2700 4739 posterior
2722 4672 2945 4742 peperit,
2961 4665 3145 4726 ell‘erat
3171 4671 3333 4741 prior.
3363 4665 3442 4726 Ad
3463 4665 3616 4742 hujus
3637 4669 3886 4734 dolorem,

2323 4759 2665 4832 spiritualiter
2682 4757 2906 4826 moriar;
2927 4760 2993 4816 ad
3017 4752 3155 4818 illius
3174 4761 3392 4828 credem,
3411 4763 3691 4818 caﬁtaliter
3709 4761 3886 4816 vitam.

2324 4851 2460 4921 Quid
2491 4852 2631 4908 aliud
2668 4855 3056 4923 exspectamus,
3085 4854 3165 4908 vir
3192 4845 3511 4910 honorabilis
3541 4844 3754 4917 EuSebi,
3789 4851 3888 4907 nisi

2325 4949 2382 4998 ut
2427 4945 2476 4998 in
2519 4944 2766 4998 miseram
2809 4937 3103 5010 mulierem,
3137 4945 3412 5000 seneCtute
3449 4945 3786 5016 decrepitam,
3818 4943 3890 4996 vi-

2327 5037 2526 5092 duitate
2555 5036 2882 5103 destitutam,
2914 5053 2942 5092 a
2966 5039 3118 5106 cujus
3137 5038 3370 5094 caulibus
3397 5039 3448 5092 in
3480 5031 3749 5093 CatholiCa
3775 5041 3891 5106 pro-

2325 5125 2619 5193 hibebatur,
2651 5121 2753 5198 iam
2783 5125 3042 5184 donatista
3069 5141 3287 5185 securus
3307 5121 3584 5186 armetur?
3603 5124 3738 5198 Quid
3754 5129 3887 5185 enim

2326 5213 2466 5272 aliud
2495 5215 2773 5274 furibundo
2815 5220 2974 5275 corde
3007 5220 3271 5291 concepit,
3303 5236 3423 5275 cum
3450 5222 3648 5277 diceret
3688 5213 3838 5277 matri
3872 5235 3884 5271 :

2324 5309 2656 5365 Transferam
2683 5327 2768 5367 me
2791 5313 2848 5366 in
2865 5319 3068 5382 partem
3090 5307 3299 5379 Donati,
3320 5323 3374 5369 et
3393 5305 3570 5371 bibam
3591 5309 3886 5386 sanguinem

2389 5464 2405 5529 ξ
2559 5477 2650 5514 sex
2672 5463 3206 5529 babent,_umplcimdo.

2385 5526 2402 5542 '
2427 5525 3322 5593 adhunc‘castigandam'edlatismta.
3341 5528 3424 5593 bg.
3450 5542 3492 5578 c.
3517 5542 3587 5578 ec.
3603 5529 3650 5577 tt.
3676 5541 3721 5593 θ.
3745 5539 3882 5590 gv.n.

2323 5600 2364 5636 r.
2390 5588 2590 5653 s._sb,t.
2617 5588 2713 5653 duo
2737 5588 2807 5636 ve.
2834 5597 3038 5651 (metuar
3058 5598 3192 5653 vLet
3207 5598 3306 5639 sm.
3331 5588 3439 5640 add.
3465 5597 3538 5640 Fr.
3564 5599 3668 5641 ιον.

2386 5649 2464 5710 (a)
2479 5648 2606 5718 atlas
2631 5651 2745 5698 168:
2773 5648 2881 5712 ιῃιεὶε
2912 5660 3078 5701 autem
3099 5650 3161 5702 at
3185 5663 3316 5716 erat,
3341 5669 3467 5707 mur-
3491 5659 3566 5708 3t.
3593 5661 3761 5720 scripta
3785 5661 3883 5720 [τωο

2325 5722 2640 5771 superiorem.

2403 5725 2640 5760 ὶΘΙῚΟΙὋΙΙΙ.
