4054 6390
652 341 750 407 155

639 465 1066 533 sanctimoniales
1099 462 1418 519 concolonas
1442 468 1565 511 suas
1591 454 1606 485 ¹
1637 452 1701 508 de
1731 448 1891 504 fundo
1920 446 2209 503 catholico-

640 580 758 621 rum
785 559 1203 616 Christianorum
1225 593 1240 619 ,
1271 552 1381 606 sive
1409 548 1547 603 idem
1578 541 1874 607 transtulit,
1916 540 2026 593 sive
2067 536 2209 590 illum

641 663 836 711 secuta:
854 692 869 716 ,
901 651 1060 705 etiam
1088 648 1216 716 ipsa:
1245 654 1417 697 tamen
1446 637 1781 706 rebaptizatae
1810 641 1965 694 sunt;
1994 641 2047 684 et
2071 640 2213 681 nunc

640 760 759 803 cum
784 741 1027 814 gregibus
1054 732 1542 792 Circumcellionum
1573 727 1709 781 inter
1734 720 2070 814 vagabundos
2093 732 2212 814 gre-

642 849 739 907 ges
765 808 1101 895 feminarum,
1130 841 1244 897 qua:
1270 830 1545 893 propterea
1570 815 1787 872 maritos
1812 812 2006 867 habere
2033 808 2214 864 nolue-

644 899 770 982 runt
790 939 855 978 ne
876 921 1102 976 habeant
1125 914 1474 984 disciplinam,
1493 910 1545 964 in
1566 905 1892 963 detestabilis
1913 899 2213 956 vinolentia:

646 1012 1079 1071 bacchationibus
1103 1006 1357 1077 superbus
1378 1000 1626 1064 exsultat,
1649 996 1882 1067 gaudens
1905 991 2213 1047 latissimam

644 1108 743 1165 sibi
790 1113 1024 1176 apertam
1074 1114 1193 1154 esse
1240 1095 1505 1151 licentiam
1557 1089 1709 1145 malm
1763 1081 2210 1147 conversationis,

645 1196 786 1253 unde
812 1170 863 1249 in
889 1189 1152 1248 Catholica
1182 1183 1575 1258 prohibebatur.
1609 1178 1677 1231 Et
1703 1176 1806 1231 hoc
1836 1174 2056 1228 fortasse
2081 1170 2213 1224 Pro-

643 1287 912 1343 culeianus
943 1282 1166 1353 ignorat.
1212 1276 1352 1345 Ergo
1393 1288 1485 1341 per
1527 1280 1667 1325 tuam
1711 1265 2016 1335 gravitatem
2059 1269 2218 1330 atque

644 1377 957 1435 modestiam
981 1370 1151 1428 eidem
1182 1369 1231 1421 in
1258 1364 1494 1419 notitiam
1518 1358 1843 1429 perferatur;
1869 1354 2050 1423 jubeat
2071 1366 2213 1416 eum,

645 1468 736 1541 qui
763 1481 869 1521 non
903 1462 971 1517 ob
1008 1457 1150 1514 aliud
1188 1455 1331 1511 illam
1375 1448 1799 1506 communionem
1845 1443 2077 1512 delegit,
2118 1440 2218 1494 nisi

645 1531 766 1630 quia
794 1558 847 1611 in
869 1550 1141 1610 Catholica
1166 1547 1468 1603 clericatum
1497 1540 1765 1604 amiserat,
1792 1543 2011 1607 propter
2036 1531 2217 1587 inobe-

646 1625 897 1708 dientiam
937 1653 990 1702 et
1025 1641 1261 1715 perditos
1288 1649 1498 1701 mores,
1532 1648 1561 1688 a
1597 1646 1689 1687 sua
1726 1625 2095 1684 communione
2131 1637 2218 1677 re-

647 1741 868 1799 moveri.

719 1835 773 1890 3.
813 1829 1019 1886 Etenim
1057 1841 1187 1898 ego,
1224 1824 1269 1877 si
1308 1820 1530 1876 Domino
1569 1815 1768 1886 placet,
1810 1811 1968 1866 istum
2003 1804 2216 1862 modum

652 1939 839 1986 servo,
872 1930 930 1977 ut
961 1917 1197 1990 quisquis
1226 1911 1361 1983 apud
1388 1925 1483 1965 eos
1516 1914 1729 1978 pr0pter
1766 1901 2095 1971 disciplinam
2124 1897 2219 1952 dc-

653 2015 898 2089 gradatus
921 2011 987 2066 ad
1011 2007 1331 2066 Catholicam
1361 2000 1586 2057 transire
1612 1996 1863 2061 voluerit,
1894 1995 1945 2047 in
1975 1990 2221 2046 humilia-

655 2085 798 2167 tione
824 2101 1147 2176 poenitentia:
1171 2097 1454 2166 recipiatur
1474 2135 1488 2158 ,
1519 2107 1623 2163 quo
1651 2099 1705 2144 et
1730 2088 1825 2158 ipsi
1853 2101 1972 2141 eum
2004 2085 2221 2138 fortisan

630 2205 935 2271 cogerent,
964 2195 1008 2251 si
1036 2191 1171 2263 apud
1210 2204 1303 2245 eos
1330 2200 1545 2242 manere
1572 2183 1844 2238 voluisset.
1887 2179 1967 2233 Ab
1994 2178 2071 2233 eis
2095 2189 2222 2230 vero

651 2270 944 2349 considera,
972 2297 1151 2355 quasso
1176 2289 1250 2345 te,
1277 2293 1433 2348 quam
1459 2272 1852 2329 exsecrabiliter
1878 2270 1984 2331 liat,
2012 2276 2068 2320 ut
2090 2280 2223 2335 quos

654 2379 795 2436 male
846 2376 1083 2431 viventes
1136 2368 1491 2426 ecclesiastica
1546 2363 1821 2432 disciplina
1877 2357 2218 2429 corripimus,

654 2466 1032 2543 persuadeatur
1068 2462 1147 2517 eis
1197 2468 1256 2515 ut
1300 2458 1366 2513 ad
1416 2458 1678 2511 lavacrum
1724 2453 1947 2506 alterum
1988 2448 2221 2513 veniant,

656 2568 813 2633 atque
840 2565 897 2612 ut
923 2554 977 2611 id
1001 2552 1238 2622 accipere
1267 2556 1600 2610 mereantur,
1630 2544 1866 2612 Paganos
1907 2556 1965 2595 se
1993 2553 2110 2593 esse
2136 2552 2224 2592 re-

657 2630 985 2727 spondeant;
1010 2660 1127 2717 qua:
1150 2658 1253 2699 vox
1279 2656 1346 2698 ne
1372 2636 1681 2712 procederet
1704 2634 1773 2689 de
1801 2648 1892 2688 ore
1915 2630 2221 2695 christiano,

656 2720 838 2802 tantus
878 2739 1090 2810 sanguis
1134 2742 1422 2805 martyrum
1471 2729 1618 2785 fusus
1662 2734 1742 2781 est
1782 2742 1796 2778 :
1838 2721 2030 2777 deinde
2075 2720 2224 2790 quasi

656 2834 895 2896 renovati
931 2840 987 2889 et
1021 2830 1171 2903 quasi
1199 2823 1542 2885 sanctificati,
1575 2818 1866 2887 disciplinae
1899 2829 2053 2884 quam
2084 2813 2226 2868 ferre

656 2944 762 2986 non
788 2930 1090 2999 potuerunt,
1122 2918 1412 2975 deteriores
1439 2911 1583 2978 facti,
1612 2909 1708 2964 sub
1736 2906 1911 2976 Specie
1936 2918 2083 2958 novae
2103 2916 2226 2971 gra-

655 2996 1089 3088 tiae,‘sacrilegio
1130 3011 1249 3067 novi
1296 3007 1489 3063 furoris
1535 3002 1804 3059 insultent.
1856 3001 1958 3053 Aut
2000 2997 2044 3051 si
2092 2996 2227 3050 male

658 3112 815 3177 facio,
837 3124 935 3181 per
953 3116 1096 3163 tuam
1118 3100 1538 3159 benevolentiam
1565 3098 1663 3152 ista
1688 3091 1995 3163 corrigenda
2017 3102 2224 3153 curare,

657 3202 735 3262 de‘
749 3179 1039 3259 menullus
1060 3201 1311 3266 queratur
1338 3190 1382 3245 si
1413 3189 1525 3243 haec
1552 3187 1627 3241 illi
1656 3184 1876 3255 perferri
1909 3182 1960 3236 in
1988 3179 2226 3235 notitiam

660 3299 766 3369 per'
782 3290 991 3348 codices
1018 3286 1252 3358 publicos
1281 3284 1484 3347 fecero,
1524 3278 1613 3349 qui
1651 3275 1781 3330 mihi
1818 3273 2030 3343 negari,
2061 3280 2118 3325 ut
2144 3284 2229 3323 ar-

659 3362 848 3451 bitror,
878 3383 933 3439 in
957 3381 1195 3437 Romana
1221 3373 1435 3431 civitate
1457 3368 1533 3443 (α)
1560 3384 1662 3424 non
1694 3372 1929 3438 possunt.
1956 3362 2085 3417 Nam
2110 3375 2230 3415 cum

663 3480 806 3537 Deus
832 3477 1057 3547 imperet
1082 3480 1141 3528 ut
1162 3471 1442 3539 loquamur
1466 3471 1520 3519 et
1544 3460 1893 3532 prmdicemus
1915 3454 2151 3519 verbum,
2178 3460 2233 3507 et

664 3546 919 3627 docentes
949 3579 1068 3636 qua:
1105 3576 1210 3618 non
1250 3564 1459 3628 oportet
1497 3552 1837 3616 refellamus,
1881 3556 1935 3602 et
1975 3546 2231 3601 instemus

661 3670 959 3738 opportune
994 3666 1153 3726 atque
1188 3653 1523 3722 importune,
1560 3646 1697 3701 sicut
1720 3640 1996 3698 dominicis
2023 3646 2078 3692 et
2100 3651 2229 3706 apo-

665 3728 869 3813 εῐᾰιιοιε
893 3749 1101 3807 Litteris
1127 3744 1294 3818 probo
1330 3741 1397 3814 (ιι
1424 3740 1553 3794 Tim.
1580 3753 1653 3804 ιν,
1680 3736 1736 3801 2,
1762 3742 1816 3790 et
1846 3732 1945 3788 Τίι.
1974 3747 2025 3796 ι,
2050 3728 2228 3801 9-ιι),

666 3844 841 3902 nullus
866 3840 1139 3897 hominum
1166 3834 1297 3891 mihi
1325 3831 1591 3888 silentium
1620 3828 1687 3883 dc
1716 3826 1799 3880 his
1832 3824 1990 3879 rebus
2018 3835 2232 3892 persua-

667 3936 895 3995 dendum
913 3931 1214 3988 arbitretur.
1232 3926 1502 3981 Violenter
1520 3931 1696 3977 autem
1721 3918 1801 3973 vel
1826 3915 2198 3971 latrocinanter
2210 3914 2230 3945 ¹

667 4028 715 4085 si
739 4024 868 4099 quid
892 4018 1190 4078 audendum
1216 4014 1534 4087 putaverint,
1566 4026 1673 4099 non
1701 4008 1871 4065 deerit
1893 4004 2139 4099 Dominus
2166 4001 2231 4099 ad

665 4091 912 4174 tuendam
944 4108 1234 4166 Ecclesiam
1268 4119 1455 4169 suam,
1501 4097 1593 4173 qui
1631 4098 1759 4172 jugo
1805 4110 1900 4152 suo
1940 4095 1992 4149 in
2032 4091 2234 4165 gremio

663 4206 779 4278 ejus
819 4211 931 4258 toto
967 4200 1097 4257 orbe
1132 4196 1321 4254 diffuso
1355 4193 1531 4250 omnia
1562 4201 1769 4247 terrena
1800 4201 1959 4257 regna
1989 4183 2230 4253 subjecit.

735 4298 792 4352 4.
820 4293 952 4350 Nam
974 4305 1095 4346 cum
1125 4288 1362 4344 ecclesia:
1387 4283 1598 4354 quidam
1628 4281 1847 4336 colonus
1875 4275 2031 4330 filiam
2061 4287 2231 4338 suam,

669 4401 790 4462 qua:
811 4381 951 4455 apud
979 4394 1078 4435 nos
1102 4376 1275 4432 fuerat
1297 4374 1695 4433 catechumena,
1723 4377 1777 4423 et
1799 4367 1865 4419 ab
1894 4365 1995 4419 illis
2020 4362 2234 4418 seducta

667 4452 751 4535 est
776 4452 955 4532 invitis
978 4468 1313 4542 pereuntibus,
1354 4471 1413 4518 ut
1450 4460 1522 4516 ibi
1553 4459 1815 4529 baptizata
1856 4454 2013 4509 etiam
2044 4452 2237 4506 sancti-

669 4567 913 4629 monialis
953 4564 1176 4620 formam
1216 4556 1540 4625 susciperet,
1587 4550 1654 4605 ad
1690 4545 2114 4604 communionem
2144 4558 2233 4598 ca-

669 4662 919 4720 tholicam
962 4664 1179 4729 paterna
1220 4649 1379 4704 vellet
1418 4642 1697 4701 severitate
1734 4652 2013 4702 revocare,
2057 4644 2111 4689 et
2138 4647 2261 4705 ego,

670 4752 921 4812 feminam
962 4724 1221 4813 corrupta:
1265 4736 1458 4794 mentis
1505 4733 1608 4788 nisi
1647 4731 1943 4792 volentem,
1983 4734 2037 4781 et
2072 4724 2237 4779 libero

672 4843 890 4904 arbitrio
930 4837 1153 4907 meliora
1192 4831 1509 4901 deligentem
1550 4822 1743 4893 suscipi
1786 4818 2106 4882 noluissem;
2147 4815 2238 4870 ille

673 4938 904 4997 rusticus
930 4934 1088 4989 etiam
1118 4926 1283 4999 plagis
1312 4923 1506 4977 instare
1530 4918 1723 4988 cmpit,
1753 4923 1810 4970 ut
1847 4913 1944 4968 sibi
1978 4912 2081 4966 filia
2106 4926 2236 4966 con-

672 5018 1095 5093 sentiret;un
1123 5016 1299 5072 statim
1326 5007 1631 5068 omnimodo
1672 5005 1783 5060 fieri
1825 5001 2067 5073 prohibui
2104 5018 2116 5053 :
2160 5008 2238 5055 ta-

674 5133 800 5177 men
833 5131 927 5188 per
953 5111 1272 5184 Spanianum
1307 5098 1702 5160 transeuntibus
1741 5095 1921 5162 nobis,
1965 5094 2237 5163 presbyter

669 5181 851 5283 ipsius
885 5181 1031 5260 stans
1070 5203 1124 5257 in
1166 5196 1343 5254 medio
1372 5191 1534 5250 fundo
1560 5186 1833 5245 catholicas
1870 5199 1933 5239 ac
1965 5181 2238 5238 laudabilis

700 5344 719 5376 ι
773 5341 978 5408 Sic_t.oy.
1020 5339 1073 5405 et
1114 5329 1339 5396 plerique
1356 5332 1464 5378 Mss.
1483 5329 1556 5376 At.
1579 5320 1689 5373 Bad.
1726 5324 1826 5368 Am.
1851 5323 1903 5367 et
1922 5321 1994 5365 Er.
2016 5315 2235 5378 habent,

666 5400 1106 5458 mcolonissuis,
1550 5444 1564 5458 ,

729 5439 1106 5524 mam
1300 5448 1375 5524 vel
1394 5444 1744 5524 latrocinantes.
1762 5447 1818 5491 At
1840 5448 1937 5489 Am.
1962 5439 2053 5488 Bad
2069 5446 2120 5489 et
2142 5445 2235 5501 Er.,

667 5511 1536 5579 ιίοιέἡεὲέὰιιιὰηυειιᾳζΐοείηωιιετ·
1744 5567 1754 5577 ,

731 5562 1085 5648 ῐᾶἱὲρῐῖὸῖθὲι
1093 5562 1348 5648 Haeme;
1714 5565 2021 5648 εἱιὶξιὶεῑξξεεεξι
2033 5562 2242 5648 ,ἵδρῑῖΡέ

750 5600 2026 5697 93382323éx‘zf‘RmEm‘gwssa

670 5685 1200 5761 33'ni.iiiie'r¥i¥eiiii,
1216 5685 1273 5750 c‘.’
1290 5696 1369 5747 ss.
1402 5707 1455 5745 ιι.
1487 5691 1603 5754 ist;
1629 5697 1681 5742 et
1701 5685 1882 5739 colonia
1908 5687 1956 5735 in
1980 5686 2063 5737 lib.
2089 5685 2149 5736 az
2178 5686 2243 5738 de

671 5769 767 5820 (iv.
795 5767 896 5825 Dei,
919 5778 962 5815 c.
985 5764 1031 5811 8.

1840 328 1898 393 S.
1937 320 2305 392 AUGUSTINI
2344 327 2641 388 EPISCOPI
3781 320 3869 379 138

2319 442 2549 505 femina),
2575 455 2703 495 voce
2728 437 3180 510 impudentissima
3200 440 3322 506 post
3344 446 3443 490 nos
3463 430 3725 497 clamavit,
3746 433 3869 504 quod

2318 534 2600 589 traditores
2627 542 2681 587 et
2706 539 3074 602 persecutores
3110 541 3380 593 essemus;
3419 525 3560 598 quod
3592 526 3868 582 convicium

2318 626 2476 679 etiam
2518 625 2571 679 in
2612 624 2753 678 illam
2791 622 3043 679 feminam
3076 619 3338 691 jaculatus
3363 627 3475 686 est,
3502 632 3619 688 quae
3656 631 3873 673 commu-

2319 715 2493 769 nionis
2537 722 2619 769 est
2667 722 2895 777 nostrae,
2942 710 2997 766 in
3041 708 3196 781 cujus
3244 706 3422 763 medio
3474 706 3639 762 fundo
3684 706 3869 773 stabat;

2319 806 2509 875 quibus
2548 804 2763 859 vocibus
2794 802 3016 869 auditis,
3056 814 3162 856 non
3204 798 3376 855 solum
3416 797 3677 868 meipsum
3721 811 3751 852 a
3794 797 3873 854 lite

2319 896 2610 961 refrenavi,
2638 894 2730 950 sed
2766 895 2926 951 etiam
2954 890 3349 947 multitudinem
3366 929 3382 955 ,
3412 902 3530 959 qua:
3553 902 3643 943 me
3671 888 3870 944 comita-

2319 989 2503 1054 batur,
2530 984 2849 1056 compescui.
2891 984 2960 1039 Et
2981 991 3159 1039 tamen
3184 982 3229 1037 si
3256 980 3429 1036 dicam
3450 1020 3465 1047 ,
3492 978 3773 1045 Quaeratur
3799 980 3871 1050 qui

2319 1082 2427 1137 sint
2464 1080 2546 1135 vel
2590 1079 2783 1135 fuerint
2813 1076 3095 1132 traditores
3122 1074 3204 1130 vel
3232 1081 3632 1144 persecutores;
3674 1085 3873 1142 respon-

2320 1171 2475 1228 detur
2506 1170 2633 1226 mihi
2663 1188 2677 1225 :
2709 1170 2988 1241 Disputare
3022 1167 3299 1234 uolumus,
3324 1171 3381 1220 et
3398 1161 3730 1233 rebaptizare
3750 1162 3875 1217 volu-

2321 1279 2458 1318 mus.
2480 1262 2589 1317 Nos
2608 1276 2736 1317 oves
2758 1268 2957 1317 vestras
2977 1257 3345 1313 insidiantibus
3363 1254 3627 1311 morsibus
3649 1254 3873 1325 luporum

2322 1371 2472 1411 more
2492 1354 2893 1426 deprazdemur;
2916 1366 3031 1416 vos,
3056 1350 3102 1405 si
3122 1349 3245 1405 boni
3267 1357 3508 1418 pastores
3525 1347 3681 1412 estis,
3706 1353 3871 1401 tacete.

2322 1445 2458 1511 Quid
2486 1445 2626 1500 cnim
2654 1444 2793 1499 aliud
2819 1432 3087 1498 mandavit
3113 1437 3523 1505 Proculeianus,
3554 1436 3599 1492 si
3630 1450 3757 1493 vere
3782 1434 3877 1506 ipse

2323 1536 2624 1593 mandavit?
2650 1536 2707 1593 Si
2735 1533 3062 1593 Christianus
3087 1547 3179 1601 es,
3219 1546 3370 1587 serva
3409 1532 3510 1586 hoc
3541 1528 3745 1599 judicio
3779 1528 3873 1593 Dei,

2324 1629 2425 1686 nisi
2470 1645 2566 1684 nos
2611 1628 2895 1692 faciamus,
2941 1634 2997 1681 tu
3038 1633 3170 1680 tace.
3217 1623 3392 1678 Ausus
3433 1629 3516 1678 est
3557 1622 3721 1676 etiam
3758 1619 3875 1676 idem

2327 1721 2607 1793 presbyter
2630 1718 2829 1775 homini
2861 1717 3127 1774 rusticano
3148 1714 3455 1773 conductori
3480 1712 3631 1771 fundi
3660 1713 3878 1770 ecclesiae

2325 1813 2655 1871 comminari.

2396 1909 2447 1963 5.
2483 1906 2605 1962 Haec
2630 1919 2841 1976 quoque
2869 1902 3043 1959 omnia
3070 1914 3165 1972 per
3187 1910 3267 1968 te,
3298 1912 3508 1971 quaeso,
3538 1898 3750 1955 noverit
3770 1896 3878 1953 Pro-

2326 1999 2628 2061 culeianus;
2684 2004 2926 2052 coerceat
2976 1993 3234 2049 insaniam
3283 1990 3596 2047 clericorum
3647 2003 3878 2054 suorum,

2327 2092 2489 2157 unde,
2522 2089 2844 2146 honorabilis
2868 2085 3086 2153 Eusebi,
3118 2100 3224 2140 non
3253 2084 3392 2155 apud
3421 2090 3473 2139 te
3503 2082 3662 2139 tacui.
3702 2081 3879 2155 Digna-

2326 2183 2469 2239 beris
2494 2183 2669 2252 itaque
2694 2195 2799 2236 non
2833 2178 2960 2250 quid
2998 2186 3057 2233 tu
3094 2176 3161 2233 de
3187 2175 3270 2233 his
3301 2175 3547 2232 omnibus
3572 2175 3803 2241 sentias,
3827 2188 3883 2231 ne

2329 2273 2423 2329 tibi
2448 2272 2723 2328 arbitreris
2750 2287 2779 2326 a
2807 2285 2892 2326 me
2912 2268 3105 2340 judicis
3127 2283 3263 2324 onus
3299 2266 3495 2337 imponi
3513 2307 3529 2332 ,
3554 2265 3649 2322 sed
3675 2264 3802 2337 quid
3822 2265 3883 2320 illi

2328 2366 2688 2436 respondeant
2720 2363 2850 2419 mihi
2878 2361 3189 2418 rescribere.
3217 2350 3573 2417 Misericordia
3598 2357 3693 2413 Dei
3738 2367 3788 2413 te
3815 2357 3883 2411 in-

2331 2457 2592 2512 columem
2635 2464 2874 2521 tueatur,
2921 2452 3133 2508 domine
3175 2451 3368 2508 eximie
3408 2458 3463 2507 et
3500 2449 3688 2506 merito
3734 2448 3862 2505 susci

2329 2547 2519 2619 piende
2547 2561 2609 2602 ac
2635 2544 2975 2601 dilectissime
3002 2542 3182 2597 frater.

2733 2675 3058 2734 EPISTOLA
3095 2674 3313 2730 xxxv:
3350 2678 3368 2699 δ
3405 2671 3505 2747 (a).

2334 2812 2643 2884 Augustinus
2671 2809 2920 2865 Casulano
2946 2807 3226 2880 presbytero
3247 2848 3261 2872 ,
3306 2805 3539 2877 refellens
3588 2803 3797 2872 Urbici,
3842 2803 3886 2856 id

2402 2913 2474 2958 est
2497 2902 2760 2974 cujusdam
2776 2918 2803 2955 e
2831 2898 3062 2953 Romana
3088 2898 3222 2963 urbe,
3246 2896 3640 2951 dissertationem
3665 2912 3762 2966 pro
3787 2896 3887 2952 sab-

2404 2992 2505 3046 bati
2513 2992 2730 3063 jejunio,
2764 2991 3001 3061 scriptam
3033 3004 3270 3060 perquam
3290 2986 3674 3058 imperitissime.

2336 3127 2686 3184 Dilectissimo
2706 3135 2759 3182 et
2782 3123 3268 3181 desiderantissime
3296 3121 3445 3177 fratri
3475 3130 3529 3176 et
3559 3118 3888 3190 compresby-

2407 3227 2520 3273 tero
2539 3219 2835 3283 CASULANO,
2858 3216 3193 3271 Auousrmus
3217 3254 3231 3279 ,
3261 3214 3312 3268 in
3333 3213 3554 3268 Domino
3578 3212 3825 3268 salutem.

2404 3332 2628 3389 CAPUT
2668 3332 2945 3388 PRIMUM.
2964 3360 3035 3372 —
3056 3331 3106 3385 l.
3146 3329 3333 3385 Nescio
3354 3328 3493 3383 unde
3512 3326 3581 3382 sit
3604 3325 3818 3390 factum,
3843 3334 3889 3378 ut

2336 3424 2519 3496 primis
2533 3424 2635 3479 tuis
2652 3423 2838 3479 litteris
2851 3437 2995 3478 meas
3016 3436 3118 3476 non
3137 3419 3444 3475 redderem:
3464 3433 3569 3472 non
3588 3427 3762 3472 tamen
3772 3431 3887 3471 con-

2337 3522 2539 3585 tempta
2569 3513 2619 3569 id
2645 3529 2729 3569 me
2762 3513 2948 3569 fecisse
2972 3513 3101 3567 scio.
3133 3510 3263 3567 Nam
3289 3517 3343 3565 et
3368 3508 3556 3565 studiis
3581 3509 3683 3563 tuis
3707 3517 3763 3563 et
3788 3508 3891 3576 ipso

2336 3622 2581 3663 sermone
2629 3606 2894 3673 delector,
2936 3614 3093 3675 teque
3118 3604 3168 3658 in
3198 3603 3295 3658 ista
3324 3609 3479 3657 aetate
3498 3599 3716 3670 juvenili
3744 3599 3890 3669 proﬁ-

2336 3714 2458 3754 cere
2484 3698 2535 3752 in
2558 3696 2718 3752 verbo
2758 3696 2849 3751 Dei
2892 3703 2944 3750 et
2985 3693 3253 3749 abundare
3273 3690 3339 3746 ad
3368 3689 3767 3745 aedificationem
3796 3688 3888 3743 Ec-

2336 3790 2539 3856 clesiae,
2569 3798 2624 3843 et
2646 3796 2771 3859 opto
2797 3795 2849 3841 et
2877 3784 3145 3841 exhortor.
3193 3783 3344 3839 Nunc
3383 3796 3513 3836 vero
3556 3779 3770 3850 scriptis
3796 3777 3890 3832 tuis

2337 3882 2516 3937 alteris
2541 3880 2785 3950 sumptis,
2816 3877 3005 3948 quibus
3025 3876 3121 3932 tibi
3141 3875 3352 3931 tandem
3376 3871 3658 3943 aliquando
3682 3885 3889 3940 respon-

2337 3974 2585 4043 derijurc
2610 3970 2883 4027 charitatis
2902 4011 2916 4037 ,
2948 3970 3000 4025 in
3028 3984 3129 4040 qua
3159 3983 3317 4022 unum
3344 3980 3558 4029 sumus,
3591 3962 3819 4018 fraterno
3844 3965 3891 4014 et

2339 4064 2640 4135 aequissimo
2667 4062 2870 4132 ﬂagitas
2888 4101 2903 4126 ,
2932 4058 3274 4115 differendum
3304 4066 3408 4112 tua:
3435 4053 3734 4110 dilectionis
3759 4052 3888 4107 ulte-

2338 4157 2451 4211 rius
2489 4152 2811 4209 desiderium
2842 4166 2946 4207 non
2976 4149 3182 4220 putavi,
3213 4156 3268 4203 et
3295 4148 3432 4202 inter
3458 4145 3778 4201 arctissimas
3803 4155 3889 4197 oc—

2339 4247 2646 4318 cupationes
2686 4258 2835 4300 meas
2871 4242 3073 4312 suscepi
3103 4241 3205 4295 isto
3230 4254 3314 4295 me
3342 4238 3520 4293 debito
3543 4235 3681 4307 apud
3717 4245 3766 4291 te
3800 4233 3889 4288 ab-

2339 4340 2549 4396 solvere
2579 4340 2618 4390 ί.

2409 4429 2464 4483 2.
2504 4426 2656 4494 Quod
2693 4440 2821 4497 ergo
2858 4439 2943 4481 me
2969 4422 3231 4488 consulis,
3274 4428 3447 4476 utrum
3490 4418 3644 4475 liceat
3682 4414 3891 4473 sabbato

2336 4522 2576 4592 jejunare
2603 4535 2617 4571 :
2654 4514 2951 4587 respondeo
2971 4556 2987 4583 ,
3013 4515 3057 4569 si
3087 4512 3233 4568 nullo
3260 4509 3419 4566 modo
3440 4510 3642 4576 liceret,
3668 4505 3893 4578 profecto

2342 4610 2683 4682 quadraginta
2711 4606 2988 4662 continuos
3029 4603 3144 4658 dies
3186 4616 3284 4657 nec
3322 4599 3528 4670 Moyses
3550 4639 3566 4665 ,
3596 4611 3693 4654 nec
3719 4595 3888 4657 Elias,

2342 4718 2442 4757 nec
2470 4701 2582 4771 ipse
2602 4698 2855 4754 Dominus
2878 4695 3185 4765 jejunasset.
3213 4691 3408 4747 Verum
3435 4688 3532 4743 ista
3555 4687 3752 4743 ratione
3772 4698 3893 4739 con-

2340 4791 2588 4857 cluditur,
2618 4790 2775 4844 etiam
2803 4785 3065 4841 dominico
3102 4782 3190 4839 die
3220 4797 3325 4838 non
3365 4780 3603 4836 illicitum
3631 4792 3745 4833 esse
3762 4773 3893 4843 jeju-

2341 4882 2507 4937 nium.
2538 4879 2605 4935 Et
2632 4876 2868 4949 quisquis
2905 4883 3083 4929 tamen
3118 4872 3259 4927 hunc
3301 4870 3440 4926 diem
3478 4867 3678 4939 jejunio
3719 4863 3893 4920 decer-

2341 4974 2570 5031 nendum
2611 4967 2906 5041 putaverit,
2952 4966 3088 5021 sicut
3128 4963 3339 5035 quidam
3376 4960 3675 5031 jejunantes
3710 4953 3893 5011 sabba-

2345 5076 2454 5121 tum
2483 5063 2800 5126 observant,
2840 5073 2942 5114 non
2983 5070 3146 5127 parvo
3185 5051 3432 5109 scandalo
3472 5050 3575 5106 erit
3611 5043 3855 5105 Ecclesiae
3878 5083 3891 5105 ,

2342 5172 2444 5213 nec
2470 5154 2751 5210 immerito.
2774 5150 2831 5205 ln
2860 5150 2942 5206 his
2971 5148 3111 5206 enim
3137 5146 3295 5202 rebus
3319 5143 3388 5200 de
3408 5142 3597 5214 quibus
3625 5138 3749 5196 nihil
3766 5133 3893 5190 certi

2343 5247 2529 5303 statuit
2551 5244 2821 5314 Scriptura
2842 5241 3017 5297 divina
3032 5281 3047 5305 ,
3073 5254 3187 5294 mos
3208 5236 3385 5308 populi
3412 5235 3535 5301 Dei,
3560 5234 3643 5290 vel
3668 5229 3895 5287 instituta

2343 5340 2607 5410 majorum
2638 5350 2735 5407 pro
2764 5335 2878 5405 lege
2905 5331 3126 5388 tenenda
3155 5338 3296 5385 sunt.
3338 5329 3414 5384 De
3438 5326 3629 5398 quibus
3650 5326 3692 5381 si
3718 5322 3893 5390 dispu-

2350 5461 2362 5475 Ι
2407 5495 2425 5528 ι
2450 5460 2598 5543 vatio.
2620 5497 2740 5549 tres,
2766 5483 3025 5549 exsolvere.
3046 5482 3149 5549 alii,
3174 5480 3429 5534 absolvere.

2405 5540 3042 5615 “castigataestadbl.cb.
3068 5540 3309 5608 ff.'gg.m.
3332 5556 3424 5592 rm.
3454 5546 3746 5606 mquam
3767 5546 3807 5582 v.
3846 5540 3898 5586 et

2343 5614 2984 5784 ἒὲῖλέἓὲἓὲὲεένθω
3004 5668 3066 5719 36
3088 5674 3210 5728 erat,
3234 5679 3362 5718 nunc
3381 5665 3459 5717 32.
3483 5664 3661 5729 Scripta
3678 5660 3791 5714 forte
3813 5670 3896 5709 an.

2344 5774 2359 5784 .
2485 5755 2517 5784 ll
2651 5770 2664 5784 .
2784 5770 2794 5781 .

2344 5739 2439 5796 596
2455 5739 2539 5792 aut
2560 5739 2664 5788 init.
2687 5739 2794 5784 397.
