4054 6388
185 364 270 421 157
1305 353 1710 412 EPISTULARI

1818 352 2092 412 CL-ASSIS
2122 357 2186 412 ll.

178 490 275 534 tare
315 470 660 535 voluerimus,
712 478 762 524 et
804 484 867 525 ex
911 469 1131 522 aliorum
1175 468 1555 523 consuetudine
1583 468 1713 522 alios

166 566 468 637 improbare,
510 560 722 617 orietur
749 560 1082 615 interminata
1114 558 1361 626 luctatio,
1388 575 1505 628 qua:
1534 558 1714 613 labore

168 655 583 717 sermocinationis
616 669 754 709 cum
790 661 934 709 certa
961 652 1276 708 documenta
1306 653 1449 707 nulla
1476 653 1712 708 veritatis

174 752 405 814 insinuet,
445 746 623 816 utique
662 745 963 801 cavendum
992 753 1103 811 est,
1147 760 1214 799 ne
1240 753 1552 813 tempestate
1579 760 1711 799 con-

181 842 397 900 tentionis
420 839 760 895 serenitatem
784 836 1058 892 charitatis
1086 836 1377 892 obnubilet.
1404 838 1555 905 Quod
1580 838 1713 908 peri-

181 935 325 990 culum
352 933 511 987 vitare
551 930 819 1002 neglexit,
850 929 1001 1000 cujus
1024 929 1153 984 mihi
1184 931 1444 1000 prolixam
1470 930 1711 1000 disputa-

179 1029 341 1083 tionem
360 1068 375 1091 ,
399 1033 456 1080 ut
478 1024 524 1079 ei
552 1022 964 1095 responderem,
993 1038 1113 1078 cum
1145 1023 1247 1078 tuis
1272 1022 1537 1092 prioribus
1565 1022 1709 1078 litte—

182 1118 243 1173 ris
260 1114 544 1173 existimasti
571 1129 689 1169 esse
717 1113 1048 1168 mittendam.

237 1208 436 1267 CAPUT
464 1206 655 1263 ll.—3.
686 1206 799 1262 Non
836 1215 1013 1261 autem
1041 1221 1209 1277 usque
1230 1206 1364 1261 adeo
1390 1206 1515 1261 mihi
1542 1207 1708 1275 spatia

182 1309 435 1371 tempordm
470 1300 610 1369 larga
646 1307 799 1364 sunt,
834 1306 890 1352 ut
918 1313 979 1353 ea
1006 1297 1315 1354 refellendis
1338 1298 1557 1367 singulis
1581 1312 1707 1351 sen-

182 1391 332 1447 tentiis
360 1390 463 1461 ejus
490 1389 791 1459 impendam
813 1431 827 1451 ,
858 1406 976 1459 quae
1006 1389 1124 1443 aliis
1153 1388 1402 1458 operibus
1427 1389 1591 1458 magis
1622 1404 1710 1443 ur-

179 1485 387 1553 gentibus
411 1484 728 1553 explicandis
761 1483 930 1538 habeo
954 1484 1274 1538 necessaria.
1307 1482 1413 1539 Sed
1437 1497 1503 1538 eo
1526 1498 1631 1552 quo
1659 1491 1708 1537 te

182 1574 293 1629 mihi
316 1574 359 1628 in
385 1574 470 1629 tuis
497 1573 736 1643 epistolis
761 1574 996 1629 ostendis
1021 1574 1232 1644 ingenio
1251 1615 1264 1639 ,
1293 1575 1432 1645 quod
1460 1576 1510 1629 in
1538 1585 1588 1630 te
1613 1575 1709 1630 do-

180 1682 285 1720 num
310 1666 388 1722 Dei
406 1665 684 1721 admodum
709 1666 874 1736 diligo
892 1706 908 1731 ,
938 1666 1182 1722 eumdem
1205 1682 1505 1722 sermonem
1532 1667 1708 1737 cujus-

176 1756 309 1823 dam,
339 1766 390 1813 ut
411 1758 625 1825 scribis,
670 1758 849 1815 Urbici
890 1760 1001 1832 (a),
1048 1760 1207 1829 paulo
1250 1759 1549 1831 diligentius
1595 1761 1707 1830 ipse

173 1852 442 1917 considera,
485 1863 537 1908 et
577 1853 786 1908 videbis
829 1869 951 1908 eum
997 1868 1134 1923 pene
1181 1853 1483 1908 universam
1524 1854 1709 1908 Eccle-

172 1944 279 1999 siam
304 1944 514 2013 Christi,
540 1946 607 2002 ab
632 1955 755 2001 ortu
782 1946 909 2002 solis
940 1962 1108 2017 usque
1135 1946 1199 2002 ad
1220 1962 1465 2002 occasum
1486 1988 1500 2011 ,
1529 1946 1706 2001 verbis

172 2036 542 2105 injurinsissimis
598 2053 938 2109 nequaquam
998 2038 1235 2093 lacerare
1287 2038 1542 2093 timuisse.
1599 2037 1707 2092 Nec

170 2125 357 2183 dixerim
385 2143 513 2199 pene
543 2131 849 2183 universam
871 2170 885 2194 ,
918 2128 1011 2184 sed
1041 2128 1195 2197 plane
1222 2130 1543 2183 universam.
1574 2126 1706 2181 Nam

171 2233 311 2288 neque
346 2220 464 2289 ipsis
482 2262 496 2286 ,
533 2236 769 2292 quorum
795 2219 1233 2275 consuetudinem
1261 2219 1359 2274 sibi
1383 2219 1591 2274 videtur
1614 2218 1707 2274 de-

168 2308 345 2365 fendere
362 2352 374 2376 ,
399 2311 668 2367 invenitur
689 2313 991 2383 pepercisse
1011 2311 1296 2375 Romanis;
1326 2309 1418 2364 sed
1443 2308 1707 2379 quomodo

171 2400 216 2454 in
251 2416 332 2457 eos
372 2418 569 2474 quoque
610 2404 871 2459 redundet
914 2403 1273 2459 conviciorum
1323 2401 1437 2470 ejus
1482 2401 1708 2471 impetus

175 2492 343 2559 nescit,
365 2494 609 2564 quoniam
632 2510 740 2549 non
761 2494 1007 2550 advertit.
1034 2493 1165 2549 Nam
1186 2509 1306 2549 cum
1328 2493 1375 2547 ei
1398 2501 1707 2561 argumenta

174 2582 413 2652 deﬁciunt,
466 2587 669 2657 quibus
716 2588 903 2657 probet
951 2586 1172 2642 sabbato
1216 2584 1603 2656 jejunandum,
1653 2585 1707 2638 in

171 2674 367 2732 luxurias
403 2680 681 2749 epularum
706 2691 760 2734 et
787 2678 1072 2734 temulenta
1103 2678 1341 2732 convivia
1369 2684 1423 2731 et
1446 2675 1708 2747 nequissi-

171 2781 266 2822 mas
289 2768 544 2827 ebrietates
570 2770 986 2825 insultabundus
1006 2769 1290 2834 invehitur,
1322 2769 1469 2838 quasi
1501 2782 1607 2821 non
1630 2765 1709 2835 je-

170 2857 352 2927 junare,
380 2862 473 2917 hoc
499 2863 575 2918 sit
606 2862 875 2917 inebriari.
903 2860 1053 2928 Quod
1086 2860 1131 2916 si
1162 2858 1264 2915 hoc
1293 2866 1404 2923 est,
1434 2857 1558 2928 quid
1583 2872 1710 2927 ergo

171 2951 349 3019 prodest
386 2953 642 3010 Romanis
698 2953 917 3008 sabbato
962 2951 1239 3023 jejuuare?
1285 2947 1710 3021 quandoquidem

170 3044 263 3099 aliis
295 3046 463 3104 diebus
500 3050 704 3120 quibus
751 3064 854 3102 non
897 3047 1175 3116 jejuuaut,
1225 3060 1442 3100 necesse
1473 3052 1553 3097 est
1580 3056 1703 3108 eos,

170 3138 414 3194 secundum
440 3140 857 3210 disputationem
886 3139 1044 3209 hujus
1063 3181 1077 3206 ,
1106 3138 1343 3193 ebriosos
1366 3147 1412 3191 et
1443 3136 1709 3191 ventricu-

170 3228 232 3284 las
248 3232 469 3301 iudicari.
496 3234 675 3290 Porro
699 3277 713 3300 ,
742 3234 787 3287 si
813 3232 956 3287 aliud
985 3241 1065 3288 est
1089 3246 1308 3303 gravare
1336 3230 1492 3285 corda
1522 3231 1572 3284 in
1597 3244 1712 3284 cra-

169 3321 269 3388 pula
292 3333 341 3379 et.
362 3324 618 3380 ebrietate
636 3364 652 3389 ,
680 3323 820 3393 quod
854 3338 1065 3393 semper
1092 3331 1176 3377 est
1201 3322 1397 3375 malttm
1420 3362 1434 3387 ,
1465 3320 1605 3374 aliud
1632 3328 1714 3374 est

173 3422 316 3468 autem
342 3415 599 3473 modestia
628 3426 682 3471 et
707 3417 1058 3486 temperantia
1084 3414 1343 3470 custodita
1366 3414 1603 3468 relaxare
1624 3413 1709 3482 je-

168 3503 335 3572 iunium
354 3548 367 3573 ,
395 3509 536 3579 quod
567 3517 717 3563 certe
751 3523 871 3564 cum
896 3505 953 3561 ﬁt
970 3506 1055 3561 die
1080 3506 1347 3561 dominico
1371 3547 1385 3571 ,
1415 3503 1709 3573 reprehen-

172 3610 312 3652 sorem
337 3616 432 3655 nou
457 3602 624 3656 habet
655 3599 1035 3663 christianum;
1069 3596 1283 3668 prandia
1324 3596 1469 3664 prius
1502 3604 1712 3650 sancto-

171 3706 264 3744 rum
283 3709 307 3745 a
329 3694 617 3749 voracitate
643 3705 695 3748 et
720 3693 1027 3748 ebriositate
1054 3690 1461 3745 ventricolarum
1489 3689 1589 3743 iste
1604 3688 1712 3742 dis-

174 3790 354 3849 cernat,
376 3799 440 3840 ne
468 3784 748 3839 Romanos
774 3783 917 3853 ipsos
943 3782 1156 3853 quando
1183 3796 1288 3836 non
1317 3781 1560 3850 jejunant
1585 3795 1711 3834 ven-

174 3872 351 3930 tricolas
387 3876 582 3941 faciat,
639 3884 694 3930 et
734 3884 857 3929 tunc
887 3873 1149 3943 inquirat,
1196 3888 1302 3926 non
1344 3880 1516 3925 utrum
1558 3871 1713 3925 liceat

174 3965 384 4023 inebriari
415 3970 675 4034 sabbato,
719 3967 859 4038 quod
898 3982 997 4022 nec
1034 3966 1119 4021 die
1143 3965 1410 4020 dominico
1431 3966 1583 4029 licet;
1617 3963 1710 4019 sed

173 4066 321 4113 utrum
360 4075 453 4117 nec
498 4060 718 4115 sabbato
757 4057 1099 4129 jejunandum
1149 4056 1235 4124 sit,
1281 4057 1416 4111 sicut
1448 4054 1711 4109 dominico

173 4162 258 4202 non
278 4152 418 4206 solet.

229 4240 276 4294 4.
310 4241 449 4310 Quod
490 4242 692 4297 utinam
722 4241 799 4296 sic
824 4248 1118 4311 quaereret,
1159 4246 1249 4292 aut
1281 4237 1359 4292 sie
1384 4237 1670 4290 afﬁrmaret
1692 4276 1706 4301 ,

178 4338 225 4383 ut
244 4339 340 4388 toto
360 4342 617 4390 terrarum
644 4333 774 4388 orbe
799 4331 1041 4386 diﬁ'usam
1060 4372 1073 4396 ,
1115 4329 1349 4399 exceptis
1382 4327 1634 4382 Romanis
1659 4334 1712 4381 et

178 4420 325 4479 adhuc
356 4426 531 4495 paucis
568 4422 1032 4487 Occidentalibus,
1072 4419 1404 4490 apertissime
1450 4433 1555 4472 non
1598 4417 1709 4473 bla-

178 4512 439 4583 sphemaret
458 4517 775 4574 Ecclesium.
800 4514 951 4570 Nunc
970 4529 1096 4569 vero
1120 4513 1236 4584 quis
1260 4512 1391 4567 ferat
1413 4527 1508 4582 per
1528 4524 1712 4565 omnes

178 4606 446 4677 orientales,
471 4618 525 4666 et
548 4608 745 4664 multos
768 4607 927 4663 etiam
955 4603 1308 4660 occidentales
1336 4603 1556 4674 populos
1582 4601 1715 4657 chri-

178 4698 347 4755 stianos
369 4699 433 4756 de
456 4708 536 4755 tot
560 4699 822 4769 tantisque
844 4697 1053 4752 famulis
1073 4694 1474 4765 famulubusque
1496 4694 1709 4759 Christi,

180 4789 367 4848 sabbato
389 4793 564 4850 sobrie
589 4792 930 4861 modesteque
951 4789 1329 4860 prandentibus
1348 4830 1362 4856 ,
1389 4788 1455 4843 ab
1485 4788 1584 4843 isto
1609 4786 1713 4842 dici

181 4883 296 4950 quod
320 4884 368 4940 in
395 4901 549 4941 carne
576 4886 717 4953 sint,
765 4892 819 4939 et
856 4884 966 4939 Deo
1006 4883 1213 4954 placere
1250 4897 1355 4936 non
1397 4882 1631 4950 possint,
1662 4886 1717 4935 et

183 4975 299 5042 quod
339 4977 402 5033 de
440 4979 538 5033 illis
578 4978 649 5033 sit
685 4977 939 5047 scriptum
967 5017 981 5042 ,
1031 4974 1290 5030 Recedant
1332 4974 1491 5043 iniqui
1536 4989 1567 5026 a
1613 4973 1711 5039 me,

183 5064 637 5125 rianieorumuosse
674 5068 822 5131 nolo;
846 5077 899 5123 et
942 5065 1083 5137 quod
1124 5066 1231 5121 sint
1273 5064 1594 5131 ventricolte,
1624 5063 1710 5119 Ju-

185 5152 324 5211 dtram
343 5159 585 5217 Ecclesiae
608 5167 975 5231 prmponentes
992 5201 1006 5225 ,
1030 5166 1083 5213 et
1105 5158 1309 5213 ancillae
1331 5158 1501 5223 ﬁlios;
1530 5166 1583 5211 et
1604 5157 1717 5226 lege

183 5259 270 5299 non
290 5248 447 5319 justa,
481 5252 575 5308 sed
616 5250 907 5321 voluptaria
930 5291 944 5314 ,
991 5250 1330 5305 consulentes
1362 5247 1566 5315 ventri,
1611 5264 1716 5303 non

184 5335 438 5411 disciplina:
461 5344 902 5409 succumbentes;
927 5351 985 5398 et
1012 5342 1153 5412 quod
1179 5356 1304 5397 caro
1330 5342 1468 5407 sint,
1499 5351 1552 5397 et
1577 5357 1719 5395 mor-

186 5436 271 5484 lem
308 5435 537 5505 sapiant,
582 5445 637 5491 et
677 5445 873 5491 caetera
909 5433 1211 5505 hujusmodi
1238 5450 1251 5488 :
1278 5448 1395 5504 quae
1434 5434 1479 5487 si
1516 5432 1583 5488 de
1614 5446 1719 5488 uno

228 5626 290 5705 ίίὲ)
299 5637 569 5705 cpnomen
588 5636 889 5705 inditum
911 5637 972 5686 ab
986 5636 1109 5705 urbe
1134 5644 1289 5686 Roma.
1308 5636 1424 5705 Hinc
1445 5634 1721 5705 zephirinm}

182 5696 353 5769 me!)
368 5696 535 5761 citato
556 5700 605 5748 in
629 5697 715 5748 lib.
744 5700 790 5769 t,
807 5699 883 5769 uti
909 5706 960 5748 et
981 5699 1171 5769 siricius
1194 5711 1220 5747 a
1246 5696 1670 5769 t‘aulinojn’epnist.
1694 5698 1715 5746 1

184 5752 233 5821 19
490 5771 687 5811 vocatur
711 5752 923 5819 t‘rliicus,
942 5770 992 5811 et
1016 5762 1063 5810 in
1080 5768 1217 5810 Cone.
1244 5759 1418 5808 Arelat.
1440 5760 1458 5808 1
1483 5758 1546 5808 de
1563 5752 1722 5810 diaco—

185 5819 248 5863 ωδ
264 5819 423 5872 urbicis
442 5819 618 5887 agitur,
646 5824 690 5873 id
717 5831 792 5873 est
816 5824 1043 5872 Romanis.

426 5905 648 5968 Sacr.
702 5907 969 5970 Aususr.
1006 5906 1059 5965 ll

3300 367 3403 428 138

1822 470 2070 539 quopiam
2092 470 2184 525 Dei
2213 470 2411 527 famulo
2437 472 2639 530 diceret
2662 517 2676 542 ,
2712 476 2830 547 quis
2876 493 2997 534 eum
3036 459 3253 550 audire,
3284 488 3403 555 quis

1823 577 1928 617 non
1955 563 2190 619 devitarc
2216 565 2477 622 deberet?
2505 567 2641 623 Cum
2660 584 2788 624 vero
2814 570 2896 626 his
2916 574 3213 643 approbriis
3240 586 3405 647 atque

1821 653 2118 710 maledictis
2162 657 2453 713 insectatur
2502 659 2795 716 Ecclesiam
2823 678 2918 733 per
2944 673 3109 720 totum
3142 669 3397 724 mundum

1821 743 2226 801 fructiﬁcantem
2270 758 2428 819 atque
2469 760 2795 807 crescentem
2823 764 2878 809 et
2905 756 2991 810 die
3027 757 3230 811 sabbati
3268 775 3402 828 pene

1818 835 2013 904 ubique
2061 838 2406 909 prandentem
2433 883 2446 907 ,
2492 840 2755 898 admoneo
2792 847 3032 916 quisquis
3057 857 3167 914 est,
3198 857 3255 903 ut
3279 864 3401 907 sese

1819 927 2079 983 cohibeat.
2109 930 2239 984 Nam
2263 933 2415 1001 cujus
2435 949 2519 988 me
2540 948 2735 989 nomen
2756 937 3001 1004 ignorare
3023 939 3253 1007 voluisti,
3278 958 3401 1011 pros-

1820 1015 1960 1072 fecto
1989 1018 2054 1073 de
2084 1020 2175 1074 illo
2196 1036 2281 1075 me
2302 1022 2540 1091 judicare
2566 1026 2800 1081 noluisti.

1890 1108 2116 1166 CAPUT
2144 1111 2303 1165 lll.—-
2319 1115 2371 1169 5.
2400 1114 2566 1170 Filius
2587 1118 2832 1187 hominis,
2858 1121 3047 1192 inquit,
3070 1125 3262 1179 sabbati
3290 1126 3398 1182 Da-

1818 1202 1984 1255 minus
2019 1213 2091 1256 est
2116 1219 2133 1256 :
2159 1204 2211 1258 in
2241 1221 2346 1275 quo
2376 1208 2609 1265 maxime
2629 1250 2643 1275 ,
2675 1210 2812 1266 bene
2832 1254 2846 1278 ,
2874 1228 3030 1282 quam
3060 1216 3198 1271 male
3218 1217 3397 1274 facere

1814 1289 1939 1346 licet
1962 1292 2173 1361 (Matth.
2198 1311 2295 1362 xu,
2324 1296 2502 1369 8-12).
2532 1299 2585 1353 Si
2607 1314 2734 1370 ergo
2755 1302 2894 1356 male
2914 1302 3154 1371 facimus,
3181 1309 3396 1376 quando

1816 1382 2174 1452 prandemus;
2220 1386 2363 1439 nullo
2393 1386 2477 1442 die
2506 1387 2774 1444 dominico
2802 1391 2939 1446 bene
2968 1393 3214 1449 vivimus.
3240 1396 3393 1463 Quod

1814 1483 1992 1528 autem
2018 1474 2211 1529 fatetur
2231 1478 2516 1545 Apostolus
2531 1479 2753 1535 sabbato
2772 1482 3145 1549 manducasse,
3171 1494 3225 1540 et
3242 1485 3391 1554 dicit,

1814 1572 1874 1617 ut
1899 1573 2023 1619 tunc
2038 1566 2369 1635 jejunaretur
2390 1571 2640 1639 temporis
2660 1587 2767 1626 non
2793 1572 2958 1631 fuisse
2976 1616 2989 1638 ,
3015 1586 3232 1647 prepter
3252 1580 3395 1648 quod

1814 1657 1888 1710 ait
1914 1657 2167 1713 Dominus
2190 1702 2202 1724 ,
2244 1659 2450 1715 Venieut
2478 1663 2583 1717 dies
2609 1673 2661 1716 ut
2681 1669 2945 1735 auferatur
2965 1684 3178 1738 sponsus
3207 1670 3269 1723 ab
3290 1672 3391 1737 eis,

1814 1755 1859 1799 et
1885 1758 2003 1802 tunc
2018 1750 2324 1819 jejunabunt
2354 1752 2450 1821 ﬁlii
2474 1756 2646 1823 sponsi
2666 1754 2775 1825 (Id.
2805 1773 2879 1825 ix,
2907 1757 3015 1827 15),
3040 1761 3161 1829 quia
3185 1770 3395 1832 tempus

1812 1840 2021 1907 gaudii,
2068 1849 2118 1895 et
2163 1850 2370 1911 tempus
2406 1852 2489 1899 est
2527 1846 2697 1901 luctus
2727 1846 2919 1919 (Eccle.
2949 1865 3026 1915 ut,
3058 1848 3132 1923 4),
3166 1854 3395 1921 primum

1813 1931 2088 1986 attendere
2115 1932 2331 1999 debuit,
2364 1936 2506 2006 quod
2535 1937 2641 1991 illic
2665 1938 2920 1993 Dominus
2940 1940 3255 2010 dejejunio,
3289 1960 3399 2001 non
3458 1950 3472 1963 '

1811 2022 1879 2077 de
1907 2024 2109 2079 sabbati
2130 2025 2330 2095 jejunio
2358 2028 2690 2099 loquebatur.
2730 2031 2930 2086 Deinde
2954 2047 3073 2087 eum
3102 2035 3215 2089 vult
3241 2036 3396 2092 intel-

1813 2114 1902 2185 ligi
1922 2116 2121 2171 luctum
2149 2117 2350 2187 jejunio
2371 2161 2384 2183 ,
2429 2119 2549 2175 cibo
2587 2121 2834 2191 gaudium
2871 2123 3231 2193 deputandum
3252 2168 3266 2192 ,
3298 2142 3397 2181 cur

1813 2222 1919 2261 non
1950 2209 2178 2278 cogitat,
2221 2210 2475 2281 quidquid
2506 2220 2588 2266 est
2616 2213 2743 2268 illud
2770 2214 2912 2285 quod
2933 2215 3231 2286 signiﬁcare
3255 2216 3395 2273 Deus

1813 2300 1978 2355 voluit
2004 2301 2057 2355 in
2088 2316 2153 2357 eo
2183 2302 2322 2372 quod
2353 2304 2718 2373 seriptnmest
2738 2347 2750 2368 ,
2791 2322 2911 2361 eum
2942 2306 3028 2362 die
3057 2309 3282 2378 septimo
3306 2325 3396 2364 re-

1814 2392 2079 2461 quievisse
2116 2393 2184 2448 ab
2224 2394 2470 2450 omnibus
2499 2396 2750 2465 operibus
2776 2398 2886 2453 suis
2909 2398 3058 2469 (Gen.
3090 2416 3145 2467 u,
3174 2400 3252 2471 ἓ),
3291 2418 3397 2457 non

1814 2481 1885 2536 ibi
1930 2484 2127 2538 luctum
2173 2484 2523 2555 signiﬁcatum
2568 2486 2769 2553 fuisse,
2819 2489 2914 2545 sed
2957 2491 3248 2559 gaudium?
3286 2493 3401 2548 Nisi

1814 2574 1950 2632 forte
1990 2578 2229 2633 dicturus
2273 2588 2388 2645 est,
2432 2581 2482 2634 in
2525 2582 2611 2635 illa
2647 2583 2830 2653 requie
2874 2583 2967 2637 Dei
3006 2594 3060 2637 et
3097 2586 3399 2641 sanctiﬁca-

1816 2669 1961 2725 tione
2015 2671 2219 2725 sabbati
2276 2672 2525 2741 gaudium
2575 2673 2809 2741 Iudaeis,
2874 2675 3072 2730 luctum
3130 2677 3396 2747 signiﬁca-

1817 2771 1927 2817 tum
1964 2778 2080 2818 esse
2105 2762 2437 2819 Christianis.
2488 2765 2553 2819 Et
2594 2774 2769 2820 tamen
2812 2781 2913 2821 nec
2953 2767 3164 2836 quando
3204 2771 3399 2824 sancti-

1818 2854 1995 2910 ficavit
2037 2854 2177 2909 Deus
2219 2854 2359 2910 diem
2399 2855 2681 2925 septimum
2706 2899 2719 2922 ,
2771 2858 2892 2927 quia
2943 2857 2997 2912 in
3039 2859 3129 2913 illo
3181 2862 3393 2931 requie-

1816 2943 1892 2996 vit
1924 2943 1992 2998 ab
2025 2944 2271 2999 omnibus
2307 2944 2557 3014 operibus
2586 2947 2696 3000 suis
2716 2987 2731 3011 ε
2766 2946 2963 3017 aliquid
2993 2947 3060 3002 de
3083 2948 3285 3017 jejunio
3311 2952 3394 3005 vel

1817 3036 2040 3105 prandio
2087 3036 2290 3091 sabbati
2338 3038 2629 3107 expressit;
2681 3054 2779 3093 nec
2814 3054 2935 3093 eum
2974 3050 3156 3109 postea
3198 3043 3399 3111 p0pulo

1816 3126 2043 3181 Hebraeo
2070 3127 2136 3182 de
2165 3126 2330 3197 ipsius
2356 3128 2458 3183 diei
2486 3129 2853 3184 observatione
2873 3131 3178 3198 mandavit,
3201 3132 3401 3204 aliquid

1817 3216 1882 3271 de
1908 3217 2177 3272 alimentis
2216 3219 2302 3273 vel
2339 3218 2612 3273 sumendis
2639 3219 2724 3273 vel
2750 3234 2852 3274 non
2877 3221 3151 3275 sumendis
3192 3222 3405 3277 locutus

1817 3321 1917 3367 est.
1966 3312 2180 3367 Vacatio
2211 3320 2414 3366 tantum
2441 3311 2641 3365 homini
2678 3327 2708 3365 a
2754 3312 2884 3377 suis,
2927 3314 3012 3368 vel
3047 3328 3076 3366 a
3118 3314 3401 3370 servilibus

1822 3404 2071 3475 operibus
2111 3405 2436 3474 imperatur:
2466 3419 2623 3474 quam
2667 3404 2811 3474 prior
2842 3406 3066 3475 populus
3110 3406 3163 3459 in
3207 3406 3397 3462 umbra

1820 3495 2091 3564 accipiens
2117 3493 2414 3550 futurorum
2440 3536 2455 3559 ,
2485 3494 2561 3549 sic
2592 3495 2793 3549 vacavit
2812 3495 2879 3549 ab
2899 3496 3176 3564 operibus,
3214 3511 3402 3566 quem-

1818 3586 2101 3641 admodum
2132 3601 2274 3641 nunc
2309 3585 2522 3641 Judzeos
2551 3600 2738 3641 vacare
2764 3586 3151 3656 conspicimus;
3181 3602 3308 3654 non,
3341 3598 3401 3644 ut;

1818 3689 2050 3749 putatur,
2082 3679 2282 3735 Judzeis
2307 3679 2603 3734 carnalibus
2649 3695 2754 3733 non
2800 3689 2944 3735 recte
2983 3681 3397 3752 intelligentihus

1819 3772 1961 3843 quod
1988 3781 2134 3828 recte
2162 3772 2462 3843 intelligunt
2485 3772 2793 3827 Christiani.
2826 3772 3009 3843 Neque
3036 3775 3177 3829 enim
3208 3776 3398 3832 melius

1820 3866 1921 3919 hoc
1949 3866 2293 3935 intelligimus
2317 3880 2474 3934 quam
2504 3863 2816 3933 Prophetas,
2848 3866 2935 3935 qui
2967 3874 3143 3922 tamen
3171 3882 3236 3922 eo
3266 3878 3399 3924 tem-

1820 3972 1950 4027 pore
1972 4001 1986 4025 ,
2017 3974 2121 4028 quo
2157 3958 2227 4011 ita
2264 3958 2377 4012 ﬁeri
2416 3958 2678 4026 oportuit,
2713 3970 3057 4014 servaverunt
3089 3960 3227 4016 hanc
3269 3963 3395 4017 sab-

1818 4049 1927 4103 bati
1958 4049 2284 4102 vacationem
2308 4088 2322 4113 ,
2352 4063 2507 4117 quam
2534 4048 2704 4102 Judaei
2735 4056 2920 4117 putant
2942 4050 3115 4105 adhuc
3136 4066 3254 4106 esse
3279 4066 3393 4106 ser-

1822 4141 2068 4195 vandam.
2114 4140 2261 4195 Unde
2292 4140 2417 4194 illud
2443 4148 2562 4205 est,
2606 4140 2746 4208 quod
2786 4139 3016 4209 lapidare
3054 4142 3196 4198 Deus
3222 4143 3393 4200 homi-

1819 4250 1941 4289 nem
1982 4233 2176 4302 jussit,
2217 4232 2307 4302 qui
2348 4232 2566 4287 sabbato
2594 4231 2734 4301 ligna
2759 4232 3041 4302 collegerat
3075 4234 3257 4306 (Num.
3291 4253 3393 4304 xv,

1819 4324 1943 4397 55);
1985 4340 2243 4395 nusquam
2279 4333 2451 4379 autem
2489 4324 2713 4393 legimus
2747 4324 3033 4395 lapidatum
3060 4368 3073 4391 ,
3102 4328 3187 4383 vel
3220 4329 3398 4400 aliquo

1821 4420 2035 4490 dignum
2083 4417 2339 4487 supplicio
2381 4416 2673 4487 judicatum
2699 4458 2712 4481 ,
2752 4417 2861 4471 sive
2904 4416 3228 4487 jejunantem
3270 4422 3395 4476 sab-

1821 4510 1947 4566 bato
1968 4553 1981 4576 ,
2012 4510 2123 4565 sive
2153 4508 2524 4580 prandentem.
2561 4508 2697 4574 Quid
2742 4516 2916 4563 tamen
2956 4508 3143 4565 horum
3170 4510 3399 4569 duorum

1820 4603 1979 4674 quieti
2002 4601 2303 4668 conveniat,
2315 4600 2440 4670 quid
2463 4599 2650 4665 labori,
2672 4599 2771 4655 iste
2796 4600 2908 4669 ipse
2928 4600 3136 4667 viderit,
3160 4604 3246 4672 qui
3271 4620 3399 4674 gau-

1820 4695 1966 4751 dium
1994 4692 2463 4757 manducantibus,
2492 4693 2684 4747 luctum
2710 4692 3068 4761 jejunantihus
3093 4693 3395 4763 deputavit,

1824 4788 1907 4842 vel
1940 4804 1967 4840 a
1998 4785 2221 4841 Domino
2246 4784 2487 4854 deputari
2515 4783 2801 4848 intellexit,
2850 4782 2933 4838 ubi
2974 4783 3040 4839 de
3076 4784 3280 4853 jejunio
3306 4804 3394 4843 re-

1823 4877 2091 4949 spondens
2131 4876 2205 4930 ait
2229 4894 2241 4929 :
2270 4873 2390 4929 Non
2437 4882 2640 4945 possunt
2679 4874 2849 4945 lugere
2873 4874 2968 4943 [iiii
2994 4876 3187 4945 sponsi,
3215 4893 3395 4946 quam-

1827 4970 1911 5024 diu
1936 4986 2049 5023 cum
2071 4969 2140 5022 eis
2166 4976 2237 5022 est
2265 4983 2477 5037 sponsus
2503 4964 2711 5038 (Matth.
2744 4980 2816 5030 Ix,
2846 4966 2956 5035 15).

1895 5065 1945 5119 ϐ.
1990 5062 2140 5132 Quod
2187 5071 2361 5116 autem
2398 5069 2676 5131 propterea
2707 5057 2835 5113 dicit
2869 5058 3086 5115 sabbato
3113 5060 3399 5130 Apostolos

1824 5156 2173 5211 manducasse
2191 5196 2205 5221 ,
2229 5154 2351 5224 quia
2377 5151 2607 5207 nondum
2629 5157 2742 5204 erat
2771 5156 2977 5219 tempus
3002 5159 3060 5205 ut
3084 5151 3301 5207 sabbato
3316 5152 3399 5221 je-

1819 5251 2069 5321 junarent
2096 5265 2113 5315 ;
2141 5246 2281 5318 quod
2310 5245 2510 5301 scilicet
2537 5252 2775 5298 veterum
2806 5240 3019 5297 traditio
3051 5241 3394 5311 prohibebat:

1829 5340 2083 5413 numquid
2108 5354 2235 5410 ergo
2264 5338 2372 5408 jam
2404 5344 2518 5393 erat
2551 5344 2759 5404 tempus
2784 5342 2843 5387 ut
2869 5333 3087 5388 sabbato
3117 5348 3219 5386 non
3243 5345 3398 5384 vaca-

1825 5435 1980 5492 rent?
2019 5434 2203 5488 Nonne
2226 5431 2404 5487 ethoc
2437 5428 2648 5484 traditio
2689 5436 2929 5482 veterum
2967 5422 3303 5494 prohibebat,
3344 5433 3401 5476 et

1824 5542 2013 5583 vacare
2056 5523 2313 5593 cogebat?
2355 5531 2411 5577 et
2460 5530 2634 5577 tamen
2670 5534 2735 5574 eo
2772 5520 2887 5589 ipso
2916 5513 3117 5571 sabbati
3143 5512 3260 5579 die,
3293 5529 3401 5583 quo

1829 5619 2023 5676 Christi
2049 5617 2272 5686 legimus
2301 5614 2648 5669 manducasse
2669 5608 2973 5677 discipulos,
3004 5604 3277 5659 vulserunt
3296 5606 3402 5660 uti-

1830 5730 1931 5783 que
1961 5712 2132 5781 spicas
2164 5708 2274 5779 (Id.
2310 5724 2417 5773 xu,
2446 5707 2532 5776 i);
2580 5702 2716 5771 quod
2762 5700 2981 5752 sabbato
3027 5712 3131 5751 non
3169 5698 3398 5764 licebat,

1831 5808 1951 5878 quia
2001 5814 2230 5859 veterum
2272 5800 2485 5855 traditio
2525 5792 2851 5867 prohibebat.
2907 5790 3095 5844 Videat
3131 5792 3286 5861 igitur
3329 5804 3395 5847 ne

2870 5882 3125 5968 (σίηιω
