4054 6418
583 351 685 411 ηδ

584 474 712 530 bato
738 477 914 528 autem
939 467 1067 524 illud
1097 468 1291 523 factum
1317 480 1458 534 esse,
1484 467 1584 523 iste
1611 479 1717 523 non
1747 466 1954 537 probat.
1988 467 2081 522 sed
2100 476 2171 541 ut

586 566 794 623 libitum
823 573 905 619 est
932 562 1246 632 suspicatur.
1278 561 1427 615 Sicut
1448 570 1624 615 autem
1657 559 1771 615 fieri
1800 569 1975 630 potest
2000 570 2057 613 ut
2083 560 2166 629 je-

581 660 822 731 junetur,
857 668 910 713 et
954 672 1073 712 cum
1096 655 1352 724 jejunium
1391 652 1635 719 solvitur,
1688 653 1732 706 si
1771 653 1889 723 quis
1928 652 2168 707 ebriosus

585 762 688 819 est,
721 760 845 806 tunc
875 750 1192 815 inebrietur;
1221 748 1289 801 ita
1317 746 1427 801 ﬁeri
1459 755 1629 813 potest
1654 756 1714 799 ut
1742 759 1845 799 non
1872 744 2163 814 jejunetur,

586 853 642 899 et
666 844 710 897 si
738 851 1098 912 temperantes
1126 848 1249 894 sunt
1287 838 1557 901 homines,
1591 836 1977 891 modestissime
2007 852 2166 905 pran-

585 933 790 990 deatur.
820 932 956 1000 Quid
987 939 1070 986 est
1092 946 1218 1000 ergo
1241 928 1381 999 quod
1411 929 1615 982 sabbati
1638 928 1823 982 volens
1849 926 2168 996 persuadere

581 1026 861 1097 jejunium,
889 1024 1104 1078 adhibet
1125 1021 1435 1092 Apostolum
1467 1030 1654 1074 testem
1677 1019 1965 1085 dicentem,
1995 1016 2170 1071 Nolite

582 1116 819 1172 inebriari
851 1116 985 1179 vino,
1016 1114 1068 1167 in
1096 1129 1194 1182 quo
1220 1123 1289 1167 est
1318 1113 1479 1166 omnis
1509 1112 1714 1165 luxuria
1752 1111 1915 1181 (Eph.
1951 1125 2006 1174 ν,
2036 1110 2163 1181 18);

580 1208 730 1279 quasi
770 1206 1009 1261 diceret:
1042 1204 1215 1259 Nolite
1252 1203 1514 1273 prandere
1553 1203 1794 1267 sabbato,
1835 1202 1957 1272 quia
1986 1200 2056 1255 ibi
2085 1209 2169 1256 est

579 1298 758 1355 omnis
794 1297 1020 1351 luxuria.
1047 1295 1195 1350 Sicut
1225 1305 1399 1348 autem
1429 1294 1528 1347 hoc
1554 1303 1877 1365 praeceptum
1909 1293 2165 1362 apostoli-

578 1407 697 1448 cum
729 1406 795 1445 ne
830 1388 1159 1445 inebrientur
1201 1387 1344 1453 vino,
1389 1386 1440 1439 in
1470 1401 1575 1457 quo
1611 1396 1692 1441 est
1721 1386 1894 1440 omnis
1922 1384 2162 1453 luxuria,

577 1484 892 1539 observatur
939 1495 969 1533 a
1017 1478 1321 1534 Christianis
1365 1478 1529 1533 Deum
1572 1478 1907 1544 timentibus,
1952 1477 2165 1549 quando

578 1572 870 1643 prandetur
894 1570 983 1625 die
1008 1569 1293 1633 dominico,
1328 1569 1397 1623 ita
1423 1569 1737 1624 observatur
1761 1570 1972 1640 quando
2002 1584 2163 1640 pran-

578 1666 735 1721 detur
762 1672 817 1719 et
844 1662 1085 1718 sabbato.

649 1756 739 1812 16.
785 1754 853 1811 Ut
888 1755 1204 1825 expressius,
1237 1754 1432 1825 inquit,
1476 1756 1754 1810 errantibus
1783 1755 2157 1823 contradicam,

577 1864 721 1904 nemo
732 1845 935 1919 jejunio
958 1844 1138 1912 Deum,
1165 1845 1257 1899 etsi
1277 1863 1376 1900 non
1399 1857 1726 1915 promeretur,
1751 1845 1992 1914 o/fendit;
2013 1865 2163 1919 porro

576 1949 624 1995 et
651 1954 751 1993 non
780 1935 1034 2004 o/fendere
1071 1937 1345 2005 promereri
1373 1946 1466 1991 est.
1507 1936 1635 2003 Quis
1677 1937 1776 1991 hoc
1798 1937 2026 2003 diceret,
2060 1938 2161 1993 nisi

574 2031 665 2101 qui
709 2029 875 2084 nollet
919 2027 1257 2083 considerare
1312 2028 1437 2099 quid
1487 2027 1721 2083 diceret?
1776 2029 1917 2100 Ergo
1968 2030 2161 2099 Pagani

574 2120 784 2193 quando
800 2120 1065 2190 jejunant,
1086 2135 1191 2175 non
1214 2119 1335 2175 ideo
1357 2120 1523 2191 magis
1542 2119 1816 2175 offendunt
1840 2122 2010 2177 Deum
2031 2140 2044 2175 :
2070 2133 2162 2178 aut

573 2211 713 2269 side
739 2212 1042 2269 christianis
1075 2210 1239 2267 voluit
1276 2211 1416 2282 quod
1445 2210 1578 2265 dixit
1609 2212 1861 2282 intelligi,
1903 2212 2020 2282 quis
2054 2229 2161 2268 non

572 2304 741 2361 Deum
777 2303 1028 2369 oll'endet,
1062 2303 1107 2357 si
1135 2303 1261 2358 velit
1284 2317 1406 2357 cum
1432 2303 1682 2357 seandalo
1712 2303 1872 2358 totius
1897 2319 2016 2370 qua:
2042 2303 2160 2359 ubi-

569 2411 677 2468 que
694 2395 943 2452 dilatatur
960 2394 1233 2461 Ecclesia,
1265 2392 1350 2449 die
1370 2392 1639 2448 dominico
1656 2392 1931 2463 jejunare?
1961 2393 2160 2449 Deinde

572 2488 784 2559 subjicit
830 2487 1126 2543 testimonia
1178 2486 1246 2543 de
1287 2486 1576 2558 Scripturis
1626 2486 1693 2542 ad
1743 2503 1958 2542 causam
2001 2503 2158 2558 quam

573 2581 808 2652 suscepit
833 2580 965 2637 nihil
993 2580 1237 2635 valentia.
1266 2580 1494 2653 Jejuuio,
1524 2580 1709 2651 inquit,
1740 2579 1886 2634 Elias
1922 2581 2158 2652 paradiso

573 2673 789 2729 donatus
815 2673 869 2727 in
906 2689 1120 2740 corpore
1160 2680 1377 2743 regnat:
1405 2673 1554 2743 quasi
1581 2673 1842 2742 jejunium
1873 2688 1977 2727 non
2014 2689 2157 2746 prte-

568 2762 748 2821 dicent
772 2764 860 2834 qui
886 2763 1107 2818 sabbato
1132 2777 1236 2817 non
1262 2762 1541 2832 jejunant,
1571 2763 1710 2818 sicut
1730 2763 1990 2833 jejunium
2020 2780 2156 2835 pra:-

566 2853 781 2922 dicant,
826 2852 913 2921 qui
959 2861 1132 2908 tamen
1178 2852 1264 2908 die
1302 2852 1569 2908 dominico
1611 2868 1718 2907 non
1742 2853 2017 2924 jejunant;
2066 2864 2158 2911 aut

565 2948 711 3005 Elias
737 2963 802 3002 eo
832 2956 1072 3017 tempore
1095 2946 1441 3016 jejunaverit,
1473 2961 1580 3017 quo
1616 2947 1844 3017 populus
1873 2947 1965 3002 Dei
1993 2948 2153 3004 etiam

567 3041 787 3096 sabbato
810 3039 1100 3110 jejunabat.
1132 3039 1285 3105 Quod
1321 3049 1496 3095 autem
1530 3039 1903 3109 respondimus
1928 3039 1995 3095 de
2022 3056 2154 3111 qua-

566 3132 809 3204 draginta
848 3131 1034 3188 diebus
1077 3132 1263 3202 jejunii
1308 3133 1510 3204 Moysi,
1542 3132 1645 3189 hoc
1682 3133 1875 3204 deputa
1906 3149 2026 3190 esse
2060 3150 2150 3191 re-

567 3238 823 3295 sponsum
839 3222 969 3279 etde
985 3222 1328 3293 quadraginta
1346 3223 1531 3277 diebus
1548 3223 1697 3278 Elite.
1710 3223 1938 3295 Jejunio,
1961 3226 2149 3295 inquit,

565 3315 752 3372 Daniel
768 3315 967 3371 leonum
978 3315 1161 3370 siccam
1176 3315 1363 3370 rabiem
1383 3314 1573 3369 illaesa;
1589 3316 1743 3369 evasit
1762 3330 1778 3369 :
1795 3315 1944 3385 quasi
1965 3315 2154 3387 legerit

566 3409 707 3481 quod
729 3408 949 3463 sabbato
963 3407 1307 3478 jejunaverit,
1328 3416 1418 3461 ant
1438 3406 1597 3461 etiam
1619 3421 1738 3461 cum
1762 3407 1890 3477 ipsis
1910 3406 2151 3464 leonibus

565 3500 788 3556 sabbato
808 3499 996 3565 fuerit;
1035 3499 1119 3554 ubi
1152 3508 1326 3553 tamen
1356 3498 1579 3568 legimus
1608 3497 1749 3566 quod
1775 3506 1829 3552 et
1858 3497 2147 3568 pranderit.

563 3589 795 3661 Jejunio,
826 3589 1014 3661 inquit,
1038 3590 1190 3644 trium
1211 3587 1315 3658 [ida
1328 3588 1630 3660 germanitas
1650 3588 1847 3659 ignibus
1867 3589 2151 3644 coruscanti

564 3682 753 3737 carceri
769 3682 1044 3749 dominata,
1066 3683 1177 3753 rogi
1198 3681 1409 3751 hospitio
1425 3689 1709 3752 susceptum
1727 3680 1999 3735 Dominum
2020 3680 2148 3735 ado-

565 3773 711 3827 ravit.
738 3770 859 3827 llam
885 3772 1125 3841 exempla
1145 3780 1466 3838 sanctorum,
1501 3787 1600 3827 nec
1627 3771 1693 3827 ad
1724 3771 2147 3842 persuadendum

564 3863 945 3934 cujuscumque
970 3862 1074 3918 diei
1092 3862 1349 3933 jejunium
1369 3862 1574 3927 valent;
1601 3871 1798 3933 quanto
1823 3863 1998 3917 minus
2026 3864 2147 3919 sab-

564 3953 713 4009 bati?
741 3952 1182 4023 Quandoquidem
1205 3969 1309 4007 non
1338 3952 1509 4008 solum
1533 3969 1639 4008 non
1665 3952 1857 4023 legitur
1878 3961 1987 4008 tres
2012 3953 2149 4009 viros

566 4040 785 4101 sabbato
828 4044 991 4101 fuisse
1032 4044 1223 4099 missos
1263 4044 1316 4099 in
1358 4043 1624 4099 caminum
1676 4043 1811 4113 ignis
1839 4042 2144 4109 ardentem;

568 4136 663 4192 sed
689 4151 755 4191 ne
776 4135 904 4191 illud
930 4134 1145 4207 quidem
1180 4135 1394 4207 legitur,
1416 4135 1616 4191 tamdiu
1642 4135 1747 4191 illic
1777 4151 1871 4192 eos
1899 4134 2062 4192 fuisse
2091 4144 2149 4191 ut

562 4229 732 4301 possit
759 4229 1035 4299 quisquam
1078 4229 1254 4286 dicere
1297 4244 1392 4285 eos
1415 4229 1715 4301 jejunasse,
1759 4230 1866 4286 imo
1894 4246 2021 4287 vero
2057 4229 2145 4286 vix

564 4321 722 4376 unius
762 4319 909 4374 hor-.c
936 4320 1164 4389 Spatium
1207 4330 1318 4388 est,
1364 4336 1469 4391 quo
1518 4336 1706 4377 eorum
1741 4322 2004 4377 confessio
2050 4321 2147 4393 by-

566 4424 828 4481 mnusque
854 4418 1133 4464 cantatur:
1180 4425 1278 4465 nec
1317 4410 1543 4479 amplius
1587 4412 1724 4466 inter
1759 4411 1877 4468 illas
1907 4412 2145 4468 ﬂammas

564 4501 809 4558 innoxias
829 4500 1314 4567 deambulavcrunt,
1339 4516 1500 4571 quam
1526 4500 1787 4556 canticum
1811 4502 1936 4555 illttd
1960 4503 2146 4558 termi-

563 4602 843 4651 naverunt.
874 4592 985 4649 Nisi
1010 4594 1144 4649 forte
1168 4592 1235 4647 ab
1260 4593 1361 4647 isto
1382 4595 1539 4647 etiam
1566 4593 1721 4649 unius
1746 4593 1891 4648 hora:
1918 4594 2141 4665 spatium

563 4685 764 4757 iejunio
800 4686 1099 4757 deputatur.
1141 4682 1292 4752 Quod
1324 4682 1369 4738 si
1401 4683 1471 4738 ita
1518 4691 1622 4751 est,
1654 4700 1756 4739 non
1806 4683 1964 4740 habet
2002 4685 2144 4756 quod

562 4789 875 4837 succenseat
896 4778 1233 4850 pransoribus
1253 4777 1485 4833 sabbati:
1509 4792 1679 4848 usque
1699 4777 1764 4833 ad
1786 4777 1968 4834 horam
1999 4778 2141 4835 enim

565 4869 796 4942 prandii,
820 4869 986 4926 multo
1001 4884 1156 4941 quam
1182 4869 1233 4923 in
1256 4867 1345 4923 illo
1362 4868 1569 4923 camino
1591 4869 2139 4940 prolixiusjejunatur.

638 4965 727 5019 l7.
758 4964 987 5020 Adhibct
1012 4971 1066 5018 et
1095 4962 1222 5018 illud
1244 4962 1479 5032 Apostoli
1508 4962 1890 5030 testimonium,
1918 4963 2004 5020 ubi
2024 4964 2137 5019 ait:

567 5057 688 5115 Non
711 5066 783 5113 est
806 5072 1013 5127 regnum
1034 5053 1125 5109 Dei
1147 5072 1257 5110 esca
1281 5064 1327 5108 et
1354 5063 1516 5125 potus,
1542 5054 1630 5109 sed
1647 5055 1849 5125 justitia
1873 5065 1918 5108 et
1945 5073 2062 5126 pax,
2092 5064 2142 5112 et

564 5152 808 5225 gaudium
822 5151 873 5203 in
892 5149 1087 5221 Spiritu
1102 5158 1273 5203 sancto
1291 5146 1464 5222 (Rom.
1482 5149 1619 5213 x1v,l
1631 5149 1687 5219 7)
1705 5165 1719 5214 ;
1737 5158 1790 5204 et
1805 5166 2011 5221 regnum
2024 5148 2136 5219 Dei,

564 5241 858 5299 Ecclesiam
888 5239 1001 5295 vult
1029 5239 1267 5310 intelligi,
1301 5240 1351 5294 in
1380 5255 1479 5310 qua
1507 5239 1648 5294 Deus
1673 5250 1874 5310 regnat.
1906 5241 2139 5298 Obsecro

561 5331 896 5405 tc,numqnid
915 5331 1015 5387 hoc
1029 5331 1529 5402 agebatApostolus,
1552 5348 1669 5386 cum
1690 5332 1785 5386 ista
1814 5332 2135 5403 loqueretur,

562 5434 624 5481 ut
642 5426 863 5482 sabbato
890 5438 919 5477 a
945 5420 1245 5477 chriStianis
1272 5420 1637 5491 jejunaretur?
1664 5419 1768 5477 Sed
1807 5437 1907 5477 nec
1934 5422 2001 5478 de
2025 5423 2138 5493 ipso

563 5517 941 5588 cujuscumque
967 5512 1071 5568 diei
1110 5512 1313 5583 jejunio
1340 5513 1671 5581 loquebatur,
1703 5528 1823 5567 cum
1851 5512 1966 5568 haec
1992 5513 2138 5569 dice-

563 5616 669 5664 ret.
695 5609 902 5665 Dictum
932 5615 1015 5663 est
1041 5604 1183 5661 enim
1224 5603 1479 5658 adversus
1502 5619 1597 5659 eos
1620 5604 1731 5674 qni,
1749 5620 1897 5660 more
1929 5603 2139 5661 Judazo-

565 5713 709 5766 rum,
738 5698 1029 5755 secundum
1055 5704 1286 5752 veterem
1313 5694 1507 5766 Legem
1538 5695 1590 5750 in
1620 5695 1985 5752 observatione
2010 5712 2141 5769 quo-

570 5791 811 5853 rumdam
855 5789 1093 5846 ciborum
1136 5789 1386 5861 putabant
1429 5804 1548 5847 esse
1593 5789 1933 5857 munditiam,
1978 5802 2032 5850 et
2071 5793 2137 5850 ad

1775 350 1832 407 s.
1872 342 2236 408 AUGUSTlNl
2271 346 2571 412 EPISCOPI
2995 304 3023 311 ’ί
3748 360 3833 425 tu

2273 480 2457 521 eorum
2489 467 2708 521 fratrum
2750 466 3164 524 admonitionem
3181 508 3196 535 ,
3231 480 3327 541 per
3347 482 3575 543 quorum
3600 484 3765 531 escam
3788 488 3833 533 et

2274 565 2454 624 potum
2498 556 2863 611 indili‘erenter
2910 569 3185 627 acceptum
3233 561 3726 620 scaudalizabantur
3759 566 3830 623 in-

2276 649 2432 703 firmi.
2466 648 2588 703 Ideo
2623 665 2741 705 cum
2782 641 3040 707 dixisset:
3076 651 3200 707 Noli
3226 653 3369 708 illum
3396 656 3449 709 in
3487 673 3604 711 esca
3629 667 3710 713 tua
3733 678 3830 730 per-

2275 740 2410 803 dere,
2442 759 2533 810 pro
2557 760 2653 811 quo
2676 742 2901 797 Christus
2920 754 3146 799 mortuus
3164 756 3236 800 est
3258 744 3439 818 (Ibid.,
3464 747 3554 822 15)
3577 767 3591 815 ;
3617 760 3669 805 et
3686 793 3701 817 ,
3734 751 3832 808 Non

2274 848 2392 903 ergo
2435 833 2805 904 blasphemetur
2844 834 3027 889 bonum
3071 846 3293 892 nostrum
3338 837 3497 911 (Ibid.
3523 882 3538 905 ,
3582 840 3699 907 16);
3732 852 3834 900 tunc

2273 923 2541 993 adjunxit:
2565 925 2683 980 Non
2712 926 2844 982 enim
2871 938 2941 983 est
2966 946 3175 1000 regnum
3206 929 3297 984 Dei
3321 946 3432 985 esca
3460 942 3508 986 et
3528 944 3696 1003 potus.
3725 934 3833 991 Nam

2272 1014 2409 1070 sicut
2445 1016 2546 1072 iste
2584 1018 2745 1073 verba
2786 1020 2898 1074 haec
2935 1020 3173 1091 Apostoli
3217 1021 3493 1094 intelligit,
3534 1034 3589 1079 ut
3637 1043 3835 1098 regnum

2273 1106 2389 1168 Dei,
2418 1108 2561 1177 quod
2587 1119 2669 1164 est
2700 1110 2955 1179 Ecclesia,
2983 1128 3087 1166 non
3117 1112 3187 1167 sit
3212 1112 3263 1167 in
3290 1128 3411 1169 esca
3440 1124 3493 1169 et
3514 1126 3662 1185 potu,
3692 1118 3775 1173 sed
3793 1120 3833 1174 in

2268 1197 2501 1267 jejunio;
2548 1216 2651 1255 non
2692 1201 2833 1266 dico,
2874 1202 3105 1258 sabbatis
3136 1204 3408 1274 jejunare,
3455 1205 3549 1261 sed
3588 1223 3835 1279 nunquam

2273 1290 2490 1343 omnino
2516 1291 2690 1345 cibum
2730 1307 2792 1347 ac
2826 1303 3003 1363 potum
3043 1308 3254 1350 sumere
3294 1294 3645 1364 deberemus,
3690 1315 3752 1354 ne
3781 1300 3836 1355 de

2274 1377 2375 1433 isto
2399 1380 2490 1435 Dei
2517 1396 2681 1453 regno
2706 1400 2933 1454 unquam
2962 1386 3352 1441 rccederemus.
3382 1388 3515 1443 Puto
3538 1400 3715 1443 autem
3735 1392 3835 1461 quia

2272 1466 2375 1522 isto
2398 1470 2717 1537 confitente,
2747 1473 3015 1543 aliquanto
3044 1475 3342 1545 religiosius
3369 1476 3457 1532 die
3493 1478 3758 1535 dominico
3781 1481 3835 1535 ad

2271 1558 2566 1616 Ecclesiam
2594 1564 2921 1634 pertinemus
2942 1605 2955 1629 ,
2984 1566 3195 1636 quando
3226 1575 3401 1623 tamen
3430 1576 3485 1623 et
3517 1569 3632 1638 ipso
3662 1585 3834 1627 conce-

2271 1650 2428 1707 dente
2455 1654 2792 1722 prandemus.

2340 1747 2490 1802 CAP.
2526 1748 2658 1804 Vlll.
2686 1779 2759 1790 —-
2798 1750 2883 1806 l8.
2920 1748 3050 1817 Cur,
3091 1751 3291 1822 inquit,
3323 1754 3630 1823 sacri/icium
3675 1757 3833 1827 potiori

2270 1836 2488 1893 Domino
2518 1840 2727 1894 charum
2753 1858 3122 1896 murmuramus
3145 1841 3349 1910 offerre,
3379 1844 3513 1914 quod
3534 1844 3745 1915 spiritus
3764 1846 3835 1900 de-

2268 1929 2455 1984 siderat
2481 1942 2526 1985 et
2554 1932 2761 2001 angelus
2781 1933 2993 1987 laudat?
3013 1933 3203 1989 deinde
3230 1934 3469 2007 adjungit
3496 1938 3671 2007 angeli
3706 1938 3832 1993 testi-

2268 2020 2504 2075 monium
2536 2021 2762 2077 dicentis
2786 2040 2798 2077 :
2827 2022 2971 2078 Bona
2994 2034 3066 2079 est
3100 2026 3261 2079 oratio
3295 2042 3409 2080 cum
3426 2027 3627 2099 jejunio
3650 2036 3702 2083 et
3729 2029 3833 2090 elec-

2268 2128 2477 2183 mosyua
2507 2112 2655 2183 (Tob.
2681 2129 2777 2179 xu,
2808 2114 2885 2186 8).
2924 2114 3062 2183 Quid
3104 2116 3324 2182 dixerit,
3372 2119 3556 2189 potiori
3597 2118 3830 2185 Domino,

2268 2204 2471 2271 nescio,
2505 2205 2604 2259 nisi
2635 2204 2766 2261 forte
2788 2207 3015 2277 scriptor
3040 2207 3261 2275 erravit,
3286 2217 3341 2264 et
3366 2216 3417 2265 te
3445 2209 3595 2281 fugit,
3628 2222 3690 2266 ut
3715 2212 3834 2283 quod

2267 2298 2396 2352 mihi
2439 2298 2717 2369 legendum
2763 2301 2951 2356 misisti
2995 2318 3100 2358 non
3142 2304 3473 2360 emendares.
3518 2306 3831 2363 Sacrificium

2265 2404 2393 2460 ergo
2420 2390 2644 2446 Domino
2683 2392 2935 2458 charum,
2973 2392 3233 2464 jejunium
3270 2396 3380 2451 vult
3409 2396 3630 2467 intelligi
3654 2438 3668 2462 ,
3702 2396 3834 2469 quasi

2265 2480 2331 2535 de
2364 2480 2566 2552 jejunio
2606 2493 2849 2538 versetur
2885 2483 3001 2539 haec
3037 2485 3291 2554 quaestio,
3322 2496 3378 2541 et
3413 2502 3518 2541 non
3552 2486 3621 2542 de
3647 2487 3835 2559 jejunio

2265 2570 2488 2626 sabbati.
2521 2572 2703 2644 Neque
2740 2574 2879 2629 enim
2918 2573 3216 2631 dominicus
3254 2576 3369 2632 dies
3402 2576 3518 2632 sine
3552 2579 3833 2645 sacriﬁcio,

2264 2661 2405 2732 quod
2437 2662 2545 2718 Deo
2574 2662 2792 2718 charum
2819 2672 2931 2729 est,
2959 2665 3245 2737 peragitur,
3277 2665 3522 2736 quianon
3548 2666 3831 2738 jejunatur.

2263 2753 2512 2823 Sequitur
2541 2753 2716 2810 adhuc
2750 2763 2804 2808 et
2842 2754 3034 2825 ingerit
3061 2756 3363 2810 testimonia
3399 2772 3428 2811 a
3466 2771 3661 2824 causa,
3694 2773 3834 2830 quam

2263 2842 2645 2899 defendendam
2667 2846 2918 2915 suscepit,
2942 2846 3152 2916 penitus
3174 2846 3365 2902 aliena.
3384 2845 3625 2913 Inunola,
3656 2849 3829 2920 inquit,

2262 2934 2369 2990 Deo
2388 2938 2696 3006 sacriﬁcium
2718 2939 2885 2995 laudis
2906 2936 3075 3009 (Psal.
3097 2956 3245 3005 xux,
3265 2938 3386 3014 14);
3412 2949 3466 2996 et
3481 2941 3637 2996 istam
3660 2957 3835 2998 vocem

2261 3030 2425 3087 divini
2452 3031 2640 3102 psalmi
2682 3033 2865 3089 volens
2901 3033 2968 3087 ad
2997 3033 3139 3104 quod
3169 3032 3340 3104 agitur
3365 3033 3543 3089 nescio
3578 3035 3835 3105 quomodo

2260 3132 2577 3179 connectere
2600 3141 2613 3177 :
2642 3123 2842 3194 Utique,
2868 3124 3058 3196 inquit,
3084 3143 3184 3179 non
3204 3126 3463 3197 sanguinis
3485 3136 3573 3180 aut
3591 3127 3834 3182 ebrietatis

2261 3217 2559 3284 convivium,
2583 3234 2681 3288 quo
2710 3235 2810 3272 non
2840 3217 3015 3272 laudes
3040 3217 3221 3273 debita:
3245 3218 3372 3285 Deo,
3400 3219 3488 3273 sed
3516 3218 3834 3289 blasphemia

2260 3310 2458 3364 diabolo
2487 3310 2800 3382 suffragante
2823 3311 3108 3365 silvescunt.
3137 3310 3181 3365 Ο
3210 3310 3554 3381 improvidam
3587 3327 3833 3382 praesum-

2260 3401 2524 3470 ptionem!
2556 3401 2671 3456 Non
2706 3417 2833 3473 ergo
2868 3402 3171 3456 immolatur
3204 3402 3509 3471 sacriﬁcium
3540 3402 3715 3458 laudis
3747 3403 3831 3458 do-

2258 3493 2453 3548 minico
2477 3493 2597 3560 die,
2642 3493 2763 3563 quia
2804 3508 2908 3547 non
2934 3493 3234 3564 jejunatur;
3275 3493 3369 3549 sed
3395 3493 3568 3563 agitur
3591 3494 3832 3549 ebrietatis

2258 3584 2553 3652 convivium,
2582 3592 2635 3639 et
2655 3585 2976 3655 blasphemia:
2994 3584 3193 3639 diabolo
3213 3582 3527 3656 sulfragante
3549 3586 3831 3641 silvescunt.

2256 3674 2406 3743 Quod
2434 3676 2476 3729 si
2517 3674 2665 3731 nefas
2693 3674 3004 3740 estdicere;
3046 3676 3306 3746 intelligat
3333 3692 3437 3731 non
3467 3675 3735 3746 jejunium
3770 3676 3834 3733 si-

2254 3768 2493 3839 gnificari
2524 3769 2574 3822 itt
2603 3784 2668 3824 eo
2693 3769 2832 3839 quod
2859 3769 3113 3839 scriptum
3146 3778 3263 3824 est:
3295 3767 3513 3823 Immola
3544 3769 3651 3824 Deo
3678 3771 3831 3826 satri-

2257 3861 2427 3929 [icium
2485 3859 2667 3915 laudis.
2717 3861 2984 3932 Jejuniutn
3035 3862 3228 3932 quippe
3290 3862 3450 3918 certis
3500 3862 3726 3930 diebus,
3785 3872 3831 3918 et

2257 3954 2484 4009 maxime
2514 3953 2658 4009 festis
2685 3970 2787 4008 non
2826 3955 3014 4024 agitur.
3045 3954 3372 4009 Sacriﬁcium
3409 3970 3536 4010 vero
3574 3956 3750 4013 laudis
3772 3956 3833 4011 ab

2256 4046 2490 4101 Ecclesia
2522 4054 2630 4100 toto
2659 4045 2788 4103 orbe
2815 4044 3005 4100 diffusa
3031 4045 3217 4102 diebus
3241 4046 3486 4101 omnibus
3510 4047 3829 4110 immolatur.

2255 4137 2501 4207 Alioquin
2532 4138 2672 4207 quod
2699 4137 2904 4203 nullus,
2937 4152 3044 4192 non
3070 4136 3193 4193 dico
3220 4136 3536 4194 christianus
3559 4181 3573 4203 ,
3611 4140 3711 4197 sed
3739 4156 3833 4198 nec

2253 4229 2470 4285 insanus
2510 4229 2690 4286 dicere
2727 4229 2979 4297 auderet,
3022 4228 3137 4284 dies
3181 4228 3255 4283 illi
3299 4228 3679 4301 quinquaginta
3719 4240 3833 4303 post

2255 4318 2455 4375 Pascha
2496 4335 2660 4389 usque
2688 4320 2754 4374 ad
2783 4320 3130 4376 Pentecosten
3160 4319 3352 4391 quibus
3395 4336 3502 4375 non
3539 4321 3828 4392 jejunatur,

2253 4418 2411 4465 erunt
2439 4409 2729 4465 secundum
2767 4411 2927 4467 istum
2963 4425 2993 4464 a
3020 4410 3281 4466 sacrificio
3306 4411 3473 4466 laudis
3496 4412 3686 4480 alieni,
3717 4413 3831 4485 qui-

2254 4499 2352 4554 bus
2371 4500 2730 4556 tantummodo
2751 4500 2935 4557 diebus
2951 4502 3003 4557 in
3019 4502 3199 4557 multis
3216 4501 3474 4567 ecclesiis,
3503 4502 3555 4558 in
3585 4505 3831 4560 omnibus

2252 4599 2431 4646 autem
2458 4595 2687 4648 maxime
2710 4600 2953 4648 cantatur
2979 4592 3236 4659 Alleluia;
3267 4608 3423 4663 quam
3451 4609 3632 4650 vocem
3663 4595 3830 4651 laudis

2250 4698 2370 4742 esse
2399 4685 2571 4740 nullus
2597 4685 2938 4753 christianus,
2962 4685 3251 4757 quamlibet
3272 4684 3569 4756 imperitus,
3598 4686 3825 4759 ignorat.

2322 4780 2410 4836 l9.
2447 4779 2742 4836 Confitetur
2775 4786 2952 4835 tamen
2979 4778 3139 4834 etiam
3167 4778 3285 4849 ipso
3315 4778 3402 4833 die
3424 4778 3695 4835 dominico
3720 4796 3827 4836 non

2251 4875 2306 4930 in
2334 4871 2617 4940 ebrietate,
2648 4871 2745 4928 sed
2770 4873 2822 4927 in
2854 4870 3184 4943 jucunditate
3222 4870 3499 4942 pranderi,
3540 4886 3662 4928 cum
3700 4872 3829 4929 dicit

2248 4965 2444 5023 debere
2471 4980 2570 5022 nos
2594 4981 2660 5022 ex
2687 4964 2883 5022 Judmis
2910 4975 2965 5022 et
2992 4964 3248 5022 Gentibus
3289 4964 3483 5021 multos
3508 4964 3828 5021 christianos

2247 5057 2492 5122 nomine,
2536 5055 2640 5111 fide
2678 5069 2875 5128 paucos
2896 5054 3124 5121 electos,
3156 5054 3457 5125 vespertino
3486 5054 3828 5112 sabbatorum

2247 5149 2486 5216 incenso,
2517 5163 2612 5220 pro
2631 5147 2892 5219 pecudum
2916 5147 3144 5203 victimis
3158 5145 3413 5217 jejunium
3442 5147 3551 5203 Deo
3576 5148 3827 5218 placitum

2246 5240 2489 5298 laudibus
2536 5239 2831 5305 immolare,
2870 5238 3022 5310 cujus
3050 5236 3258 5293 fervore
3304 5247 3538 5294 cremata
3578 5236 3828 5293 deﬁciant

2246 5348 2407 5403 opera
2447 5331 2779 5388 delictorum.
2833 5330 2895 5385 Et
2938 5348 3112 5396 mane,
3143 5330 3340 5401 inquit,
3383 5330 3621 5385 exaudiat
3658 5346 3749 5385 nos
3794 5345 3829 5383 α

2246 5423 2388 5479 nobis
2416 5423 2650 5491 auditus,
2679 5432 2727 5478 et
2754 5432 2897 5478 erunt
2935 5424 3076 5479 nobis
3103 5423 3282 5478 domus
3310 5424 3379 5478 ad
3416 5422 3827 5478 manducandum

2246 5528 2293 5572 et
2320 5515 2605 5579 bibendum,
2633 5534 2733 5573 non
2762 5518 2815 5571 in
2838 5517 3092 5581 ebrietate,
3123 5518 3211 5572 sed
3230 5517 3280 5570 in
3293 5517 3629 5588 jucunditate,
3660 5516 3828 5570 domi-

2245 5609 2362 5663 nica
2390 5609 2671 5663 celcbritale
2700 5613 2941 5681 perfecta.
2983 5607 3131 5664 Tunc
3170 5623 3298 5681 ergo
3333 5609 3576 5680 eulogia,
3619 5622 3719 5664 nou
3766 5616 3829 5663 ut

2246 5701 2488 5771 superius
2511 5700 2604 5766 ait,
2631 5700 2802 5772 alogia
2824 5701 3141 5758 celebratur.
3170 5701 3274 5758 Sed
3299 5701 3423 5772 quid
3455 5717 3575 5758 eum
3604 5699 3828 5755 offendit

2249 5792 2450 5850 sabbati
2478 5794 2626 5863 dies,
2658 5809 2813 5865 quem
2844 5792 3098 5850 Dominus
3123 5792 3499 5862 sanctiﬁcavit,
3529 5792 3730 5866 ignoro,
3765 5799 3826 5848 ut
