4054 6386
174 402 259 461 lib
1280 385 1753 448 FPISTOLARUM
1788 385 2065 447 CLASSIS
2104 393 2167 447 ll.

174 522 218 575 in
235 530 293 571 co
316 528 411 568 non
436 516 572 583 putet
614 521 779 579 posse
802 506 1105 561 manducari
1140 516 1202 561 et
1224 504 1329 560 bibi
1355 521 1476 561 cum
1509 505 1599 560 tali
1622 502 1708 573 ju-

176 606 404 665 meditate
435 616 545 672 quae
568 609 752 654 careat
783 599 1070 662 ebrietate;
1103 612 1225 652 cum
1259 601 1336 655 sic
1363 607 1487 654 ante
1515 596 1706 652 sabba-

129 712 143 732 ‘
178 714 268 760 tum
288 700 508 771 jejunare
545 697 844 767 possimus,
874 695 1139 767 quomodo
1173 694 1299 750 dicit
1330 704 1454 749 ante
1479 693 1708 748 domini-

176 810 272 851 cum
307 790 509 847 sabbato
546 788 925 858 jejunandum:
954 804 1020 843 an
1060 787 1311 843 continuo
1347 784 1509 842 biduo
1550 799 1711 855 pran-

175 888 266 943 deri
289 883 422 939 nefas
451 896 565 938 esse
584 879 907 935 arbitratur?
936 878 1125 934 Videat
1148 894 1275 950 ergo
1298 886 1493 948 quanta
1515 876 1710 932 afficiat

179 974 452 1034 contumelia
490 973 652 1042 ipsam
683 987 892 1043 quoque
930 970 1222 1025 Romanam
1261 968 1586 1034 Ecclesiam,
1618 967 1708 1023 ubi

175 1082 219 1127 et
248 1070 319 1124 his
359 1065 798 1133 hebdomadibus,
844 1065 896 1119 in
937 1063 1130 1134 quibus
1157 1071 1342 1133 quarta
1383 1069 1441 1118 et
1481 1070 1630 1117 sexta
1655 1070 1711 1116 et

174 1161 355 1217 sabbato
374 1158 653 1229 jejuuatur,
682 1154 851 1210 tribus
876 1161 1052 1209 tamen
1077 1153 1265 1209 diebus
1287 1153 1550 1208 continuis
1569 1194 1585 1219 ,
1614 1152 1712 1206 do-

174 1253 334 1309 minico
358 1250 550 1307 scilicet
574 1266 637 1305 ac
660 1248 852 1305 deinde
881 1249 1114 1305 secunda
1141 1256 1195 1303 et
1219 1247 1372 1302 tertia
1399 1244 1705 1316 prandetur.

232 1344 310 1400 ευ.
339 1344 503 1399 Osium
524 1343 676 1397 vitam
697 1350 888 1397 certum
915 1349 1008 1405 est,
1036 1340 1224 1410 inquit,
1266 1339 1472 1393 arbitrio
1497 1338 1711 1409 pendere

175 1448 397 1511 pastorum
416 1453 434 1491 :
453 1435 539 1491 sed
574 1454 595 1487 ι
622 1434 713 1490 Va?
737 1436 823 1506 qui
848 1433 1021 1487 dicunt
1050 1433 1182 1504 quod
1209 1432 1391 1485 bonum
1421 1430 1631 1493 malum,
1662 1430 1714 1483 et

180 1532 371 1587 tenebrat
389 1530 555 1595 lucem,
579 1536 628 1581 et
646 1527 807 1582 lucem
835 1524 1087 1593 tenebras,
1123 1533 1168 1579 et
1196 1541 1424 1578 amarum
1453 1523 1603 1577 dulce
1620 1565 1633 1589 ,
1666 1526 1715 1574 et

177 1622 302 1676 dulce
329 1636 534 1673 amarum
566 1638 585 1671 ι
637 1617 791 1690 (Isai.
820 1633 877 1684 v,
904 1616 1020 1687 20).
1066 1615 1201 1685 Quid
1242 1616 1339 1671 sibi
1389 1616 1553 1671 velint
1598 1616 1713 1669 hinc

173 1713 307 1766 verba
332 1710 451 1780 ejus.
473 1725 584 1764 non
614 1708 741 1763 satis
766 1708 1021 1777 intelligo.
1049 1706 1104 1761 Si
1148 1709 1287 1761 enim
1320 1708 1451 1769 luce,
1485 1716 1540 1761 ut
1582 1704 1712 1760 scri-

173 1802 259 1863 bis,
285 1802 351 1854 sic
377 1800 592 1855 Urbicus
622 1799 788 1863 dicit;
817 1799 867 1852 in
896 1797 1035 1854 Urbe
1071 1798 1221 1869 plebs
1250 1797 1485 1868 pendens
1516 1813 1581 1852 ex
1614 1812 1711 1867 pa-

172 1892 303 1947 storis
326 1889 528 1945 arbitrio
551 1905 676 1944 cum
713 1889 965 1958 episcopo
1002 1904 1100 1943 suo
1129 1888 1337 1958 jejunat
1384 1888 1620 1943 sabbato.
1654 1888 1713 1945 Si

173 1995 316 2040 autem
339 1985 407 2038 sic
433 1982 494 2038 ad
525 1993 580 2038 te
623 1983 724 2037 ista
762 1982 1003 2051 scripsit,
1036 1981 1154 2052 quia
1198 1980 1249 2036 in
1278 1981 1499 2052 epistola
1544 1990 1630 2036 tua
1660 1992 1714 2037 et

173 2078 263 2147 ipse
284 2075 507 2146 quiddam
546 2077 655 2130 tale
679 2074 969 2145 scripsisti;
1018 2090 1122 2129 non
1163 2073 1257 2129 tibi
1284 2074 1600 2144 persuadeat
1622 2090 1712 2128 ur-

174 2169 271 2224 bem
305 2167 630 2223 christianum
661 2167 739 2221 sic
771 2166 987 2221 laudare
1016 2164 1237 2220 sabbato
1264 2166 1588 2235 jejunantem
1609 2207 1622 2230 ,
1656 2175 1713 2221 ut

176 2262 346 2331 cogaris
391 2260 568 2315 orbem
625 2258 970 2313 christianum
1024 2256 1277 2312 damnare
1336 2256 1706 2327 prandentem.

174 2351 281 2408 Cum
305 2352 429 2407 enim
456 2350 625 2406 dicit:
657 2348 747 2404 νω
785 2349 872 2419 qui
915 2349 1085 2403 dicunt
1121 2349 1255 2420 quod
1290 2348 1472 2403 bonum
1498 2351 1707 2415 malum,

179 2454 216 2498 et
234 2444 417 2498 tenebras
439 2443 604 2497 lucem
623 2483 638 2509 ,
672 2451 717 2495 et
746 2441 906 2494 lucem
932 2439 1176 2505 tenebras,
1206 2448 1251 2493 et
1277 2456 1501 2494 amarum
1527 2440 1673 2493 dulce
1690 2483 1706 2508 ,

178 2545 219 2588 et
242 2535 363 2588 dulce
395 2549 653 2597 amarum,
702 2530 958 2601 jejunium
1010 2531 1213 2585 sabbati
1268 2532 1450 2585 volens
1490 2532 1709 2603 intelligi

180 2624 340 2678 bonum
362 2633 408 2680 et
429 2624 603 2680 lucem
642 2631 697 2677 ct
734 2622 913 2686 dulce,
947 2621 1224 2691 prandium
1255 2637 1401 2689 vero,
1432 2623 1625 2677 malum
1657 2632 1710 2678 et

175 2714 380 2769 tenebras
415 2723 464 2769 et
502 2729 783 2778 amarum;
814 2713 933 2783 quis
970 2727 1092 2768 eum
1122 2712 1327 2767 dubitat
1366 2712 1417 2767 in
1463 2714 1709 2770 omnibus

177 2804 429 2859 christianis
472 2804 704 2860 sabbato
754 2802 1129 2872 prandentibus
1178 2803 1478 2858 universum
1522 2804 1708 2859 orbem

176 2893 387 2950 damnare
421 2892 726 2950 terrarum?
753 2893 861 2949 Nec
897 2909 958 2949 se
1000 2894 1112 2964 ipse
1155 2895 1401 2963 respicit,
1448 2912 1546 2951 nec
1583 2897 1709 2967 quid

174 2982 287 3039 dicat
316 2986 552 3052 attendit,
590 2994 647 3041 ut
673 2985 884 3055 scriptis
911 2985 1022 3040 suis
1048 2986 1116 3041 ab
1146 2986 1242 3040 ista
1273 2987 1526 3057 przccipiti
1556 2987 1710 3042 cohi-

176 3074 329 3131 bentur
364 3078 600 3132 audacia.
642 3076 909 3131 Continuo
956 3076 1149 3146 quippe
1191 3077 1494 3145 subjunxit,
1544 3078 1707 3133 Nemo

172 3184 267 3239 ergo
298 3186 372 3222 vos
387 3170 583 3239 judicet
621 3169 675 3222 in
712 3184 824 3222 esca
857 3176 947 3221 aut
983 3168 1035 3221 in
1066 3177 1184 3237 potu
1225 3169 1243 3237 (
1263 3165 1454 3223 Coloss.
1488 3185 1545 3233 ιι,
1575 3168 1701 3242 16);

173 3257 284 3328 quod
309 3260 409 3331 ipse
432 3260 615 3330 utique
646 3258 799 3323 facit,
842 3259 932 3329 qui
962 3257 1182 3311 sabbato
1218 3267 1487 3313 sumentes
1528 3274 1704 3314 escam

173 3359 416 3422 potumque
438 3352 511 3407 sic
540 3350 738 3421 arguit.
765 3349 1025 3416 Quantum
1050 3357 1182 3408 erat.
1207 3358 1263 3402 ut
1293 3348 1415 3403 hinc
1434 3350 1482 3403 ei
1506 3351 1705 3405 veniret

173 3442 213 3494 in
235 3452 439 3497 mentem
461 3444 625 3497 etiam
652 3440 779 3495 illud
801 3440 818 3472 ¹
850 3438 990 3509 quod
1018 3438 1154 3493 idem
1184 3439 1451 3510 apostolus
1477 3440 1599 3493 alibi
1626 3440 1705 3494 di-

172 3532 254 3586 cit:
282 3532 371 3599 Qui
396 3534 673 3588 manducat
691 3573 707 3599 ,
748 3549 846 3587 non
871 3532 1254 3585 manducantem
1279 3547 1376 3584 non
1396 3540 1635 3600 spernat;
1659 3541 1706 3585 et

173 3625 330 3692 quitum
340 3626 627 3692 manducat,
647 3624 1028 3679 manducantem
1044 3640 1142 3677 non
1154 3624 1381 3695 jndicet?
1397 3622 1569 3692 (Rom.
1590 3640 1699 3687 κεν,

172 3717 237 3787 3.)
260 3719 400 3774 lstum
427 3718 668 3783 modum,
692 3717 793 3772 hoc
811 3724 1308 3785 temperamentum,
1333 3731 1437 3785 quo
1458 3716 1703 3770 scandala

171 3805 421 3873 deritaret,
465 3810 609 3866 inter
633 3808 929 3878 jejunantes
972 3806 1190 3860 sabbato
1232 3815 1286 3860 et
1324 3805 1703 3861 manducantes

169 3905 371 3966 teneret,
400 3910 453 3955 ut
494 3910 551 3955 et
582 3899 755 3968 ipsum
795 3912 900 3952 non
930 3896 1335 3951 manducantem
1379 3896 1701 3951 manducans

169 3990 354 4060 quisque
377 4008 474 4047 non
503 3999 817 4063 sperneret,
847 3999 901 4044 et
925 3989 1037 4060 ipse
1066 4004 1169 4043 non
1206 3988 1527 4043 manducans
1554 4005 1703 4044 man-
1754 4037 1756 4039 .

1751 4074 1753 4078 ⁴
1807 4082 1865 4126 ut
1908 4089 2015 4127 non
2050 4074 2285 4128 adversis
2319 4075 2746 4129 contentionibus
2784 4075 3086 4145 dissipetur.

169 4080 405 4139 ducentem
428 4100 530 4140 non
554 4083 835 4154 judicaret.

225 4174 423 4233 CAPUT
455 4148 712 4232 IX.;—2l.
744 4174 927 4228 Petrus
951 4173 1321 4243 etiam,iuquit,
1344 4172 1701 4240 Apostolorum
1736 4148 1739 4151 Ἰ
1769 4224 1773 4229 ,

168 4276 309 4333 caput,
335 4268 435 4321 caeli
451 4268 668 4338 janitor.
696 4275 742 4319 et
780 4264 1017 4319 Ecclesia:
1038 4264 1438 4330 fundamentum.
1462 4269 1701 4318 exstincto

172 4349 345 4409 Simone
359 4358 438 4425 qui
456 4356 646 4411 diaboli
662 4362 826 4428 fuerat
846 4356 1044 4409 nonnisi
1055 4355 1252 4426 jejunio
1270 4355 1497 4408 vincendi
1508 4356 1694 4425 ﬁgura,

170 4441 358 4512 idipsant
390 4446 648 4501 Romanos
692 4446 926 4511 edocuit,
963 4462 1176 4516 quorum
1210 4445 1334 4513 ﬁdes
1374 4446 1699 4500 anntmtiatur

172 4534 365 4590 universo
378 4540 480 4593 orbi
517 4551 781 4593 terrarum.
816 4537 1072 4607 Numquid
1103 4552 1228 4606 ergo
1255 4539 1431 4591 caeteri
1463 4538 1699 4608 Apostoli

172 4628 393 4694 prandere
440 4631 768 4687 Christianos
815 4638 996 4683 contra
1050 4629 1259 4682 Petrum
1312 4628 1602 4685 docuerunt
1646 4632 1697 4686 in

172 4720 386 4775 universo
407 4724 533 4778 orbe
554 4720 849 4777 terrarum?
866 4720 1013 4775 Sicut
1027 4721 1204 4789 itaque
1224 4721 1360 4774 inter
1375 4736 1434 4775 se
1453 4722 1698 4777 vixerunt

169 4812 463 4869 concorditer
507 4815 693 4869 Petrus
739 4824 791 4869 et
823 4812 1165 4883 condiscipuli
1203 4814 1338 4882 ejus,
1364 4814 1440 4868 sic
1471 4815 1606 4869 inter
1637 4831 1697 4871 se

175 4903 474 4959 concorditer
500 4904 677 4958 vivant
706 4903 926 4959 sabbato
956 4904 1255 4972 jejunantes
1283 4919 1414 4972 quos
1444 4905 1698 4973 plantavit

172 4984 347 5054 Petrus,
374 5003 425 5047 et
451 4993 668 5049 sabbato
698 4993 1015 5064 prandentes
1034 5008 1166 5063 quos
1192 4993 1557 5062 plantaveruut
1577 5010 1697 5051 con-

172 5077 375 5150 discipuli
395 5084 525 5154 ejus.
554 5085 649 5140 Est
674 5084 884 5155 quidem
908 5094 963 5139 et
981 5084 1095 5139 luce
1122 5086 1300 5153 opinio
1328 5086 1691 5155 plurimorum,

173 5172 377 5236 quamvis
396 5190 510 5229 eam
524 5176 833 5246 perhibeant
856 5189 973 5231 esse
998 5175 1180 5230 falsam
1198 5176 1435 5248 plerique
1450 5179 1692 5247 Romani,

170 5261 288 5326 quod
329 5266 590 5334 apostolus
617 5267 802 5323 Petrus
828 5282 948 5325 cum
977 5267 1193 5324 Simone
1224 5285 1377 5338 mago
1405 5270 1492 5325 die
1520 5271 1695 5326 domi-

171 5352 270 5409 vim
295 5367 607 5426 certaturus,
653 5368 870 5431 propter
912 5361 1083 5430 ipsum
1135 5376 1337 5432 magna:
1391 5365 1695 5419 tentatiouis

172 5444 450 5518 periculum,
470 5452 632 5520 pridie
657 5467 776 5507 cum
796 5451 1032 5522 ejusdem
1060 5451 1204 5507 urbis
1232 5453 1469 5509 Ecclesia
1488 5455 1695 5525 jejuna-

176 5534 299 5603 Verit,
320 5548 371 5595 et
386 5554 663 5599 consecuta
682 5553 787 5600 tam
799 5557 1055 5616 prospero
1074 5543 1411 5615 gloriosoque
1426 5560 1690 5615 successu,

220 5752 240 5802 ,ι
256 5756 371 5820 tam
398 5763 582 5820 ram
600 5767 749 5820 errat.
763 5760 995 5815 uthincei
1011 5760 1197 5813 evenire
1211 5761 1697 5817 tmtendwnsitetiam

177 5808 291 5879 illud,
300 5823 387 5869 etc.
401 5808 457 5872 tt
473 5808 674 5876 mea;
684 5808 883 5890 "183m"?
880 5808 1003 5878 sicut
1014 5808 1084 5877 Et
1091 5808 1195 5886 ass;
1210 5808 1690 5890 manassias:

3284 395 3383 453 146

1821 502 2065 559 eumdem
2095 521 2296 562 morem
2322 510 2579 576 tenuerit,
2608 525 2832 581 eumque
2863 505 3078 563 imitatae
3113 508 3221 565 sint
3253 525 3387 565 non-

1816 596 1973 650 nullae
1995 596 2296 653 Occidentis
2316 598 2590 655 Ecclesiae.
2618 601 2722 657 Sed
2749 604 2814 669 si,
2834 612 2891 656 ut
2918 600 3019 654 iste
3034 600 3180 667 dicit,
3202 602 3387 657 Simon

1818 700 2005 756 magus
2032 687 2196 758 ﬁgura
2236 699 2349 744 erat
2373 689 2565 745 diaboli
2592 732 2607 757 ,
2631 706 2735 747 non
2772 692 2925 763 plane
2944 688 3272 746 sabbatarius
3296 701 3390 748 aut

1816 777 2196 836 dominicarius
2221 824 2235 847 ,
2283 783 2374 837 sed
2405 784 2739 854 quotidianus
2763 795 2844 841 est
2878 787 2968 843 ille
2993 796 3247 854 tentator;
3288 803 3389 846 nec

1816 881 1996 928 tamen
2024 874 2278 931 adversus
2323 891 2445 931 eum
2483 878 2715 947 quotidie
2753 879 3051 950 jejuuatur,
3091 882 3302 953 quando
3332 892 3390 938 et

1818 964 2005 1021 diebus
2029 966 2309 1023 dominicis
2331 969 2597 1035 omnibus,
2641 986 2672 1025 e
2712 972 3085 1043 quinquaginta
3126 984 3247 1045 post
3288 976 3389 1029 Pa-

1816 1058 1964 1124 scha,
1989 1068 2043 1113 et
2064 1074 2159 1129 per
2170 1059 2375 1115 diversa
2403 1061 2515 1116 loca
2536 1060 2722 1117 diebus
2744 1062 3067 1117 solemnibus
3096 1076 3387 1137 martyrum

1816 1158 1865 1203 et
1895 1148 2042 1203 festis
2067 1149 2361 1221 quibusque
2380 1151 2664 1221 prandetur
2693 1171 2706 1206 :
2738 1161 2791 1206 et
2812 1162 2987 1207 tamen
3008 1153 3249 1209 diabolus
3274 1156 3394 1209 vin-

1818 1242 1975 1308 citur,
1990 1242 2037 1295 si
2055 1242 2193 1297 oculi
2220 1243 2385 1297 nostri
2403 1243 2503 1297 siut
2527 1258 2736 1312 semper
2754 1243 2819 1298 ad
2848 1244 3148 1311 Dominum,
3186 1255 3241 1298 ut
3272 1245 3389 1314 ipse

1820 1335 2010 1390 evellat
2036 1335 2102 1390 de
2128 1337 2317 1405 laqueo
2359 1336 2519 1406 pedes
2547 1338 2793 1407 nostros(
2815 1335 2962 1391 Psal.
2990 1353 3138 1403 xxxv,
3169 1338 3235 1392 15
3256 1338 3275 1409 )
3295 1354 3309 1402 ;
3333 1346 3392 1393 et

1818 1428 1930 1483 sive
1974 1427 2353 1482 manducamus
2397 1428 2508 1483 sive
2550 1427 2776 1482 bibimus
2801 1470 2815 1492 ,
2866 1428 2976 1482 sive
3020 1429 3390 1499 quodcumque

1819 1520 2061 1587 facimus,
2089 1521 2263 1575 omnia
2304 1522 2353 1575 in
2382 1522 2604 1591 gloriam
2628 1522 2720 1576 Dei
2750 1521 3001 1575 faciamus
3022 1537 3035 1583 ;
3055 1530 3107 1576 et
3136 1531 3391 1591 quantum

1820 1610 1873 1664 in
1896 1611 2047 1665 nobis
2076 1620 2174 1674 est,
2204 1611 2319 1665 sine
2354 1610 2649 1666 offensione
2691 1612 2856 1665 simus
2880 1610 3076 1665 Judzeis
3110 1620 3163 1665 et
3192 1612 3392 1668 Graecis

1818 1710 1875 1756 et
1899 1702 2147 1757 Ecclesiae
2185 1703 2277 1757 Dei
2308 1703 2325 1772 (
2348 1703 2367 1757 ι
2394 1703 2511 1759 Cor.
2542 1719 2597 1767 x,
2630 1704 2719 1769 5f,
2747 1703 2872 1773 52).
2902 1702 3053 1771 Quod
3080 1718 3267 1773 parum
3298 1717 3390 1759 co-

1819 1793 2005 1863 gitant,
2033 1794 2120 1863 qui
2143 1808 2261 1849 cum
2287 1795 2580 1851 offensione
2606 1794 2946 1861 manducaui,
2970 1795 3052 1850 vel
3078 1810 3196 1849 cum
3219 1794 3389 1851 offen-

1819 1884 1968 1939 sione
2015 1885 2254 1955 jejuuant
2283 1929 2296 1951 ,
2345 1896 2399 1940 et
2448 1901 2543 1956 per
2589 1886 2889 1941 utramlibet
2931 1886 3389 1958 intemperantiam

1817 1976 2065 2031 scandala
2103 1977 2407 2043 concitant,
2438 1976 2632 2047 quibus
2672 1991 2775 2031 non
2819 1986 3097 2047 superatur
3123 1977 3386 2045 diabolus,

1816 2064 1909 2120 sed
1928 2065 2153 2121 laetatur.

1887 2157 1977 2211 22.
2020 2157 2171 2225 Quod
2217 2159 2260 2212 si
2311 2157 2696 2228 respondetur,
2732 2157 2831 2213 hoc
2859 2157 3105 2213 docuisse
3133 2157 3386 2214 Iacobum

1818 2249 2183 2321 Jerosolymis,
2213 2248 2405 2319 Ephesi
2426 2248 2707 2314 Joannem,
2746 2258 3073 2319 craterasque
3099 2248 3214 2303 aliis
3233 2249 3384 2314 locis,

1815 2341 1956 2413 quod
1974 2341 2150 2397 docuit
2178 2343 2362 2397 Romm
2383 2343 2591 2409 Petrus,
2616 2342 2667 2397 id
2688 2352 2769 2397 est
2795 2351 2849 2396 ut
2867 2341 3385 2412 sabbatojcjunetur,

1815 2435 1909 2489 sed
1938 2436 2003 2490 ab
2031 2434 2130 2489 hac
2164 2436 2403 2490 doctrina
2436 2444 2603 2489 terras
2627 2444 2844 2489 caeteras
2862 2433 3124 2497 deviasse,
3148 2442 3307 2501 atque
3333 2434 3385 2487 iu

1814 2540 1876 2579 ea
1908 2526 2125 2579 Romam
2155 2527 2365 2582 stetisse
2390 2545 2403 2579 :
2432 2535 2484 2580 et
2505 2542 2535 2581 e
2572 2526 2839 2580 contrario
2866 2524 3093 2579 refertur
3130 2523 3389 2581 Occiden-

1814 2616 1883 2670 tis
1930 2616 2102 2685 pmius
2145 2617 2319 2686 aliqua
2350 2617 2463 2671 loca
2505 2618 2556 2670 in
2593 2616 2781 2685 quibus
2812 2616 2977 2669 Roma
3011 2624 3113 2683 est,
3142 2630 3247 2671 non
3276 2631 3389 2671 scr-

1813 2721 1968 2761 vasse
1985 2706 2124 2776 quod
2154 2707 2388 2777 Apostoli
2410 2706 2767 2772 tradiderunt;
2790 2706 3021 2761 Orientis
3046 2721 3174 2761 vero
3196 2714 3383 2770 terras,

1812 2796 1956 2850 unde
1983 2798 2149 2866 cmpit
2172 2797 2341 2866 ipsum
2371 2796 2710 2867 Evangelium
2753 2797 3047 2867 praedicari,
3075 2797 3126 2850 in
3157 2812 3222 2851 eo
3245 2795 3387 2866 quod

1813 2889 1881 2942 ab
1908 2890 2152 2945 omnibus
2177 2889 2334 2944 simul
2359 2904 2476 2944 cum
2501 2891 2616 2959 ipso
2656 2891 2816 2945 Petro
2842 2890 3110 2960 Apostolis
3138 2890 3385 2945 traditum

1812 2988 1913 3044 est,
1944 2996 2010 3033 ne
2029 2980 2248 3035 sabbato
2276 2980 2559 3049 jejuuetur,
2593 2981 2705 3035 sine
2735 2982 2908 3050 aliqua
2936 2981 3192 3035 varietate
3231 2995 3383 3035 man-

1812 3070 1949 3126 sisse
1981 3088 1993 3124 :
2039 3072 2442 3127 interminabilis
2470 3082 2549 3127 est
2589 3073 2687 3127 ista
2716 3074 3003 3136 contentio,
3041 3087 3301 3143 generatis
3323 3073 3386 3126 li-

1812 3171 1915 3227 tes,
1962 3177 2064 3215 uon
2115 3162 2303 3218 finiens
2332 3164 2670 3234 qumstiones.
2699 3164 2779 3218 Sit
2815 3179 2940 3235 ergo
2966 3178 3070 3218 una
3100 3162 3230 3218 fides
3265 3164 3388 3218 uui-

1812 3270 1981 3309 versre
2006 3270 2124 3325 quae
2149 3255 2344 3326 ubique
2375 3256 2623 3310 dilatatur
2650 3256 2900 3311 Ecclesiae
2920 3297 2934 3321 ,
2966 3264 3212 3327 tanquam
3244 3256 3386 3310 intus

1811 3345 1865 3399 in
1910 3347 2163 3401 membris
2209 3390 2222 3413 ,
2271 3348 2476 3402 etiamsi
2525 3347 2635 3417 ipsa
2680 3346 2801 3401 fidei
2856 3350 3027 3403 unitas
3075 3348 3387 3417 quibusdam

1814 3435 2039 3491 diversis
2090 3438 2549 3493 observationibus
2598 3438 2941 3505 celebratur,
2998 3439 3187 3509 quibus
3239 3439 3385 3493 nullo

1810 3527 1973 3580 modo
2026 3527 2164 3596 quod
2231 3528 2282 3581 in
2345 3529 2446 3583 fide
2489 3544 2672 3582 verum
2722 3537 2800 3584 est
2848 3530 3146 3600 impeditur.
3209 3530 3386 3585 Omnis

1808 3616 1951 3669 enim
1995 3617 2318 3684 pulchritudo
2366 3618 2487 3686 ﬁlia!
2528 3619 2659 3688 regis
2708 3619 3005 3673 intrinsecus
3045 3618 3211 3692 (Psal.
3237 3635 3378 3688 XLIV,

1811 3707 1900 3776 M)
1918 3724 1929 3759 :
1947 3707 2050 3761 illa:
2075 3717 2250 3762 autem
2278 3708 2673 3765 observationes
2702 3725 2821 3779 quae
2846 3711 3003 3764 variae
3023 3711 3379 3777 celebrantur,

1810 3799 1862 3852 in
1891 3800 2005 3868 ejus
2034 3809 2180 3854 veste
2210 3801 2600 3872 intelliguntur;
2632 3802 2775 3857 unde
2816 3803 2885 3858 ibi
2928 3802 3139 3869 dicitur,
3176 3801 3242 3857 In
3268 3805 3384 3873 fimo

1807 3890 1929 3945 briis
1971 3894 2136 3946 aureis
2173 3894 2543 3946 circumamicta
2571 3895 2807 3948 varietate
2842 3894 3025 3966 (lbid.,
3050 3893 3158 3967 l5).
3184 3894 3289 3949 Sed
3318 3909 3382 3951 ea

1807 3998 2018 4053 quoque
2060 3984 2221 4037 vestis
2264 3985 2332 4039 ita
2379 3985 2601 4039 diversis
2648 3986 3091 4040 celebrationibus
3124 3986 3377 4051 varietur,

1876 4163 2101 4220 CAPUT
2129 4166 2193 4219 X.
2209 4168 2383 4221 --25.
2409 4166 2691 4231 Postremo,
2712 4166 2897 4233 inquit,
2913 4168 2958 4218 si
2969 4164 3006 4218 Ι
3010 4166 3182 4220 udteus
3201 4167 3377 4221 sabbav

1807 4264 1911 4307 tum
1933 4256 2140 4308 colendo
2168 4256 2471 4309 dominicum
2496 4266 2661 4326 negat,
2685 4257 2933 4327 quomodo
2958 4256 3271 4312 Christianus
3298 4260 3380 4312 ob.

1805 4355 1969 4400 servat
2000 4347 2299 4402 sabbatum?
2339 4348 2438 4400 Aut
2472 4349 2627 4401 simus
2654 4347 2948 4415 Christiani,
2986 4360 3031 4402 et
3069 4350 3377 4403 dominicum

1805 4441 2069 4503 colamus;
2115 4448 2200 4493 aut
2228 4441 2384 4494 simus
2424 4439 2617 4508 Iudici,
2647 4451 2693 4495 et
2735 4442 2991 4497 sabbatum
3020 4445 3327 4498 observemus
3359 4459 3377 4498 :

1810 4548 1828 4581 ι
1874 4531 2037 4583 Nemo
2062 4532 2200 4585 enim
2244 4540 2399 4601 potest
2424 4532 2614 4585 duobus
2643 4532 2858 4587 dominis
2895 4535 3074 4588 seri-ire
3108 4552 3126 4585 ι
3165 4536 3374 4605 (Matth.

1802 4638 1856 4676 vr
1884 4666 1898 4689 ,
1929 4621 2045 4691 24).
2092 4624 2274 4677 Nonne
2312 4624 2381 4676 ita
2413 4623 2662 4692 loquitur,
2708 4632 2957 4693 tanquam
3001 4627 3201 4681 sabbati
3241 4629 3376 4683 alius

1803 4716 2050 4771 dominus
2076 4716 2162 4780 sit,
2208 4716 2341 4769 alius
2366 4714 2649 4769 dominici?
2685 4714 2791 4770 Nec
2824 4717 2949 4771 illud
2981 4719 3124 4772 audit
3152 4720 3291 4788 quod
3322 4730 3377 4774 et

1805 4807 1918 4876 ipse
1947 4806 2384 4860 commemoravit
2415 4822 2428 4859 :
2464 4806 2711 4861 Dominus
2741 4818 2812 4861 est
2841 4809 2971 4861 enim
2996 4810 3187 4863 sabbati
3208 4809 3375 4865 Filius

1806 4899 2023 4953 hominis
2052 4897 2200 4970 (Luc.
2223 4915 2295 4966 vi,
2318 4897 2393 4970 5).
2425 4898 2574 4965 Quod
2610 4909 2786 4955 autem
2822 4900 2889 4954 ita
2919 4916 3015 4954 nos
3041 4902 3152 4955 vult
3185 4917 3305 4958 esse
3342 4918 3374 4958 ι

1804 4990 2023 5045 sabbato
2046 4991 2268 5059 alienos,
2308 4991 2443 5045 sicut
2471 4989 2637 5045 Judaei
2668 4999 2791 5044 sunt
2830 5006 2860 5045 a
2891 4991 3154 5047 dominico
3191 4993 3369 5059 alieni,

1801 5097 1978 5138 nonne
2000 5091 2201 5137 tantum
2222 5091 2365 5137 errat
2382 5092 2437 5137 ut
2465 5084 2801 5153 possitetiam
2826 5083 3020 5147 dicere.
3044 5084 3114 5139 ita
3142 5100 3238 5139 nos
3264 5101 3373 5141 non

1800 5174 1998 5230 debere
2042 5175 2281 5243 accipere
2311 5174 2501 5243 Legem
2537 5188 2635 5227 nec
2679 5172 2990 5243 Prophetas,
3030 5175 3164 5229 sicut
3204 5175 3369 5230 Judrei

1801 5281 1906 5321 non
1946 5267 2211 5336 accipiunt
2247 5265 2588 5334 Evangelium
2639 5278 2737 5319 nec
2766 5264 3082 5334 Apostolus?
3106 5265 3255 5333 Quod
3280 5265 3369 5333 qui

1802 5357 1956 5426 sapit,
1989 5356 2112 5425 quid
2156 5356 2280 5410 mali
2308 5356 2477 5425 sapiat
2514 5356 2695 5425 utique
2739 5355 3007 5426 intelligis.
3035 5354 3138 5409 Sed
3182 5362 3365 5421 vetera,

1802 5446 1991 5515 inquit,
2020 5448 2188 5499 omnia
2220 5446 2544 5509 transierunt,
2570 5456 2619 5501 et
2648 5447 2702 5499 in
2721 5444 2918 5501 Christo
2951 5446 3086 5515 facta
3104 5453 3218 5496 sunt
3240 5459 3367 5497 nova

1804 5540 1870 5611 (ll
1910 5541 2028 5595 Cor.
2053 5556 2087 5595 v
2107 5580 2123 5606 ,
2168 5540 2273 5612 l7)
2303 5556 2316 5593 :
2343 5540 2443 5593 hoc
2462 5555 2643 5595 verum
2660 5549 2761 5594 est.
2786 5539 2916 5593 Nam
2940 5544 3210 5606 propterea
3230 5536 3368 5593 sicut

1801 5633 1966 5689 Judaei
2012 5632 2240 5687 sabbatis
2272 5646 2374 5686 non
2420 5645 2698 5694 vacamus,
2731 5629 2935 5684 etiamsi
2964 5627 3029 5682 ad
3058 5628 3353 5698 significan-

1801 5725 1923 5779 dam
1948 5725 2185 5793 requiem
2225 5738 2344 5795 qum
2371 5724 2463 5777 illo
2495 5723 2582 5777 die
2606 5719 2894 5790 significata
2925 5730 3043 5787 est,
3072 5720 3361 5776 christiana

1800 5818 2089 5890 sobrietate
2114 5826 2166 5877 et
2202 5816 2496 5890 frugalitate
2516 5821 2743 5883 servata,
2777 5813 2958 5889 jejunii
2981 5813 3251 5879 vinculum
3276 5829 3364 5873 re.
