4054 6394
185 414 279 477 m
1369 395 1848 461 EPISTOLARUM
1886 404 2162 462 CLASSIS
2199 404 2261 461 ιι.

186 538 285 595 ient
320 524 673 605 testimonium,
702 523 770 581 de
804 517 1185 605 Apostolorum
1216 506 1433 574 Actibus
1460 510 1734 605 adhibere,

189 638 291 684 cum
319 631 453 679 cs5et
479 601 749 691 apostolus
774 606 974 669 Paulus
1001 610 1054 666 in
1080 604 1308 665 Troade.
1327 606 1413 664 Sic
1438 609 1580 665 enim
1610 600 1740 664 scri-

188 728 314 792 ptum
343 723 452 769 est:
482 706 546 767 In
569 725 672 764 una
700 716 865 761 autem
890 696 1085 759 sabbati
1102 701 1415 774 congregatis
1438 696 1579 757 nobis
1594 700 1742 771 frau-

187 788 285 883 pm
298 820 488 879 partem,
506 796 699 856 Paulus
711 794 999 883 disputabat
1014 790 1137 861 illis,
1151 789 1375 848 exiturus
1390 788 1492 847 alia
1510 790 1611 862 die,
1627 810 1742 863 pro-

189 880 397 970 duraque
412 910 689 951 sermonem
714 907 869 964 usque
892 882 961 942 ad
980 886 1200 941 medium
1225 886 1385 941 noctis
1406 880 1539 957 (Act.
1555 880 1736 957 xx,7).

188 990 361 1052 Deinde
384 1004 500 1046 cum
526 979 888 1043 descendisset
912 975 979 1038 de
998 976 1295 1048 omnaculo,
1320 976 1407 1036 ubi
1434 980 1740 1051 congregati

174 1096 335 1155 erant,
363 1085 426 1142 ad
470 1075 894 1143 resuscitandum
925 1070 1317 1134 adolescentem
1336 1117 1350 1142 ,
1376 1074 1464 1147 qui
1487 1084 1739 1148 gravatus

174 1152 351 1239 ‘somno
372 1179 435 1234 de
474 1178 704 1232 fenestra
731 1169 996 1228 ceciderat
1021 1178 1074 1225 et
1100 1176 1339 1225 mortuus
1365 1166 1650 1231 ferebatur,
1674 1165 1741 1221 de

187 1276 283 1343 ipso
305 1266 551 1340 Apostolo
576 1262 849 1335 Scriptura
866 1256 942 1316 sic
959 1259 1220 1330 loquitur:
1243 1252 1527 1311 Ascendens
1553 1266 1737 1323 autem,

184 1365 347 1436 inquit,
364 1378 467 1416 cum
480 1359 717 1431 fregisset
738 1371 920 1427 panem
936 1362 1085 1425 atque
1094 1358 1363 1423 gustasset,
1379 1348 1598 1421 satisque
1618 1356 1740 1403 esset

185 1432 405 1511 allocutus
440 1467 595 1522 usque
632 1449 701 1503 ad
726 1442 1034 1514 diluculum,
1064 1439 1136 1498 sic
1175 1443 1428 1516 profectus
1458 1448 1527 1494 est
1555 1432 1604 1514 (1
1612 1440 1737 1506 bid.,

188 1547 287 1621 ll).
314 1540 445 1602 Absit
482 1553 543 1600 ut
578 1536 685 1598 hoc
728 1536 804 1596 sic
840 1534 1163 1609 accipiatur,
1212 1545 1460 1605 tanquam
1488 1532 1742 1621 solerent

186 1616 394 1713 Apostoli
420 1632 691 1692 dominico
722 1628 807 1688 die
832 1626 1143 1686 solemniter
1162 1626 1424 1697 jejunare.
1454 1616 1572 1680 Una
1598 1623 1739 1678 enim

184 1712 363 1787 sabbati
390 1740 515 1784 tunc
550 1721 917 1798 appellabatur
942 1721 1091 1786 dies,
1136 1718 1225 1789 qui
1264 1734 1403 1773 nunc
1445 1712 1741 1771 dominicus

185 1820 464 1894 appellatur,
482 1817 626 1891 quod
650 1817 703 1871 in
725 1807 1027 1886 Evangelils
1045 1808 1279 1882 apertius
1302 1809 1584 1864 invenitur.
1607 1800 1739 1860 Nam

184 1916 280 1971 dies
299 1909 700 1969 resurrectionis
719 1904 949 1975 Domini,
982 1905 1151 1977 prima
1178 1898 1383 1958 sabbati
1412 1918 1440 1956 a
1471 1896 1738 1966 Natthaeo,

183 2024 209 2062 a
243 2004 434 2061 ceteris
468 2011 649 2057 autem
698 1996 864 2054 tribus
906 2013 1009 2051 una
1050 1992 1254 2050 sabbati
1290 1992 1480 2048 dicitur
1525 1990 1738 2062 (Matth.

185 2102 339 2164 nvin,
368 2094 388 2151 l
413 2114 427 2161 ;
458 2090 627 2150 Marc.
656 2109 765 2161 va,
786 2088 842 2157 2;
871 2088 1001 2144 Luc.
1026 2105 1170 2155 xxxv,
1196 2084 1219 2141 l
1246 2105 1260 2153 ;
1294 2096 1340 2141 et
1368 2080 1525 2140 Joan.
1551 2102 1639 2152 xx,
1660 2082 1737 2155 l);

186 2205 317 2262 quem
344 2195 549 2244 constat
573 2201 694 2242 eum
721 2194 863 2251 esse,
895 2182 983 2254 qui
1015 2176 1311 2235 dominicus
1339 2188 1521 2249 postea
1553 2176 1739 2249 appel-

184 2282 300 2335 latus
328 2288 418 2334 est.
446 2281 555 2333 Aut
580 2293 707 2347 ergo
723 2280 843 2346 post
864 2282 1134 2345 peractum
1156 2272 1295 2326 diem
1317 2266 1541 2335 sabbati,
1570 2264 1742 2325 noctis

185 2368 313 2425 initio
334 2364 535 2425 fuerant
551 2365 878 2438 congregati,
909 2376 1029 2435 quae
1057 2364 1238 2434 utique
1262 2377 1364 2416 nox
1384 2356 1494 2431 jam
1516 2358 1580 2415 ad
1601 2356 1741 2414 diem

190 2456 473 2515 dominicam
495 2501 513 2526 ,
546 2458 651 2513 hoc
690 2462 772 2512 est
800 2452 867 2510 ad
895 2470 1053 2510 unam
1080 2452 1283 2508 sabbati
1323 2451 1656 2523 pertinebat;
1690 2460 1744 2505 et

188 2551 252 2607 ita
276 2546 437 2607 eadem
469 2556 631 2607 nocte
678 2547 940 2604 fracturus
982 2561 1173 2618 panem
1196 2587 1210 2612 ,
1242 2540 1377 2599 sicut
1405 2544 1659 2613 frangitur
1689 2542 1742 2596 in

185 2646 484 2699 sacramento
539 2641 783 2713 corporis
850 2639 1082 2704 Christi,
1139 2635 1390 2709 produxit
1439 2651 1741 2691 sermonem

187 2736 334 2802 usque
352 2728 410 2789 ad
434 2730 671 2789 medium
701 2730 893 2797 noctis,
924 2739 980 2784 ut
1006 2738 1125 2799 post
1148 2734 1479 2783 sacramenta
1506 2725 1739 2780 celebra-

187 2836 251 2895 ta,
277 2843 441 2884 rursus
471 2840 643 2899 usque
663 2823 729 2878 ad
750 2822 1041 2877 diluculum
1069 2820 1342 2890 alloquens
1370 2825 1737 2888 congregatos,

189 2918 403 2989 quoniam
434 2915 661 2972 multum
686 2910 987 2981 lesiinabat,
1018 2914 1075 2966 ut
1102 2906 1405 2966 lucescente
1435 2902 1741 2979 proficisce-

186 3022 311 3067 retttr
332 3006 599 3067 dominico
628 3004 751 3063 die:
781 3013 870 3060 aut
906 3014 1051 3060 certe
1089 3002 1133 3057 si
1176 2998 1228 3055 in
1275 3016 1377 3055 una
1408 2999 1612 3054 sabbati
1638 3014 1742 3053 non

184 3121 266 3179 per
288 3114 514 3173 noctem,
544 3100 639 3159 sed
670 3116 766 3173 per
794 3096 933 3155 diem
958 3096 1091 3151 bOra
1112 3093 1364 3179 dominici
1388 3092 1593 3147 fuerant
1612 3108 1742 3146 con-

183 3177 388 3270 gregati;
436 3211 504 3252 eo
554 3195 672 3265 ipso
715 3206 820 3263 quo
856 3186 1055 3244 dictum
1096 3194 1195 3251 est,
1228 3178 1429 3238 Paulus
1459 3177 1743 3252 disputabat

184 3286 292 3358 illis,
322 3288 546 3344 exiturus
576 3285 679 3340 alia
706 3284 807 3351 die,
836 3295 1089 3353 expressa
1120 3286 1203 3334 est
1230 3284 1386 3332 causa
1420 3272 1741 3346 producendi

186 3381 440 3447 sermonis,
468 3379 595 3451 quia
624 3377 795 3433 fuerat
822 3373 1083 3439 exiturus,
1113 3380 1165 3425 et
1190 3385 1281 3424 eos
1312 3364 1635 3423 sufﬁcienter
1664 3364 1743 3420 in-

186 3481 363 3529 struere
389 3468 659 3544 cupiebat.
698 3468 812 3524 Non
842 3482 970 3539 ergo
1009 3460 1321 3519 solemniter
1361 3460 1446 3516 die
1480 3458 1743 3515 dominico

186 3562 481 3653 ieiunabant,
506 3562 603 3617 sed
628 3559 959 3615 necessarius
985 3570 1165 3613 sermo
1185 3596 1199 3621 ,
1232 3552 1321 3624 qui
1349 3550 1505 3606 studii
1535 3546 1741 3606 ferven-

190 3647 349 3709 iisslmi
379 3654 693 3712 audiebatur
726 3653 944 3717 ardore,
990 3647 1261 3706 reﬁciendi
1304 3648 1542 3717 corporis
1585 3661 1742 3701 causa

189 3748 622 3819 interrumpendus
652 3762 774 3802 esse
800 3761 907 3800 non
926 3744 1069 3797 visus
1086 3750 1169 3797 est
1191 3740 1489 3812 profecturo
1516 3736 1743 3808 Aposto-

188 3838 260 3905 lo,
287 3842 369 3911 qui
394 3856 516 3906 eos,
548 3849 767 3911 propter
796 3837 931 3892 alios
962 3846 1091 3889 suos
1120 3842 1496 3902 usquequaque
1533 3831 1740 3885 discur-

189 3940 284 3997 sus,
309 3930 386 3986 vel
408 3931 543 3986 alias
571 3940 864 3999 nunquam,
893 3923 979 3981 vel
1002 3922 1275 3979 rarissime
1300 3920 1575 3984 visitabat;
1608 3933 1743 3990 prac-

188 4024 348 4078 sertim
392 4023 513 4095 quia
563 4030 690 4077 tunc
732 4034 797 4075 ex
846 4016 950 4074 illis
994 4016 1149 4073 terris
1186 4014 1322 4070 sicut
1365 4015 1740 4085 consequentia

190 4113 381 4182 docent,
411 4117 478 4170 ita
506 4115 838 4171 discessurus
868 4118 1012 4178 erat,
1040 4118 1099 4165 ut
1121 4110 1229 4180 jam
1259 4123 1362 4162 non
1394 4115 1537 4161 esset
1566 4120 1658 4161 eos
1688 4106 1739 4159 in

190 4219 329 4261 carne
355 4208 575 4263 visurus.
610 4207 687 4261 Ac
714 4220 807 4275 per
833 4203 933 4259 hoc
961 4202 1126 4274 magis
1144 4200 1445 4257 ostenditur
1461 4199 1740 4254 dominicis

191 4292 355 4353 diebus
383 4298 531 4354 solita
554 4298 657 4352 illis
682 4312 786 4351 non
818 4295 982 4349 fuisse
997 4292 1217 4365 jejunia,
1246 4291 1368 4363 quia
1394 4306 1462 4346 ne
1486 4289 1587 4345 hoc
1620 4304 1737 4344 cre-

192 4385 398 4457 deretur,
426 4390 624 4446 curavit
647 4388 875 4460 scriptor
903 4386 1020 4441 libri
1043 4400 1253 4442 causam
1278 4382 1600 4453 producendi
1627 4396 1739 4437 ser-

194 4480 346 4535 monis
384 4497 680 4555 exponere;
742 4492 797 4537 ut
848 4480 1107 4536 sciremus
1148 4476 1191 4531 si
1234 4476 1405 4547 aliqua
1450 4475 1741 4531 necessitas

193 4572 387 4641 oriatur,
414 4572 700 4645 urgentiori
738 4571 933 4628 actioni
962 4584 1069 4624 non
1096 4582 1215 4624 esse
1246 4566 1518 4636 prandium
1547 4563 1737 4634 prafe-

190 4660 388 4720 rendum
418 4683 429 4718 :
460 4664 706 4739 quamvis
734 4663 800 4717 ab
828 4662 942 4718 istis
967 4659 1269 4715 avidissime
1292 4656 1645 4722 audientibus,
1686 4666 1741 4712 et

195 4755 343 4824 ipsum
385 4757 573 4815 fontem
614 4754 969 4826 cogitantibus
998 4751 1352 4824 profecturum
1375 4793 1390 4816 ,
1430 4760 1588 4820 atque
1616 4750 1737 4806 ideo

194 4859 361 4917 magna
385 4846 465 4904 siti
497 4865 604 4904 non
633 4862 785 4918 aqum
809 4887 824 4912 ,
857 4844 949 4900 sed
976 4844 1121 4899 verbi
1150 4843 1265 4897 sine
1292 4841 1535 4896 satietate
1579 4839 1738 4910 quid-

194 4932 300 5002 quid
324 4928 560 4995 inlluebat
586 4936 971 5001 baurientibus,
1004 4948 1107 4988 non
1132 4942 1330 4987 tantum
1348 4930 1557 4985 carnale
1584 4945 1741 4999 pran-

193 5021 342 5096 dium,
367 5044 537 5085 verum
568 5030 728 5085 etiam
755 5038 904 5082 omna
930 5030 1233 5092 contempta
1259 5030 1363 5077 est.

254 5114 339 5172 ω.
372 5115 471 5176 Sed
498 5120 622 5175 tunc
650 5115 895 5189 quamvis
920 5114 1188 5170 dominico
1216 5108 1304 5167 die
1333 5105 1483 5166 solita
1516 5107 1619 5164 illis
1656 5106 1736 5179 ie-

192 5202 320 5273 lntia
344 5220 442 5265 non
464 5204 706 5275 fuissent,
731 5225 834 5263 non
860 5214 976 5263 erat
1003 5214 1177 5260 tamen
1203 5201 1454 5257 Ecclesiae
1478 5206 1585 5253 tam
1611 5199 1739 5254 iusi-

194 5298 296 5365 guis
319 5300 543 5369 oﬂ‘ensio,
589 5304 633 5356 si
673 5302 845 5372 aliqua
877 5301 964 5354 tali
998 5297 1311 5353 necessitate
1330 5337 1345 5359 ,
1372 5290 1579 5365 qualem
1607 5304 1737 5361 ape-

196 5388 343 5445 stolus
366 5388 543 5451 Paulus
564 5393 769 5460 habuit,
799 5392 886 5448 die
914 5399 1027 5446 toto
1050 5388 1317 5444 dominico
1341 5400 1507 5455 usque
1536 5384 1603 5438 ad
1621 5398 1737 5439 me-

198 5478 322 5537 dium
347 5487 538 5555 noctis,
570 5484 650 5543 rei
683 5486 843 5541 etiam
872 5492 1041 5554 usque
1076 5480 1145 5536 ad
1188 5476 1476 5534 diluculum
1521 5474 1739 5530 reticere

199 5584 399 5645 Wa
423 5594 521 5636 non
546 5585 816 5635 curarent.
848 5577 995 5633 Nunc
1036 5588 1161 5630 vero
1191 5582 1531 5643 posteaquam
1563 5569 1737 5623 hmre-

203 5661 310 5732 liti,
333 5664 549 5727 aulae
580 5666 880 5742 impiissimi
906 5664 1180 5721 Manichtei
1210 5663 1251 5731 ⁸,
1280 5658 1477 5733 jejunia
1505 5656 1609 5714 diei
1638 5658 1737 5715 do-

256 5816 393 5898 1g.
408 5820 602 5898 quadam.
629 5836 679 5878 et
694 5836 931 5898 λξξςηεεξι,
954 5820 1279 5895 praetenuis:
1311 5830 1429 5870 voce
1452 5812 1735 5876 Mmticltwi.

405 5896 593 5940 Maxime
612 5896 882 5953 immissum
895 5898 1100 5950 manta.

1846 519 2028 575 minici
2070 536 2176 575 non
2216 520 2389 591 aliqua
2424 518 2746 577 necessitate
2783 531 3097 579 occurrente
3137 539 3429 596 peragas.

1849 614 1943 669 sed
1969 614 2118 684 quasi
2144 628 2297 669 sacra
2320 613 2664 670 solemnitate
2696 622 2894 670 statuta
2928 616 3294 687 dogmatizare
3314 632 3433 675 oea-

1844 715 2043 779 perunt
2054 717 2113 763 et
2128 708 2479 764 innotuerunt
2492 706 2704 779 populis
2722 707 3029 763 clnistianis
3043 726 3056 774 ;
3072 709 3312 778 proiecto
3327 724 3433 771 nec

1846 802 1940 859 tali
1982 802 2336 866 necessitate,
2382 800 2593 871 qualem
2618 800 2909 870 Apostolus
2933 800 3144 868 habuit,
3178 801 3433 857 existim)

1844 891 2144 948 iaciendum
2162 907 2283 948 esse
2308 892 2449 964 quod
2474 891 2632 959 fecit,
2668 907 2739 948 ne
2766 892 2941 962 majus
2959 893 3159 948 malum
3186 895 3432 951 iam

1848 996 1935 1042 tur
1956 986 2014 1040 in
2038 986 2309 1051 seandalo,
2354 1000 2512 1056 quam
2552 985 2753 1040 bonum
2786 984 3109 1054 petebatur
3140 998 3210 1041 ex
3246 987 3429 1041 verbo.
3475 1013 3489 1029 ι

1850 1077 2117 1148 Quidquid
2145 1086 2325 1132 tamen
2346 1090 2526 1132 causa
2554 1075 2639 1130 vel
2664 1075 3001 1131 necessitatis
3024 1076 3311 1144 exstiterit,
3328 1092 3433 1132 cur
3486 1074 3509 1139 Ἄ

1842 1170 2009 1224 homo
2034 1169 2352 1223 christiauus
2376 1168 2465 1223 die
2484 1167 2753 1223 dominia)
2764 1166 3012 1236 jejunum
3026 1178 3268 1238 matur,
3290 1170 3432 1225 sicut

1844 1265 2008 1321 etiam
2049 1262 2180 1317 illud
2228 1263 2281 1317 in
2325 1261 2547 1317 Actibus
2588 1261 2965 1329 Apostolorum
3005 1261 3325 1328 invenimus,
3370 1263 3431 1316 in

1847 1354 2102 1424 naufragii
2146 1353 2416 1423 periculo,
2462 1351 2551 1407 ubi
2579 1360 2636 1407 et
2663 1351 2778 1420 ipse
2803 1351 3088 1420 Apostolus
3112 1352 3388 1421 navigabat
3404 1388 3427 1417 η

1846 1446 2246 1519 quatuordecim
2272 1445 2463 1500 diebus
2484 1482 2501 1509 ,
2546 1459 2611 1499 ac
2640 1458 2743 1514 per
2780 1443 2883 1499 hoc
2916 1443 3124 1497 duobus
3146 1442 3429 1498 dotniniois

1841 1541 2133 1612 jejunatum
2163 1536 2469 1612 (Act.xxvu,
2498 1534 2623 1607 55);
2653 1536 2796 1589 nullo
2822 1534 2982 1589 modo
3002 1534 3248 1589 dubitare
3268 1534 3431 1590 debeo

1846 1648 1987 1697 mus,
2020 1630 2345 1689 dominicum
2368 1628 2511 1683 diem
2530 1663 2548 1693 ,
2590 1626 2809 1697 aquando
2834 1640 2942 1680 non
2970 1625 3150 1695 plores
3171 1624 3288 1679 tios
3314 1626 3431 1681 sine

1845 1725 1949 1781 ulla
1970 1722 2260 1779 refectione
2280 1718 2621 1775 continuandi
2649 1725 2927 1782 voventur,
2952 1716 3432 1787 iatorjqjuniorum

1846 1816 1961 1872 dies
1986 1830 2092 1871 non
2120 1829 2243 1871 esse
2264 1812 2593 1883 ponendum.
3451 1862 3455 1869 ,

1914 1906 2144 1963 CAPUT
2178 1904 2317 1960 Xlil.
2347 1934 2419 1944 --
2455 1903 2544 1959 30.
2587 1902 2907 1958 Cur‘autem
2952 1909 3144 1972 quarta
3187 1910 3241 1957 et
3276 1910 3432 1957 sem

1845 1999 2074 2056 maxime
2090 1998 2294 2067 jejunet
2318 1996 2579 2066 Ecclesia,
2598 1996 2683 2050 illa
2704 1996 2843 2049 ratio
2858 1994 3011 2050 reddi
3035 1994 3264 2061 videtur,
3282 1994 3434 2065 quod

1847 2094 2181 2149 considerate
2224 2090 2539 2160 Evangelia,
2584 2090 2696 2159 ipsa
2746 2097 2935 2158 quarta
2977 2088 3221 2156 sabbati,
3266 2100 3433 2158 quam

1848 2187 2005 2257 vulgo
2035 2194 2280 2257 quartam
2313 2184 2497 2239 feriam
2528 2192 2749 2248 vocant,
2783 2182 3063 2237 consilium
3089 2182 3435 2253 reperiuntur

1847 2279 1912 2334 ad
1954 2277 2299 2332 occidendum
2344 2274 2625 2329 Dominum
2670 2273 2860 2329 fecisse
2894 2272 3084 2327 Jodzei.
3121 2272 3433 2328 [timuisse

1847 2380 2024 2426 autem
2053 2384 2156 2424 uno
2184 2368 2273 2423 die
2295 2409 2311 2435 ,
2344 2368 2494 2437 cujus
2524 2381 2743 2437 vespera
2774 2366 3026 2420 Dom
3070 2365 3271 2420 Pascha
3302 2376 3434 2419 cum

1848 2464 2121 2533 discipulis
2162 2462 2528 2521 manducavit.
2564 2460 2658 2530 qni
2696 2460 2818 2513 ﬁnis
2857 2459 2955 2514 fuit
2991 2460 3107 2529 eius
3134 2459 3243 2514 diei
3264 2468 3435 2530 quem

1849 2568 2098 2609 vocamus
2123 2553 2361 2622 quintam
2388 2551 2626 2614 sabbati,
2655 2550 2849 2605 deinde
2876 2551 3100 2605 traditus
3124 2560 3211 2607 est
3234 2564 3298 2607 ea
3324 2565 3431 2607 nos

1849 2653 1934 2701 cte
1954 2660 2072 2714 quae
2088 2644 2198 2712 jam
2216 2643 2286 2697 ad
2306 2652 2509 2697 sextam
2527 2643 2759 2708 sabbati,
2782 2642 2874 2713 qui
2892 2642 3014 2698 dies
3032 2644 3296 2712 passionis
3311 2640 3434 2713 eius

1848 2733 2161 2790 manifestus
2189 2743 2289 2799 est,
2313 2731 2629 2801 pertinebat.
2656 2732 2753 2786 llic
2766 2732 2882 2786 dies
2901 2733 3104 2802 prmus
3124 2744 3432 2804 azymorum

1847 2828 1945 2883 fuit
1979 2842 2008 2882 θ
2054 2840 2275 2896 vespera
2318 2826 2594 2894 incipiens.
2637 2824 2743 2879 Sed
2787 2825 3065 2879 Mattheus
3104 2826 3432 2897 evangelista

1847 2920 2083 2990 quintam
2113 2917 2320 2972 sabbati
2347 2917 2473 2971 dicit
2492 2914 2656 2970 fuisse
2680 2916 2902 2985 primam
2928 2915 3071 2971 diem
3097 2926 3428 2987 azymorum;

1846 3012 1968 3081 quia
1997 3011 2113 3080 ejus
2140 3023 2360 3079 vespera
2389 3016 2665 3077 sequente,
2694 3006 2868 3061 futura
2896 3018 3013 3062 erat
3035 3019 3189 3064 omna
3209 3010 3433 3079 pascite-

1847 3104 1949 3170 lis,
1986 3119 2092 3172 qua
2133 3114 2291 3156 coena
2333 3100 2617 3169 incipiebat
2640 3112 2884 3171 aaymum
2911 3110 2964 3155 et
2989 3102 3110 3155 ovis
3134 3101 3433 3156 immutatio

1848 3194 2176 3251 manducari.
2209 3192 2285 3246 Ex
2312 3206 2417 3261 quo
2441 3191 2707 3260 colligitur
2735 3199 2978 3260 quartam
3006 3192 3215 3246 sabbati
3240 3191 3429 3261 fuisse,

1849 3285 2062 3356 quando
2086 3286 2159 3339 ait
2187 3284 2442 3339 Dominus
2466 3300 2479 3334 :
2514 3282 2671 3336 Scitis
2696 3282 2815 3352 quia
2844 3291 2955 3353 post
2986 3282 3196 3336 biduum
3228 3283 3432 3339 Pass/ra

1848 3382 1930 3450 ﬁet
1954 3422 1969 3445 ,
2008 3388 2053 3433 et
2081 3377 2248 3432 Filius
2278 3376 2495 3430 hominis
2530 3374 2755 3429 tradetur
2780 3383 2839 3428 ut
2862 3376 3188 3445 cruciﬁgatur
3219 3374 3428 3446 (Matth.

1847 3487 1990 3537 xxvi,
2003 3470 2060 3541 2)
2080 3486 2092 3523 :
2108 3484 2169 3523 ac
2184 3482 2278 3538 per
2291 3467 2393 3521 hoc
2406 3466 2522 3521 dies
2534 3466 2646 3535 ipse
2658 3465 2862 3535 jejunio
2872 3464 3153 3534 deputatus
3170 3473 3270 3528 est,
3286 3467 3428 3535 quia,

1849 3564 1985 3619 sicut
2010 3560 2341 3631 Evangelista
2359 3560 2598 3629 sequitur
2612 3569 2665 3613 et
2684 3558 2834 3623 dicit,
2853 3557 2997 3611 Tum:
3011 3559 3296 3630 congregati
3314 3567 3434 3612 sunt

1848 3656 2099 3727 principes
2112 3653 2427 3708 sacerdotum
2440 3662 2485 3705 et
2500 3651 2715 3705 seniores
2731 3650 2908 3722 populi
2922 3650 2976 3703 in
2988 3652 3171 3704 atrium
3186 3648 3433 3721 principis

1848 3747 2164 3804 sacerdotum
2181 3787 2194 3811 ,
2217 3745 2303 3814 qui
2325 3744 2581 3797 dicebatur
2601 3742 2905 3814 Caipha,et
2922 3745 3187 3797 consilium
3206 3744 3433 3813 {acet-unt

1848 3852 1901 3896 ut
1926 3840 2101 3895 desum
2130 3838 2248 3893 dole
2271 3845 2488 3891 tenuent
2510 3845 2561 3891 et
2588 3837 2868 3889 occiderent
2886 3836 3053 3907 (Ibid,
3085 3838 3137 3902 5,
3163 3838 3237 3909 ι).
3263 3836 3433 3892 inter.

1848 3936 2012 3989 misso
2036 3942 2211 3987 autem
2236 3946 2344 3985 uno
2368 3929 2477 3997 die,
2500 3929 2567 3984 de
2584 3943 2691 3999 quo
2712 3929 2839 3983 dicit
2864 3930 3225 3999 Evangelinm,
3253 3929 3430 3983 Prima

1848 4034 2014 4079 autem
2027 4034 2319 4095 azymorum
2333 4029 2646 4075 accesserunt
2663 4020 2898 4090 discipuli
2916 4021 2983 4073 ad
2995 4020 3025 4072 ,Ι
3032 4030 3169 4073 esum
3180 4021 3396 4074 dicentes
3412 4036 3431 4073 :

1854 4115 1948 4170 Ubi
1974 4116 2045 4168 vis
2070 4129 2305 4183 paremus
2330 4112 2415 4165 tibi
2437 4110 2693 4164 comedere
2722 4111 2907 4181 pascha
2947 4105 3132 4180 (ιθιαη
3158 4110 3223 4163 l7
3244 4111 3301 4180 )l
3326 4110 3430 4165 hoc

1847 4218 1975 4273 ergo
2001 4203 2087 4257 die
2112 4202 2416 4256 intonuisse
2437 4240 2450 4265 ,
2479 4213 2667 4269 passus
2696 4207 2779 4253 est
2804 4198 3059 4253 Dominus
3085 4241 3097 4264 ,
3134 4199 3278 4270 quod
3307 4200 3430 4254 nui-

1846 4296 1929 4351 lus
1960 4293 2211 4363 ambigit,
2243 4300 2392 4347 sexta
2422 4290 2660 4357 sabbati;
2692 4299 3013 4361 quapropter
3046 4300 3099 4345 ct
3134 4291 3244 4361 ipsa
3279 4300 3429 4348 sexta

1847 4399 1992 4443 recte
2018 4386 2223 4457 jejunio
2249 4386 2573 4456 deputatur:
2601 4383 2800 4454 jejunia
2840 4384 3035 4454 quippe
3078 4378 3429 4442 humilitatem

1846 4478 2160 4550 signiﬁcant.
2190 4476 2339 4534 Unde
2366 4476 2562 4531 dictum
2582 4485 2701 4529 est:
2728 4474 2793 4528 Et
2818 4472 3146 4529 humiliation
3166 4476 3217 4528 in
3232 4476 3431 4548 jejunio

1847 4573 2068 4627 intimam
2095 4586 2257 4623 meam
2288 4566 2457 4639 (Psat.
2488 4580 2666 4633 xxxrv,
2694 4566 2804 4636 15).

1917 4668 2006 4722 Si.
2049 4666 2299 4735 Sequitur
2334 4663 2610 4717 sabbatum
2633 4700 2647 4729 ,
2692 4674 2801 4731 quo
2847 4661 2934 4715 die
2972 4672 3100 4715 caro
3134 4660 3333 4715 Christi
3374 4660 3428 4718 in

1847 4766 2192 4813 monumento
2212 4754 2493 4824 requievit,
2522 4753 2659 4807 sicut
2683 4752 2734 4807 in
2763 4752 2949 4822 primis
2970 4751 3220 4821 operibus
3244 4748 3429 4809 mtmdi

1848 4847 2109 4919 requievit
2157 4847 2295 4901 Deus
2332 4843 2419 4899 die
2466 4842 2556 4899 illo
2597 4840 2665 4898 ab
2707 4843 2954 4898 omnibus
2996 4843 3247 4913 operibus
3294 4846 3425 4899 suis.

1848 4941 1983 4995 Hinc
2003 4945 2185 4993 exorta
2214 4945 2297 4991 est
2324 4936 2425 4990 ista
2452 4937 2505 4989 in
2530 4936 2727 5004 reginae
2756 4935 2895 4988 illius
2923 4942 3072 4988 veste
3096 4935 3345 5000 varietas,
3368 4946 3430 4992 ut

1846 5030 1956 5098 alii,
1988 5031 2125 5086 sicut
2154 5029 2385 5084 maxime
2413 5028 2588 5098 populi
2619 5028 2848 5082 Orientis
2872 5069 2887 5094 ,
2931 5032 3146 5098 propter
3189 5028 3427 5099 requiem

1846 5123 2241 5196 significandam
2270 5123 2489 5177 mallent
2514 5122 2751 5175 relaxare
2770 5120 3062 5189 jejunium,
3092 5122 3179 5175 alii
3212 5131 3429 5192 propter
3492 5168 3493 5171 η

1847 5217 2200 5273 humilitatem
2227 5215 2411 5269 mortis
2434 5213 2639 5267 Domini
2658 5212 2921 5282 jejunum,
2946 5212 3087 5267 sicut
3112 5212 3347 5267 Romana
3372 5220 3427 5265 et

1846 5310 2113 5366 nonnulla:
2136 5306 2441 5363 Occidentis
2472 5305 2742 5361 Ecclesiae.
2770 5304 2921 5372 Quod
2945 5304 3156 5374 quidem
3178 5320 3285 5359 uno
3313 5302 3422 5368 die,

1848 5418 1952 5473 quo
1979 5401 2181 5455 Pascha
2211 5398 2510 5453 celebratur
2536 5406 2752 5467 propter
2773 5396 3127 5451 renovandam
3160 5395 3235 5449 rei
3262 5402 3426 5463 gesta:

1848 5495 2157 5552 memoriam
2176 5534 2190 5560 ,
2218 5508 2319 5563 qua
2348 5492 2590 5560 discipuli
2621 5490 2922 5544 humanitus
2950 5494 3173 5542 mortem
3215 5486 3427 5541 Domini

1848 5589 2148 5650 doluerunt,
2182 5587 2259 5640 sic
2282 5585 2348 5639 ab
2375 5584 2618 5639 omnibus
2637 5584 2920 5653 jejnnatnr,
2948 5589 3003 5633 ut
3024 5572 3182 5632 etiam
3209 5574 3281 5632 illi
3305 5577 3429 5632 sab.

1849 5681 1958 5736 bati
1985 5677 2241 5749 jejunium
2271 5675 2616 5731 devotissimc
2642 5672 2944 5731 celebrent,
2986 5669 3072 5739 qui
3096 5668 3305 5722 caeteris
3333 5680 3430 5738 per

1851 5779 2021 5827 totum
2048 5783 2241 5823 annum
2270 5767 2501 5821 sabbatis
2541 5762 2829 5833 prandent;
2877 5769 3157 5829 utrumque
3186 5754 3428 5813 videlicet

1856 5860 2233 5933 significantes,
2263 5867 2315 5912 ct
2336 5857 2387 5911 in
2415 5870 2521 5909 uno
2541 5851 2902 5909 anniversario
2929 5851 3015 5908 die
3040 5852 3234 5907 luctum
3264 5848 3427 5905 disci-
