4054 6412
1801 329 1859 385 S.
1900 322 2265 384 AUGUSTINI
2303 322 2604 381 EPISCOPl
3715 333 3797 389 l5!

2334 440 2386 494 l.
2419 438 2611 493 Plenas
2638 437 2899 492 bonorum
2942 432 3256 507 gaudiorum
3298 434 3498 491 litteras
3519 476 3533 501 ,
3575 438 3703 509 quod
3738 444 3797 498 sis

2260 547 2466 587 memor
2488 530 2623 596 mei,
2670 543 2865 599 meque
2890 535 2949 583 ut
2975 528 3115 583 soles
3140 527 3347 598 diligas,
3379 543 3675 600 magnaeque
3698 547 3798 602 gn-

2265 625 2507 682 tulationi
2552 624 2643 679 tibi
2684 624 2753 678 sit
2793 620 3045 693 quidquid
3092 621 3144 675 in
3193 636 3279 675 me
3323 620 3580 675 donorum
3616 637 3799 682 suorum

2270 716 2527 772 Dominus
2554 714 2798 770 conferre
2823 714 3066 785 dignatus
3090 721 3172 766 est
3200 712 3557 767 misericordia
3590 729 3696 779 sua,
3717 731 3801 773 non

2266 809 2473 865 meritis
2498 810 2630 864 meis
2647 849 2661 873 ,
2708 807 2898 861 missas
2924 821 3144 860 munere
3168 804 3473 860 Sanctitatis
3495 814 3595 859 tute
3618 810 3800 878 accepi:

2266 902 2318 956 in
2348 901 2539 971 quibus
2563 900 2808 955 atl‘ectum
2852 899 2901 951 in
2939 912 3027 952 me
3054 905 3330 967 paternum
3357 895 3425 951 de
3454 905 3544 951 tuo
3573 896 3805 968 benignis~

2270 993 2409 1048 simo
2451 990 2612 1047 corde
2658 1006 2765 1045 non
2802 990 3138 1059 repentinum
3180 995 3235 1042 et
3276 1002 3471 1042 novum
3514 986 3694 1054 hausi,
3732 990 3807 1044 sed

2270 1092 2549 1156 expertum
2580 1096 2708 1137 sane
2738 1080 3112 1150 cognitumque
3154 1076 3423 1148 repetivi,
3466 1077 3673 1132 domine
3708 1078 3809 1133 bea-

2269 1177 2475 1232 tissime
2496 1218 2512 1244 ,
2556 1184 2612 1230 et
2650 1173 3021 1229 venerabiliter
3063 1171 3418 1226 sincerissima
3444 1171 3695 1227 charitate
3719 1186 3810 1226 am.

2268 1268 2565 1340 plectende.

2340 1362 2395 1415 2.
2424 1358 2576 1416 Unde
2602 1366 2777 1413 autem
2811 1365 2955 1413 tanta
2993 1365 3177 1413 exorta
3214 1365 3296 1411 est
3335 1355 3563 1411 felicitas
3596 1356 3816 1412 litterario

2272 1452 2441 1508 labori
2478 1460 2692 1516 nostro,
2726 1465 2831 1521 quo
2857 1450 2908 1504 in
2950 1449 3204 1505 librorum
3236 1448 3589 1519 quorumdam
3616 1450 3817 1503 conscri-

2271 1545 2453 1615 ptione
2495 1544 2833 1605 sudavimus,
2878 1551 2934 1597 ut
2960 1557 2989 1596 a
3036 1550 3123 1596 tua
3167 1540 3479 1611 Dignatione
3521 1541 3819 1611 legerentur?

567 342 660 401 ibi

566 458 810 529 pulcrum
836 495 852 522 ,
900 460 953 509 et
996 459 1205 507 caeteris
1246 444 1480 503 sabbatis
1519 444 1711 517 quietis
1755 442 1975 499 bonum.
2034 441 2150 495 Duo

563 549 763 620 quippe
790 554 950 611 sunt,
990 556 1109 614 qua:
1148 543 1415 611 justorum
1454 536 1862 600 beatitudinem,
1894 542 1949 589 et
1978 532 2152 587 omnis

568 636 804 694 miseriae
845 634 1000 688 linem
1038 630 1243 703 sperari
1278 629 1513 694 faciunt,
1554 643 1700 683 mors
1743 638 1795 683 et
1830 623 2153 681 resurrectio

566 737 924 785 mortuorum.
958 724 1014 779 ln
1046 732 1217 778 morte
1244 722 1453 791 requies
1478 729 1579 784 est,
1613 719 1679 773 de
1709 732 1811 788 qua
1836 717 2027 771 dicitur
2056 728 2152 784 per

569 817 892 889 Prophelam
919 834 931 869 :
959 814 1112 869 Plebs
1131 830 1239 867 mea
1260 814 1392 866 intra
1411 812 1464 865 in
1485 811 1691 865 cellaria
1716 819 1833 874 tua;
1852 806 2155 862 abscondere

574 909 817 981 pusillum
844 908 1001 960 donec
1021 913 1239 958 transeat
1260 903 1337 956 ira
1363 901 1569 955 Domini
1597 899 1748 969 (Isai.
1782 914 1922 963 xxvi,
1951 897 2065 967 20).
2098 895 2156 950 In

575 998 966 1057 resurrectione
984 1007 1162 1051 autem
1189 994 1240 1047 in
1271 994 1483 1048 homine
1511 1000 1642 1057 toto,
1685 991 1736 1045 id
1772 1000 1853 1045 est
1872 1032 1886 1055 ,
1916 991 1966 1043 in
1998 1003 2158 1043 carne

577 1098 635 1146 et
657 1089 845 1160 spiritu
870 1086 1101 1159 perfecta
1124 1083 1369 1140 felicitas.
1396 1083 1528 1139 llinc
1556 1082 1754 1136 factum
1774 1090 1857 1136 est
1882 1089 1940 1133 ut
1965 1079 2155 1133 horum

574 1182 803 1237 duorum
832 1190 1112 1248 utrumque
1132 1192 1239 1231 non
1260 1174 1659 1246 significandum
1685 1182 1957 1243 putaretur
1978 1172 2160 1226 labore

570 1273 762 1343 jejunii
786 1314 800 1337 ,
831 1272 925 1327 sed
956 1271 1132 1341 potius
1155 1268 1459 1324 refectionis
1485 1266 1779 1332 hilaritate,
1818 1273 2038 1334 excepto
2066 1278 2159 1334 pa-

574 1363 746 1419 schali
778 1378 885 1417 uno
910 1362 1152 1423 sabbato,
1179 1373 1284 1429 quo
1309 1358 1721 1427 discipulorum,
1750 1358 1885 1411 sicut
1908 1356 2158 1421 diximus,

579 1454 754 1509 luctus
780 1463 997 1524 propter
1017 1452 1094 1505 rei
1120 1460 1283 1521 gesta:
1304 1448 1617 1503 memoriam
1641 1447 1808 1503 fuerat
1822 1446 2026 1517 jejunio
2042 1460 2167 1516 pro-

578 1546 771 1601 ﬁxiore
796 1544 1103 1614 signandus.

654 1632 878 1689 CAPUT
904 1631 1231 1687 XIV—32.
1263 1632 1370 1687 Sed
1397 1631 1645 1701 quoniam
1683 1644 1787 1684 non
1834 1630 2161 1699 invenimus,

585 1738 643 1783 ut
656 1727 767 1798 jam
797 1742 955 1797 supra
980 1726 1412 1791 commemoravi,
1444 1725 1499 1779 in
1528 1724 1847 1794 evangelicis
1872 1735 1927 1779 et
1953 1733 2165 1795 aposto-

585 1818 705 1874 licis
729 1818 947 1873 Litteris
970 1858 986 1884 ,
1017 1832 1135 1887 quae
1164 1816 1231 1871 ad
1271 1816 1403 1871 Novi
1432 1816 1755 1871 Testamenti
1785 1816 2167 1871 revelationem

585 1910 801 1981 proprie
832 1909 1135 1978 pertinent,
1174 1910 1333 1963 certis
1373 1908 1561 1962 diebus
1596 1907 1857 1978 aliquibus
1897 1908 2170 1963 evidenter

584 2011 912 2071 praeceptum
939 2000 1269 2056 observanda
1299 2016 1419 2057 esse
1442 2000 1663 2071 jejunia,
1696 2010 1752 2056 et
1784 1998 1904 2055 ideo
1930 2015 2016 2055 res
2035 2014 2170 2070 quo-

588 2107 693 2162 que
718 2091 837 2157 ista,
879 2093 1017 2146 sicut
1042 2092 1159 2146 alia:
1186 2092 1425 2161 plurima:
1457 2107 1587 2161 quas
1615 2105 1926 2146 enumerare
1954 2090 2172 2146 difficile

586 2192 705 2248 est,
737 2184 934 2239 invenit
963 2185 1019 2239 in
1046 2193 1194 2241 veste
1222 2186 1362 2239 illius
1403 2185 1523 2240 lilia:
1552 2184 1721 2254 regis,
1754 2184 1853 2239 hoc
1878 2194 1960 2239 est
1991 2184 2173 2239 Eccle-

587 2276 706 2341 siae,
735 2276 1003 2332 varietatis
1029 2276 1239 2342 locum;
1272 2276 1516 2330 indicabo
1542 2275 1633 2329 tibi
1663 2274 1786 2343 quid
1819 2274 1947 2328 mihi
1972 2274 2040 2329 de
2070 2276 2173 2330 hoc

591 2366 884 2437 requirenti
910 2365 1249 2437 responderit
1273 2365 1609 2420 venerandus
1640 2364 1970 2431 Ambrosius,
2003 2381 2034 2419 a
2067 2380 2173 2436 quo

592 2458 893 2529 baptizatus
933 2475 1049 2514 sum
1074 2502 1089 2527 ,
1122 2458 1527 2514 Mediolanensls
1562 2458 1862 2527 episcopus.
1894 2457 2027 2511 Nam
2052 2472 2171 2515 cum

592 2552 649 2605 in
679 2550 866 2606 eadem
892 2551 1107 2606 civitate
1137 2560 1310 2606 mater
1339 2566 1458 2605 mea
1499 2564 1706 2605 mecum
1735 2558 1910 2615 esset,
1941 2558 1995 2604 et
2023 2549 2174 2606 nobis

594 2642 771 2699 adhuc
792 2642 1191 2699 catechumenis
1218 2659 1403 2713 parum
1433 2643 1532 2696 ista
1556 2641 1883 2706 curantibus,
1914 2641 2001 2696 illa
2030 2641 2177 2696 solli-

594 2732 883 2789 citudinem
926 2741 1139 2803 gereret
1176 2742 1351 2788 utrum
1394 2732 1684 2787 secundum
1731 2746 1933 2786 morem
1981 2740 2177 2786 nostra:

596 2822 828 2878 civitatis
853 2823 951 2879 sibi
981 2832 1125 2879 esset
1160 2823 1382 2879 sabbato
1414 2821 1781 2891 jejunandnm,
1813 2836 1882 2875 an
1926 2822 2179 2875 Ecclesia:

595 2913 1009 2971 Mediolanensis
1036 2930 1184 2970 more
1204 2912 1593 2985 prandendum,
1621 2912 1800 2967 uthac
1823 2927 1940 2967 eam
1965 2921 2182 2967 cuncta-

595 3005 742 3060 tione
772 3005 1053 3060 liberarem
1075 3045 1090 3068 ,
1119 3004 1439 3073 interrogavi
1470 3006 1571 3059 hoc
1612 3000 1969 3073 supradictum
2012 3001 2185 3057 homi-

596 3111 721 3151 nem
753 3096 866 3150 Dei.
889 3096 959 3149 At
980 3096 1097 3150 ille:
1131 3095 1266 3161 Quid
1283 3113 1505 3167 possum,
1530 3096 1715 3165 inquit,
1739 3095 1854 3149 hinc
1880 3094 2058 3149 docere
2074 3112 2185 3149 am-

598 3188 736 3259 plius
775 3204 924 3257 quam
964 3188 1073 3257 ipse
1109 3187 1284 3256 facio?
1312 3187 1412 3242 Ubi
1442 3202 1540 3256 ego
1568 3196 1876 3256 putaveram
1904 3186 2036 3241 nihil
2059 3202 2184 3242 eum

598 3282 703 3335 ista
728 3281 1073 3351 responsione
1101 3280 1417 3349 pnccepisse
1436 3322 1450 3345 ,
1480 3279 1581 3333 nisi
1611 3289 1669 3332 ut
1695 3278 1915 3333 sabbato
1954 3279 2183 3349 prande-

599 3385 817 3435 remus;
863 3370 964 3425 hoc
998 3372 1191 3441 quippe
1233 3372 1403 3440 ipsum
1445 3370 1620 3425 facere
1660 3370 1933 3425 sciebam:
1960 3369 2055 3423 sed
2100 3370 2187 3426 ille

601 3474 816 3520 secutus
843 3463 1056 3532 adjecit,
1093 3463 1307 3529 Quando
1336 3464 1413 3516 hic
1439 3479 1575 3527 sum,
1608 3480 1706 3528 non
1729 3463 1912 3534 jejuno
1945 3463 2186 3528 sabbato;

603 3555 808 3626 quando
839 3556 1017 3611 Romae
1041 3573 1173 3623 sum,
1191 3557 1370 3628 jejuno
1397 3554 1602 3609 sabbato
1628 3571 1645 3609 :
1670 3563 1715 3608 et
1742 3554 1809 3607 ad
1827 3570 2189 3624 quamcumque

603 3645 888 3701 Ecclesium
914 3646 1167 3712 veneritis,
1196 3646 1385 3715 inquit,
1415 3647 1524 3717 ejus
1553 3662 1740 3699 merent
1767 3656 1958 3700 servate
1977 3686 1991 3710 ,
2016 3646 2059 3698 si
2082 3644 2191 3716 pati

606 3736 906 3790 scandalum
927 3754 1025 3791 non
1054 3736 1202 3790 vultis
1223 3747 1310 3789 aut
1335 3741 1519 3806 facere.
1547 3736 1656 3789 Hoc
1687 3751 2002 3806 responsum
2031 3736 2188 3791 retuli

604 3828 672 3883 ad
699 3836 943 3895 matrem,
967 3829 1122 3899 eique
1141 3827 1370 3894 sull‘ecit,
1398 3842 1497 3883 nec
1516 3827 1771 3882 dubitavit
1791 3843 1909 3883 esse
1935 3828 2192 3883 obedien-

607 3919 733 3973 dum
760 3936 774 3972 :
806 3919 907 3974 hoc
935 3920 1094 3975 etiam
1118 3935 1213 3974 nos
1240 3920 1404 3975 secuti
1433 3935 1635 3974 sumus.
1664 3919 1767 3974 Sed
1789 3920 2035 3989 quoniam
2060 3935 2189 3975 con-

605 4012 794 4081 tingit,
828 4012 1058 4067 maxime
1088 4011 1142 4066 in
1169 4011 1343 4067 Africa
1364 4053 1378 4078 ,
1406 4020 1465 4066 ut
1498 4026 1599 4065 una
1628 4011 1863 4066 Ecclesia
1901 4010 1988 4065 vel
2033 4012 2190 4066 unius

608 4103 839 4173 regionis
867 4103 1141 4170 Ecclesiae,
1171 4103 1305 4157 alios
1336 4104 1565 4158 habeant
1594 4102 1815 4158 sabbato
1843 4102 2186 4171 prandentes,

606 4193 738 4247 alios
765 4193 1100 4263 jejunantes;
1130 4209 1245 4248 mos
1268 4209 1449 4249 eorum
1474 4194 1600 4249 milli
1627 4194 1931 4265 sequendus
1957 4194 2185 4261 videtur,

604 4286 799 4353 quibus
813 4301 994 4339 eorum
1020 4287 1329 4354 populorum
1351 4288 1687 4355 c0ngrcgatio
1707 4288 1933 4357 regenda
1951 4289 2192 4341 commis~

607 4389 668 4429 sa
692 4383 791 4427 est.
820 4374 1152 4443 Quapropter
1177 4375 1221 4429 si
1252 4376 1474 4429 consilio
1502 4390 1641 4439 meo,
1672 4377 1962 4443 prinserlim
1986 4378 2107 4445 quia
2135 4377 2188 4430 in

608 4462 711 4517 hac
738 4476 895 4517 causa
926 4463 1045 4531 plus
1068 4463 1201 4518 forte
1230 4479 1387 4532 quam
1412 4464 1541 4517 satis
1566 4463 1681 4529 fuit,
1716 4471 1766 4517 te
1795 4472 2007 4531 petente
2033 4474 2191 4534 atque

606 4563 848 4624 urgente,
893 4554 1101 4609 locutus
1140 4570 1254 4609 sum
1281 4596 1297 4621 ,
1338 4554 1565 4609 libenter
1588 4556 1910 4624 acquiescis;
1942 4556 2191 4625 episcopo

607 4653 701 4699 tuo
725 4645 776 4699 in
806 4644 904 4700 hac
928 4660 985 4701 re
1014 4645 1120 4700 noli
1152 4646 1399 4701 resistere
1420 4688 1433 4711 ,
1476 4655 1530 4701 et
1557 4646 1694 4717 quod
1740 4646 1863 4701 facit
1900 4648 2013 4718 ipse
2032 4690 2047 4715 ,
2076 4650 2189 4704 sine

608 4738 720 4792 ullo
749 4736 999 4807 scrupulo
1028 4736 1109 4791 vel
1137 4736 1516 4807 disci-ptatione
1542 4747 1767 4793 sectare.

998 4827 1329 4884 EPISTOLA
1372 4827 1616 4884 xxxvn
1643 4834 1661 4853 ·
1690 4828 1790 4903 (α).

612 4918 914 4973 Gratulatur
941 4919 1034 4975 sibi
1059 4920 1367 4991 Augustinus
1385 4920 1653 4973 litterariae
1678 4937 1799 4975 suas
1826 4921 2191 4978 lucubrationes

684 4991 779 5062 legi
802 5000 846 5043 et
868 4991 1138 5058 approbari
1158 5008 1190 5043 a
1212 4990 1582 5062 Simpliciano;
1609 4992 1810 5062 ejusque
1833 5009 2058 5046 censura:
2075 4994 2191 5049 sub-

677 5059 791 5133 jicit
818 5070 921 5133 tum
943 5069 1144 5133 cazteros
1165 5076 1293 5133 suos
1311 5059 1481 5133 libros,
1506 5071 1609 5114 tum
1629 5059 1717 5115 eos
1731 5059 1860 5131 ’quos
1877 5063 1938 5117 de
1958 5067 2191 5133 quastio—

688 5130 833 5183 nibus
858 5130 920 5183 ab
950 5132 1059 5199 ipso
1093 5131 1362 5200 propositis
1387 5133 1701 5203 conscripsit.

614 5222 841 5278 Domino
866 5220 1172 5275 beatissimo
1198 5230 1251 5275 et
1279 5224 1651 5278 venerabiliter
1678 5225 2036 5281 sincerissima
2064 5226 2191 5280 clIa-

683 5314 837 5368 ritate
861 5310 1231 5380 amplectende
1250 5312 1383 5380 patri
1407 5313 1747 5369 Slurucuuo
1778 5312 1851 5387 (b)
1878 5357 1892 5381 ,
1926 5316 2191 5371 AUGUSTI-

682 5419 779 5457 uus
802 5443 816 5466 ,
853 5402 902 5455 in
934 5400 1160 5454 Domino
1190 5402 1429 5456 salutem.

677 5492 695 5510 ⁹
720 5498 896 5541 Deerat
915 5490 967 5542 in
1000 5490 1093 5540 hoc
1126 5496 1273 5541 torno.
1308 5492 1389 5540 Hic
1412 5492 1539 5542 edita
1563 5501 1641 5543 est
1676 5492 1863 5543 collatis
1883 5500 2025 5543 antea
2060 5492 2197 5545 libris

612 5554 827 5664 quaineam
848 5553 1030 5602 habent
1060 5551 1304 5615 prmﬁxam
1326 5552 1464 5605 libris
1493 5556 1813 5617 quaestionum
1845 5555 1901 5603 ad
1944 5554 2198 5617 simplicia-

612 5632 645 5666 υ
735 5649 746 5661 .

643 5676 836 5788 Egnatius
856 5674 1067 5784 ἔρξοωο
1092 5690 1105 5725 :
1136 5689 1247 5739 quae
1278 5684 1443 5727 autem
1465 5678 1523 5725 57
1551 5684 1682 5738 erat,
1720 5692 1846 5727 nunc
1879 5678 1982 5727 109.
2018 5679 2196 5740 Scripta

614 5753 740 5788 ωιαι
761 5753 963 5785 311.031.

677 5798 749 5861 (b)
775 5795 1100 5859 Simplicianus
1130 5798 1351 5850 Feclesite
1383 5798 1750 5851 Mediolanensis
1781 5802 1983 5851 antistes
2018 5802 2198 5854 beatis-

2273 1637 2372 1692 nisi
2404 1635 2524 1706 quia
2554 1636 2838 1699 Dominus,
2882 1635 2966 1689 cui
2993 1633 3198 1689 subdita
3230 1644 3312 1688 est
3340 1633 3513 1687 anima
3538 1648 3690 1702 mea,
3717 1648 3821 1688 con-

2277 1728 2440 1783 solari
2480 1728 2646 1782 voluit
2670 1742 2824 1781 curas
2850 1743 3029 1793 meas,
3061 1734 3115 1781 et
3154 1741 3185 1780 a
3221 1726 3413 1781 timore
3442 1741 3715 1793 recreare,
3738 1741 3821 1797 quo

2277 1836 2361 1875 me
2388 1820 2439 1873 in
2487 1818 2681 1873 talibus
2723 1819 2973 1889 operibus
3016 1832 3235 1873 necesse
3270 1826 3353 1872 est
3392 1831 3512 1873 esse
3550 1818 3823 1881 sollicitum.

2279 1910 2468 1965 necubi
2499 1910 2633 1964 forte
2666 1909 2929 1964 indoctior
2954 1908 3036 1963 vel
3066 1908 3328 1962 incautior
3353 1949 3367 1970 ,
3394 1908 3640 1979 quamvis
3663 1908 3711 1961 in
3733 1909 3826 1978 pla-

2275 2010 2499 2065 nissimo
2540 2022 2729 2078 campo
2766 2007 3034 2071 veritatis,
3074 2005 3359 2061 offendam.
3405 2002 3539 2061 Cum
3589 2005 3723 2058 enim
3755 2003 3828 2059 tibi

2280 2102 2457 2172 placet
2493 2101 2632 2171 quod
2666 2099 2841 2155 scribo
2862 2142 2876 2166 ,
2918 2098 3041 2153 novi
3069 2098 3154 2152 cui
3184 2098 3425 2168 placeat;
3467 2098 3713 2167 quoniam
3737 2097 3832 2166 quis

2282 2200 2335 2246 te
2383 2190 2642 2245 inhabitet
2670 2190 2815 2243 novi.
2867 2188 3010 2243 Idem
3056 2188 3251 2258 quippe
3296 2190 3531 2242 omnium
3584 2202 3832 2241 munerum

2285 2284 2640 2353 spiritualium
2672 2282 2987 2336 distributor
3009 2290 3168 2351 atque
3192 2279 3411 2350 largitor
3438 2294 3534 2350 per
3563 2287 3708 2333 tuam
3732 2293 3832 2333 sen-

2285 2380 2500 2432 tentiam
2519 2376 2849 2431 confirmabit
2864 2374 3214 2429 obedientiam
3234 2388 3425 2427 meam.
3444 2370 3708 2441 Quidquid
3722 2371 3838 2426 enim

2289 2469 2485 2525 habent
2511 2470 2596 2523 illa
2632 2468 2828 2538 scripta
2865 2466 3214 2522 delectatione
3245 2474 3331 2518 tua
3361 2463 3579 2534 dignum
3602 2504 3619 2527 ,
3668 2464 3715 2517 in
3742 2478 3839 2517 meo

2290 2561 2584 2617 ministerio
2624 2560 2755 2614 dixit
2792 2559 2962 2624 Deus,
3004 2557 3149 2619 Fiat,
3190 2566 3245 2610 et
3284 2554 3478 2610 factum
3520 2564 3607 2609 est
3641 2573 3656 2609 :
3685 2555 3732 2609 in
3770 2564 3839 2608 tua

2286 2668 2414 2707 vero
2456 2650 2836 2721 approbatione
2882 2648 3015 2703 vidit
3041 2649 3178 2703 Deus
3204 2646 3328 2717 quia
3367 2645 3563 2701 bonum
3589 2654 3675 2701 est
3708 2642 3839 2719 (Gen.

2286 2759 2338 2812 I,
2374 2746 2437 2809 ’5,
2481 2743 2568 2815 Δ).

2360 2837 2411 2890 5.
2445 2833 2865 2902 Quazstiunculas
2882 2847 3032 2899 sane,
3060 2846 3194 2902 quas
3214 2830 3341 2885 mihi
3362 2828 3673 2885 enodandas
3689 2826 3847 2899 jubere

2292 2932 2538 3001 dignatus
2566 2943 2643 2991 es,
2677 2928 2775 2981 etsi
2806 2942 2923 2981 mea
2954 2925 3201 2981 tarditate
3221 2923 3522 2995 implicatus
3548 2938 3651 2977 non
3686 2920 3849 2977 intelli-

2289 3036 2467 3094 gerem
2490 3063 2505 3088 ,
2556 3022 2657 3074 tuis
2698 3018 2900 3074 meritis
2942 3017 3151 3087 adjutus
3176 3016 3461 3085 aperirem.
3490 3013 3720 3070 Tantum
3746 3011 3849 3067 illud

2290 3127 2502 3184 quaeso,
2543 3119 2603 3165 ut
2630 3123 2728 3180 pro
2754 3124 2871 3163 mea
2913 3106 3217 3161 inﬁrmitate
3255 3104 3563 3174 depreceris
3590 3104 3783 3166 Deum,
3809 3111 3850 3155 et

2291 3205 2403 3259 sive
2440 3204 2491 3257 in
2534 3203 2597 3257 iis
2636 3200 2827 3272 quibus
2866 3216 2950 3253 me
2991 3212 3242 3253 exercere
3282 3197 3511 3267 benigne
3551 3205 3851 3266 paterneque

2293 3294 2542 3360 voluisti,
2574 3293 2685 3347 sive
2711 3292 2760 3345 in
2792 3290 2910 3345 aliis
2947 3304 3293 3361 quaecumque
3320 3298 3499 3343 nostra
3528 3288 3582 3342 in
3614 3298 3729 3343 tuas
3751 3301 3851 3341 san-

2293 3399 2407 3445 ctas
2447 3404 2635 3443 manus
2675 3386 2809 3442 forte
2847 3386 3220 3458 pervenerint,
3270 3385 3389 3456 quia
3430 3385 3565 3439 sicut
3593 3384 3685 3439 Dei
3729 3382 3851 3447 data,

2293 3481 2371 3536 sic
2407 3481 2569 3535 etiam
2615 3493 2732 3534 mea
2772 3487 2946 3533 errata
2984 3492 3277 3548 cognosco,
3330 3492 3437 3531 non
3478 3477 3651 3531 solum
3691 3490 3853 3531 curam

2299 3572 2524 3643 legentis
2568 3571 2875 3641 impendas,
2922 3569 3017 3625 sed
3056 3570 3213 3625 etiam
3254 3584 3531 3625 censuram
3559 3567 3852 3641 corrigentis

2297 3678 2556 3720 assumas.
2590 3662 2735 3717 Vale.

2686 3776 3017 3833 EPISTOLA
3056 3774 3361 3831 XXXVIII‘
3391 3774 3488 3849 (a).

2300 3872 2605 3943 Augustinus
2639 3869 2937 3941 Profuturo,
2966 3868 3027 3921 de
3050 3868 3311 3921 toleranda
3327 3868 3535 3921 adversa
3556 3868 3851 3930 valetudine;

2531 3963 2591 4016 de
2618 3970 2776 4015 morte
2805 3958 3012 4031 Μαραιἱὶ
3032 4001 3047 4026 ,
3077 3969 3121 4014 et
3146 3959 3208 4012 de
3235 3958 3508 4013 cohibenda
3531 3959 3628 4013 ira.

2621 4078 2793 4132 Fratri
2828 4078 3145 4135 Pnoruruno
3194 4079 3577 4135 Aucesrmns.’

2374 4200 2425 4253 1.
2462 4197 2761 4253 Secundum
2795 4196 3071 4266 spiritum,
3114 4203 3366 4264 quantum
3408 4195 3633 4251 Domino
3678 4197 3854 4266 placet,

2297 4297 2455 4359 atque
2495 4290 2635 4343 vires
2678 4289 2791 4357 ipse
2837 4286 3077 4357 praebere
3124 4285 3402 4355 dignatur,
3458 4295 3604 4341 recte
3646 4301 3855 4351 sumus;

2298 4394 2524 4448 corpore
2575 4387 2792 4443 autem,
2839 4391 2937 4446 ego
2980 4377 3031 4429 in
3081 4376 3218 4430 lecto
3266 4390 3401 4428 sum.
3448 4375 3557 4431 Nec
3600 4377 3858 4431 ambulare

2297 4474 2439 4528 enim
2462 4514 2475 4535 ,
2523 4486 2623 4525 nec
2660 4480 2800 4523 stare
2826 4511 2839 4535 ,
2876 4484 2972 4522 nec
3011 4468 3198 4523 sedere
3232 4483 3444 4538 possum
3467 4511 3481 4535 ,
3518 4468 3760 4538 rhagadis
3784 4469 3857 4523 vel

2298 4563 2584 4619 exochadis
2612 4562 2796 4615 dolore
2820 4570 2873 4614 et
2904 4570 3110 4615 tumore
3138 4562 3229 4631 (b).
3272 4559 3378 4615 Sed
3408 4561 3566 4615 etiam
3596 4562 3672 4616 sic
3692 4605 3706 4629 ,
3732 4578 3857 4632 quo-

2297 4656 2441 4712 niam
2469 4654 2520 4709 id
2544 4653 2764 4707 Domino
2786 4653 2975 4723 placet,
3003 4652 3127 4722 quid
3156 4652 3295 4706 aliud
3328 4653 3609 4707 dicendum
3640 4663 3737 4721 est,
3766 4653 3859 4708 nisi

2296 4748 2418 4819 quia
2443 4754 2585 4801 recte
2607 4743 2826 4799 sumus?
2852 4744 3032 4799 Potius
3051 4745 3193 4798 enim
3216 4744 3259 4799 si
3287 4744 3335 4798 id
3359 4744 3605 4799 nolumus
3623 4746 3759 4816 quod
3780 4745 3858 4800 ille

2300 4841 2427 4908 vult,
2447 4854 2543 4896 nos
2572 4836 2814 4910 culpandi
2842 4852 3044 4904 sumus,
3072 4852 3229 4908 quam
3258 4837 3345 4892 ille
3373 4853 3475 4892 non
3501 4848 3648 4893 recte
3672 4836 3856 4908 aliquid

2295 5002 2416 5051 sime
2450 4996 2685 5049 successit
2718 4996 2994 5053 Ambrosio,
3022 5007 3083 5057 ex
3108 4993 3193 5043 lib.
3220 4994 3252 5044 2
3274 5001 3510 5057 ἣρω-θοι,
3547 5008 3593 5044 c.
3622 4997 3667 5054 1,
3695 5007 3858 5057 nempe

2295 5075 2420 5112 anno
2442 5062 2552 5110 597.
2570 5067 2678 5107 ΜΠ)
2695 5059 2966 5120 ambrosius
2985 5056 3137 5118 pridie
3160 5056 3412 5120 Paschalis,
3430 5059 3570 5120 juxta
3591 5056 3861 5120 scriptorem

2295 5124 2449 5185 ipsius
2470 5122 2582 5169 vita:
2605 5116 2849 5168 Paulinum
2906 5116 3162 5167 defunctus
3187 5126 3287 5178 est;
3313 5118 3393 5166 die
3429 5116 3614 5169 'scilicet
3637 5119 3667 5167 4
3688 5116 3860 5182 aprilis,

2299 5198 2360 5227 ex
2385 5180 2820 5227 Martvroloaiorum
2852 5152 2976 5227 fide:
3003 5193 3144 5227 porro
3175 5188 3338 5227 autem
3372 5181 3544 5227 Pascha
3582 5181 3629 5227 in
3658 5182 3689 5227 5
3709 5176 3860 5227 anrilis

2299 5176 2820 5257 exlnmtwolqgimm
2852 5176 2976 5229 fide:
3003 5193 3144 5241 porro
3175 5176 3338 5229 autem
3372 5181 3544 5229 Pascha
3582 5181 3629 5228 in
3658 5182 3689 5229 5
3709 5176 3864 5242 aprilis

2297 5247 2461 5295 incidit
2482 5244 2561 5293 an.
2586 5244 2694 5292 597.

2362 5308 2380 5326 ‘
2400 5305 2655 5367 Recognita
2679 5310 2755 5353 est
2776 5303 2835 5350 ad
2858 5315 2901 5351 a.
2927 5315 2974 5351 a.
3007 5303 3091 5365 bg.
3111 5301 3177 5367 bl.
3204 5316 3247 5351 c.
3274 5316 3329 5353 cc
3368 5302 3419 5367 ff.
3446 5317 3496 5367 g.
3522 5318 3603 5366 gv.
3629 5318 3676 5353 n.
3700 5318 3738 5353 r.
3763 5316 3799 5352 s.
3824 5310 3843 5352 t

2297 5383 2371 5421 vc.
2398 5368 2477 5418 vd.
2501 5364 2623 5416 duos
2642 5368 2715 5415 sb.
2731 5372 2935 5427 quatuor
2950 5379 2997 5414 v.
3016 5364 3139 5413 etad
3161 5375 3260 5413 Am.
3286 5366 3394 5414 Bad.
3412 5364 3485 5413 Er.
3511 5364 3619 5415 lfov.

2360 5432 2433 5504 (ᾳ)
2447 5430 2573 5504 Alias
2589 5426 2834 5504 Mihique
2856 5434 3021 5475 autem
3042 5427 3105 5476 58
3127 5435 3249 5486 erat,
3274 5439 3401 5477 nunc
3423 5426 3531 5476 2l3.
3556 5430 3729 5492 scripta
3748 5428 3860 5476 circa

2297 5490 2511 5544 medium
2532 5502 2611 5538 an.
2636 5490 2745 5539 597.

2362 5556 2434 5627 (υ)
2460 5552 2715 5627 attendes,
2741 5549 3177 5627 aetatm)”:
3195 5549 3715 5627 Pedieiereferuem
3748 5552 3860 5627 ima

2299 5612 2603 5679 vitia'sedis':
2630 5626 2773 5679 rugas
2794 5612 2981 5679 scilicet
3015 5624 3044 5660 a
3066 5614 3217 5661 verbo
3238 5624 3589 5679 ressarumpo,
3615 5612 3861 5679 ﬁssura‘est

2300 5680 2424 5728 circa
2445 5678 2617 5727 sedem
2639 5674 2875 5737 in'venis,
2900 5686 3010 5737 quae
3033 5686 3061 5722 a
3083 5674 3330 5737 sanguinis
3358 5674 3511 5724 fluore
3534 5674 3752 5726 dicuntur
3774 5675 3861 5724 hze-

2300 5739 2627 5799 morrhoides;
2652 5735 2859 5788 erectum
2886 5734 3005 5800 vero
3025 5734 3289 5800 abexecho
3312 5738 3525 5800 emineo,
3550 5744 3707 5790 tumor
3732 5745 3802 5787 est
3822 5737 3862 5787 in

2300 5800 2441 5864 sede,
2465 5801 2603 5850 venis
2622 5800 2794 5850 iisdem
2816 5798 3213 5865 prominentibus.
