4054 6402
172 405 257 465 ίῦὅ

174 520 243 577 vel
277 515 434 571 facere
475 502 553 559 vel
596 499 775 555 sinere
821 485 1204 551 existimandus
1249 491 1353 539 est.
1401 480 1550 536 Nosti
1594 476 1708 532 haec

178 570 325 668 omnia
355 621 367 656 :
395 596 482 654 sed
515 593 640 665 quia
679 586 811 645 mihi
845 600 903 640 es
952 581 1088 636 alter
1121 591 1256 648 ego,
1297 572 1421 668 quid
1441 570 1712 668 _libentius

180 664 325 759 tecum
342 695 574 762 loquerer
594 726 612 752 ,
640 682 741 739 nisi
767 676 909 751 quod
935 686 1143 730 mecum
1168 665 1388 740 loquor?
1427 664 1715 720 Commen-

181 758 337 851 damus
367 758 486 853 ergo
507 774 707 833 sanctis
730 766 1056 827 orationibus
1087 761 1190 817 tuis
1218 768 1269 815 et
1298 758 1415 813 dies
1446 764 1502 811 et
1530 761 1716 809 noctes

187 891 377 943 nostras,
404 852 455 930 ut
482 868 646 927 oretis
675 880 773 937 pro
799 860 974 923 nobis,
1008 872 1074 912 ne
1098 854 1285 910 diebus
1305 852 1718 919 intemperanter

189 938 383 1033 utamur,
420 972 475 1020 ut
499 968 684 1017 noctes
710 968 863 1026 sequo
890 951 1068 1006 animo
1096 946 1403 1004 toleremus.
1434 948 1490 996 ut
1513 938 1718 995 etiamsi

191 1027 479 1120 ambulemus
509 1052 561 1105 in
607 1046 783 1103 medio
830 1043 1033 1098 umbra:
1075 1034 1261 1093 mortis
1285 1075 1300 1101 ,
1343 1031 1616 1087 nobiscum
1654 1027 1722 1083 sit

188 1154 407 1212 Dominus
443 1159 508 1200 ne
546 1142 829 1195 timeamus
860 1133 1016 1188 mala.

240 1247 287 1301 2.
306 1238 441 1311 Quod
468 1248 632 1290 senex
655 1228 908 1299 Megalius
939 1223 1016 1297 (a)
1045 1220 1327 1277 defunctus
1352 1215 1455 1281 sit,
1497 1213 1605 1283 jam
1632 1224 1725 1267 vos

189 1308 367 1395 audisse
387 1330 495 1401 quis
521 1322 767 1381 dubitet?
813 1320 976 1375 Erant
1014 1315 1157 1371 enim
1195 1327 1225 1367 a
1252 1308 1580 1379 depositione
1608 1320 1727 1359 cor-

190 1429 315 1503 poris
342 1394 476 1494 ejus,
505 1433 629 1474 eum
658 1415 775 1469 haec
812 1409 1100 1467 scriberem
1125 1447 1142 1472 ,
1190 1403 1303 1458 dies
1342 1400 1509 1456 ferme
1548 1394 1729 1467 viginti

191 1491 397 1595 quatuor.
422 1515 601 1571 Utrum
625 1510 735 1579 jam
765 1502 961 1559 videris
992 1501 1034 1566 ¹,
1064 1494 1383 1568 disponebas
1405 1491 1570 1553 enim,
1611 1502 1729 1542 suc-

191 1586 416 1672 cessarem
430 1608 687 1679 primatus
703 1601 842 1672 ejus,
862 1597 907 1652 si
934 1594 1047 1650 fieri
1067 1598 1258 1664 potest,
1283 1603 1441 1644 nosse
1461 1586 1727 1640 volumus.

189 1710 282 1764 Non
296 1705 463 1760 desunt
482 1696 754 1761 scandala,
778 1690 871 1747 sed
892 1702 1063 1759 neque
1081 1683 1344 1755 refugium
1368 1700 1381 1748 ;
1414 1695 1517 1735 non
1539 1678 1735 1733 desunt.

191 1811 438 1859 mmmres,
466 1791 559 1848 sed
593 1802 765 1859 neque
792 1781 1204 1839 consolationes.
1246 1776 1416 1844 Atque
1444 1773 1581 1826 inter
1619 1769 1735 1823 haec

190 1906 323 1961 quam
362 1882 678 1956 vigilandum
725 1877 827 1939 sit,
877 1888 944 1928 ne
982 1871 1294 1940 cujusquam
1340 1863 1519 1919 odium
1558 1860 1734 1917 cordis

194 1953 349 2038 intima
376 1953 579 2039 teneat,
627 1983 799 2040 neque
827 1967 967 2020 sinat
990 1971 1048 2016 ut
1077 1973 1287 2015 oremus
1319 1958 1482 2012 Deum
1510 1956 1565 2010 in
1589 1953 1736 2009 cubi-

194 2076 294 2131 culo
316 2082 482 2127 nostro
505 2068 692 2122 clauso
716 2062 856 2117 ostio
890 2056 1099 2130 (Matth.
1132 2070 1184 2109 vr
1203 2094 1218 2119 ,
1246 2052 1336 2122 6),
1366 2049 1461 2106 sed
1482 2048 1735 2104 adversus

194 2169 336 2238 ipsum
361 2164 516 2218 Deum
562 2155 777 2214 claudat
813 2151 1007 2207 ostium
1030 2188 1047 2214 ,
1089 2144 1267 2213 nosti,
1309 2143 1508 2212 optime
1542 2138 1733 2194 frater:

197 2232 403 2331 subrepit
424 2262 601 2310 autem
626 2292 643 2318 ,
679 2248 804 2304 dum
843 2242 979 2300 nulli
1020 2237 1268 2295 irascenti
1308 2238 1382 2291 ira
1410 2250 1505 2289 sua
1532 2232 1740 2288 videtur

198 2324 378 2422 injusta.
426 2346 495 2401 lla
542 2343 689 2398 enim
730 2340 1124 2394 inveterascens
1160 2330 1238 2384 ira
1269 2328 1328 2382 fit
1362 2326 1541 2381 odium
1563 2367 1578 2391 ,
1613 2324 1740 2379 dum

205 2413 329 2511 quasi
352 2436 460 2508 justi
500 2430 712 2488 doloris
748 2426 979 2481 admixta
1017 2418 1275 2483 dulcedo,
1318 2416 1514 2471 diutius
1543 2429 1657 2468 eam
1687 2413 1741 2467 in

202 2548 307 2587 vase
323 2529 515 2593 detinet,
544 2524 723 2579 donec
739 2529 905 2574 totum
926 2521 1165 2577 acescat,
1196 2523 1395 2579 vasque
1419 2512 1739 2575 corrumpat.

203 2623 490 2692 Quapropter
513 2614 691 2671 multo
720 2610 908 2666 melius
929 2649 944 2675 ,
974 2620 1076 2660 nec
1106 2603 1250 2673 juste
1291 2599 1535 2669 cuiquam
1565 2596 1746 2651 irasci—

202 2688 329 2780 mur,
368 2688 515 2783 quam
546 2705 698 2763 velut
722 2703 864 2772 juste
905 2694 1185 2752 irascendo
1220 2692 1273 2746 in
1306 2689 1528 2759 alicujus
1565 2688 1746 2744 odium

202 2807 279 2860 im
304 2780 486 2860 occulta
512 2797 774 2855 facilitate
803 2790 1121 2848 delabimur.
1166 2784 1223 2840 ln
1250 2781 1569 2853 recipiendis
1604 2780 1747 2835 enim

209 2894 463 2967 hospitibus
486 2888 710 2962 ignotis,
741 2884 977 2940 solemus
996 2879 1194 2943 dicere,
1224 2875 1392 2931 multo
1416 2887 1534 2928 esse
1559 2871 1750 2926 melius

208 2966 377 3043 malum
404 2985 677 3039 hominem
705 2975 929 3048 perpeti,
961 2986 1119 3043 quam
1151 2968 1369 3023 forsitan
1388 2981 1482 3037 per
1502 2966 1750 3035 ignoran-

202 3082 307 3135 tiam
333 3075 533 3133 excludi
562 3073 788 3133 bonum,
815 3067 940 3121 dum
966 3075 1216 3118 cavemus
1240 3075 1309 3114 ne
1328 3057 1616 3127 recipiatur
1636 3070 1750 3110 ma-

201 3172 267 3225 lus
291 3189 305 3225 :
332 3168 417 3224 sed
448 3169 500 3222 in
540 3159 823 3219 affectibus
860 3156 1022 3212 animi
1045 3163 1231 3210 contra
1260 3159 1361 3207 est.
1392 3148 1524 3205 Nam
1553 3149 1753 3203 incom-

207 3260 476 3332 parabiliter
504 3251 774 3310 salubrius
803 3255 889 3304 est
919 3246 1079 3302 etiam
1106 3244 1199 3298 irae
1222 3242 1362 3311 juste
1387 3238 1616 3310 pulsanti
1646 3252 1753 3291 non

208 3326 385 3421 aperire
418 3344 692 3420 penetrale
731 3340 909 3396 cordis
928 3381 942 3405 ,
974 3350 1133 3407 quam
1161 3332 1442 3387 admittere
1470 3344 1574 3383 non
1603 3326 1755 3382 facile

206 3420 535 3502 recessuram,
580 3445 635 3491 et
658 3440 1033 3506 perventuram
1067 3426 1137 3482 de
1168 3424 1381 3480 surculo
1421 3421 1487 3476 ad
1530 3420 1751 3475 trabem.

204 3530 352 3587 Audet
377 3530 571 3600 quippe
602 3522 937 3594 impudenter
955 3519 1121 3574 etiam
1150 3528 1392 3571 crescere
1419 3513 1574 3568 citius
1598 3526 1755 3581 quam

205 3631 405 3695 putatur.
447 3620 567 3677 Non
596 3618 739 3674 enim
766 3612 1032 3670 erubescit
1056 3611 1108 3664 in
1137 3607 1371 3663 tenebris
1390 3648 1405 3671 ,
1448 3619 1568 3659 cum
1600 3618 1758 3673 super

207 3732 304 3772 eam
326 3717 399 3772 sol
423 3714 681 3771 occiderit
699 3710 857 3781 (Eph.
882 3722 959 3775 tv,
982 3703 1096 3777 26).
1118 3704 1327 3759 Recolis
1350 3710 1492 3758 certe
1511 3715 1614 3772 qua
1631 3715 1759 3762 cura

209 3817 255 3861 et
274 3817 446 3878 quanta
467 3803 828 3863 sollicitudine
854 3802 952 3854 ista
984 3796 1309 3867 scripserim,
1343 3796 1387 3849 si
1412 3794 1605 3850 recolis
1632 3792 1759 3864 quid

207 3915 389 3955 mecum
410 3914 580 3972 nuper
603 3898 653 3952 in
683 3895 870 3949 itinere
894 3890 1125 3963 quodam
1148 3889 1354 3943 locutus
1374 3887 1468 3940 sis.

266 3992 315 4045 5.
341 3990 575 4045 Fratrem
602 3988 859 4044 Severum
882 4026 896 4049 ,
933 3990 987 4037 et
1004 3981 1099 4051 qui
1122 3995 1243 4035 cum
1269 3994 1335 4034 eo
1364 3986 1517 4044 sunt,
1559 3977 1759 4032 saluta-

213 4098 331 4137 mus.
356 4082 520 4137 Etiam
542 4080 769 4134 fortasse
790 4075 918 4145 ipsis
940 4073 1323 4134 scriberemus,
1349 4070 1393 4123 si
1423 4084 1517 4139 per
1546 4068 1762 4124 festina-

213 4174 385 4229 tionem
407 4170 687 4244 perlatoris
708 4169 916 4223 liceret.
940 4164 1068 4219 Peto
1083 4172 1260 4217 autem
1282 4170 1339 4215 ut
1357 4161 1494 4229 apud
1516 4158 1761 4214 eumdem

213 4265 401 4321 fratrem
434 4276 673 4320 nostrum
702 4260 995 4324 Victorem,
1027 4255 1111 4311 cui
1135 4268 1235 4325 ago
1262 4254 1422 4307 etiam
1452 4251 1589 4321 apud
1620 4259 1763 4305 tuam

217 4358 530 4412 Sauctitatem
558 4355 757 4426 gratias
778 4350 918 4422 quod
943 4345 1344 4404 Constantinam
1376 4359 1495 4399 cum
1523 4348 1766 4413 pergeret

219 4447 451 4516 indicavit,
485 4446 713 4521 petendo
730 4445 947 4514 adjnves
973 4450 1187 4512 propter
1203 4439 1469 4509 negotium
1494 4435 1634 4505 quod
1653 4435 1765 4504 ipse

223 4542 365 4607 novit,
396 4543 460 4597 de
488 4556 595 4611 quo
623 4535 993 4611 gravissimum
1023 4531 1229 4603 pondus
1251 4544 1346 4599 pro
1366 4543 1426 4583 ea
1454 4542 1514 4582 re
1540 4526 1765 4581 multum

218 4602 524 4702 deprecantis
566 4602 798 4685 Nectarii
850 4602 1065 4694 majoris
1112 4621 1303 4693 patior,
1351 4635 1445 4690 per
1494 4618 1765 4673 Calamam

219 4738 427 4780 remeare
453 4740 518 4778 ne
543 4730 791 4794 gravetur
824 4737 836 4772 :
866 4718 945 4773 sic
966 4714 1109 4771 enim
1136 4712 1377 4784 promisit
1406 4711 1552 4766 mihi.
1584 4710 1728 4764 Vale.

227 4986 236 4996 ,
271 4929 285 4957 ι
306 4926 693 4996 ωγμίῃυεηετὶδ.
714 4930 769 4975 At
790 4922 898 4972 Bad.
931 4928 1030 4969 Am.
1061 4923 1133 4967 Er.
1162 4923 1214 4967 et
1234 4922 1342 4965 Mss.
1367 4914 1728 4978 quatuordecim
1753 4948 1769 4974 ,

215 4987 301 5047 jam
330 4987 515 5039 sideris.

273 5070 335 5133 (a)
355 5074 434 5120 Hic
463 5072 696 5134 Megalius
724 5066 1015 5134 (‘algtmensis
1049 5065 1302 5134 episoolms
1335 5067 1385 5134 et
1408 5059 1634 5134 numidia:
1672 5061 1770 5134 pri:

225 5121 409 5189 ηιάεξωί
427 5134 473 5181 in
499 5121 772 5195 cﬁiscopam
787 5129 927 5195 forte.
942 5121 1481 5195 ιζίξεείίᾲίιιερᾹηρτίπιεξω
1503 5128 1683 5195 autem,
1698 5123 1771 5172 ιιιί

225 5202 276 5239 cx
297 5183 415 5243 eone.
439 5183 799 5254 Caribagiiiensi
822 5189 1043 5254 anni§97
1069 5185 1384 5254 intelligitur,
1408 5183 1773 5254 (aescentiauus

223 5255 442 5313 mccessit,
465 5263 511 5303 s.
539 5245 848 5316 Augustinum
869 5249 1103 5316 ordinavit
1128 5245 1428 5316 cpiscoi'um;
1456 5259 1562 5315 eum
1586 5245 1633 5291 in
1660 5258 1773 5316 eum

168 5324 172 5327 '
225 5319 361 5385 latitet)
374 5306 531 5385 adhuc
544 5306 875 5385 presbyterum
892 5308 1140 5382 epistolam
1161 5306 1435 5369 scripsisset
1458 5306 1623 5385 iratius,
1639 5308 1775 5385 cujus

226 5374 388 5445 injuriae
423 5369 609 5445 veniam
643 5369 936 5445 deprecatus
963 5373 1011 5419 in
1032 5369 1608 5445 Iepiswtgorunngui’cilio
1646 5369 1775 5445 calu-

226 5428 377 5485 mhiam
394 5445 441 5487 et
459 5428 911 5488 falsitatem'scripto
926 5428 1275 5488 condemnavit,
1298 5443 1358 5479 ex
1388 5430 1468 5478 lib.
1483 5429 1513 5476 5
1527 5436 1654 5477 cont.
1683 5428 1772 5477 litt.

226 5497 493 5559 Petiliani,c.
525 5498 595 5559 18,
620 5513 668 5547 n.
698 5497 782 5559 l9;
800 5489 866 5544 lii)
907 5492 1435 5559 §_cout._§resconium,_
1456 5506 1498 5539 c.
1525 5490 1603 5549 80,
1622 5503 1668 5536 η.
1694 5489 1775 5559 93,

229 5562 271 5625 et
289 5557 364 5607 lib.
381 5553 553 5611 (cont.
576 5553 878 5625 eumdem,_c.
903 5555 985 5613 6i,
1000 5568 1058 5625 Β.
1073 5553 1265 5625 79,__etc.
1293 5562 1391 5625 Huc
1415 5556 1599 5625 fortean
1620 5554 1778 5625 respi-

228 5618 341 5685 dunt.
360 5634 465 5685 qua:
504 5629 607 5683 post
643 5613 1199 5685 renuntiatamtgcgalii
1221 5624 1427 5665 mortem
1464 5613 1654 5675 subjicit
1691 5621 1779 5661 Alt-

231 5676 430 5741 gnslinus
452 5696 463 5731 :
500 5676 628 5733 Non
649 5682 825 5732 desunt
846 5676 1123 5738 scandala,»
1157 5682 1250 5725 etc.

1323 360 1806 424 EPISTOLABUM
1841 357 2119 418 CLASSIS
2154 357 2223 416 11.

2226 487 2561 547 EPISTOLA
2598 484 2821 545 χχχιχ
2847 490 2868 512 ο
2892 486 2992 560 (a).

1818 606 2163 676 Hieronymus
2194 603 2493 675 Augustino,
2514 602 2868 657 commendans
2894 600 2972 656 illi
2998 598 3326 669 Praesidium,
3354 609 3401 656 et

2268 694 2458 749 salvere
2485 693 2670 763 jubens
2694 692 2955 763 Alypium.

1871 806 2088 862 Domino
2118 822 2230 861 vere
2255 814 2427 859 sancto
2457 813 2503 859 et
2529 803 2812 859 beatissimo
2850 819 2998 876 papa:
3034 805 3332 860 Ancus'nuo
3350 843 3365 866 .

2150 904 2485 958 lltsnouvuus
2504 942 2519 965 ,
2544 900 2598 954 in
2620 898 2821 955 Christo
2847 897 3082 953 salutem.

1901 1018 2049 1074 CAP.
2076 1016 2443 1073 PRIMUM.—
2465 1016 2491 1070 1
2505 1054 2518 1069 .
2539 1013 2684 1069 Αηηο
2701 1014 2973 1083 ρτωιεγὶιο,
2993 1030 3080 1084 per
3097 1015 3304 1085 fratrem
3318 1027 3410 1067 no-

1827 1119 1988 1167 strum
2009 1110 2257 1165 Asterium
2282 1108 2684 1180 hypodiaconum
2712 1105 3006 1177 Dignationi
3035 1115 3136 1160 tua:
3150 1104 3411 1176 epistolam

1828 1203 2083 1268 miseram,
2110 1209 2396 1273 promptum
2416 1198 2631 1253 reddens
2648 1197 2967 1253 salutationis
2987 1196 3236 1268 ofﬁcium;
3262 1212 3414 1266 quam

1833 1294 1921 1350 tibi
1937 1295 2154 1349 arbitror
2172 1292 2442 1347 redditam.
2472 1288 2629 1344 Nunc
2642 1303 2835 1360 quoque
2855 1304 2943 1359 per
2961 1295 3186 1343 sanctum
3207 1290 3414 1356 fratrem

1834 1404 1999 1443 meum
2030 1385 2336 1441 Prtesidium
2363 1384 2652 1447 diaconum,
2684 1379 2885 1435 obsecro
2911 1379 3128 1451 primunt
3155 1386 3211 1432 ut
3232 1376 3411 1431 memi-

1835 1482 1967 1537 neris
1993 1479 2089 1535 mei
2118 1495 2136 1533 :
2165 1476 2345 1531 deinde
2383 1485 2437 1529 ut
2478 1473 2703 1545 bajulum
2736 1471 3019 1526 litterarum
3055 1469 3236 1523 habeas
3271 1484 3411 1522 com-

1836 1570 2156 1636 mendatum,
2186 1576 2231 1623 et
2257 1566 2378 1621 mihi
2410 1566 2542 1620 scias
2568 1562 3006 1635 germanissimum
3024 1602 3040 1627 ,
3070 1559 3186 1615 etin
3210 1560 3417 1628 quibus-

1839 1678 2049 1731 cumque
2073 1659 2342 1715 necessitas
2368 1655 2721 1728 postulaverit.
2753 1657 2920 1725 foveas
2956 1659 3105 1723 atque
3140 1658 3422 1715 sustentes;

1840 1770 1939 1808 non
1961 1768 2061 1823 quo
2084 1751 2255 1823 aliqua
2279 1765 2334 1803 re
2377 1746 2599 1822 (Christo
2628 1742 2900 1815 tribuente)
2924 1741 3175 1814 indigeat,
3206 1738 3293 1795 sed
3322 1755 3423 1810 quo

1840 1845 2082 1901 bonorum
2118 1841 2365 1896 amicitias
2392 1836 2680 1893 avidissime
2709 1844 2938 1907 expetat,
2975 1842 3023 1889 et
3046 1849 3100 1888 se
3123 1833 3179 1887 in
3197 1832 3275 1887 his
3299 1846 3423 1887 con-

1831 1936 2109 2011 jungendis
2130 1933 2409 1989 maximum
2435 1939 2573 2004 putet
2599 1928 2895 1997 beneﬁcium
2935 1934 3275 1981 consecutum.
3321 1922 3426 1980 Cur

1839 2036 2009 2082 autem
2034 2025 2101 2080 ad
2124 2023 2446 2080 Occidentem
2466 2020 2809 2092 navigaverit,
2834 2018 2946 2090 ipso
2970 2017 3158 2090 poteris
3188 2024 3428 2072 narrante

1841 2135 2153 2193 cognoscere.

1912 2211 2066 2268 CAP.
2100 2209 2163 2265 ll.
2190 2237 2263 2250 —
2316 2208 2372 2263 2.
2400 2204 2511 2260 Nos
2535 2204 2589 2259 in
2624 2201 2925 2259 monasterio
2954 2200 3237 2269 constituti,
3276 2199 3430 2255 variis

1846 2306 1961 2360 hinc
1982 2303 2102 2358 inde
2131 2300 2362 2372 [luctibus
2382 2298 2658 2370 quatimur,
2682 2305 2729 2351 et
2745 2293 3159 2367 peregrinationis
3178 2292 3432 2347 molestias

1845 2397 2172 2451 sustinemus.
2220 2390 2327 2446 Sed
2352 2389 2602 2444 credimus
2630 2388 2684 2441 in
2709 2402 2767 2441 eo
2786 2385 2873 2456 qui
2898 2385 3061 2452 dixit,
3093 2401 3113 2436 ς
3146 2381 3432 2452 Conﬁdite;

1848 2504 1938 2559 ego
1960 2486 2055 2541 vici
2083 2484 2327 2539 mundum
2350 2499 2368 2533 ι
2403 2480 2583 2551 (Joan.
2612 2493 2729 2543 xw,
2761 2476 2878 2549 55),
2907 2475 3041 2548 quod
3060 2476 3172 2546 ipso
3190 2472 3435 2530 tribuente

1849 2588 1895 2634 et
1916 2577 2152 2649 prwsule,
2180 2584 2355 2628 contra
2376 2573 2566 2626 hostem
2594 2568 2850 2623 diabolum
2878 2566 3135 2622 victorions
3159 2581 3434 2636 consequa-

1850 2688 1981 2726 mur.
2027 2669 2271 2725 Sanctum
2301 2675 2347 2719 et
2384 2663 2712 2719 venerabilem
2747 2664 2956 2731 fratrem
2994 2668 3223 2713 nostrum
3251 2673 3436 2728 papam

1851 2765 2112 2835 Alypium,
2147 2770 2199 2814 ut
2222 2774 2332 2814 meo
2360 2756 2593 2828 obsequio
2616 2754 2822 2817 salutes,
2853 2751 3075 2806 obsecro.
3118 2749 3297 2804 Sancti
3325 2753 3435 2821 [ra—

1853 2865 1981 2922 tres,
2011 2855 2098 2926 qui
2127 2852 2383 2907 nobiscum
2412 2849 2467 2903 in
2504 2847 2810 2901 monasterio
2835 2842 3057 2897 Domino
3089 2840 3270 2897 servire
3295 2839 3437 2910 festi-

1854 2958 2009 3014 nant,
2047 2945 2237 3017 Oppido
2277 2954 2324 2998 te
2362 2942 2605 2996 salutant.
2650 2936 2966 2992 Incolumem
3011 2944 3059 2990 te
3089 2942 3136 2989 et
3171 2947 3441 2989 memorem

1855 3040 1952 3094 mei
1970 3080 1984 3104 ,
2017 3036 2244 3092 Christus
2274 3033 2412 3089 Deus
2441 3041 2607 3086 noster
2634 3037 2831 3084 tueatur
2858 3027 3208 3099 omnipotens,
3239 3024 3442 3080 domine

1858 3148 1971 3187 vere
1995 3138 2166 3184 sancte
2189 3136 2236 3181 et
2259 3123 2579 3196 suscipiende
2606 3138 2760 3194 papa.

2306 3256 2636 3314 EPISTOLA
2673 3252 2768 3310 XL
2804 3258 2824 3279 ‘
2845 3258 2864 3279 '
2896 3252 2991 3327 (b).

1860 3358 2169 3429 Augustinus
2200 3352 2513 3423 Hieronymo
2538 3350 2601 3403 de
2627 3347 2772 3403 titulo
2800 3346 2991 3418 vulgati
3018 3345 3081 3399 ab
3106 3345 3217 3416 ipso
3243 3344 3356 3399 libri
3384 3345 3447 3400 de

1935 3449 2276 3521 Scriptoribus
2311 3442 2659 3500 ecclesiasticis
2690 3457 2708 3495 :
2734 3449 2840 3494 tum
2869 3439 2931 3493 de
2956 3437 3112 3493 Petro
3146 3437 3446 3509 reprehenso

1936 3560 2033 3596 non
2072 3539 2379 3595 mendaciter
2407 3554 2438 3591 a
2467 3535 2636 3590 Paulo
2655 3576 2670 3601 ,
2706 3533 2767 3588 de
2795 3548 2893 3604 quo
2924 3533 3037 3603 jam
3063 3532 3223 3587 eidem
3249 3531 3448 3601 scripsit

1938 3632 2221 3702 Epistolam
2244 3629 2336 3685 28.
2370 3626 2619 3681 Hortatur
2649 3633 2897 3696 postremo
2926 3632 2980 3677 ut
3011 3622 3191 3694 prodat
3217 3620 3448 3693 Origenis

1936 3734 1982 3778 et
2007 3722 2322 3794 singulorum
2350 3718 2698 3773 htereticorum
2721 3723 2905 3769 errata.

1868 3838 2092 3894 Domino
2119 3833 2465 3890 dilectissimo
2485 3870 2499 3897 ,
2529 3838 2583 3885 et
2607 3829 2755 3885 cultu
2788 3827 3149 3883 sincerissimo
3177 3825 3450 3882 charitatis

1938 3924 2274 3983 observando
2311 3933 2467 3993 atque
2494 3919 2866 3990 amplectendo
2894 3917 3083 3985 fratri,
3111 3926 3166 3972 et
3202 3931 3448 3987 compre-

1939 4019 2152 4090 sbytero
2179 4016 2507 4080 Iltsnouvuo,
2532 4014 2887 4068 Aucusrtuus.

1938 4130 2092 4186 CAP.
2126 4126 2482 4184 PRIMUM.—
2507 4128 2558 4179 1.
2588 4124 2769 4178 Habeo
2798 4122 3020 4192 gratiam
3041 4121 3181 4191 quod
3211 4136 3306 4191 pro
3328 4121 3452 4175 subs

1870 4222 2063 4291 scripta
2089 4218 2424 4278 salutatione,
2447 4215 2657 4285 plenam
2685 4212 2813 4267 milii
2845 4212 3120 4282 epistolam
3152 4211 3450 4277 reddidisti,

1870 4311 1962 4368 sed
1993 4311 2294 4366 breviorem
2321 4307 2486 4361 multo
2506 4320 2662 4375 quam
2698 4320 2763 4360 ex
2800 4312 2853 4358 te
2883 4302 3074 4359 vellem
3096 4319 3335 4368 sumere,
3359 4304 3453 4360 tali

1870 4403 1987 4458 viro
2002 4445 2014 4467 ,
2038 4417 2066 4455 a
2087 4415 2192 4471 quo
2214 4410 2452 4468 tempora
2473 4395 2797 4467 quantalibet
2820 4403 3061 4465 occupet,
3086 4394 3261 4449 nullus
3277 4409 3455 4449 sermo

1874 4496 2105 4565 prolixus
2145 4499 2247 4545 est.
2274 4490 2584 4559 Quanquam
2617 4487 2793 4557 itaque
2822 4500 2919 4540 nos
2952 4488 3283 4556 negotiorum
3322 4486 3455 4541 alie-

1873 4604 2092 4653 norum,
2133 4598 2424 4654 eorumque
2468 4581 2786 4637 secularium
2810 4622 2824 4644 ,
2865 4579 3007 4634 curis
3054 4580 3458 4635 circumstcmnr

1874 4680 2203 4752 ingentibus;
2237 4686 2413 4733 tamen
2460 4674 2696 4745 epistolae
2737 4681 2844 4727 tute
2884 4672 3128 4727 brevitati
3168 4672 3321 4727 facile
3350 4688 3457 4727 non

1874 4774 2202 4845 ignoscerem
2224 4808 2239 4835 ,
2271 4766 2373 4821 nisi
2403 4766 2693 4836 cogitarem
2733 4779 2891 4834 quam
2922 4763 3258 4833 paucioribus
3282 4765 3462 4820 verbis

1876 4865 2007 4921 meis
2060 4860 2387 4917 redderetur.
2431 4858 2637 4925 Quare,
2681 4855 3000 4927 aggredere,
3043 4871 3260 4926 quaeso,
3305 4858 3461 4914 istam

1877 4955 2151 5010 nobiscum
2196 4950 2507 5006 litterariam
2553 4947 2996 5012 collocutiouem,
3025 4961 3092 5000 ne
3130 4947 3352 5002 multum
3396 4949 3460 5004 ad

1878 5061 1977 5101 nos
2022 5041 2403 5115 disjungcndos
2454 5040 2614 5094 liceat
2664 5038 2920 5093 absentia:
2966 5040 3461 5111 corporali:quan-

1878 5153 2033 5209 quam
2076 5136 2241 5189 simus
2294 5133 2345 5187 in
2386 5132 2609 5185 Domino
2640 5128 2871 5198 Spiritus
2915 5128 3117 5186 unitate
3157 5130 3461 5200 conjuncti,

1880 5230 2087 5285 etiamsi
2127 5228 2193 5282 ab
2230 5226 2352 5282 stilo
2394 5225 2762 5295 quiescamus,
2804 5231 2861 5277 et
2908 5233 3192 5279 taceamus.
3234 5224 3296 5278 Et
3344 5222 3464 5278 libri

1946 5387 1963 5406 '
1990 5384 2241 5435 uecensita
2265 5388 2341 5431 est
2362 5379 2421 5429 ad
2455 5391 2499 5429 a.
2524 5379 2575 5429 b.
2613 5390 2685 5428 cc.
2725 5377 2782 5428 fs.
2802 5379 2841 5442 j.
2865 5391 2955 5428 mr.
2981 5391 3021 5427 r.
3046 5378 3121 5427 sb.
3142 5384 3179 5426 t.
3202 5382 3258 5425 tt.
3284 5386 3359 5424 vc.
3382 5375 3465 5425 (ἰθ-

1883 5462 1991 5499 cem
2008 5463 2052 5497 v.
2080 5454 2133 5497 et
2154 5454 2255 5493 Am.
2281 5443 2388 5492 Bad.
2413 5449 2487 5491 Er.
2513 5448 2622 5491 Iov.

1946 5511 1985 5527 "
2010 5517 2137 5558 Hanc
2155 5505 2526 5569 recognovimus
2560 5504 2620 5569 ad
2640 5516 2685 5551 a.
2710 5501 2777 5551 bl.
2801 5500 2885 5549 bn.
2923 5511 2993 5548 cc.
3020 5497 3077 5548 fs.
3096 5498 3135 5559 j.
3159 5510 3311 5548 mr.r.
3334 5497 3408 5547 sb.
3428 5506 3465 5550 t.

1882 5579 1938 5622 tt.
1968 5585 2039 5621 vc.
2065 5581 2239 5619 novem
2252 5565 2301 5618 v'.
2325 5567 2385 5615 ad
2408 5574 2505 5614 Am.
2533 5565 2640 5614 Bad.
2664 5570 2738 5612 Fr.
2763 5570 2871 5611 ων.

1946 5618 2166 5741 (ὰέὣιίθδ
2200 5632 2253 5680 Π
2275 5640 2415 5692 :qute
2455 5634 2619 5677 autem
2639 5625 2701 5673 39
2732 5629 2861 5682 erat,
2886 5632 3014 5669 nunc
3043 5618 3122 5669 26.
3144 5620 3324 5684 Scripta
3344 5624 3470 5675 circa

1885 5708 2166 5817 uigilias
2185 5754 2248 5803 9:
2277 5764 2387 5815 quae
2422 5755 2584 5801 autem
2622 5747 2683 5795 40
2707 5751 2808 5794 erat
2827 5779 2841 5805 ,
2879 5743 3153 5817 continetur
3176 5744 3254 5795 26.
3294 5750 3472 5819 scripta

1885 5819 2009 5865 circa
2030 5829 2108 5865 an.
2132 5816 2238 5865 397.
3196 5814 3203 5817 '
3250 5814 3251 5817 ‘
3338 5820 3339 5823 ‘

1885 5814 2305 5875 circam.397.’
2586 5865 2598 5875 ,
3000 5814 3051 5875 “ν
3196 5814 3251 5817 "
3338 5820 3339 5823 η
