4054 6446
566 376 670 438 158

569 496 783 568 quidem
804 538 819 562 ,
851 489 1080 565 quosde
1120 492 1311 547 horreo
1352 486 1623 545 Δοιιιὶιὶαι
1666 485 1985 552 elaborasti,
2018 497 2153 553 pene

571 597 738 643 totum
781 596 840 642 te
876 585 1030 640 notis
1068 583 1344 638 exhibent.
1366 581 1427 638 Si
1450 581 1594 636 enim
1628 587 1910 649 prepterea
1948 584 2002 631 te
2042 589 2151 629 non

576 680 851 741 novimus,
880 677 999 747 quia
1031 675 1218 730 faciem
1244 674 1321 728 tui
1350 672 1591 741 corporis
1616 686 1723 726 non
1755 668 1979 723 vidimus
2007 686 2018 720 :
2051 666 2153 721 hoc

573 770 733 825 modo
774 783 874 823 nec
922 768 1118 836 ipsete
1147 766 1321 829 nosti;
1351 779 1471 819 nam
1517 773 1571 818 tu
1612 776 1820 832 quoque
1857 775 1961 814 non
2004 758 2153 814 vides

576 880 714 919 eam.
739 862 795 917 Si
837 871 1010 916 autem
1054 861 1144 916 tibi
1190 875 1293 914 non
1322 856 1393 912 ob
1420 856 1561 911 aliud
1599 865 1751 909 notus
1777 870 1862 920 es,
1892 853 1990 907 nisi
2030 851 2152 921 quia

573 956 712 1011 nosti
746 955 978 1010 animum
1007 962 1190 1013 tuum;
1220 961 1272 1004 et
1301 963 1397 1003 nos
1421 963 1541 1003 eum
1570 963 1672 1001 non
1702 943 2037 999 mediocriter
2060 958 2154 995 no-

572 1047 748 1101 vimus
773 1046 823 1099 in
846 1042 1037 1098 litteris
1064 1041 1189 1108 tuis,
1218 1040 1267 1094 in
1299 1037 1490 1108 quibus
1512 1030 1873 1091 benedicimus
1903 1032 2148 1099 Domino,

574 1136 713 1210 quod
746 1136 874 1204 tibi,
906 1144 959 1191 et
1004 1132 1181 1198 nobis,
1230 1128 1581 1200 omnibusque
1604 1122 1887 1194 fratribus,
1922 1125 2017 1196 qui
2064 1132 2152 1179 tua

574 1231 747 1302 legunt
771 1272 786 1297 ,
820 1237 869 1284 te
894 1224 1051 1282 talem
1074 1224 1236 1281 dedit.

644 1319 799 1376 CAP.
830 1316 891 1374 il.
922 1348 995 1360 -——
1026 1317 1085 1371 τὶ.
1108 1314 1269 1370 Liber
1291 1312 1503 1385 quidam
1530 1322 1651 1366 tuus
1676 1311 1815 1366 inter
1836 1316 2024 1364 caetera
2045 1318 2153 1363 non

571 1409 660 1469 diu
691 1416 773 1468 est
807 1421 864 1465 ut
892 1409 1036 1465 venit
1074 1406 1129 1461 in
1168 1419 1358 1460 manus
1391 1410 1637 1458 nostras:
1661 1414 1777 1471 quae
1804 1400 1874 1454 sit
1914 1396 2030 1468 eius
2068 1399 2152 1452 in-

572 1506 822 1576 scriptio,
853 1502 1121 1559 nescimus
1148 1498 1349 1563 adhuc;
1378 1510 1482 1550 non
1513 1495 1653 1550 enim
1683 1493 1784 1547 huc
1810 1493 1977 1548 codex
2010 1496 2150 1562 ipse,

572 1607 631 1654 ut
674 1597 903 1657 assolet,
954 1594 1005 1646 in
1053 1590 1280 1645 i'uniuari
1331 1588 1518 1659 pagina
1560 1582 1936 1656 prmtcndebat.
1968 1582 2153 1655 Epita-

572 1689 756 1762 phium
788 1694 961 1740 tamen
996 1680 1247 1752 appellari
1276 1678 1483 1734 dicebat
1516 1675 1683 1731 frater
1716 1673 1852 1745 apud
1876 1690 2030 1745 quem
2067 1675 2153 1728 in-

572 1788 763 1835 ventus
788 1786 905 1841 est;
935 1772 1075 1845 quod
1104 1772 1151 1827 ei
1182 1782 1372 1825 nomen
1403 1766 1491 1823 tibi
1518 1768 1778 1838 placuisse
1803 1774 1863 1820 ut
1886 1764 2157 1821 inderetur

576 1868 936 1934 crederemus,
962 1864 1005 1921 si
1033 1876 1217 1920 eorum
1244 1866 1450 1917 tantum
1475 1856 1556 1914 vel
1578 1861 1735 1926 vitas,
1757 1856 1839 1914 vel
1869 1857 2062 1927 scripta
2084 1856 2157 1910 ibi

576 1962 906 2033 legissemus,
930 1957 1019 2028 qui
1041 1958 1147 2025 jam
1176 1952 1407 2009 defuncti
1429 1960 1625 2007 essent.
1650 1948 1781 2005 Cum
1808 1962 1934 2004 vero
1962 1948 2157 2003 multo-

575 2066 691 2107 rum
739 2056 792 2103 et
839 2058 905 2103 eo
949 2054 1188 2116 tempore
1227 2058 1330 2114 quo
1356 2043 1704 2105 scribebatur,
1732 2050 1787 2095 et
1822 2054 1962 2094 nunc
1992 2054 2157 2108 usque

575 2141 899 2208 viventium,
942 2140 1012 2193 ibi
1059 2146 1544 2193 commemorentur
1584 2136 1870 2204 opuscula;
1904 2134 2159 2188 miramur

574 2247 668 2288 cur
712 2230 856 2287 hunc
892 2230 940 2286 ei
980 2228 1192 2284 titulum
1233 2226 1317 2283 vel
1361 2226 1698 2297 imposueris,
1729 2226 1811 2280 vel
1841 2224 2159 2295 imposuisse

576 2321 833 2377 credaris.
868 2322 1009 2377 Sane
1053 2319 1253 2374 utiliter
1280 2332 1309 2374 a
1337 2328 1388 2374 te
1417 2316 1776 2387 conscriptum
1819 2316 2064 2371 eumdem
2090 2314 2153 2370 li-

576 2414 730 2469 brum
757 2412 886 2467 satis
912 2412 1282 2482 approbamus.

645 2500 799 2559 CAP.
842 2500 930 2557 ili.
963 2534 1034 2545 -—
1076 2502 1128 2557 ὅ.
1172 2501 1230 2557 in
1274 2501 1605 2571 expositione
1655 2516 1863 2573 quoque
1907 2500 2159 2571 Epistulae

576 2594 723 2652 Pauli
755 2592 821 2649 ad
851 2593 1083 2662 Galatas,
1107 2592 1404 2649 invenimus
1433 2591 1626 2664 aliquid
1654 2593 1789 2663 quod
1812 2604 1910 2647 nos
1936 2592 2157 2647 multum

577 2697 806 2745 moveat.
834 2686 891 2744 Si
923 2687 1062 2743 enim
1106 2686 1171 2742 ad
1210 2686 1513 2756 Scripturas
1553 2694 1761 2740 sanctas
1790 2685 2017 2741 admissa
2051 2685 2160 2741 fuc-

579 2781 685 2837 rint
724 2778 868 2835 velut
907 2780 1143 2836 oiliciosa
1176 2778 1448 2835 mendacia
1472 2822 1485 2844 ,
1515 2777 1641 2849 quid
1673 2778 1723 2833 in
1756 2779 1836 2833 eis
1867 2776 2161 2833 remanebit

578 2871 946 2927 auctoritatis?
976 2887 1091 2942 qua:
1124 2868 1339 2926 tandem
1365 2868 1429 2925 de
1452 2868 1741 2941 Scripturis
1770 2870 1873 2925 illis
1902 2868 2158 2925 sententia

577 2946 894 3036 proferetur,
926 2965 1072 3034 cujus
1100 2962 1334 3033 pondere
1363 2963 1707 3018 contentiosa:
1736 2962 1977 3017 falsitatis
2004 2961 2159 3016 obte-

578 3066 727 3111 ratur
753 3054 1094 3125 improbitas?
1119 3055 1305 3111 Statim
1338 3054 1477 3109 enim
1508 3062 1564 3109 ut
1594 3055 1908 3125 protuleris;
1939 3055 1982 3108 si
2009 3054 2161 3109 aliter

580 3148 720 3215 sapit
764 3147 853 3216 qui
899 3155 1080 3200 contra
1129 3148 1331 3210 nititur,
1380 3144 1517 3201 dicet
1556 3144 1703 3211 illud,
1732 3146 1871 3216 quod
1898 3146 2158 3216 prolatum

582 3236 711 3303 erit,
746 3237 972 3291 honesto
1010 3237 1184 3307 aliquo
1225 3237 1400 3291 ofticio
1441 3238 1751 3306 scriptorem
1784 3238 1944 3294 fuisse
1973 3240 2160 3293 menti-

582 3339 717 3386 tum.
748 3329 848 3386 Ubi
872 3330 1011 3384 enim
1036 3329 1137 3384 hoc
1164 3346 1268 3384 non
1298 3330 1507 3398 poterit,
1534 3331 1577 3383 si
1607 3331 1775 3399 potuit
1806 3331 1855 3383 in
1883 3347 1944 3385 ea
1975 3347 2159 3385 narra-

586 3422 756 3487 tione,
789 3436 945 3491 quam
974 3435 1197 3476 exorsus
1224 3421 1508 3490 Apostolus
1534 3423 1632 3486 ait,
1661 3421 1787 3487 Qua:
1812 3430 1974 3476 autem
2000 3423 2161 3476 scribo

581 3515 747 3579 vobis,
777 3530 885 3569 ecce
908 3530 1077 3567 coram
1099 3511 1207 3567 Deo
1236 3514 1352 3584 quia
1376 3530 1479 3567 non
1516 3515 1731 3568 mentior
1760 3513 1916 3584 (Gal.
1949 3517 1997 3579 1,
2025 3515 2094 3570 20
2115 3514 2157 3584 ),

579 3607 724 3665 credi
749 3606 1107 3676 affirmarique
1130 3607 1384 3661 mentitus
1406 3622 1474 3661 eo
1498 3607 1617 3661 loco
1646 3608 1732 3661 ubi
1754 3608 1889 3661 dixit
1911 3608 1977 3664 de
2000 3610 2159 3663 Petro

583 3709 638 3756 et
670 3699 911 3754 Barnaba
942 3716 953 3752 ε
983 3700 1105 3753 Cum
1136 3700 1350 3752 viderem
1380 3700 1500 3767 quia
1528 3716 1628 3753 non
1657 3710 1786 3753 recte
1812 3700 2163 3771 ingrediuntur

580 3794 649 3847 ad
678 3792 928 3847 veritatem
958 3791 1221 3862 Evangelii
1250 3790 1486 3861 (Ibidem,
1517 3808 1573 3857 ti,
1607 3792 1732 3863 ii)?
1760 3791 1812 3847 Si
1845 3793 1985 3846 enim
2018 3800 2162 3847 recte

584 3884 657 3939 illi
698 3882 1147 3955 ingrediebantur,
1188 3883 1291 3938 iste
1340 3882 1589 3937 mentitus
1630 3892 1749 3947 est;
1789 3882 1835 3936 si
1876 3891 2048 3936 autem
2094 3882 2161 3935 ibi

585 3978 835 4032 mentitus
860 3986 938 4031 est
958 4019 971 4041 ,
1010 3977 1095 4031 tthi
1128 3992 1308 4030 verum
1336 3975 1506 4031 dixit?
1535 3976 1615 4029 An
1646 3976 1716 4030 ibi
1750 3991 1929 4030 verum
1968 3976 2163 4029 dixisse

581 4069 863 4134 videbitur,
915 4068 1000 4123 ubi
1055 4068 1153 4123 hoc
1190 4068 1413 4132 dixerit,
1454 4066 1593 4137 quod
1641 4067 1806 4123 lector
1849 4071 2011 4136 sapit;
2044 4082 2163 4120 cum

580 4174 707 4216 vero
737 4167 919 4214 contra
964 4175 1174 4215 sensum
1218 4159 1432 4213 lectoris
1474 4155 1669 4228 aliquid
1706 4158 2014 4220 occurrerit,
2046 4157 2164 4212 offi-

579 4249 725 4306 cioso
756 4250 1030 4306 mendacio
1057 4246 1432 4319 deputabitur?
1458 4247 1571 4303 Non
1615 4250 1754 4303 enim
1784 4248 1972 4304 deesse
2011 4258 2158 4317 pote-

580 4350 704 4395 runt
729 4356 923 4406 causm,
957 4356 1051 4394 cur
1081 4342 1418 4395 existimetur
1446 4356 1548 4393 non
1582 4339 1751 4393 solum
1782 4341 2039 4412 potuisse,
2068 4354 2160 4394 ve-

579 4448 695 4487 rum
728 4430 884 4486 etiam
918 4430 1163 4484 debuisse
1194 4430 1437 4493 mentiri,
1471 4431 1511 4483 si
1540 4429 1661 4484 huic
1692 4428 1887 4501 regulae
1913 4430 2163 4485 concedi-

583 4533 671 4579 tnr
716 4524 883 4579 locus.
911 4519 1026 4579 Non
1053 4536 1184 4592 opus
1229 4529 1311 4577 est
1351 4521 1487 4575 hanc
1528 4536 1739 4575 causam
1786 4521 1965 4575 multis
1990 4521 2163 4577 verbis

582 4632 771 4687 agere,
809 4614 1105 4687 prmsertim
1152 4613 1289 4686 apud
1325 4620 1408 4679 te,
1452 4611 1535 4668 cui
1577 4616 1842 4684 sapienter
1871 4615 2163 4686 providenti

584 4710 781 4767 dictum
813 4719 893 4767 sat
920 4714 1019 4765 est.
1048 4704 1386 4781 Nequaquam
1415 4722 1541 4763 vero
1572 4706 1699 4762 mihi
1729 4710 2081 4779 arrogaverim
2110 4718 2166 4763 ut

584 4804 850 4875 ingenium
895 4814 1069 4868 tuum,
1111 4801 1292 4857 divino
1330 4800 1472 4858 dono
1520 4816 1773 4871 aureum,
1814 4803 1947 4858 meis
1991 4802 2163 4857 obuiis

582 4897 751 4953 ditare
794 4896 1147 4963 contendam;
1188 4910 1286 4951 nec
1324 4904 1403 4952 est
1445 4896 1721 4969 quisquam
1763 4906 1812 4951 te
1850 4897 2016 4971 magis
2047 4896 2161 4953 ido-

580 5006 733 5058 nens,
756 4991 843 5062 qui
871 5007 1004 5063 opus
1028 4988 1157 5046 illud
1190 4986 1454 5045 emendet.

652 5082 805 5139 CAP.
830 5079 915 5136 iV.
941 5112 1011 5123 -
1053 5084 1105 5137 4.
1128 5080 1310 5153 Neque
1335 5080 1474 5137 enim
1501 5097 1529 5135 a
1552 5096 1638 5136 me
1664 5076 1933 5136 docendus
1956 5098 2013 5135 es
2032 5098 2162 5151 quo-

584 5172 742 5229 modo
771 5172 1092 5244 intelligatur
1112 5170 1249 5242 quod
1278 5169 1416 5228 idem
1442 5168 1600 5239 dicit,
1630 5171 1817 5226 Factus
1836 5190 1946 5228 sum
1966 5170 2162 5227 Judmis

585 5277 824 5337 tanquam
848 5263 878 5317 J
888 5266 1078 5326 udwus,
1098 5274 1152 5318 ut
1171 5262 1377 5319 Judwos
1400 5265 1741 5335 lucrifacerem
1763 5265 1800 5337 (l
1819 5260 1934 5319 Cor.
1954 5281 2005 5319 ιχ
2019 5307 2031 5330 ,
2045 5262 2157 5336 20);

578 5367 635 5413 et
657 5370 847 5415 caetera
870 5372 989 5427 quae
1014 5356 1084 5412 ibi
1106 5356 1351 5413 dicuntur
1368 5356 1737 5427 compassione
1762 5356 2160 5423 misericordiae,

586 5464 691 5503 non
734 5448 1072 5503 simulatione
1102 5448 1340 5503 fallaciae.
1371 5447 1455 5502 Fit
1489 5448 1627 5502 enim
1659 5456 1903 5519 tanquam
1932 5456 2162 5519 tegrotus

581 5538 671 5607 qui
700 5538 963 5593 ministrat
990 5546 1190 5608 trgroto
1210 5554 1224 5604 ;
1248 5552 1351 5591 non
1377 5553 1495 5591 eum
1524 5553 1582 5593 se
1608 5536 1781 5593 febres
1804 5538 2163 5594 haheremen-

580 5627 731 5693 titur,
756 5629 850 5684 sed
878 5642 999 5684 cum
1029 5628 1206 5684 animo
1234 5625 1564 5684 eondoientis
1599 5631 1793 5700 cogitat
1816 5631 2159 5700 quemadmo-

581 5720 711 5776 dum
740 5722 838 5776 sibi
867 5722 1059 5778 serviri
1081 5723 1259 5788 vellet,
1286 5722 1333 5778 si
1363 5724 1477 5792 ipse
1497 5732 1794 5794 aegrotaret.
1820 5724 1952 5779 Nam
1980 5725 2161 5796 utique

586 5811 802 5869 Judtcus
829 5822 974 5880 erat;
1002 5813 1335 5871 Christianus
1370 5824 1544 5872 autem
1592 5816 1779 5885 factus,
1818 5833 1923 5875 non
1952 5817 2161 5876 Iudaeo-

1799 364 1859 424 Β.
1896 356 2258 423 Αυευετικι
2295 360 2595 420 EPISODPI
3731 376 3817 431 ιω

2261 494 2378 536 rum
2398 482 2738 538 Sacramenta
2764 484 3069 555 reliquerint,
3093 499 3209 557 qua:
3232 488 3614 545 convenienter
3634 490 3719 549 ille
3734 506 3814 562 po-

2258 575 2418 644 pulus
2446 583 2502 630 et
2530 576 2766 646 legitime
2798 586 3041 655 tempore
3068 593 3173 648 quo
3198 579 3478 649 oportebat
3496 621 3512 647 ,
3536 594 3813 652 accepant.

2260 666 2443 737 Itaque
2467 669 2700 737 suscepit
2722 682 2785 723 ea
2812 668 3165 735 celebranda,
3195 684 3315 727 cum
3341 671 3450 740 jam
3471 673 3818 734 Christian

2260 758 2584 827 Apostolus;
2616 759 2709 814 sed
2740 769 2797 813 ut
2817 758 3038 816 doceret
3054 774 3165 816 non
3192 775 3312 817 esse
3332 764 3626 831 perniciosa
3656 766 3717 821 iis
3738 770 3816 838 qui

2259 864 2325 906 ea
2352 852 2551 905 vellent
2570 892 2584 917 ,
2611 852 2745 905 sicut
2774 866 2806 906 ι
2832 854 3140 921 parentibus
3164 854 3473 926 perbegem
3502 870 3814 929 accepant,

2260 943 2550 1010 custodire,
2575 945 2736 999 etiam
2758 958 2881 999 cum
2901 945 3115 1000 Christe
3135 946 3508 1013 credidissent,
3528 962 3635 1003 non
3656 957 3815 1007 tamen

2260 1034 2312 1089 in
2340 1036 2423 1091 eis
2462 1037 2573 1106 jam
2609 1037 2995 1091 constituerent
3024 1050 3172 1106 spem
3214 1038 3435 1103 salutis;
3462 1040 3711 1109 quoniam
3734 1056 3817 1113 per

2255 1126 2540 1181 Dominum
2566 1127 2744 1182 Jesum
2773 1128 2914 1183 salus
2943 1129 3075 1198 ipsa,
3108 1142 3227 1197 qua:
3250 1129 3355 1183 illis
3373 1129 3732 1187 Sacratith
3749 1135 3816 1189 si-

2257 1219 2626 1289 gniﬁcabatur,
2659 1219 2963 1274 advenerat.
2997 1218 3226 1290 Ideoque
3258 1221 3546 1289 Gentibus,
3572 1221 3712 1293 quod
3748 1226 3816 1280 bt-

2258 1321 2437 1366 suetos
2468 1327 2495 1364 a
2527 1313 2631 1366 fide
2660 1322 2971 1368 revocarent
3007 1328 3169 1369 onere
3195 1315 3344 1384 gravi
3370 1325 3428 1369 et
3450 1330 3557 1371 non
3593 1333 3820 1374 necessa-

2258 1403 2361 1471 rio,
2379 1407 2527 1460 nullo
2542 1404 2701 1461 modo
2716 1406 3035 1475 imponenda
3050 1418 3172 1461 esse
3188 1408 3439 1462 censebat
3454 1409 3595 1478 (Act.
3614 1425 3705 1478 xv,
3718 1410 3817 1481 ει).

2332 1499 2383 1553 5.
2425 1500 2759 1569 Quapropter
2785 1512 2891 1553 non
2930 1498 3051 1553 ideo
3080 1500 3294 1554 Petrum
3334 1500 3671 1567 emendavit,
3699 1504 3820 1572 quod

2261 1599 2509 1660 paternas
2532 1590 2843 1645 traditiones
2865 1590 3171 1645 observaret
3194 1606 3207 1643 :
3228 1590 3370 1660 quod
3388 1592 3435 1645 si
3462 1591 3643 1647 facere
3662 1595 3819 1659 relict.

2261 1694 2362 1737 nec
2391 1682 2717 1737 mendaciter
2738 1694 2837 1737 nec
2858 1682 3151 1752 incongrue
3178 1684 3405 1750 faceret;
3432 1686 3679 1754 quamvis
3696 1688 3821 1741 enim

2256 1774 2365 1843 jam
2399 1772 2663 1842 superflua
2686 1815 2701 1840 ,
2732 1781 2911 1827 tamen
2952 1772 3103 1827 solita
3132 1786 3242 1827 non
3269 1783 3522 1828 nocerent
3548 1793 3560 1828 :
3588 1775 3681 1830 sed
3705 1791 3821 1846 quo.

2261 1863 2401 1918 niam
2430 1863 2626 1919 Gentes
2672 1865 2893 1935 cogebat
2938 1864 3219 1920 Judaizare
3263 1863 3284 1936 (
3310 1862 3427 1918 Gal.
3451 1880 3509 1931 tt,
3539 1866 3610 1920 Η
3631 1864 3672 1936 ),
3700 1867 3822 1937 quod

2263 1953 2408 2009 nullo
2436 1956 2595 2010 modo
2624 1964 2823 2025 posset,
2848 1956 2948 2010 nisi
2974 1968 3035 2011 ea
3061 1956 3137 2010 sic
3162 1964 3361 2026 ageret,
3398 1966 3649 2026 tanquam
3671 1958 3823 2015 adhuc

2262 2048 2420 2102 etiam
2448 2057 2567 2117 post
2595 2048 2803 2102 Domini
2826 2048 3112 2103 adventant
3141 2049 3440 2103 necessaria
3461 2048 3623 2104 saluti
3640 2048 3821 2116 forem;

2260 2138 2397 2208 quod
2427 2140 2771 2193 vehementer
2803 2152 2898 2208 per
2928 2140 3281 2209 apostolatum
3308 2139 3455 2194 Pauli
3500 2140 3698 2197 veritas
3730 2141 3825 2197 dit-

2261 2230 2448 2285 suasit.
2492 2230 2599 2286 Nec
2639 2234 2913 2302 apostolus
2938 2232 3129 2288 Petrus
3172 2232 3274 2287 hoc
3312 2233 3749 2303 ignorabam“
3780 2236 3824 2292 id

2262 2324 2519 2391 faciebat,
2550 2324 2745 2380 timens
2776 2340 2871 2381 eos
2907 2330 2997 2396 qui
3024 2341 3092 2381 ex
3120 2327 3527 2381 circumcisione
3566 2337 3737 2383 erant.
3765 2328 3825 2383 ita

2262 2424 2317 2471 et
2342 2420 2453 2485 ipse
2476 2428 2598 2471 vere
2622 2424 2896 2471 correctus
2918 2430 3019 2482 est,
3043 2425 3096 2471 et
3122 2416 3317 2471 Paulus
3345 2431 3475 2471 vera
3505 2420 3753 2481 narravit,
3768 2434 3827 2474 at

2263 2516 2446 2562 sancta
2488 2506 2784 2577 Scriptura,
2815 2522 2934 2577 quae
2975 2508 3044 2562 ad
3092 2508 3249 2563 fidem
3291 2510 3524 2578 posteris
3566 2509 3707 2564 edita
3734 2520 3825 2575 est.

2262 2600 2497 2655 admissa
2525 2601 2836 2655 auctoritate
2859 2601 3144 2667 mendacii,
3172 2609 3280 2656 tota
3306 2600 3463 2655 dubia
3493 2612 3645 2657 nutet
3666 2613 3718 2657 et
3743 2603 3827 2658 ilu-

2263 2699 2428 2747 ctuet.
2463 2691 2577 2745 Non
2604 2693 2745 2746 ettim
2772 2701 2951 2762 potest
2980 2701 3074 2746 aut
3100 2700 3310 2762 oportet
3344 2693 3539 2748 litteris
3561 2693 3825 2764 explicati.

2263 2794 2461 2852 quanta
2499 2790 2553 2835 et
2586 2796 2744 2851 quam
2776 2781 3160 2852 inexplicabilia
3190 2783 3325 2836 maia
3360 2792 3768 2854 consequantur,
3792 2784 3827 2838 si

2266 2872 2369 2927 hoc
2387 2872 2829 2927 concesserimus.
2849 2874 3037 2927 Posset
3056 2882 3234 2929 autem
3252 2884 3553 2944 opportune
3572 2875 3830 2944 minusque

2264 2965 2566 3036 periculose
2590 2965 2971 3033 demonstrari,
3000 2966 3049 3020 si
3079 2978 3257 3021 coram
3288 2966 3426 3020 inter
3453 2981 3553 3021 nos
3580 2967 3829 3038 colloque-

2264 3073 2463 3113 remur.

2339 3149 2393 3204 6.
2438 3148 2549 3205 Hoc
2592 3162 2720 3220 ergo
2766 3149 3067 3204 Judmmrrm
3114 3150 3304 3205 Paulus
3350 3150 3669 3218 dimiserat,
3712 3152 3831 3223 quod

2270 3244 2469 3296 malum
2492 3242 2792 3306 habebant;
2820 3251 2873 3296 et
2900 3241 2953 3295 in
2982 3242 3166 3310 primis
3193 3240 3344 3308 illud,
3375 3242 3517 3311 quod
3550 3244 3832 3313 ignorantes

2265 3333 2361 3387 Dei
2388 3332 2675 3403 justitiam,
2705 3342 2761 3387 et
2785 3344 2934 3385 suam
2958 3332 3214 3401 justitiam
3236 3332 3478 3385 volentes
3506 3335 3830 3398 constituere,

2262 3426 2481 3497 justitite
2524 3422 2616 3479 Dei
2663 3438 2770 3478 non
2814 3434 2937 3479 sunt
2975 3425 3195 3492 subjecti
3223 3424 3242 3496 (
3267 3424 3414 3478 Rom.
3441 3441 3493 3489 x,
3524 3427 3558 3479 5
3580 3432 3623 3494 ).
3660 3425 3833 3481 Deinde

2264 3517 2407 3587 quod
2435 3525 2554 3585 post
2582 3518 2884 3585 passionem
2910 3524 2965 3570 et
2995 3518 3445 3570 resurrectionem
3470 3516 3673 3571 Christi
3692 3560 3706 3581 ,
3730 3517 3834 3572 dato

2264 3622 2327 3663 ac
2355 3610 2694 3663 manifestato
2718 3606 3063 3663 Sacramenta
3082 3609 3268 3677 gratia:
3290 3606 3583 3662 secundum
3612 3609 3832 3664 ordinem

2267 3699 2652 3754 Melchisedech
2666 3741 2680 3762 ,
2696 3698 2869 3753 adhuc
2894 3698 3147 3768 putabant
3164 3698 3505 3751 Sacramenta
3524 3708 3728 3762 vetem.
3744 3715 3833 3755 non

2268 3806 2333 3847 ex
2362 3791 2743 3845 consuetudine
2784 3791 3137 3845 soletnnitatis
3159 3832 3174 3855 ,
3200 3790 3295 3844 sed
3324 3805 3390 3844 ex
3419 3792 3739 3846 necessitate
3762 3806 3834 3844 sa-

2268 3886 2390 3941 lutis
2412 3901 2526 3939 esse
2544 3886 2862 3940 celebranda
2889 3901 2903 3938 :
2925 3898 3044 3953 qua:
3065 3892 3242 3937 tamen
3263 3884 3307 3937 si
3333 3898 3602 3952 nunquam
3633 3883 3835 3939 fuissem

2268 3978 2593 4040 necessaria,
2627 3976 2956 4031 infructuose
2982 3984 3140 4045 atque
3169 3976 3396 4029 inaniter
3420 3990 3515 4044 pro
3540 3976 3624 4029 eis
3650 3976 3835 4030 lineba-

2268 4067 2367 4122 bzci
2399 4077 2659 4139 martyres
2691 4067 2875 4120 fierent
2906 4064 2968 4134 (ll
3001 4066 3170 4119 Much.
3191 4082 3285 4132 vn,
3311 4067 3385 4139 i).
3414 4066 3693 4122 Postremo
3716 4066 3835 4123 istud

2267 4160 2411 4230 quod
2452 4160 2829 4229 prtedieatores
2866 4160 3049 4230 gratiae
3075 4160 3405 4214 Christianos
3433 4158 3508 4229 (α)
3534 4160 3704 4216 Judaei
3732 4171 3835 4215 tan-

2267 4264 2425 4323 quam
2460 4253 2643 4308 hostes
2668 4250 2825 4322 Legis
2855 4253 3327 4323 persequebantur.
3357 4252 3465 4305 lius
3489 4262 3649 4323 atque
3670 4253 3835 4322 huicu-

2270 4344 2410 4399 modi
2430 4358 2641 4399 errores
2668 4352 2721 4398 et
2748 4345 2893 4408 vitia,
2911 4345 3038 4398 dicit
3056 4354 3117 4399 se
3135 4344 3324 4399 damna
3343 4345 3361 4375 ¹
3378 4352 3435 4398 et
3457 4354 3693 4400 stercora
3716 4343 3839 4398 arbi-

2268 4446 2495 4503 tratum,
2543 4446 2599 4491 ut
2643 4437 2909 4492 Christum
2959 4437 3289 4493 luci-itaceret
3330 4434 3590 4510 (Philipp.
3618 4454 3705 4504 ut,
3733 4436 3833 4511 8,);

2271 4543 2376 4581 non
2406 4529 2806 4583 observationes
2835 4527 2989 4598 Legis
3009 4569 3023 4593 ,
3050 4529 3098 4621 si
3130 4540 3279 4582 more
3314 4530 3486 4599 patrio
3515 4531 3835 4585 celebraren-

2272 4629 2375 4684 tur,
2404 4620 2541 4674 sieut
2568 4630 2619 4674 et
2648 4620 2715 4673 ab
2753 4620 2867 4689 ipso
2895 4617 3176 4674 celebrata:
3206 4629 3331 4674 sunt
3366 4622 3483 4675 sine
3522 4620 3626 4675 ulla
3668 4617 3837 4675 salutis

2270 4713 2616 4776 necessitate,
2653 4724 2756 4767 non
2788 4713 2809 4745 ⁸
2831 4713 2970 4767 sicut
2998 4713 3163 4767 Judaei
3192 4713 3537 4769 celebrandas
3564 4713 3835 4783 putabant,

2269 4814 2359 4858 aut
2390 4804 2562 4859 fallaci
2593 4805 2928 4859 simulatione
2948 4847 2962 4869 ,
2991 4804 3129 4874 quod
3158 4806 3208 4857 in
3237 4806 3393 4859 Petro
3417 4805 3836 4875 reprehenderat.

2269 4897 2402 4952 Nam
2432 4898 2477 4953 si
2504 4907 2783 4967 propterea
2814 4897 2903 4952 illa
2929 4898 3271 4952 Sacramenta
3288 4896 3599 4961 celebravit,
3629 4897 3745 4967 quia
3772 4894 3838 4949 si.

2270 4989 2489 5043 mulavit
2510 5003 2565 5042 se
2587 4988 2826 5042 Judmum
2852 4996 2907 5040 ut
2926 4988 3045 5042 illos
3066 4987 3429 5053 lucril‘aceret;
3452 4990 3545 5041 cur
3565 5000 3671 5043 non
3692 4987 3837 5043 etiam

2269 5079 2586 5137 sacriﬂcmit
2626 5096 2745 5136 cum
2776 5078 3066 5147 Gentibus,
3106 5081 3227 5152 quia
3266 5078 3410 5137 etiis
3438 5081 3527 5154 qui
3571 5082 3683 5139 sine
3710 5080 3835 5151 Lege

2272 5182 2459 5237 erant,
2495 5182 2741 5242 tanquam
2771 5174 2887 5227 sine
2919 5172 3059 5242 Lege
3097 5173 3266 5227 factus
3291 5183 3402 5241 est,
3438 5186 3492 5229 ut
3523 5191 3616 5231 eos
3642 5188 3835 5245 quoque

2272 5262 2624 5328 lucrifaceret,
2650 5263 2748 5319 nisi
2775 5266 2895 5335 quia
2922 5271 2976 5319 et
3005 5263 3133 5320 illud
3156 5264 3300 5333 fecit,
3326 5274 3380 5321 ut
3409 5275 3593 5322 natura
3619 5266 3832 5329 Judrcus,

2272 5361 2327 5410 et
2354 5355 2456 5409 hoc
2488 5364 2655 5409 totum
2683 5355 2847 5417 dixit,
2886 5372 2990 5410 non
3022 5365 3080 5410 ut
3112 5356 3368 5411 fallaciter
3400 5374 3456 5411 sc
3490 5359 3707 5428 fingeret
3730 5369 3835 5411 esse

2271 5445 2412 5517 quod
2453 5461 2559 5501 non
2597 5455 2747 5511 erat,
2776 5445 2866 5500 sed
2906 5454 2961 5501 ut
2986 5448 3400 5504 misericorditer
3440 5448 3516 5503 eis
3558 5450 3626 5504 ita
3665 5446 3835 5504 subve-

2271 5641 2463 5754 mgmsic
2628 5652 2781 5705 prope
2817 5655 3004 5691 omnes.
3046 5648 3099 5693 At
3133 5644 3245 5694 ma.
3283 5644 3495 5697 habent:
3523 5643 3641 5697 dicit
3673 5655 3719 5696 se
3759 5641 3835 5693 da-

2288 5737 2297 5754 .
2411 5718 2455 5754 e.
2565 5739 2575 5749 .

2288 5718 2455 5765 rmore,
2482 5718 2575 5753 etc.

2334 5769 2353 5834 ξ
2378 5773 2525 5834 Deest
2545 5777 2637 5815 non
2654 5765 2785 5834 apud
2806 5765 2913 5814 Bad.
2940 5774 3038 5816 Am.
3066 5774 3137 5816 Fr.
3166 5776 3214 5819 et
3252 5768 3510 5834 plerosque
3532 5777 3634 5820 ttss.

2335 5828 2410 5891 (α)
2434 5833 2592 5889 Forte,
2619 5828 2911 5877 Christiane.
