4054 6398
1127 343 1393 368 ἺΑ⁹··-

612 374 717 436 159

607 683 664 729 et
687 673 859 729 laudis
883 675 1001 745 ejus
1029 676 1081 730 in
1107 675 1358 747 operibus
1381 677 1573 734 vestris
1596 695 1608 731 :
1632 687 1782 733 orate
1810 688 1866 732 ut
1890 687 1942 732 et
1960 677 2013 732 in
2041 677 2194 733 nobis

607 764 725 822 haec
763 766 1002 832 luceant;
1033 769 1281 840 quoniam
1312 770 1457 824 novit
1502 770 1590 825 ille
1627 785 1786 841 quem
1826 770 2024 837 oratis,
2070 785 2193 825 cum

610 868 811 929 quanto
840 868 1026 917 nostro
1056 862 1246 931 gaudio
1266 862 1317 917 in
1344 862 1495 917 vobis
1522 862 1749 919 luceant.
1781 862 1904 918 Haec
1927 871 2050 918 sunt
2073 874 2191 918 vota

611 960 812 1018 nostra,
838 952 920 1008 lue
945 954 1304 1010 multitudines
1324 954 1631 1010 solatiorum
1653 955 1941 1010 secundum
1964 955 2194 1011 multitu-

603 1043 781 1100 dinem
811 1044 1052 1101 dolorum
1077 1055 1381 1102 nostrorum
1421 1046 1471 1102 in
1497 1047 1659 1103 corde
1694 1057 1875 1104 nostro
1900 1048 2191 1118 jucundant

602 1136 832 1191 animam
858 1146 1094 1192 nostram
1131 1136 1311 1209 (Psal.
1356 1154 1481 1194 xcut
1502 1181 1515 1203 ,
1554 1136 1680 1211 l9).
1713 1138 1787 1193 Ita
1816 1148 1928 1206 est,
1964 1139 2086 1209 quia
2116 1140 2189 1195 ita

603 1230 923 1298 promissum
946 1239 1065 1296 est;
1099 1231 1171 1285 ita
1204 1232 1305 1287 erit
1330 1231 1471 1302 quod
1494 1241 1678 1297 restat,
1708 1233 1844 1288 sicut
1872 1234 2185 1302 promissum

599 1329 699 1374 est.
729 1318 1084 1377 Obsecramus
1122 1330 1174 1378 te
1207 1337 1304 1394 per
1338 1338 1458 1378 eum
1488 1323 1576 1394 qui
1621 1323 1713 1378 tibi
1751 1324 1849 1378 ista
1877 1310 2109 1389 donavit,
2136 1332 2189 1379 et

600 1411 876 1481 populum,
909 1413 995 1466 cui
1026 1414 1228 1479 servis,
1272 1411 1370 1467 hac
1411 1429 1507 1484 per
1534 1422 1584 1468 te
1613 1413 1977 1470 benedictione
2006 1414 2185 1487 perfu-

597 1500 694 1570 dit,
725 1502 985 1572 utjubeas
1015 1502 1251 1575 singulos
1276 1520 1411 1576 quos
1438 1505 1675 1562 volueris
1700 1521 1977 1561 sermones
2001 1522 2183 1563 eorum

601 1592 974 1661 conscriptos,
1022 1602 1077 1648 et
1104 1593 1413 1650 emendatos
1451 1596 1586 1651 mitti
1630 1596 1801 1652 nobis.
1840 1597 1971 1652 Nam
2009 1606 2062 1654 et
2088 1613 2186 1670 ego

601 1683 742 1755 quod
766 1684 971 1753 jussisti
1000 1700 1106 1741 non
1135 1688 1361 1759 negligo,
1392 1698 1445 1744 et
1473 1688 1539 1745 de
1577 1688 1833 1761 Tychonii
1864 1699 2062 1760 septem
2094 1707 2183 1747 re-

598 1773 737 1848 gulis
767 1776 850 1832 vel
886 1775 1143 1845 clavibus,
1174 1779 1310 1833 sicut
1330 1794 1472 1850 smpe
1491 1780 1601 1851 jam
1629 1781 1836 1851 scripsi,
1865 1795 2185 1851 cognoscere

599 1866 724 1938 quid
765 1866 859 1923 tibi
903 1868 1144 1924 videatur
1183 1882 1435 1942 exspecto
1475 1872 1569 1943 (a).
1612 1872 1850 1929 Fratrem
1892 1874 2182 1931 Hilarinum

602 1955 997 2029 Hipponensem
1024 1959 1346 2017 arcbiatrum
1367 1974 1420 2017 et
1440 1962 1781 2035 principalem
1802 1965 2023 2019 multum
2047 1982 2184 2022 com-

597 2048 932 2105 mendamus.
974 2050 1106 2107 Nam
1131 2052 1198 2108 de
1238 2052 1401 2109 fratre
1430 2053 1668 2110 Romano
1692 2054 1819 2126 quid
1848 2065 2053 2128 satagas
2082 2073 2181 2113 no-

599 2140 791 2209 vimus,
822 2140 1063 2213 nihilque
1099 2144 1381 2213 petendum
1410 2156 1490 2201 est
1516 2147 1615 2201 nisi
1643 2155 1699 2202 ut
1725 2156 1776 2201 te
1797 2163 1891 2218 pro
1918 2148 2007 2203 illo
2028 2148 2181 2219 adju-

593 2244 681 2289 vet
711 2234 981 2292 Dominus.
1012 2238 1201 2292 Amen.

1090 2351 1410 2410 EPISTOLA
1442 2353 1579 2410 XLII
1606 2359 1642 2408 ⁰.

600 2463 914 2534 Augustinus
940 2462 1183 2530 Paulino,
1207 2466 1444 2536 ﬂagitans
1464 2477 1516 2519 ut
1538 2468 1815 2521 litterarum
1836 2468 2051 2523 debitum
2071 2486 2179 2523 ant-

672 2554 811 2626 plius
834 2571 968 2608 anno
999 2555 1196 2628 integro
1222 2572 1323 2610 non
1359 2558 1609 2612 redditum
1642 2560 1884 2627 exsolvat,
1920 2561 2176 2631 mittatque

660 2648 758 2703 sibi
788 2664 913 2719 opus
936 2648 1176 2703 adversus
1202 2647 1459 2721 Paganos,
1481 2668 1594 2704 cum
1622 2651 1677 2705 id
1701 2652 1980 2722 perfecerit.

589 2759 746 2811 Prodit
767 2773 898 2825 nunc
918 2762 1127 2825 primum
1151 2760 1224 2825 (ὁ)
1249 2775 1314 2813 ex
1336 2764 1549 2813 corticeo
1563 2764 1749 2825 codice,
1765 2765 1846 2825 qui
1869 2764 1983 2815 olim
2004 2767 2178 2817 Narbo-

648 2824 818 2874 nensis
833 2824 1055 2897 cocleam
1070 2824 1179 2885 iuit,
1194 2824 1323 2875 nunc
1338 2837 1453 2875 vero
1470 2833 1546 2876 est
1561 2824 1759 2876 illustris
1771 2824 1961 2877 familiae
1975 2828 2178 2879 Phimar-

650 2898 880 2936 conensrs
896 2899 909 2935 ε

593 2967 835 3024 Dominis
856 2969 1207 3025 laudabilibus
1234 2970 1286 3025 in
1311 2971 1525 3026 Christo
1552 2971 1901 3027 sanctissimis
1925 2970 2177 3028 fratribus

659 3060 897 3116 Psuuno
925 3070 981 3116 et
1005 3061 1289 3116 Tantusne
1312 3102 1327 3128 ,
1371 3062 1722 3129 Aucnsruvns,
1756 3063 1807 3118 in
1835 3064 2057 3118 Domino
2087 3080 2173 3119 sa-

663 3150 846 3206 lutem.

654 3239 790 3295 Num
813 3240 973 3295 etiam
1000 3240 1103 3297 hoc
1128 3243 1331 3312 sperari
1351 3252 1441 3298 aut
1463 3247 1755 3313 exspectari
1783 3254 1978 3315 posset,
2003 3255 2061 3300 ut
2082 3262 2176 3316 per

594 3334 813 3392 fratrem
842 3336 1099 3392 Severum
1135 3337 1387 3407 rescripta
1427 3336 1806 3409 ﬂagitaremus,
1838 3339 2035 3394 tamdiu
2066 3349 2173 3396 tam

583 3429 893 3486 ardentibus
923 3430 1073 3485 nobis
1098 3445 1125 3484 a
1144 3439 1320 3486 vestra
1345 3430 1616 3486 Charitate
1645 3448 1749 3486 non
1776 3431 2019 3487 reddita?
2038 3433 2173 3501 Quid

587 3530 671 3576 cst
700 3522 839 3592 quod
869 3520 1004 3577 duas
1040 3530 1252 3577 aestates
1278 3521 1599 3593 easdemque
1628 3524 1681 3579 in
1709 3524 1882 3580 Africa
1910 3525 2056 3580 sitire
2081 3541 2173 3581 co-

568 3613 816 3684 gamur?
853 3613 988 3683 Quid
1016 3615 1243 3684 amplius
1271 3614 1488 3670 dicam?
1512 3617 1557 3671 0
1588 3616 1675 3687 qui
1705 3632 1793 3672 res
1817 3628 2021 3674 vestras
2043 3635 2175 3690 quo-

585 3703 715 3759 tidie
743 3702 974 3771 donatis,
1006 3704 1240 3759 debitum
1270 3705 1495 3761 reddite.
1538 3708 1620 3762 An
1646 3706 1782 3763 forte
1806 3708 1945 3778 quod
1980 3708 2170 3765 adver-

588 3811 682 3851 sus
710 3794 1086 3850 dmmonicolas
1116 3803 1167 3850 te
1193 3795 1429 3852 scribere
1452 3797 1742 3864 audieram,
1775 3810 1933 3870 atque
1958 3800 2008 3855 id
2040 3816 2173 3870 opus

582 3888 932 3944 vehementer
972 3887 1277 3944 desiderare
1327 3904 1415 3944 me
1459 3889 1793 3946 ostenderam
1841 3892 1947 3965 (c),
1992 3895 2171 3950 volens

586 3978 848 4050 perlicere
885 3993 950 4034 ac
976 3978 1207 4047 mittere,
1241 3988 1387 4035 tanto
1416 3990 1656 4052 tempore
1694 3982 1759 4037 ad
1789 3996 1889 4038 nos
1922 3984 2171 4054 epistolas

585 4070 873 4126 distulisti?
899 4069 1112 4126 Utinam
1135 4073 1319 4125 saltem
1344 4080 1449 4126 tam
1472 4072 1646 4143 opima
1674 4089 1856 4130 mensa
1876 4073 1987 4146 jam
2006 4090 2172 4131 anno-

584 4176 702 4218 sum
747 4161 816 4215 ab
844 4162 966 4216 stilo
1010 4170 1100 4216 tuo
1138 4162 1396 4233 jejunium
1439 4179 1615 4219 meum
1647 4166 1878 4236 excipias
1917 4185 1930 4221 :
1965 4182 2081 4237 quae
2124 4169 2169 4224 si

586 4252 821 4307 nondum
861 4261 1043 4322 parata
1072 4261 1182 4319 est,
1214 4270 1321 4308 non
1358 4254 1662 4311 desinemus
1687 4258 1957 4327 conqueri,
1992 4259 2035 4313 si
2071 4275 2168 4315 nos

587 4346 712 4399 dum
744 4342 869 4396 illud
915 4343 1148 4412 perficis,
1176 4360 1281 4399 non
1324 4345 1534 4401 interim
1565 4349 1756 4403 reficis.
1805 4349 2039 4405 Salutate
2062 4351 2169 4406 fra-

582 4446 716 4500 tres,
741 4434 968 4490 maxime
991 4433 1286 4490 Romanum
1308 4447 1361 4492 et
1380 4439 1601 4509 Agilem.
1631 4440 1762 4495 Hinc
1781 4442 1869 4512 qui
1896 4445 2167 4501 nobiscum

590 4535 709 4580 sunt
740 4539 837 4578 vos
866 4524 1115 4591 salutant,
1149 4536 1202 4580 et
1230 4541 1418 4597 parum
1462 4527 1734 4584 nobiscum
1764 4530 2079 4602 irascuntur,
2121 4537 2166 4592 si

587 4630 770 4685 parum
799 4615 1041 4687 diligunt.

1047 4730 1374 4789 EPISTOLA
1419 4735 1576 4790 xuu
1601 4740 1641 4759 η
1670 4736 1772 4810 (d).

628 4845 828 4912 Quanta
859 4845 1172 4915 impudentia
1198 4844 1479 4918 Donatist
1507 4848 1773 4918 persistant
1799 4850 1850 4904 in
1875 4867 1966 4906 suo
1989 4853 2124 4907 schi-

994 4926 1171 4982 smate,
1198 4924 1269 4969 tot
1284 4917 1495 4986 judiciis
1520 4920 1745 4973 convicti.

578 5026 817 5082 Dominis
841 5026 1196 5083 dilectissitnis
1226 5036 1279 5083 et
1306 5030 1495 5083 merito
1534 5031 1883 5100 praedicandis
1915 5034 2160 5093 fratribus

640 5140 655 5155 '
682 5139 892 5211 Antehac
913 5139 1111 5201 inedita,
1135 5140 1292 5202 prodit
1336 5153 1401 5191 ex
1444 5143 1655 5194 corticeo
1696 5145 1859 5195 codice
1903 5147 2160 5201 Phimarco-

577 5214 718 5252 “CDSI
725 5236 736 5248 .

642 5264 682 5280 ”
709 5263 875 5326 Epistt.
896 5269 1016 5313 XLIII
1033 5270 1085 5331 et
1105 5268 1224 5312 XLIV
1258 5264 1446 5316 collata:
1479 5274 1723 5317 suntcum
1743 5270 1899 5331 φὺς.
1924 5270 1991 5318 bl.
2017 5286 2059 5321 c.
2084 5287 2154 5324 cc.

574 5324 624 5372 τί.
648 5339 702 5390 g.
730 5324 820 5390 ἐν.
838 5338 958 5390 n._r.
982 5337 1024 5375 s.
1048 5325 1123 5374 sb.
1143 5332 1180 5390 _t.
1206 5339 1280 5390 ve.
1298 5335 1503 5390 quatuor
1527 5342 1572 5377 v.
1600 5337 1699 5378 Am.
1723 5330 1832 5379 Bad.
1849 5324 1929 5379 Er.
1954 5338 2062 5383 I.ov.

638 5386 711 5447 (Et)
729 5386 911 5459 Reliqui
930 5400 1102 5459 versus
1123 5386 1531 5459 desideranturin
1554 5390 1787 5440 hactenus
1810 5393 1970 5449 editis.
1994 5409 2087 5447 nec
2108 5402 2157 5450 in

573 5455 685 5513 Mss.
715 5449 891 5513 nostris
915 5449 1167 5513 plusquam
1188 5449 1380 5500 duobus
1400 5452 1593 5512 optima!
1625 5459 1752 5502 notae
1774 5460 2083 5509 Germanensi
2107 5449 2158 5513 et

575 5510 854 5573 Corbeiensi
877 5510 1205 5573 reperiuntur.

638 5568 707 5639 (ly)
734 5568 1007 5639 i‘ot'l‘0_ql;lal
1028 5570 1149 5622 alias
1178 5571 1239 5621 42
1273 5578 1406 5633 erat,
1430 5587 1558 5624 nunc
1589 5573 1695 5625 232.
1729 5578 1908 5639 Scripta
1939 5591 2156 5635 exeunte

577 5637 746 5679 testate
768 5642 847 5679 an.
871 5637 979 5679 397.

659 5691 708 5800 (2
730 5695 780 5739 In
796 5693 1005 5763 epistola
1026 5695 1105 5745 51.

702 5757 717 5800 )
742 5748 866 5800 Alias
888 5754 1005 5800 162:
1033 5770 1105 5800 nn:

699 5748 1005 5831 )‘Allﬁs
1030 5770 1141 5831 quae
1158 5765 1324 5831 autem
1350 5758 1410 5820 45
1433 5765 1562 5820 erat,
1590 5773 1714 5813 nunc
1737 5763 1810 5811 l6.
1838 5766 2012 5831 Scripta
2030 5781 2154 5824 circa

577 5810 657 5882 (In.
686 5810 763 5875 an.
790 5810 899 5877 397,
926 5822 1003 5868 aut
1029 5810 1132 5867 init.
1158 5812 1265 5877 398,

1843 376 1905 434 S.
1943 376 2313 436 AUGUSTINI
2352 381 2654 444 EPISCOPI
3362 432 3365 435 .
3770 422 3850 480 ,ω

680 493 735 549 2.
758 491 918 549 Orate
937 505 1034 562 pro
1054 491 1229 559 nobis,
1246 491 1390 564 digni
1409 491 1673 560 exaudiri;
1694 506 1814 549 cum
1836 502 1984 549 tanto
2004 494 2198 565 quippe

612 583 881 638 sacrificio
919 584 1175 640 acceditis
1207 584 1274 640 ad
1305 584 1472 641 Deum
1500 586 1870 642 sincerissima:
1898 586 2197 643 dilectionis

2377 500 2606 571 GLoato,
2636 507 2865 566 ELEUSIO
2883 553 2896 576 ,
2920 512 3198 572 FELICIBIJS
3216 560 3230 584 ,
3257 518 3604 583 GRAIIIA'I'ICO
3634 530 3648 561 ⁸
3682 542 3730 586 et
3759 550 3847 591 ec-

2376 596 2504 650 teris
2536 600 2782 655 omnibus
2806 603 2998 672 quibus
3037 605 3139 661 hoc
3161 619 3367 679 gratum
3397 625 3499 681 est,
3528 619 3844 682 Aucnsrtsvs.

2370 683 2597 743 CAPUT
2618 688 2899 749 PRIMUM.
2915 723 2975 734 —
2994 696 3044 750 1.
3067 696 3207 753 Dixit
3226 701 3435 770 quidem
3460 710 3719 773 apostolus
3736 714 3846 771 Pau-

2299 772 2382 830 lus
2399 793 2410 828 :
2435 775 2740 833 Haereticum
2756 783 3005 839 hominem
3021 796 3132 856 post
3147 804 3300 843 unam
3320 772 3675 864 correptione»:
3687 804 3842 874 devita,

2296 869 2458 924 sciens
2495 873 2612 943 quia
2648 876 2913 930 subversas
2954 889 3026 934 cst
3067 882 3332 952 ejusmodi,
3366 896 3411 939 et
3440 900 3627 958 peccat,
3659 903 3704 945 et
3740 869 3845 951 esto

2295 963 2556 1034 semetipso
2586 964 2855 1023 damnatus
2883 967 3018 1041 (Tit.
3043 986 3119 1038 nt,
3150 973 3238 1042 10,
3273 976 3333 1030 Η
3356 975 3399 1048 ).
3424 976 3526 1033 Sed
3549 982 3636 1051 qui
3662 996 3845 1042 senten-

2296 1052 2422 1107 tiam
2466 1068 2614 1110 suam
2638 1100 2652 1123 ,
2692 1061 2932 1129 quamvis
2962 1060 3146 1117 falsam
3177 1072 3336 1136 atque
3365 1083 3695 1141 perversam,
3724 1062 3843 1134 nulla

2294 1145 2551 1215 pertinaci
2576 1149 2911 1207 animositate
2931 1153 3240 1223 defendunt,
3271 1162 3560 1227 praesertim
3582 1178 3735 1233 quam
3759 1184 3841 1224 non

2293 1238 2509 1294 audacia
2534 1245 2955 1313 praesumptionis
2979 1261 3089 1302 sua:
3114 1261 3450 1319 pepererunt,
3470 1253 3562 1309 sed
3590 1271 3619 1309 a
3639 1258 3843 1316 seductis

2291 1340 2448 1401 atque
2485 1332 2535 1387 in
2562 1350 2798 1390 errorem
2828 1338 2988 1407 lapsis
3015 1343 3317 1410 parentibus
3358 1360 3695 1418 acceperunt,
3718 1367 3840 1422 qua}.

2292 1432 2415 1478 runt
2440 1436 2615 1481 autem
2656 1438 2809 1483 cauta
2846 1430 3200 1488 sollicitudine
3229 1436 3529 1507 veritatem,
3560 1444 3743 1514 corrigi
3767 1459 3841 1515 pa-

2290 1516 2424 1584 rati,
2454 1533 2573 1572 cum
2604 1520 2937 1589 invenerint;
2970 1540 3300 1597 nequaquam
3338 1540 3461 1585 sunt
3491 1532 3631 1589 inter
3660 1535 3841 1593 haereti-

2289 1622 2381 1662 cos
2414 1609 2722 1680 deputandi.
2762 1613 2916 1670 Tales
2961 1632 3085 1687 ergo
3125 1633 3223 1673 vos
3262 1620 3363 1675 nisi
3405 1636 3524 1679 esse
3566 1626 3839 1699 crederem,

2288 1698 2462 1753 nullas
2494 1699 2720 1758 fortasse
2747 1704 2897 1759 vobis
2936 1705 3139 1761 litteras
3167 1708 3453 1766 mitterem.
3485 1712 3781 1785 Quanquam
3799 1698 3843 1773 et

2288 1790 2457 1860 ipsum
2487 1792 2792 1850 hzereticum
2816 1798 3106 1867 quamlibet
3132 1798 3315 1857 odiosa
3343 1806 3592 1874 superbia
3616 1809 3842 1867 tumidum

2286 1892 2340 1936 et
2370 1884 2665 1952 pervivacia
2689 1887 2841 1942 mala:
2869 1891 3223 1947 contentionis
3243 1893 3507 1964 insanum,
3536 1899 3674 1954 sicut
3698 1902 3843 1957 vitan-

2285 1974 2412 2031 dum
2441 1994 2741 2047 monemus,
2766 1997 2833 2037 ne
2855 1983 3094 2040 infirmos
3120 1996 3171 2041 et
3198 1989 3442 2057 parvulos
3462 1990 3640 2058 fallat;
3671 1993 3733 2048 ita
3756 2010 3841 2051 non

2286 2067 2599 2139 abnuimus,
2639 2072 3057 2146 quibuscumque
3083 2077 3257 2133 modis
3282 2094 3564 2148 possumus
3608 2086 3844 2156 corrigen-

2282 2159 2431 2215 dum.
2460 2160 2615 2218 Unde
2639 2162 2832 2219 factum
2874 2176 2956 2222 est
2984 2177 3040 2222 ut
3060 2169 3218 2223 etiam
3244 2170 3310 2226 ad
3337 2172 3631 2228 nonnullos
3652 2176 3843 2232 Donati-

2282 2260 2484 2308 starum
2509 2255 2792 2324 primarios
2820 2259 3202 2330 scriberemus,
3234 2278 3339 2318 non
3368 2268 3843 2323 communicatorias

2284 2342 2486 2400 litteras
2507 2386 2523 2414 ,
2560 2363 2690 2418 quas
2713 2348 2821 2418 jam
2852 2350 2978 2406 olim
2996 2394 3012 2420 ,
3048 2363 3263 2424 pr0pter
3290 2370 3440 2411 suam
3469 2361 3842 2427 perversitatem

2283 2435 2350 2489 ab
2376 2436 2575 2493 unitate
2614 2440 2871 2497 catholica
2906 2458 3024 2513 quae
3059 2454 3171 2500 toto
3205 2447 3337 2502 orbe
3374 2447 3564 2505 diffusa
3611 2461 3720 2519 est,
3758 2468 3843 2533 non

2281 2529 2580 2599 accipiunt;
2608 2534 2702 2588 sed
2729 2536 2858 2591 tales
2878 2537 3129 2606 privatas,
3152 2540 3396 2610 qualibus
3424 2544 3579 2599 nobis
3610 2546 3683 2601 uti
3709 2529 3845 2603 etiam

2282 2620 2349 2675 ad
2390 2622 2628 2694 Paganos
2656 2626 2817 2695 licet,
2857 2645 2991 2700 quas
3030 2631 3105 2688 illi
3136 2635 3233 2688 etsi
3262 2635 3548 2705 aliquando
3595 2638 3841 2709 legerunt,

2279 2714 2606 2784 respondere
2637 2726 2812 2774 tamen
2852 2721 2930 2775 eis
2959 2721 3070 2778 sive
3105 2725 3406 2792 noluerunt,
3438 2728 3568 2795 sive,
3624 2739 3679 2786 ut
3702 2732 3845 2802 magis

2280 2805 2535 2871 creditur,
2566 2810 2941 2878 nequiverunt.
2973 2813 3075 2870 Ubi
3106 2816 3256 2872 nobis
3286 2819 3415 2873 satis
3439 2819 3618 2877 visum
3649 2833 3727 2880 est
3762 2825 3845 2879 im-

2280 2893 2506 2962 plevisse
2535 2912 2631 2951 nos
2658 2898 2891 2955 officium
2917 2904 3218 2975 charitatis,
3246 2924 3404 2979 quam
3434 2925 3538 2966 non
3569 2916 3743 2970 solum
3768 2930 3847 2970 no-

2279 2986 2426 3053 stris,
2455 2987 2550 3043 sed
2579 2997 2633 3044 et
2660 2992 2906 3049 omnibus
2934 3011 3031 3052 nos
3056 2997 3251 3054 debere
3271 3012 3486 3057 sanctus
3514 3003 3744 3075 Spiritus
3765 3007 3845 3062 do-

2278 3084 2383 3144 cet,
2412 3081 2501 3149 qui
2531 3082 2682 3136 nobis
2698 3083 2769 3138 ait
2797 3102 2893 3157 per
2917 3089 3224 3159 Apostolum
3250 3110 3262 3145 :
3298 3092 3397 3148 Vos
3425 3105 3593 3151 autem
3623 3097 3847 3154 Dominus

2277 3171 2594 3241 multiplicet,
2621 3185 2667 3228 et
2686 3176 2943 3233 abundare
2961 3182 3115 3251 faciat
3135 3184 3187 3237 in
3213 3185 3470 3253 charitate,
3505 3189 3558 3243 in
3590 3192 3793 3245 invicem
3812 3202 3849 3246 et

2277 3261 2329 3314 in
2356 3278 2526 3317 omnes
2553 3263 2609 3338 (Ι
2636 3264 2814 3321 Thess.
2838 3285 2916 3335 ιη,
2956 3271 3076 3344 l2).
3110 3273 3287 3331 Monet
3320 3278 3481 3333 etiam
3507 3280 3620 3337 alio
3646 3284 3773 3350 loco,
3804 3283 3847 3338 in

2277 3356 2533 3411 modestia
2559 3360 2921 3430 corripiendos
2944 3363 3153 3421 diversa
3176 3370 3490 3438 sentientes;
3511 3373 3599 3430 Ne
3624 3377 3763 3447 forte,
3784 3377 3847 3431 in-

2276 3447 2407 3516 quit,
2440 3448 2522 3501 det
2545 3450 2647 3504 illis
2682 3450 2820 3506 Deus
2849 3456 3187 3524 paenitentiam
3209 3460 3277 3513 ad
3305 3468 3705 3534 cognoscendam
3732 3468 3845 3524 veri-

2277 3547 2445 3606 tatem,
2474 3552 2522 3595 et
2555 3545 2849 3614 resipiscam
2874 3548 2935 3601 tle
2958 3548 3144 3605 diaboli
3172 3551 3381 3625 laqueis,
3410 3559 3655 3626 captivati
3674 3563 3733 3615 ab
3754 3562 3847 3635 ipso

2276 3631 2331 3684 in
2358 3633 2517 3703 ipsius
2543 3638 2849 3693 voluntatem
2874 3640 2948 3713 (ll
2983 3641 3113 3696 Tim.
3144 3660 3201 3711 ιι,
3231 3645 3320 3710 25,
3351 3648 3472 3719 26).

2347 3719 2399 3774 2.
2433 3723 2553 3779 Hmc
2585 3727 2898 3795 prmlocutus
2929 3746 3067 3798 sum,
3097 3750 3164 3789 ne
3195 3736 3315 3805 quis
3340 3754 3427 3794 me
3465 3742 3736 3801 existimet
3758 3748 3848 3801 im-

2276 3812 2556 3881 pudentius
2595 3816 2744 3872 vobis
2772 3834 2932 3889 quam
2963 3823 3277 3892 prudentius
3316 3830 3511 3899 scripta
3552 3835 3778 3899 misisse,
3802 3846 3848 3891 et

2277 3903 2378 3959 hoc
2417 3907 2576 3962 modo
2601 3910 2867 3966 vobiscum
2900 3914 2967 3968 dc
2989 3918 3199 3987 negotio
3225 3920 3415 3975 animae
3444 3934 3639 3981 vestrae
3667 3928 3847 3999 aliquid

2274 4010 2429 4065 agere
2470 3997 2723 4065 voluisse,
2758 4003 2880 4071 quia
2920 4015 3118 4059 nostra:
3141 4011 3530 4068 communionis
3551 4031 3662 4071 non
3694 3997 3843 4073 estis:

2273 4100 2393 4141 cum
2428 4096 2600 4143 tamen
2633 4091 2675 4144 si
2706 4091 2774 4147 de
2800 4096 3010 4165 negotio
3038 4096 3206 4165 fundi,
3241 4109 3332 4155 aut
3356 4103 3581 4173 alicujus
3613 4111 3848 4178 pecunia-

2272 4177 2367 4233 rite
2383 4179 2490 4234 litis
2514 4179 2826 4239 dirimenda:
2845 4187 2993 4241 vobis
3017 4188 3215 4260 aliquid
3234 4193 3544 4261 scriberem,
3572 4177 3733 4256 nemo
3747 4201 3845 4257 for-

2276 4278 2419 4326 tasse
2440 4272 2872 4341 reprehenderet.
2903 4276 3081 4349 Usque
3108 4281 3241 4336 adeo
3260 4283 3451 4340 charus
3480 4299 3562 4343 est
3594 4289 3683 4347 hic
3706 4308 3847 4348 mun-

2274 4362 2373 4416 dus
2416 4364 2736 4431 hominibus,
2770 4376 2824 4422 et
2865 4370 3075 4427 sibimet
3101 4374 3199 4443 ipsi
3242 4377 3548 4435 vilueruntl
3586 4383 3705 4439 Erit
3730 4400 3844 4456 ergo

2271 4453 2399 4507 mihi
2425 4455 2492 4509 ad
2516 4456 2876 4515 defensionem
2900 4464 3048 4518 testis
3069 4464 3183 4521 haec
3201 4469 3423 4538 epistola
3445 4472 3495 4527 in
3512 4474 3718 4545 judicio
3739 4453 3844 4546 Dei.

2270 4544 2360 4613 qui
2394 4546 2540 4600 novit
2577 4564 2682 4618 quo
2716 4552 2895 4606 animo
2933 4552 3167 4623 fecerim,
3197 4568 3252 4613 et
3278 4561 3368 4631 qui
3396 4562 3563 4619 dixit:
3590 4566 3740 4623 Beati
3761 4544 3844 4639 pa;

2271 4634 2424 4731 ἀρά,
2454 4638 2570 4705 quia
2599 4640 2695 4708 ipsi
2722 4640 2818 4709 ﬁlii
2839 4640 2931 4696 Dei
2959 4646 3264 4702 vocabuntur
3287 4650 3306 4722 (
3327 4651 3507 4707 Matth.
3538 4672 3591 4722 v,
3626 4658 3721 4731 9).

2337 4724 2562 4784 CAPUT
2594 4728 2785 4785 ll.—5.
2812 4732 2951 4803 Ergo
2976 4745 3029 4790 ut
3060 4739 3366 4796 meminisse
3389 4724 3703 4815 diguamini,
3731 4764 3843 4805 cum

2267 4833 2508 4875 essemus
2542 4821 2594 4876 in
2639 4832 2814 4878 vestra
2842 4826 3082 4895 civitate,
3125 4838 3178 4884 et
3204 4834 3455 4890 nonnulla
3482 4838 3758 4894 vobiscum
3784 4832 3844 4895 de

2266 4914 2643 4969 communione
2678 4916 2981 4972 christianae
3024 4921 3239 4979 unitatis
3278 4940 3554 4995 ageremus
3578 4972 3593 4996 ,
3641 4933 3841 5001 prolata

2265 5014 2388 5058 sunt
2413 5020 2444 5059 a
2469 5007 2707 5077 partibus
2746 5011 2939 5065 vestris
2961 5010 3121 5067 Gesta
3149 5016 3410 5086 quaedam,
3438 5022 3628 5090 quibus
3652 5025 3841 5080 recita-

2266 5104 2375 5149 tum
2402 5098 2646 5167 estquod
2682 5102 3010 5171 septuaginta
3038 5103 3204 5160 ferme
3230 5108 3465 5179 episc0pi
3505 5109 3840 5170 Caecilianum

2264 5186 2529 5257 quondam
2561 5197 2755 5243 nostra!
2796 5194 3183 5250 communionis
3227 5198 3532 5270 episcopum
3572 5203 3844 5277 Carthagi-

2264 5279 2446 5333 nensis
2466 5279 2718 5335 Ecclesiae
2747 5296 2866 5337 cum
2890 5285 2997 5339 suis
3014 5287 3231 5357 collegis
3252 5300 3303 5343 et
3332 5292 3722 5349 ordinatoribus
3753 5300 3843 5350 da-

2265 5381 2594 5425 mnaverunt.
2627 5372 2722 5427 Ubi
2743 5375 2900 5427 etiam
2923 5374 3114 5433 Felicis
3146 5381 3483 5451 Aptungitani
3515 5386 3536 5416 ³
3569 5385 3644 5458 (a)
3688 5401 3844 5442 causa

2327 5463 2701 5538 [Βεᾱρῃηειετ.
2729 5472 2781 5516 et
2801 5480 2980 5538 unuse
2996 5470 3149 5538 )‘atic.
3173 5477 3279 5522 Mss.
3304 5473 3504 5538 habent,
3529 5476 3693 5529 Felici.
3720 5478 3844 5530 Alius

2263 5527 2429 5591 \'atic.,
2456 5524 2686 5591 rjelicibus
2705 5528 3046 5591 grammaticis.

2260 5588 2499 5699 Μὶᾋῲ
2522 5595 2622 5637 Am.
2649 5588 2725 5639 Er.
2750 5598 2802 5641 et
2833 5597 2941 5642 Mss.
2977 5593 3151 5644 decem
3193 5597 3456 5649 scribitur:
3489 5599 3660 5652 Felicis
3704 5609 3844 5654 Autu-

2377 5662 2474 5700 am.

2324 5711 2398 5774 (a)
2421 5714 2504 5778 Hic
2524 5726 2670 5778 porro
2683 5714 2827 5778 felix
2850 5716 3091 5770 ordinarat
3109 5719 3428 5778 Caecilianum.
3451 5738 3599 5778 quem
3616 5726 3844 5778 schisma-

2285 5774 2296 5785 .
2324 5738 2398 5774 ψ)
2421 5738 2504 5763 mu
2527 5738 2670 5777 purw
2692 5738 2827 5765 retu
2850 5738 3091 5770 Ut‘uutal‘u
3109 5738 3408 5795 munitum
3521 5738 3599 5776 em
3825 5752 3844 5762 ⁶

2262 5779 2463 5859 2:02:99
2476 5774 3387 5859 tanien-chrea
3395 5738 3846 5859 etiame

2268 5836 2471 5897 mnavit,
2497 5836 2616 5889 falso
2638 5849 2910 5895 accusatum
2932 5836 3062 5916 quod
3086 5843 3259 5899 fuisset
3279 5859 3309 5897 a
3330 5836 3663 5910 traditoribus,
3686 5836 3754 5900 iis
3773 5836 3842 5910 ni-
