4054 6438
221 415 303 476 tat
1364 400 1775 462 EPISTOLARI.‘

1884 398 2162 463 CLASSIS
2198 396 2263 462 ΙΙ.

216 533 367 591 ωυΙιο
393 543 501 601 prae
524 524 728 583 caeteris
753 520 1061 579 invidiosius
1086 526 1140 575 et
1165 518 1502 574 criminosius
1520 518 1769 573 ventilata

216 637 301 683 est.
345 624 471 691 Quae
514 635 630 677 cum
672 626 851 674 essent
882 624 1069 670 cuncta
1115 613 1365 683 perlecta,
1396 611 1769 683 respondimus

219 734 308 775 non
329 731 443 770 esse
463 709 777 773 mirandum,
797 707 840 763 si
862 706 1103 761 homines
1126 703 1215 775 qui
1242 713 1364 758 tunc
1390 703 1515 758 illud
1537 702 1769 758 schisma

218 808 455 867 fecerunt,
488 816 592 856 non
621 799 735 855 sine
758 795 1086 851 confectione
1110 793 1413 855 Gestorum,
1443 807 1536 847 eos
1564 791 1615 846 in
1637 806 1770 861 quos

219 899 399 953 fuerant
421 895 489 948 ab
514 891 717 947 aemulis
743 897 798 944 et
818 886 1036 957 perditis
1055 885 1322 948 concitati.
1346 885 1592 941 absentes
1610 898 1770 939 causa

226 988 492 1059 incognita,
533 993 729 1039 temere
761 980 1087 1036 damnandos
1126 993 1244 1032 esse
1287 985 1621 1047 putaverunt.
1660 975 1769 1031 Nos

218 1093 369 1138 autem
410 1079 507 1132 alia
553 1074 745 1129 habere
772 1071 931 1128 Gesta
961 1069 1321 1126 ecclesiastica
1355 1067 1453 1140 (a),
1498 1067 1551 1121 in
1579 1067 1770 1136 quibus

219 1170 467 1231 Secundus
484 1166 823 1237 Tigisitanus,
848 1163 935 1233 qui
963 1170 1087 1217 tunc
1107 1159 1294 1231 agebat
1317 1158 1367 1213 in
1393 1158 1633 1213 Numidia
1665 1157 1770 1227 pri-

220 1275 414 1329 matum,
438 1266 723 1331 pratsentes
748 1263 801 1312 et
822 1254 1099 1309 confessos
1120 1250 1398 1306 traditores
1422 1249 1635 1318 reliquit
1658 1248 1769 1304 Deo

219 1353 538 1430 iudicandos,
568 1358 621 1406 et
661 1364 755 1404 eos
798 1348 849 1402 in
891 1344 1276 1417 episcopalibus
1318 1342 1570 1409 sedibus,
1615 1341 1770 1397 sicuti

219 1456 371 1511 erant,
395 1457 605 1501 manere
626 1439 888 1513 permisit,
911 1451 1134 1507 quorum
1162 1434 1373 1489 nomina
1396 1433 1532 1488 inter
1553 1433 1772 1487 damna-

222 1552 351 1598 tores
392 1534 651 1594 Baebiani
700 1538 1083 1595 numerantur;
1127 1542 1245 1583 cum
1291 1526 1450 1582 etiam
1496 1523 1772 1580 Secundus

221 1633 321 1702 ipse
345 1625 537 1685 concilii
562 1623 801 1695 ejusdem
830 1620 1181 1692 principatum
1212 1625 1435 1683 teneret,
1465 1615 1553 1670 ubi
1581 1614 1772 1670 absen-

219 1731 288 1776 tes
310 1718 445 1791 quasi
489 1714 771 1770 traditores
799 1727 892 1783 per
931 1724 1111 1764 eorum
1151 1707 1442 1763 sententias
1482 1705 1768 1775 damnavit,

220 1810 386 1884 quibus
414 1804 759 1877 praesentibus
787 1811 841 1857 et
864 1800 1118 1857 confessis
1148 1799 1363 1871 ignovit.

278 1902 327 1955 Δ.
354 1897 547 1954 Deinde
575 1895 833 1963 diximus,
854 1894 1121 1963 aliquanto
1150 1898 1270 1962 post
1293 1888 1532 1958 Maiorini
1562 1887 1774 1944 ordina-

219 1994 392 2049 tionem
415 2033 429 2057 ,
459 2004 616 2061 quem
646 1994 828 2044 contra
858 1985 1197 2041 Caecilianum
1236 1983 1439 2038 nefario
1466 1983 1666 2039 scelere
1692 1981 1772 2038 le-

220 2089 476 2148 vavcrunt,
507 2080 773 2149 erigentes
798 2076 967 2131 altare
993 2082 1177 2130 contra
1207 2073 1390 2140 altare,
1423 2082 1477 2128 et
1516 2073 1775 2131 unitatem

218 2175 386 2231 (inrisu
411 2172 686 2228 discordiis
714 2169 986 2225 furialibus
1011 2168 1357 2237 dissipantes,
1386 2181 1481 2222 eos
1504 2166 1719 2236 petiisse
1743 2181 1774 2222 a

220 2266 534 2323 Constantino
579 2274 707 2318 tunc
734 2262 1054 2332 imperatore
1093 2257 1298 2329 judices
1338 2259 1643 2329 episcopos,
1684 2256 1775 2329 qui

221 2359 277 2416 de
300 2359 397 2415 suis
422 2354 806 2429 quatstionibus
834 2368 952 2423 quae
980 2352 1032 2406 in
1062 2350 1235 2406 Africa
1262 2359 1460 2405 exorta:
1490 2351 1634 2421 pacis
1662 2351 1777 2405 vin-

226 2452 377 2507 culum
398 2446 735 2513 dirimebant,
756 2443 957 2499 arbitro
972 2444 987 2474 ί
1011 2441 1493 2511 mediojudicarent
1511 2438 1605 2512 (ὁ).
1624 2439 1777 2509 Quod

230 2548 527 2612 posteaquam
558 2536 756 2591 factum
781 2542 881 2599 est,
914 2539 1174 2603 praesente
1192 2529 1472 2585 Caeciliano
1491 2538 1544 2584 et
1564 2529 1668 2584 illis
1687 2527 1778 2600 qui

226 2632 448 2687 adversus
485 2644 610 2685 eum
665 2626 1065 2697 navigaverant,
1105 2621 1376 2692 judicante
1427 2618 1717 2676 Melehiade
1753 2621 1776 2653 ⁸

225 2733 330 2777 tunc
353 2722 599 2776 Romanae
640 2718 788 2774 urbis
812 2716 1083 2786 episc0po,
1118 2728 1238 2769 cum
1266 2712 1483 2782 collegis
1511 2712 1622 2767 suis
1643 2727 1777 2783 quos

228 2815 282 2871 ad
315 2830 481 2887 preces
509 2811 910 2867 Donatistarum
940 2806 1156 2863 miserat
1182 2804 1492 2876 Imperator,
1523 2806 1574 2860 in
1605 2803 1777 2861 Caici-

229 2911 395 2964 lianum
419 2908 545 2964 nihil
576 2904 791 2977 probari
826 2901 1078 2973 potuisse,
1107 2913 1170 2954 ac
1198 2915 1293 2969 per
1315 2899 1434 2966 hoc,
1463 2898 1553 2953 illo
1582 2899 1635 2953 in
1662 2899 1777 2970 epi-

228 3008 416 3069 scopatu
452 2997 790 3059 confirmato,
822 2994 1080 3048 Donatum
1108 2990 1198 3060 qui
1227 2989 1479 3045 adversus
1502 3005 1623 3045 cum
1654 2997 1778 3046 tunc

223 3090 379 3145 aderat
418 3088 792 3160 improbatum.
821 3083 1022 3151 Quibus
1064 3080 1289 3151 peractis
1315 3080 1473 3135 rebus
1496 3123 1512 3148 ,
1540 3096 1659 3135 cum
1699 3080 1778 3135 illi

224 3196 383 3235 omnes
424 3181 473 3235 in
502 3176 795 3249 pertinacia
821 3170 1181 3229 seelestissimi
1226 3170 1526 3239 schismatis
1565 3184 1777 3240 perma-

228 3280 417 3336 nerent,
442 3280 563 3344 post
596 3267 734 3339 apud
768 3266 1040 3321 Arelatum
1074 3263 1140 3337 (c)
1171 3270 1519 3318 memoratum
1547 3263 1776 3332 impera-

230 3374 374 3419 torem
403 3362 641 3419 eamdem
667 3374 878 3415 causam
907 3357 1210 3427 diligentius
1243 3354 1644 3408 examinandam
1672 3362 1779 3409 ter-

228 3454 608 3522 minandamque
635 3464 867 3506 curasse.
909 3446 1033 3503 illos
1058 3461 1185 3502 vero
1222 3445 1289 3500 ab
1312 3444 1669 3500 ecclesiastico
1688 3444 1776 3513 ju-

227 3545 344 3601 dicio
361 3557 692 3615 provocasse,
715 3549 772 3594 ut
792 3554 1003 3595 causam
1025 3536 1400 3593 Constantinus
1419 3534 1643 3589 audiret.
1662 3533 1778 3600 Quo

231 3648 541 3707 posteaquam
569 3641 783 3689 ventum
806 3638 904 3697 est,
939 3638 1158 3699 utraque
1188 3636 1337 3698 parte
1360 3626 1660 3691 assistente,
1692 3626 1777 3681 in-

229 3737 477 3784 nocentem
496 3724 838 3781 Caecilianum
865 3720 1025 3776 fuisse
1041 3717 1328 3789 judicatum
1352 3717 1453 3791 (d),
1475 3726 1632 3789 atque
1660 3718 1778 3774 illos

228 3818 476 3873 recessisse
512 3823 815 3885 superatos,
849 3820 903 3867 et
932 3812 983 3866 in
1012 3810 1196 3866 eadem
1226 3819 1400 3865 tamen
1427 3809 1777 3880 perversitate

229 3909 473 3963 mansisse.
500 3907 611 3963 Nec
640 3905 707 3960 de
734 3902 924 3958 Felicis
947 3901 1287 3973 Aptungitani
1310 3916 1466 3956 causa
1502 3902 1776 3972 negligen-

229 3999 335 4055 tiam
359 4008 712 4064 consecutam,
746 3996 839 4052 sed
864 3995 928 4050 ad
949 3993 1184 4064 ejusdem
1211 3991 1462 4064 principis
1485 3992 1775 4064 jussionem

393 4151 470 4215 qui
501 4150 768 4215 scripturas
797 4159 957 4198 sacras
983 4147 1033 4196 in
1060 4146 1401 4215 persecutione
1424 4145 1776 4215 prodidissent,

471 4207 701 4282 (Inmane
722 4210 951 4282 decenas
971 4207 1080 4282 ευσὲ
1102 4214 1257 4282 Ξεδὲίν
1272 4207 1448 4282 ﬁci“)
1470 4207 1633 4282 ﬁeri
1653 4220 1780 4282 933!-

229 4267 957 4398 ἓὲἱῗῗὲἓεῗόὲῗοηειὶωιὶδ
978 4270 1320 4333 prohibuisset,
1336 4281 1399 4317 ex
1416 4269 1598 4321 Brevic.
1614 4267 1774 4321 collat.

285 4417 415 4467 ‘Bad.
438 4425 510 4469 Er.
536 4424 590 4468 et
602 4422 709 4467 Mss.
734 4428 926 4473 novem,
949 4410 1151 4463 arbitrio
1171 4410 1344 4462 medio.

286 4478 304 4509 ¹
321 4484 364 4528 lu
381 4480 585 4543 antiquis
603 4478 715 4528 cdd.
738 4470 963 4527 scribitur
986 4474 1294 4538 plerumque,
1319 4470 1591 4527 Militiam.

288 4559 347 4630 (α)
364 4568 495 4611 Gesta
517 4566 652 4630 uola!
671 4557 797 4630 apud
824 4558 999 4630 eiram
1134 4555 1228 4605 δοῦ
1258 4554 1474 4630 eonwa
1492 4556 1557 4630 te
1578 4555 1779 4630 90901110

236 4617 529 4689 θμίεροιοι-ιιω
547 4617 777 4689 undecim
798 4620 903 4689 sive
916 4618 1174 4689 duodecim
1184 4617 1369 4689 quibus
1383 4617 1676 4689 praesidebat
1696 4625 1780 4689 se-

417 4692 527 4735 tunc
538 4682 765 4743 Numidiae
786 4682 981 4743 primas,
996 4693 1093 4743 non
1106 4678 1365 4743 cathedrae,
1381 4678 1470 4743 Sed
1483 4678 1780 4741 antiquitatis

227 4742 338 4802 jure.
422 4747 529 4808 ippe
552 4746 600 4793 in
624 4739 803 4792 Africa?
813 4740 1070 4803 provinciis
1092 4739 1471 4811 primatushaud
1496 4739 1779 4793 erat—certa:

232 4804 320 4853 sedi
424 4808 432 4818 '
549 4840 565 4864 ,
588 4812 912 4864 prteterquam
936 4803 986 4852 in
1017 4800 1368 4859 Prooonsulart,
1392 4814 1442 4849 tn
1463 4813 1561 4864 qua
1588 4803 1781 4864 Cartha—

233 4818 320 4853 Seut
339 4818 565 4865 sunmus,
588 4818 912 4867 praeterquam
936 4818 986 4852 tn
1017 4818 1368 4859 l’l‘OOOIlSlllal'l,
1392 4818 1442 4849 tn
1463 4818 1561 4864 qua
1588 4818 1776 4855 carina-

233 4864 431 4933 ginensis
458 4868 724 4933 episcopus
745 4877 806 4914 ea
845 4864 1209 4933 praseminentia
1243 4869 1484 4933 perpetuo
1514 4863 1776 4933 gaudebat.

234 4920 291 4995 [De
529 4920 727 4995 Cirtensi
760 4920 961 4976 concilio
991 4925 1100 4995 agit
1122 4920 1320 4995 optatus
1336 4920 1401 4995 in
1432 4920 1577 4995 lib.'_i
1612 4934 1779 4995 contra

234 4984 588 5055 Parritenianum,
628 4988 836 5055 ejusque
870 4996 1002 5055 Acta
1018 4984 1173 5055 refert
1208 4985 1499 5048 Augustinus
1535 4986 1604 5055 in_
1624 4984 1712 5037 lib.
1744 4990 1779 5039 5

238 5054 345 5110 cont.
365 5048 675 5110 uesconium,
696 5064 741 5100 e.
756 5048 844 5107 '27,
866 5063 916 5097 n.
943 5048 1023 5107 50,
1045 5048 1131 5096 ubi
1152 5053 1311 5110 tamen
1336 5057 1470 5110 error
1494 5048 1642 5110 estin
1660 5055 1779 5100 con-

240 5106 373 5222 siti:
386 5105 735 5222 gpslgnatione,
756 5105 1063 5174 castigandus
1085 5121 1146 5157 ex
1170 5108 1354 5157 Brevic.
1372 5105 1532 5159 collat.
1555 5108 1637 5158 die
1657 5110 1707 5171 5,
1729 5124 1775 5163 c.

323 5184 368 5221 ΙΙ.
386 5184 463 5222 δι.

592 5234 854 5302 petierunt
875 5235 1221 5302 episwposgx
1256 5229 1428 5302 gallie;
1459 5232 1640 5302 quippe
1665 5246 1778 5297 Quae

248 5307 265 5336 ι
281 5293 453 5357 ᾓδιιοο,
468 5306 520 5350 ιιι
533 5293 746 5355 aiebant,
768 5293 979 5345 facinore
994 5312 1016 5339 ιο
1040 5293 1321 5357 traditionis,
1331 5293 1395 5343 de
1410 5293 1507 5357 quo
1521 5293 1777 5357 agebatur,

245 5354 517 5426 gltnmunis»
545 5367 667 5426 erat.
694 5354 796 5426 nati
818 5363 932 5426 sunt
953 5364 1197 5426 maternus
1215 5354 1576 5426 Agrippinensis
1585 5390 1609 5426 ,_
1621 5354 1780 5426 ttbetii-

242 5415 330 5482 eius
362 5420 822 5482 Augustodunensis,
864 5425 916 5482 et
952 5420 1156 5482 Marinus
1189 5415 1514 5482 Arelatensis.
1546 5418 1779 5482 missique

242 5476 641 5551 aliis
660 5476 935 5551 quindecim
941 5480 1185 5551 episcopis
1200 5476 1351 5551 Italis,
1376 5492 1577 5541 quontm
1596 5480 1645 5528 in
1666 5476 1781 5531 con-

376 5540 650 5607 Ielcbiades
669 5540 789 5607 Ripa
803 5540 1101 5607 (medianum
1118 5540 1421 5607 innocentem
1446 5553 1558 5591 esse
1576 5553 1782 5607 pronum

245 5558 361 5588 ausu
378 5558 650 5595 ltercumes
670 5558 726 5592 γε
759 5558 789 5592 a
803 5558 1101 5593 uaculanutn
1118 5558 1421 5591 innocentem
1576 5558 1782 5602 ιιι-οιιωι-

388 5614 447 5652 ex
462 5612 621 5667 Optato
636 5603 685 5667 in
808 5605 831 5654 1
851 5604 1049 5667 advers.
1064 5602 1582 5667 t‘armeuianun_i_,_anno
1596 5602 1782 5657 scilicet

247 5655 681 5779 "sema
694 5664 1307 5779 Βὲἒιξθέῗείῗθὲιὲδὲίὲλ
1332 5678 1380 5712 ³·
1398 5664 1476 5714 ⁵⁸·

299 5720 982 5852 massinissae"
1004 5720 1260 5800 εεωσ
1295 5720 1301 5722 ⁷

328 5851 334 5853 Α
411 5845 444 5853 _
660 5852 665 5853 ί
786 5805 838 5853 ,ιε
919 5785 1264 5848 nedtolanum,
1296 5798 1420 5838 anno
1448 5786 1569 5853 516,
1601 5802 1665 5842 ex
1691 5788 1777 5843 lib.

301 5805 368 5847 ut;
386 5805 450 5837 an
468 5805 751 5852 Imperator-6
770 5805 863 5904 talari

256 5850 343 5903 νοω
357 5845 527 5915 fellat,
545 5864 589 5905 c.
609 5852 688 5914 33,
709 5864 760 5903 n.
848 5886 863 5902 .

2815 377 2865 391 me

3352 408 3455 471 162

1874 517 2338 588 proconsularibus
2387 516 2564 574 Gestis
2607 515 2766 573 etiam
2815 516 2988 588 ipsum
3046 520 3206 578 fuisse
3252 536 3451 597 purga-

1874 618 1984 665 tum
2018 610 2119 681 (α).

1945 701 1999 756 5.
2031 700 2136 757 Sed
2176 702 2297 773 quia
2339 702 2454 758 haec
2493 702 2671 758 omnia
2716 702 3021 759 dicebamus
3065 713 3299 772 tantum,
3349 723 3457 766 non

1875 794 2034 850 etiam
2065 794 2390 866 legebamus,
2418 795 2594 850 minus
2620 794 2857 864 profecto
2881 797 3032 853 vobis
3058 812 3214 867 agere
3234 798 3453 855 videbas

1875 901 2014 950 mur,
2031 901 2188 957 quam
2208 884 2275 941 de
2287 894 2468 941 nostra
2481 887 2496 918 ¹
2514 886 2898 956 exspectabatis
2915 888 3179 943 instantia.
3202 889 3352 959 Quod
3366 888 3456 946 ubi

1879 978 2164 1048 sensimus,
2196 978 2262 1035 ad
2284 995 2344 1035 ea
2372 995 2491 1049 qua:
2521 978 2741 1050 legenda
2764 979 3201 1050 promiseramus,
3227 998 3331 1037 non
3358 982 3461 1039 dis-

1876 1073 2090 1127 tulimus
2120 1073 2355 1128 mittere.
2379 1072 2507 1141 Quae
2536 1072 2734 1135 omnia,
2762 1070 2887 1127 dum
2918 1074 3246 1130 excurrimus
3273 1074 3339 1131 ad
3361 1077 3458 1133 Ec-

1876 1161 2090 1218 clesiam
2113 1162 2481 1227 Gelizitanam,
2508 1162 2630 1218 inde
2650 1162 2716 1218 ad
2741 1171 2976 1218 vestrum
3002 1164 3252 1234 oppidum
3281 1182 3462 1223 revera

1878 1254 2009 1318 suri,
2038 1254 2182 1309 bidui
2214 1270 2317 1309 non
2342 1253 2483 1324 pleni
2506 1253 2897 1310 intermissione
2916 1265 3195 1319 venerunt,
3223 1270 3379 1329 atque
3402 1268 3462 1316 ut

1879 1345 2067 1411 nostis,
2086 1356 2340 1415 quantum
2370 1354 2577 1413 tempus
2601 1344 2834 1412 admisit,
2853 1361 2958 1400 uno
2982 1346 3069 1402 die
3096 1346 3314 1403 recitata
3336 1359 3461 1407 sunt

1878 1435 2047 1491 vobis.
2071 1436 2250 1490 Primo
2287 1434 2377 1490 ubi
2402 1434 2680 1491 Secundus
2707 1434 3027 1506 Tigisitanus
3052 1438 3323 1496 confessos
3352 1449 3461 1495 tra-

1878 1523 2079 1581 ditores
2114 1541 2143 1580 a
2182 1525 2406 1597 collegio
2443 1539 2544 1581 suo
2575 1538 2850 1580 removere
2887 1541 2993 1581 non
3032 1543 3189 1582 ausus
3213 1537 3314 1593 est,
3340 1544 3462 1585 cum

1878 1617 2070 1688 quibus
2097 1625 2277 1687 postea
2304 1631 2410 1672 non
2430 1616 2735 1674 confessum
2751 1622 2809 1671 et
2830 1615 3105 1672 absentem
3122 1616 3463 1675 Caecilianum

1878 1706 2116 1779 aliosque
2156 1723 2280 1763 suos
2320 1710 2549 1783 collegas
2586 1709 2845 1766 damnare
2887 1724 3047 1764 ausus
3093 1716 3177 1765 est
3216 1728 3231 1766 :
3272 1709 3466 1768 deinde

1879 1797 2037 1853 Gesta
2066 1800 2482 1869 proconsularia,
2511 1800 2602 1856 ubi
2624 1799 2779 1857 Felix
2798 1798 3200 1870 diligentissimo
3222 1802 3467 1859 examine

1879 1887 2133 1960 probatus
2155 1897 2239 1945 est
2267 1891 2538 1949 innocens.
2561 1891 2685 1947 Haac
2707 1900 2833 1947 ante
2856 1890 3130 1948 meridiem
3157 1892 3307 1949 vobis
3331 1892 3465 1949 lecta

1879 1994 2001 2037 esse
2021 1983 2360 2039 meministis.
2390 1984 2519 2040 Post
2542 1984 2819 2041 meridiem
2845 1999 2975 2040 vero
3002 1985 3339 2041 recitavimus
3356 2001 3466 2057 pre-

1880 2086 1970 2128 ces
1993 2088 2178 2129 eorum
2210 2074 2276 2131 ad
2306 2076 2728 2141 Constantinum,
2759 2075 3002 2147 datisque
3024 2076 3091 2132 ab
3116 2091 3181 2133 eo
3200 2076 3467 2147 jutlicibus

1881 2160 2043 2220 Gesta
2071 2165 2432 2222 ecclesiastica
2462 2166 2513 2221 in
2541 2166 2779 2223 Romana
2797 2167 2928 2223 urbe
2954 2166 3151 2233 habita,
3175 2168 3365 2238 quibus
3390 2167 3467 2225 illi

1881 2256 2163 2329 improbati
2203 2267 2360 2326 sunt,
2388 2257 2704 2314 Czecilianus
2740 2267 2915 2314 autem
2957 2259 3008 2313 in
3040 2258 3327 2330 episcopali
3365 2257 3465 2314 ho-

1880 2366 2014 2408 nore
2040 2351 2301 2407 firmatus.
2351 2353 2628 2408 Postremo
2660 2352 2989 2407 Constantini
3016 2351 3349 2423 imperatoris
3377 2351 3466 2407 lit-

1884 2450 2055 2509 teras,
2097 2443 2291 2513 quibus
2318 2443 2496 2499 omnia
2534 2444 2702 2499 multo
2731 2444 2959 2499 maxime
2992 2444 3329 2499 testatissima
3354 2442 3467 2500 cla-

1881 2544 2123 2591 ruerunt.

1953 2626 2105 2682 CAP.
2132 2625 2219 2681 ill.
2252 2656 2324 2668 —
2351 2626 2404 2683 6.
2432 2626 2570 2696 Quid
2590 2627 2747 2683 vultis
2769 2627 3017 2699 amplius,
3046 2627 3315 2694 homines;
3340 2628 3469 2700 quid

1884 2718 2043 2774 vultis
2068 2720 2333 2790 amplius?
2359 2720 2475 2776 Non
2499 2720 2567 2776 de
2592 2735 2726 2776 auro
2747 2729 2802 2777 et
2821 2730 3042 2792 argento
3067 2730 3244 2778 vestro
3267 2721 3467 2793 agitur;

1882 2824 1990 2865 non
2033 2820 2171 2865 terra
2193 2852 2208 2877 ,
2243 2826 2347 2865 non
2378 2810 2573 2882 praedia
2594 2852 2609 2878 ,
2650 2826 2753 2866 non
2793 2810 3021 2882 denique
3053 2812 3198 2869 salus
3229 2812 3470 2883 corporis

1883 2901 2049 2956 vestri
2082 2901 2136 2956 in
2174 2899 2460 2958 discrimen
2493 2910 2751 2957 vocatur:
2782 2900 2851 2957 de
2878 2901 3215 2981 adipiscenda
3246 2902 3353 2958 vita
3390 2919 3470 2959 a2-

1884 3000 2035 3050 terna
2062 3004 2116 3049 et
2155 2993 2402 3065 fugienda
2430 3005 2605 3051 morte
2633 3002 2832 3051 aeterna
2859 2996 3241 3067 compellamus
3264 2996 3469 3053 animas

1886 3096 2111 3142 vestras.
2142 3087 2582 3159 Expergiscimini
2610 3088 2894 3160 aliquando
2923 3108 2938 3145 :
2967 3106 3073 3146 non
3100 3089 3151 3145 in
3172 3091 3342 3161 aliqua
3369 3091 3470 3147 ob.

1884 3191 2039 3233 scura
2075 3181 2367 3249 quaestione
2393 3194 2697 3249 versamur,
2724 3196 2831 3237 non
2863 3181 3134 3237 recondita
3168 3192 3371 3239 secreta
3392 3183 3469 3238 ri—

1883 3284 2112 3337 mamur,
2140 3271 2332 3339 quibus
2360 3271 2705 3343 penetraudis
2723 3273 2805 3327 vel
2829 3272 2973 3328 nulla
3000 3273 3081 3328 vel
3102 3289 3219 3329 rara
3242 3274 3468 3330 humana

1883 3363 2041 3417 corda
2071 3363 2366 3431 sufficiant;
2408 3380 2496 3420 res
2532 3364 2585 3419 in
2615 3373 2799 3434 aperto
2837 3373 2937 3420 est.
2967 3364 3101 3432 Quid
3134 3365 3333 3422 eminet
3354 3367 3467 3422 cla-

1882 3453 2029 3510 rius?
2054 3453 2179 3525 quid
2204 3455 2439 3511 cernitur
2475 3454 2669 3511 citius?
2713 3454 2949 3511 Dicimus
2978 3457 3258 3512 temerario
3287 3458 3468 3513 conci-

1883 3546 1976 3614 lio,
2002 3545 2291 3617 quamlibet
2316 3546 2769 3613 numerosissima,
2792 3546 3098 3603 innocentes
3117 3548 3469 3619 absentesque

1882 3636 2047 3694 fuisse
2071 3638 2368 3694 damnatos.
2410 3638 2703 3695 Probamus
2729 3638 2832 3695 hoc
2867 3639 3336 3710 proconsularibus
3360 3638 3468 3696 Ge-

1883 3728 1999 3794 stis,
2029 3729 2221 3801 quibus
2244 3730 2310 3785 ab
2338 3729 2482 3785 omni
2511 3729 2809 3786 traditionis
2834 3721 3055 3786 crimine
3083 3730 3287 3786 alienus
3317 3730 3465 3801 judi-

1882 3830 2035 3877 catus
2072 3829 2155 3877 est
2181 3821 2308 3889 ille,
2351 3837 2507 3891 quem
2549 3821 2784 3878 maxime
2824 3821 3168 3878 criminosum
3208 3838 3237 3876 a
3276 3823 3468 3879 vestris

1882 3913 2084 3985 prolata
2113 3913 2323 3969 concilii
2350 3911 2508 3970 Gesta
2538 3922 2849 3969 sonuerunt.
2881 3913 3115 3970 Dicimus
3140 3930 3168 3967 a
3197 3914 3469 3971 traditori-

1882 4003 1983 4060 bus
2007 4004 2284 4071 confessis,
2311 4004 2365 4060 in
2390 4019 2483 4061 eos
2510 4005 2597 4076 qui
2641 4004 2922 4061 traditores
2949 4004 3273 4071 dicerentur,
3301 4005 3468 4062 dictas

1884 4095 2045 4152 fuisse
2085 4094 2393 4152 sententias.
2424 4094 2717 4150 Probamus
2743 4095 2841 4150 hoc
2868 4094 3242 4149 ecclesiasticis
3267 4094 3466 4162 Gestis,

1882 4186 1972 4242 ubi
1997 4185 2309 4242 nominatim
2337 4185 2696 4250 declarantur,
2721 4185 2775 4239 in
2804 4184 2995 4254 quibus
3020 4183 3299 4239 Secundus
3325 4183 3470 4255 Tigio

1882 4277 2088 4333 sitanus
2111 4292 2173 4333 ea
2196 4292 2314 4348 quae
2337 4274 2605 4346 cognovit,
2635 4275 2778 4330 velut
2801 4273 3041 4329 contuitu
3071 4274 3215 4345 pacis
3244 4273 3465 4346 ignovit,

1881 4376 2084 4425 etcum
2126 4367 2314 4440 quibus
2343 4374 2525 4437 postea
2568 4382 2675 4422 non
2701 4367 2723 4399 ²
2765 4364 3044 4437 cognovit,
3077 4365 3297 4421 discissa
3340 4380 3469 4437 pace

1881 4458 2167 4515 damnavit.
2206 4458 2358 4516 Unde
2383 4457 2628 4529 apparuit
2654 4472 2775 4512 eum
2816 4456 2975 4512 etiam
3004 4456 3174 4528 primo
3209 4471 3314 4511 non
3348 4455 3467 4526 paci

1881 4550 2253 4618 consuluisse,
2286 4547 2381 4605 sed
2407 4547 2507 4604 sibi
2533 4547 2789 4603 timuisse.
2839 4544 3121 4617 Objecerat
3160 4546 3209 4602 ei
3238 4562 3467 4617 namque

1882 4642 2173 4714 Purpurius
2204 4639 2523 4697 Limatensis
2555 4638 2576 4671 ³
2613 4637 2750 4710 quod
2781 4638 2939 4695 etiam
2972 4638 3105 4710 ipse,
3133 4652 3255 4693 cum
3280 4638 3465 4695 deten-

1881 4744 1967 4791 tus
1990 4742 2133 4790 esset
2163 4748 2194 4788 a
2230 4740 2475 4788 curatore
2497 4739 2553 4786 et
2580 4730 2768 4786 ordine
2788 4738 2847 4784 ut
2877 4728 3178 4800 Scripturas
3209 4729 3461 4795 traderet,

1879 4825 2131 4882 dimissus
2151 4831 2253 4890 est,
2275 4823 2455 4894 utique
2477 4836 2583 4877 non
2608 4820 2823 4888 frustra,
2848 4818 2948 4875 nisi
2969 4820 3090 4889 quia
3117 4819 3349 4889 tradidit,
3370 4829 3465 4879 aut

1880 4916 2017 4973 tradi
2043 4914 2240 4985 aliquid
2268 4914 2442 4985 jussit.
2475 4913 2624 4968 Hanc
2658 4912 2748 4968 ille
2784 4911 3136 4981 suspicionem
3180 4912 3308 4968 satis
3335 4927 3463 4983 pro.
3531 4948 3551 4983 ,η

1879 5008 2108 5063 habilem
2135 5016 2404 5073 metuens,
2430 5012 2653 5075 accepto
2684 5002 2909 5060 consilio
2929 5017 2958 5057 a
2984 5003 3191 5059 minore
3215 5003 3462 5060 Secundo

1881 5098 2275 5171 consanguineo
2304 5112 2434 5165 suo,
2476 5095 2837 5165 consultisque
2876 5094 3087 5151 caeteris
3113 5094 3203 5167 qui
3238 5109 3359 5151 cum
3397 5109 3464 5152 eo
3526 5167 3542 5191 ³

1946 5234 1963 5266 ι
1986 5239 2069 5284 Ms.
2082 5244 2210 5283 unus
2224 5245 2255 5283 e
2266 5232 2434 5291 Vatic.,
2456 5232 2632 5291 uestra.

1944 5297 1965 5360 ξ
1988 5302 2051 5360 tta
2064 5301 2172 5360 slss.
2192 5301 2244 5344 et
2264 5287 2562 5360 antiquiores
2572 5289 2685 5340 Edd.
2701 5296 2758 5341 At
2770 5296 2906 5360 Lov.,_
2917 5293 3223 5360 posteaquam,

1945 5357 1967 5390 ι
1986 5327 2562 5419 ὲῖἒῗῗὲιὲἑ.“ῥὶἓί³ίέἑιῗιέῖ
2571 5327 2760 5419 ἕξείιέιὶ
2770 5327 2907 5419 ’ξῷΗᾶ
2918 5327 3461 5419 emeramus:

1880 5424 2091 5490 tov._sr.
2130 5424 2247 5480 etc.,
2270 5407 2513 5478 s'aibtttir,
2536 5407 2838 5466 1mm.
2862 5420 2912 5463 tn
2932 5407 3015 5464 us.
3051 5420 3265 5471 Gervas.,
3300 5407 3465 5462 Lania-

1942 5542 2017 5605 (a)
2036 5540 2332 5605 Proconsttlis
2352 5538 2663 5605 nelianigsive
2679 5537 2847 5605 .i-:_l_iani
2869 5536 3112 5605 sententia
3133 5536 3181 5584 in
3196 5534 3354 5585 Gestis
3371 5534 3465 5605 hoc

1880 5596 2209 5670 lodolaudatis
2228 5604 2356 5654 dicta
2374 5601 2639 5653 secundum
2662 5598 2867 5670 Felicem
2890 5598 3286 5670 Amyngitanurn,
3308 5596 3466 5670 refer-

1882 5672 1961 5716 tur
1984 5666 2031 5715 in
2055 5665 2140 5715 lib.
2168 5665 2200 5715 5
2220 5672 2350 5715 cont.
2387 5669 2635 5721 (restium,
2661 5673 2707 5710 c.
2737 5659 2827 5720 70,
2856 5673 2905 5707 n.
2925 5658 3017 5706 ⁷81.
3046 5658 3112 5721 De
3136 5658 3308 5709 iisdem
3340 5663 3467 5713 Actis

1881 5728 2304 5790 proconsularibus
2320 5719 2627 5777 mentionem
2647 5721 2759 5790 facit
2781 5719 2980 5790 optatus
3000 5719 3204 5790 υἱωνῆς.
3218 5726 3465 5790 Pertinent

1882 5781 1942 5840 ad
2066 5793 2175 5842 chr.
2198 5790 2317 5853 514,
2341 5797 2469 5841 teste
2491 5784 2752 5848 augustino
2782 5781 2834 5833 in
2854 5781 2939 5833 lib.
2973 5790 3080 5847 post
3110 5783 3294 5847 Collat.,
3317 5799 3361 5835 c.
3384 5784 3462 5849 33,

1887 5868 1937 5904 n.
2023 5888 2037 5903 .

1887 5868 1937 5905 ιι.
1959 5868 2037 5904 δυ.
