4054 6394
656 380 753 442 167

653 514 828 557 causa:
856 493 1164 561 necessarii,
1194 492 1283 564 qui
1306 491 1464 547 simul
1506 505 1625 547 cum
1654 492 1731 546 eis
1759 505 1825 546 ex
1853 490 2029 546 Africa
2075 502 2235 545 vene-

654 600 796 656 rant,
826 599 881 644 et
904 604 997 644 eos
1024 595 1312 658 praesentes
1342 584 1502 640 fuisse
1527 595 1685 654 atque
1716 599 1745 638 a
1777 583 1981 638 Donato
2020 583 2232 638 subtra-

653 692 768 739 ctos
796 695 914 737 esse
933 680 1216 735 diceretur.
1247 678 1503 733 Promisit
1529 677 1667 731 idem
1698 678 1932 733 Donatus
1956 676 2096 747 quod
2133 691 2231 732 eos

652 785 795 834 esset
818 775 1151 831 exhibiturus
1179 792 1190 827 :
1221 771 1360 851 quod
1385 788 1505 827 cum
1532 787 1637 826 non
1665 772 1829 828 semel
1858 814 1871 836 ,
1904 772 1997 827 sed
2027 772 2221 842 saepius

652 870 1004 940 promisisset,
1035 868 1259 939 amplius
1301 866 1367 921 ad
1393 866 1518 919 illud
1546 865 1802 936 judicium
1832 866 2088 920 accedere
2127 880 2227 920 no-

652 961 764 1027 luit,
789 960 876 1016 ubi
893 960 1001 1031 jam
1027 968 1141 1015 erat
1168 968 1309 1013 tanta
1336 957 1631 1023 confessus,
1666 967 1721 1012 ut
1747 958 1877 1011 nihil
1908 958 2048 1012 aliud
2075 958 2226 1012 dein-

650 1066 777 1121 ceps
804 1066 909 1106 non
940 1050 1262 1114 accedendo,
1290 1048 1390 1103 nisi
1440 1064 1675 1118 przesens
1721 1048 1961 1103 damnari
1994 1049 2228 1104 noluisse

648 1144 952 1209 videretur;
995 1158 1115 1198 cum
1146 1151 1323 1196 tamen
1356 1156 1417 1195 ea
1448 1156 1569 1210 quae
1596 1140 1892 1195 damnanda
1929 1149 2126 1206 essent,
2162 1155 2228 1195 eo

648 1245 907 1309 przesente
933 1244 1091 1305 atque
1119 1234 1441 1303 interrogato
1472 1233 1488 1264 ⁸
1518 1231 1847 1286 manifestata
1878 1231 2090 1286 fuerint.
2123 1233 2227 1285 Ac-

644 1328 805 1384 cessit
828 1335 881 1382 et
904 1324 1065 1389 aliud,
1098 1334 1155 1378 ut
1182 1340 1212 1378 a
1238 1323 1554 1394 quibusdam
1594 1322 1847 1378 adversus
1887 1322 2225 1378 Caecilianum

646 1417 1066 1477 denuntiationis
1113 1416 1321 1470 libellus
1364 1398 1577 1470 daretur
1626 1433 1637 1467 :
1682 1425 1800 1485 post
1847 1415 1988 1485 quod
2030 1414 2225 1469 factum

644 1508 1093 1583 quemadmodum
1138 1508 1205 1561 sit
1248 1522 1431 1561 rursus
1474 1506 1665 1576 agitata
1713 1507 1961 1577 cognitio,
2008 1514 2061 1560 et
2106 1522 2224 1575 qua:

644 1616 886 1673 persona:
916 1600 1067 1655 illum
1097 1599 1333 1655 libellum
1362 1598 1623 1663 dederint,
1671 1614 1882 1669 quoque
1910 1598 2067 1653 modo
2092 1598 2222 1653 nihil

648 1692 701 1748 in
758 1691 1096 1749 Cmcilianum
1150 1690 1360 1760 probari
1401 1690 1645 1760 potuerit,
1676 1690 1801 1759 quid
1849 1691 2045 1755 dicam,
2094 1706 2213 1744 eum

642 1793 699 1839 et
744 1782 1017 1839 audieritis
1072 1782 1249 1838 omnia
1275 1823 1290 1848 ,
1333 1790 1389 1837 et
1428 1782 1635 1853 quoties
1681 1782 1991 1850 volueritis,
2040 1783 2216 1853 legere

641 1876 857 1950 possitis
874 1876 897 1929 ?

712 1968 799 2025 16.
826 1968 900 2025 De
921 1982 1142 2023 numero
1161 1976 1336 2023 autem
1356 1967 1681 2039 septuaginta
1698 1970 2087 2040 episcoporum,
2100 1986 2220 2025 cum

639 2062 789 2135 quasi
834 2061 1144 2133 gravissima
1172 2069 1530 2132 opponeretur
1553 2062 1837 2117 auctoritas
1855 2104 1871 2129 ,
1894 2078 2010 2133 quac
2029 2063 2223 2119 fuerint

637 2155 776 2211 dicta
798 2154 1139 2221 meministis;
1168 2163 1222 2211 et
1246 2163 1421 2211 tamen
1458 2154 1557 2210 viri
1582 2155 1877 2226 gravissimi
1910 2156 1979 2210 ab
2004 2157 2219 2212 infinitis

644 2246 1027 2320 quaestionibus
1071 2253 1257 2303 catena
1288 2246 1514 2316 quadam
1565 2246 1918 2317 inexplicabili
1962 2262 2080 2303 sese
2120 2264 2219 2302 ne-

638 2337 903 2394 ctentibus
935 2351 1093 2392 suum
1128 2336 1727 2408 temperarearbitrium
1760 2338 2077 2404 maluerunt,
2123 2353 2219 2393 ne-

640 2446 906 2505 quaquam
927 2438 1175 2485 curantes
1200 2445 1356 2500 quam
1383 2428 1533 2485 multi
1549 2437 1729 2484 essent
1754 2428 1826 2483 illi
1852 2429 2107 2500 episcopi,
2130 2438 2220 2485 aut

638 2521 781 2579 unde
802 2520 1030 2585 collecti,
1051 2534 1187 2591 quos
1207 2518 1460 2575 videbant
1486 2528 1630 2574 tanta
1652 2521 1949 2575 temeritate
1970 2528 2216 2590 caecatos,

638 2624 698 2670 ut
720 2614 773 2669 in
798 2612 1047 2669 absentes
1074 2619 1129 2666 et
1151 2625 1255 2666 non
1286 2612 1639 2682 interrogatos
1665 2611 1915 2681 collegas,
1942 2620 2050 2667 tam
2078 2628 2212 2682 pra:-

635 2706 826 2779 cipites
848 2704 1104 2760 auderent
1133 2702 1369 2775 proferre
1392 2703 1705 2759 sententias.
1736 2704 1803 2759 Et
1840 2714 2016 2761 tamen
2046 2706 2217 2777 qualis

636 2798 802 2870 ipsius
826 2795 965 2852 beati
994 2794 1300 2852 Melehiadis
1342 2795 1529 2850 ultima
1568 2803 1649 2851 est
1675 2796 1876 2866 prolata
1922 2798 2207 2865 sententia,

633 2906 794 2963 quam
823 2890 1111 2955 innocens,
1157 2903 1314 2958 quam
1361 2888 1586 2959 integra,
1629 2902 1787 2959 quam
1813 2890 2030 2959 provida
2058 2899 2217 2962 atque

638 2985 876 3057 pacifica,
898 2999 1001 3055 qua
1030 2998 1201 3054 neque
1227 2983 1477 3053 collegas,
1510 2984 1563 3038 in
1591 2984 1782 3053 quibus
1807 2984 1938 3039 nihil
1959 2986 2215 3041 constite-

636 3083 741 3140 rat,
784 3074 851 3129 de
890 3073 1115 3143 collegio
1144 3088 1242 3127 suo
1284 3088 1445 3128 ausus
1469 3083 1550 3129 est
1591 3090 1899 3139 removere,
1930 3083 1985 3130 et
2013 3076 2216 3132 Donato

638 3163 776 3230 solo,
803 3178 962 3234 quem
988 3162 1148 3217 totius
1168 3162 1292 3216 mali
1318 3160 1612 3233 principem
1661 3165 1957 3233 invenerat,
1985 3166 2215 3222 maxime

636 3255 871 3324 culpato,
903 3253 1148 3308 sanitatis
1172 3252 1547 3323 recuperanda:
1573 3256 1840 3324 optionem
1871 3256 2095 3312 liberam
2118 3274 2214 3313 ea:-

636 3346 765 3403 teris
796 3344 937 3412 fecit,
985 3352 1198 3416 paratus
1225 3344 1727 3402 communicatorias
1771 3346 1973 3403 litteras
1996 3350 2211 3405 mittere

635 3435 795 3494 etiam
838 3435 902 3491 iis
928 3449 1062 3505 quos
1102 3450 1131 3489 a
1162 3433 1417 3505 Majorino
1445 3435 1718 3491 ordinatos
1746 3451 1868 3493 esse
1893 3448 2162 3495 constaret
2195 3457 2209 3495 :

635 3529 708 3585 ita
736 3536 794 3585 ut
820 3527 1240 3600 quibuscumque
1266 3527 1398 3584 locis
1441 3527 1546 3584 duo
1573 3539 1753 3586 essent
1778 3532 2011 3603 episcopi
2038 3575 2054 3601 ,
2082 3549 2214 3604 quos

636 3619 900 3675 dissensio
923 3619 1276 3691 geminasset,
1307 3636 1427 3675 eum
1453 3621 1754 3677 confirmari
1785 3623 1945 3679 vellet
1969 3626 2057 3695 qui
2086 3625 2214 3679 fuis-

636 3716 719 3765 set
739 3708 1010 3765 Ordinatus
1035 3710 1203 3780 prior,
1235 3711 1387 3765 alteri
1408 3720 1583 3767 autem
1624 3730 1806 3769 eorum
1836 3715 1985 3785 plebs
2003 3718 2105 3771 alia
2137 3733 2215 3772 rc-

634 3798 806 3871 genda
837 3799 1222 3872 provideretur.
1244 3799 1289 3857 Ο
1319 3802 1486 3857 virum
1507 3803 1762 3873 Optimum
1786 3804 1797 3858 l
1827 3820 1861 3859 ο
1887 3804 2050 3860 [ilium
2081 3806 2214 3862 chri-

629 3888 817 3946 stiante
846 3890 1025 3959 pacis,
1056 3897 1109 3946 et
1152 3896 1359 3960 patrem
1402 3888 1705 3946 christianae
1744 3889 1943 3961 plebis!
1974 3889 2222 3945 Conferte

628 3994 772 4038 nunc
797 3980 952 4036 istam
983 3979 1301 4051 paucitatem
1322 3997 1444 4037 cum
1475 3980 1561 4037 illa
1585 3982 1919 4039 multitudine
1943 3982 2223 4053 episcopo-

626 4089 777 4143 rum,
813 4089 988 4147 neque
1029 4090 1312 4134 numerum
1357 4092 1602 4146 numero,
1633 4076 1727 4134 sed
1755 4077 1963 4148 pondus
1999 4076 2222 4149 ponderi

625 4175 934 4241 comparata
960 4184 974 4223 :
1001 4166 1127 4225 hinc
1150 4170 1490 4239 modestiam,
1514 4169 1639 4227 inde
1668 4172 2025 4228 temeritatem
2046 4213 2063 4239 ,
2094 4169 2222 4227 hinc

625 4259 983 4332 vigilantiam,
1013 4262 1140 4319 inde
1164 4264 1470 4320 castitatem.
1500 4264 1597 4320 Hie
1624 4280 1725 4320 nec
1759 4264 2111 4321 mansuetudo
2137 4263 2221 4321 in-

626 4353 928 4424 tegritatem
971 4354 1235 4424 corrupit,
1260 4370 1358 4410 nec
1388 4355 1664 4425 integritas
1707 4356 2099 4412 mansuetudini
2126 4370 2217 4411 re-

630 4445 917 4518 pugnavit;
964 4445 1035 4501 ibi
1082 4454 1260 4502 autem
1301 4455 1358 4503 et
1404 4446 1583 4503 furore
1628 4448 1789 4503 timor
1833 4449 2129 4520 tegebatur,
2163 4456 2221 4505 et

626 4538 821 4595 timore
843 4536 994 4593 furor
1022 4537 1359 4595 incitabatur.
1404 4538 1494 4595 Isti
1539 4540 1679 4595 enim
1723 4550 2082 4598 convenerant
2122 4556 2217 4597 co-

624 4630 862 4703 gnitione
881 4646 1131 4689 verorum
1157 4632 1443 4689 criminum
1467 4632 1597 4689 falsa
1625 4650 1879 4706 respuere
1898 4676 1913 4702 ,
1947 4634 2023 4691 illi
2050 4633 2216 4691 falso-

624 4740 741 4781 rum
772 4724 1113 4782 damnatione
1139 4740 1264 4782 vera
1293 4725 1491 4783 celare.

602 4829 610 4849 *
694 4815 849 4874 CAP.
882 4817 1172 4875 ιιι-ιτ.
1202 4817 1381 4874 lllisne
1424 4834 1481 4875 se
1524 4818 1735 4875 tandem
1778 4819 2091 4877 Caecilianus
2128 4833 2223 4876 au-

623 4906 877 4963 diendum
921 4907 1372 4980 judicandumque
1412 4912 1803 4978 committeret,
1831 4928 1950 4968 cum
2001 4911 2223 4969 haberet

626 4998 779 5067 tales,
809 4999 950 5070 apud
980 5016 1112 5072 quos
1144 5000 1190 5057 si
1219 5000 1270 5057 ei
1307 5017 1467 5059 causa
1498 5012 1819 5070 moveretur,
1861 5004 2220 5061 innocentiam

623 5106 775 5148 suam
802 5091 1049 5149 facillime
1087 5094 1431 5152 ostenderet?
1465 5095 1582 5153 Non
1621 5112 1680 5153 se
1708 5097 1813 5153 illis
1833 5098 2050 5154 omnino
2074 5114 2221 5155 com-

620 5186 891 5253 mitteret,
923 5202 1022 5244 nec
1052 5188 1097 5244 si
1125 5191 1437 5263 peregrinus
1480 5192 1736 5249 Ecclesia:
1781 5191 2218 5266 Carthaginensis

619 5276 801 5335 subito
839 5279 1122 5351 episcopus
1163 5290 1307 5338 esset
1350 5282 1657 5353 ordinatus,
1686 5294 1736 5340 et
1766 5284 1975 5356 ignoret
2000 5285 2126 5358 quid
2149 5287 2215 5343 ad

626 5371 995 5443 corrupendos
1034 5373 1242 5429 animos
1288 5375 1371 5431 vel
1412 5377 1776 5448 improborum
1816 5379 1901 5435 vel
1940 5380 2215 5451 imperito-

619 5480 741 5522 rum
768 5480 928 5538 posse
974 5475 1101 5523 tune
1152 5470 1586 5539 pecuniosissima
1617 5472 1807 5529 mulier
1834 5472 2075 5544 quaedam
2106 5472 2215 5528 Lu-

622 5558 960 5632 cilla,quam
1002 5576 1102 5634 pro
1146 5560 1426 5633 disciplina
1473 5565 1833 5621 ecclesiastica
1880 5564 2215 5637 corripiendo

623 5645 764 5706 idem
805 5665 925 5707 cum
973 5662 1117 5712 esset
1163 5652 1420 5712 diaconus
1467 5654 1677 5713 [mserat
1705 5672 1719 5711 :
1751 5659 1911 5713 etiam
1942 5656 2043 5713 hoc
2071 5657 2211 5714 enim

713 5821 855 5877 ιω.
870 5829 973 5875 Am.
995 5828 1069 5877 Er.
1087 5834 1138 5880 et
1157 5834 1238 5881 tu.
1262 5837 1453 5884 Cet-vas.
1478 5832 1678 5895 habent,
1701 5832 2031 5901 interrogante.

1886 369 1942 431 S.
1982 362 2346 431 AUGUSTINI
2385 369 2687 432 EPISCOPI
3225 411 3228 416 .
3470 402 3492 407 η
3802 392 3879 451 ηδ

2340 500 2642 545 accesserat
2666 493 2861 547 malum
2886 491 2953 548 ad
2978 487 3119 548 illam
3156 494 3531 564 perficiendam
3558 497 3872 571 iniquitatem.

2345 578 2480 634 Nam
2511 581 2563 635 in
2594 583 2686 636 illo
2714 584 2959 650 concilio,
3002 585 3089 640 ubi
3117 600 3148 639 a
3175 585 3433 643 confessis
3459 590 3783 647 traditorihus
3807 599 3876 651 ab-

2336 682 2516 727 sentes
2543 684 2702 744 atque
2730 676 3037 732 innocentes
3064 677 3299 733 damnati
3330 689 3453 735 sunt
3477 724 3490 745 ,
3520 686 3671 753 pauci
3700 688 3874 756 quidam

2335 775 2509 831 erant,
2541 768 2631 837 qui
2660 768 2881 824 crimina
2929 784 3023 825 sua
3067 762 3335 827 infamatis
3378 773 3497 828 aliis
3532 784 3704 846 tegere
3734 783 3877 851 cupie-

2335 856 2484 925 bant,
2534 868 2594 913 ut
2621 859 2866 916 homines
2892 876 2922 915 a
2968 862 3207 918 veritatis
3243 864 3583 933 inquisitione
3620 879 3877 926 averteren-

2335 957 2422 1004 tur
2441 950 2584 1006 falsis
2598 954 2897 1008 rumoribus
2910 956 3135 1010 avocati.
3164 955 3323 1010 Pauci
3350 972 3479 1027 ergo
3505 969 3678 1025 erant,
3696 963 3771 1031 qui
3793 963 3869 1021 hoc

2334 1042 2602 1111 negotium
2630 1044 2858 1100 maxime
2883 1045 3161 1113 curabant,
3194 1049 3437 1117 quamvis
3464 1049 3514 1103 in
3540 1052 3621 1105 eis
3639 1063 3769 1108 esset
3788 1071 3874 1110 ma-

2328 1133 2417 1201 jor
2441 1134 2748 1201 auctoritas,
2773 1145 2989 1207 propter
3013 1136 3178 1205 ipsius
3211 1136 3444 1193 Secundi
3472 1140 3788 1207 societatem,
3806 1148 3873 1216 qui

2331 1224 2411 1277 eis
2436 1234 2746 1294 pepercerat
2765 1227 3003 1283 territus.
3024 1227 3218 1283 Caeteri
3244 1239 3422 1284 autem
3448 1230 3665 1286 Lucillze
3694 1238 3873 1302 pecunia

2330 1316 2561 1371 maxime
2584 1317 2839 1373 adversus
2877 1319 3225 1375 Caecilianum
3253 1322 3417 1392 empti
3456 1332 3509 1378 et
3534 1323 3755 1395 instigati
3780 1343 3873 1397 per-

2330 1405 2601 1461 hibentur.
2655 1408 2851 1463 Extant
2878 1408 3040 1465 Gesta
3087 1411 3228 1481 apud
3268 1412 3623 1481 Zenopbilum
3675 1417 3874 1471 consula-

2329 1512 2443 1551 rem
2470 1496 2546 1570 (a)
2563 1540 2576 1563 ,
2602 1499 2687 1553 ubi
2716 1498 3074 1556 Nundinarius
3102 1502 3315 1572 quidam
3338 1503 3597 1559 diaconus
3624 1521 3656 1560 a
3680 1506 3872 1577 Sylvano

2332 1589 2563 1645 Cirtensi
2600 1592 2883 1662 episcopo,
2914 1603 3168 1663 quantum
3198 1595 3325 1664 ipsis
3350 1594 3529 1651 Gestis
3558 1597 3867 1670 intelligitur,

2327 1681 2649 1753 degradatus
2668 1726 2685 1752 ,
2713 1699 2834 1739 eum
2861 1685 2940 1741 eis
2965 1685 3271 1744 satisfacere
3300 1703 3396 1759 per
3431 1690 3659 1745 aliorum
3700 1692 3870 1762 episco-

2328 1789 2517 1844 porum
2554 1776 2761 1831 litteras
2791 1776 2984 1833 frustra
3014 1787 3234 1833 conatus
3264 1791 3439 1847 esset,
3473 1784 3639 1839 multa
3671 1785 3875 1855 patefecit

2327 1866 2493 1921 iratus
2516 1908 2530 1931 ,
2557 1875 2612 1921 et
2640 1868 2690 1921 in
2723 1867 2985 1935 judicium
3015 1869 3282 1938 publicum
3324 1872 3543 1941 protulit
3572 1891 3585 1927 :
3619 1874 3750 1928 inter
3784 1891 3874 1945 quze

2326 1954 2380 2010 id
2409 1972 2621 2026 quoque
2647 1967 3123 2013 commemoratum
3150 1960 3363 2030 legitur,
3398 1962 3540 2032 quod
3568 1963 3775 2019 Lucilla:
3797 1980 3871 2036 pe-

2326 2046 2481 2101 cunia
2512 2048 2775 2118 corruptis
2806 2050 3088 2119 episcopis,
3123 2051 3174 2105 in
3195 2051 3607 2122 Carthaginensi
3637 2057 3865 2121 Ecclesia,

2326 2137 2383 2193 in
2433 2137 2629 2195 Africae
2661 2140 2859 2210 capite,
2889 2141 3057 2196 altare
3107 2151 3293 2197 contra
3330 2144 3497 2199 altare
3534 2146 3757 2201 levatum
3796 2157 3872 2202 est.

2324 2230 2448 2286 Scio
2474 2231 2615 2302 quod
2645 2231 2758 2287 haec
2787 2232 2951 2289 Gesta
2989 2234 3139 2289 vobis
3168 2249 3273 2290 non
3320 2235 3628 2307 legerimus,
3658 2239 3749 2295 sed
3775 2249 3875 2295 tem-

2326 2338 2424 2395 pus
2445 2340 2550 2379 non
2573 2321 2733 2380 fuisse
2752 2326 3088 2383 meministis.
3118 2327 3290 2384 Inerat
3316 2329 3476 2383 etiam
3501 2333 3781 2387 nonnullus
3801 2332 3868 2386 do-

2324 2414 2405 2469 lor
2430 2416 2591 2470 animi
2620 2416 2690 2472 de
2717 2418 2885 2488 typho
2928 2419 3192 2488 superbia:
3224 2420 3468 2487 veniens,
3501 2424 3646 2493 quod
3674 2440 3773 2480 non
3798 2425 3873 2495 ipsi

2322 2506 2698 2563 ordinaverant
2724 2508 3032 2579 Carthagini
3059 2509 3390 2579 episcopum.

2394 2604 2483 2660 i8.
2510 2605 2711 2672 Quibus
2735 2605 2985 2660 omnibus
3012 2605 3191 2671 rebus,
3225 2621 3345 2661 cum
3373 2622 3465 2663 eos
3491 2624 3597 2665 non
3628 2626 3777 2667 veros
3796 2611 3863 2679 ju-

2322 2695 2491 2760 dices,
2526 2696 2622 2751 sed
2669 2698 2915 2752 inimicos
2942 2707 3100 2767 atque
3130 2708 3410 2768 corruptos
3434 2698 3747 2757 Cmcilianus
3771 2718 3873 2757 con-

2324 2786 2537 2842 venisse
2582 2796 2961 2857 cognosceret;
3020 2788 3234 2857 quando
3283 2789 3394 2843 fieri
3438 2801 3657 2860 posset,
3715 2802 3764 2847 ut
3807 2795 3871 2849 vel

2322 2876 2438 2949 ipse
2465 2879 2646 2943 vellet,
2690 2879 2774 2934 vel
2806 2879 3028 2951 pepulus
3072 2879 3156 2935 cui
3187 2880 3506 2950 praesidebat
3543 2899 3606 2953 pe
3643 2887 3757 2940 mitt
3786 2896 3865 2947 ret,

2322 2977 2381 3024 ut
2407 2969 2589 3025 relicta
2625 2969 2848 3025 ecclesia
2882 2971 2980 3026 iret
3010 2972 3062 3025 in
3091 2971 3308 3027 domum
3337 2974 3623 3043 privatam,
3655 2993 3757 3033 non
3784 2979 3871 3031 col-

2322 3061 2557 3132 legarum
2587 3061 2951 3117 discutiendus
2980 3064 3241 3130 examine,
3275 3064 3369 3120 sed
3396 3066 3643 3123 factionis
3667 3084 3820 3124 cuneo
3835 3080 3874 3123 et

2321 3152 2457 3208 odiis
2483 3153 2836 3209 muliebribus
2854 3153 3233 3210 trucidandus?
3250 3172 3370 3212 cum
3391 3158 3487 3213 sibi
3512 3161 3797 3229 praesertim
3816 3160 3875 3215 vi-

2320 3245 2470 3301 deret
2494 3244 2631 3315 apud
2659 3245 2949 3301 Ecclesiam
2979 3250 3389 3303 transmarinam
3419 3251 3642 3321 privatis
3677 3253 3872 3309 inimici-

2320 3339 2407 3393 tiis
2433 3349 2485 3394 et
2525 3340 2591 3394 ab
2618 3347 2838 3410 utraque
2868 3348 3019 3411 parte
3058 3341 3406 3397 dissensionis
3434 3344 3661 3400 alienam
3686 3390 3699 3414 ,
3729 3348 3874 3403 incor-

2320 3437 2533 3499 ruptum
2582 3438 2639 3485 et
2678 3431 2939 3501 integrum
2988 3447 3211 3488 examen
3249 3449 3357 3493 suae
3384 3450 3559 3491 causae
3605 3454 3867 3493 remanere.

2320 3523 2422 3581 Ubi
2446 3525 2489 3579 si
2517 3524 2648 3579 nihil
2676 3523 2961 3580 adversarii
2998 3541 3156 3597 agere
3191 3528 3403 3594 vellent,
3436 3529 3537 3599 ipsi
3578 3545 3637 3591 se
3660 3532 3726 3587 ab
3754 3530 3874 3587 orbis

2322 3625 2582 3672 terrarum
2632 3617 3066 3673 innocentissima
3109 3622 3487 3677 communione
3531 3624 3869 3693 praeciderent.

2320 3708 2379 3763 Si
2405 3718 2580 3764 autem
2613 3708 2718 3763 illic
2746 3725 2867 3764 eum
2898 3726 3149 3767 accusare
3177 3721 3493 3781 teutassent,
3528 3723 3654 3772 tunc
3676 3718 3769 3775 sibi
3796 3716 3871 3772 ad-

2317 3810 2484 3868 esset,
2532 3809 2659 3857 tunc
2696 3802 3056 3859 innocentiam
3097 3819 3246 3861 suam
3276 3806 3533 3865 adversus
3575 3826 3753 3867 eorum
3778 3827 3871 3867 ma-

2318 3892 2656 3950 chinamenta
2683 3895 3015 3962 defenderet,
3062 3898 3197 3954 sicut
3228 3908 3409 3970 postea
3444 3902 3640 3959 factum
3673 3921 3783 3962 esse
3807 3904 3874 3960 di-

2317 3985 2525 4042 dicistis
2556 4005 2568 4040 :
2602 4004 2722 4043 cum
2770 3998 2946 4046 tamen
2977 3990 3050 4045 illi
3082 3992 3239 4047 nimis
3277 4010 3399 4051 sero
3425 3998 3733 4067 quaesissent
3754 3999 3871 4071 judi-

2318 4079 2460 4135 cium
2506 4080 2919 4137 transmarinum
2944 4083 3056 4152 jam
3097 4085 3402 4142 schismatis
3443 4090 3541 4155 rei,
3584 4092 3690 4162 jam
3734 4093 3869 4148 Ιρνετιὶ

2317 4168 2501 4225 altaris
2536 4169 2807 4227 horrendo
2836 4174 3045 4229 scelere
3086 4177 3353 4231 maculati.
3388 4178 3565 4236 Primo
3590 4185 3727 4240 enim
3753 4185 3870 4241 face

2316 4271 2437 4319 rent
2461 4263 2505 4318 si
2536 4264 2759 4320 veritate
2785 4265 3111 4333 niterentur;
3141 4268 3234 4323 sed
3262 4268 3405 4326 falsis
3434 4276 3735 4333 rumoribus
3755 4288 3869 4339 tent-

2316 4355 2461 4424 poris
2484 4354 2829 4411 diuturnitate
2851 4356 3092 4426 firmatis,
3123 4360 3274 4430 quasi
3297 4372 3504 4420 vetusta
3540 4367 3673 4422 fama
3702 4369 3869 4440 pracju-

2317 4445 2525 4501 dicante
2549 4447 2615 4502 ad
2637 4447 2891 4517 judicium
2912 4451 3094 4507 venire
3116 4453 3430 4510 voluerunt‘
3464 4474 3476 4509 :
3505 4469 3592 4515 aut
3619 4462 3748 4533 quod
3773 4477 3869 4517 ma-

2316 4538 2395 4608 gis
2414 4538 2739 4593 credendum
2766 4548 2868 4605 est,
2905 4540 3154 4599 damnato
3186 4546 3349 4614 prius,
3396 4548 3532 4605 sicut
3560 4552 3737 4621 libuit,
3767 4552 3867 4608 CLE-

2314 4628 2545 4697 eiliano,
2598 4631 2747 4702 quasi
2797 4637 2967 4688 securi
3029 4634 3128 4690 sibi
3177 4636 3490 4696 videbantur
3555 4644 3868 4715 praefidentes

2314 4736 2537 4776 numero
2580 4737 2696 4791 suo,
2729 4738 2831 4780 nec
2863 4725 3118 4783 audentes
3142 4728 3267 4785 alibi
3296 4746 3632 4793 commovere
3676 4753 3866 4793 causam

2314 4821 2419 4868 tam
2448 4813 2659 4882 malam,
2689 4814 2777 4871 ubi
2805 4818 2944 4871 nulla
2966 4820 3306 4890 corruptione
3328 4836 3585 4895 operante
3600 4836 3768 4900 posset
3791 4843 3863 4885 ve-

2311 4907 2443 4963 ritas
2467 4908 2711 4963 inveniri.

2383 4997 2535 5053 CAP.
2557 4999 2668 5054 VII.
2691 5029 2760 5041 —-
2776 5001 2858 5057 l9.
2878 5002 2983 5057 Sed
3008 5012 3348 5077 posteaquam
3364 5010 3487 5081 ipsis
3509 5014 3662 5071 rebus
3681 5015 3865 5086 experti

2310 5097 2434 5144 sunt
2475 5105 2594 5145 cum
2624 5090 2908 5149 Caeciliano
2935 5109 3246 5165 permanere
3288 5107 3708 5163 communionem
3732 5109 3865 5162 orbis

2312 5188 2595 5249 terrarum,
2618 5181 2753 5237 etad
2779 5198 2900 5239 eum
2930 5200 2960 5238 a
2984 5190 3350 5247 transmarinis
3377 5194 3628 5252 Ecclesiis
3646 5213 3864 5252 commu-

2312 5275 2593 5332 nicatorias
2622 5276 2825 5333 litteras
2847 5279 2982 5335 mitti
3007 5322 3021 5346 ,
3054 5298 3158 5338 non
3188 5284 3252 5339 ad
3280 5286 3428 5342 illum
3460 5306 3612 5360 quem
3636 5291 3723 5361 ipsi
3751 5306 3864 5345 sce-

2311 5369 2476 5423 lerate
2504 5368 2910 5437 ordinaverant;
2954 5373 3141 5442 puduit
3170 5391 3265 5431 eos
3294 5394 3506 5451 semper
3541 5392 3721 5447 taecrc,
3749 5383 3861 5452 quia

2313 5466 2493 5530 posset
2522 5460 2600 5514 eis
2620 5459 2797 5529 objici,
2827 5476 2922 5516 cur
2948 5474 3253 5534 paterentur
3282 5470 3515 5540 ignaram
3541 5492 3630 5545 per
3654 5485 3720 5531 tot
3744 5491 3862 5545 gen-

2316 5560 2394 5605 tes
2434 5549 2727 5605 Ecclesiam
2759 5560 3152 5613 commun'care
3177 5557 3445 5619 damnatis
3466 5608 3479 5633 ,
3508 5578 3559 5622 et
3581 5584 3665 5622 cur
3690 5583 3741 5621 se
3767 5566 3860 5637 ipsi

2374 5665 2392 5729 ξ
2418 5670 2546 5729 t.ov.,
2562 5662 2828 5716 noluerunt.
2854 5666 2940 5716 Alii
2954 5668 3085 5729 aid,
3101 5670 3363 5726 voluerunt.

2334 5725 2450 5806 “‘(az
2469 5727 2789 5806 Istbmcfesta
2809 5729 3006 5806 fuerunt
3023 5725 3239 5806 confecta
3259 5725 3338 5787 an.
3362 5740 3469 5806 δα),
3488 5743 3797 5806 habeaturque
3815 5755 3860 5806 tn

2314 5786 2396 5860 lib.
2473 5796 2868 5860 cont._.(_tre_scon.,
2883 5805 2925 5842 ο.
2946 5793 3025 5855 29,
3048 5796 3193 5860 11.35.
3214 5786 3861 5857 ron-uisaéfn"£iiiﬁiiié‘ﬁanft

2313 5855 2508 5912 Optatus
2526 5850 2572 5898 in
2595 5850 2677 5901 lib.
2704 5853 2726 5899 t
2751 5850 2880 5905 cont.
2903 5850 3280 5911 Parmenianum.
