4054 6394
216 383 300 440 169

213 492 266 547 ab
301 483 566 543 innocentis
603 480 744 534 orbis
775 489 1030 534 terrarum
1060 478 1435 531 communione
1479 477 1732 547 praecide-

213 591 323 639 rent.
353 591 459 631 eum
487 570 698 626 tacendo
747 570 982 624 sinerent
1007 568 1278 638 episc0po,
1322 583 1478 638 quem
1507 566 1732 622 Cartha-

211 666 467 743 ginensibus
496 663 840 726 ordinassent,
863 676 892 714 a
916 669 1024 715 toto
1047 659 1176 713 orbe
1199 675 1302 713 non
1329 657 1730 713 communicari.

212 763 467 831 Elegernnt,
499 756 629 811 sicut
653 754 864 819 dicitur,
893 753 959 806 ad
996 754 1122 807 duas
1145 754 1160 784 ยน
1189 768 1348 822 agere
1368 767 1578 807 causam
1610 768 1731 806 cum

209 852 448 908 Ca-ciliatto
495 846 625 919 apud
673 845 938 900 Ecclesias
992 844 1393 911 transmarinas,
1445 844 1614 913 parati
1666 842 1733 896 ad

211 957 440 1012 utrumque
471 959 484 994 :
513 951 566 994 ut
592 941 634 995 si
658 955 777 994 eum
821 939 1118 1009 potuissent
1144 952 1474 1009 quacumque
1501 939 1733 990 versutia

209 1040 323 1092 laism
341 1032 699 1091 criminationis
727 1033 971 1086 evincere
991 1073 1005 1098 ,
1036 1031 1289 1086 satiarent
1322 1029 1622 1099 plenissime
1638 1044 1731 1082 cu-

209 1131 432 1204 piditatem
456 1141 628 1190 suam;
661 1126 898 1180 siautem
931 1141 1036 1180 non
1057 1133 1293 1195 possent,
1323 1123 1374 1178 in
1404 1123 1588 1178 eadem
1611 1122 1730 1191 qui-

208 1222 301 1277 dem
324 1220 636 1291 perversitate
663 1217 938 1282 durarent,
974 1216 1067 1271 sed
1106 1218 1213 1284 jam
1242 1225 1415 1270 tamen
1449 1216 1598 1285 quasi
1641 1213 1733 1268 ha-

209 1314 356 1369 berent
379 1311 502 1383 quod
544 1312 806 1375 dicerent,
835 1309 1004 1364 malos
1030 1308 1238 1378 judices
1288 1323 1346 1362 se
1370 1323 1490 1363 esse
1519 1322 1734 1376 perpes-

207 1422 307 1470 sos;
332 1420 430 1475 qua:
454 1419 544 1456 vos
571 1413 652 1457 est
683 1401 920 1455 omnium
953 1400 1213 1454 malorum
1235 1399 1583 1468 litigatorum,
1609 1413 1730 1452 cum

210 1498 365 1552 fuerint
388 1496 526 1551 etiam
554 1493 984 1548 manifestissima
1015 1492 1237 1546 veritate
1268 1493 1504 1560 superati
1538 1509 1550 1543 :
1579 1490 1731 1560 quasi

208 1609 294 1647 non
318 1592 380 1646 eis
394 1592 447 1643 ad
471 1589 567 1643 hoc
595 1587 699 1643 dici
727 1597 905 1658 posset
931 1584 1294 1653 etjustissime
1320 1584 1444 1650 dici,
1479 1583 1617 1638 Ecce
1640 1600 1734 1653 pu-

207 1697 344 1740 temus
366 1684 467 1737 illos
494 1681 796 1752 episeopos,
828 1680 916 1749 qui
951 1677 1472 1746 Rouuejudicarunt,
1507 1690 1609 1729 non
1640 1674 1734 1728 b0-

204 1792 280 1831 nos
299 1775 479 1846 judices
518 1774 716 1836 fuisse;
765 1771 1001 1825 restabat
1026 1769 1211 1822 adhuc.
1227 1767 1517 1836 plenaritun
1544 1766 1731 1820 Eccle-

204 1869 276 1920 sia:
301 1867 523 1919 universa:
569 1863 858 1917 concilium
889 1901 903 1925 ,
935 1861 1022 1914 ubi
1054 1859 1212 1912 etiam
1235 1874 1354 1912 cum
1386 1857 1515 1926 ipsis
1536 1857 1730 1925 judici-

203 1957 280 2012 bus
297 1972 430 2011 causa
461 1963 636 2024 posset
669 1951 877 2022 agitari,
904 1950 1027 2004 utsi
1059 1949 1195 2003 male
1215 1948 1484 2018 judieasse
1505 1946 1731 2001 convicti

202 2057 371 2111 essent,
402 2059 575 2100 eorum
636 2041 918 2096 sententia:
965 2040 1314 2094 solverentur.
1362 2037 1511 2105 Quod
1558 2047 1732 2090 utrum

201 2139 395 2202 fecerint,
427 2137 644 2207 probent
679 2153 691 2187 :
729 2151 826 2190 nos
859 2133 999 2187 enim
1030 2149 1134 2186 non
1178 2132 1369 2185 factum
1421 2146 1540 2185 esse
1579 2129 1732 2184 facile

203 2233 455 2300 probamus,
488 2245 546 2283 ex
592 2244 658 2282 eo
684 2226 823 2296 quod
848 2235 987 2279 totus
1015 2225 1156 2278 orbis
1185 2240 1288 2277 non
1324 2224 1401 2278 eis
1435 2223 1732 2276 communi-

201 2333 296 2378 cat:
323 2333 400 2376 aut
420 2323 458 2376 si
488 2323 686 2377 factum
714 2330 815 2386 est,
849 2320 1007 2373 etiam
1035 2317 1104 2372 ibi
1131 2325 1253 2372 sunt
1279 2315 1591 2385 victi;quod
1622 2316 1732 2383 ipsa

201 2430 348 2469 eorum
374 2414 630 2484 separatio
663 2412 983 2466 manifestat.

259 2505 333 2560 20.
369 2505 454 2559 Sed
494 2517 676 2560 tamen
720 2503 846 2574 quid
877 2515 1058 2572 postea
1096 2499 1319 2555 fecerint
1343 2542 1356 2566 ,
1393 2499 1734 2569 lmperatoris

203 2597 358 2652 litteris
383 2596 828 2651 sufticieotissime
866 2594 1178 2649 ostenditur.
1216 2591 1432 2646 .ludiees
1467 2591 1608 2646 enim
1643 2607 1733 2647 ec-

201 2689 473 2744 clesiasticos
509 2699 678 2744 tanta:
704 2686 1034 2741 auctoritatis
1056 2689 1358 2754 episcopos,
1393 2700 1616 2754 quorum
1644 2685 1732 2753 ju-

200 2783 312 2838 dicio
331 2793 376 2838 et
400 2783 664 2838 Cmoiliaui
693 2781 990 2836 innocentia
1012 2789 1066 2835 et
1093 2795 1274 2834 eorum
1304 2779 1610 2848 improbitas
1639 2778 1734 2832 de-

200 2876 359 2929 clarata
395 2887 487 2942 est,
520 2892 631 2930 non
660 2875 800 2944 apud
835 2875 969 2928 alios
999 2873 1251 2942 collegas,
1281 2871 1373 2926 sed
1399 2871 1536 2940 apud
1563 2871 1735 2941 ltnpe-

198 2976 388 3022 ratarem
426 2982 683 3023 accusare
712 2968 826 3020 ausi
858 2975 1003 3030 sunt,
1045 2964 1185 3034 quod
1233 2965 1369 3019 male
1414 2965 1732 3032 judicarent.

199 3060 319 3115 Dedit
348 3061 426 3116 ille
451 3061 595 3116 aliud
637 3060 950 3114 Arelateme
974 3058 1253 3128 judicium,
1285 3058 1510 3112 aliorum
1539 3059 1739 3112 scilicet

197 3155 551 3226 episcOporutn:
582 3171 689 3208 non
717 3156 842 3224 quia
870 3153 979 3223 jam
1020 3167 1242 3208 necesse
1279 3163 1411 3215 erat,
1440 3153 1531 3207 sed
1555 3168 1738 3207 eorum

199 3247 584 3313 perversitatibus
613 3244 830 3308 cedens,
862 3257 912 3299 et
942 3243 1248 3298 omnimodo
1293 3244 1512 3310 cupiens
1537 3252 1738 3298 tantam

198 3335 532 3404 impudentiam
550 3338 826 3391 cohibere.
847 3335 1026 3406 Neque
1046 3335 1188 3390 enim
1215 3350 1376 3390 ausus
1396 3345 1475 3389 est
1496 3335 1740 3390 christia-

199 3443 279 3482 nus
305 3429 580 3501 Imperator
599 3430 676 3484 sic
693 3444 876 3483 eorum
904 3428 1250 3482 turnultuosas
1286 3435 1340 3481 et
1367 3427 1576 3481 fallaces
1609 3442 1740 3497 que-

198 3524 311 3577 relas
334 3525 620 3595 suscipere,
653 3533 708 3577 ut
729 3522 795 3577 de
819 3521 1019 3591 judicio
1041 3525 1411 3590 episcoporum
1441 3520 1530 3590 qui
1559 3519 1743 3574 Romae

203 3617 412 3673 sederant
441 3621 550 3687 ipse
573 3617 843 3687 judicaret
867 3631 883 3682 ;
909 3615 1002 3670 sed
1042 3615 1201 3680 alios,
1226 3621 1286 3668 ut
1306 3614 1433 3680 dixi,
1466 3615 1744 3683 episcopos

200 3709 350 3766 dedit:
377 3730 404 3767 a
431 3714 627 3784 quibus
653 3723 828 3766 tamen
857 3711 928 3763 illi
966 3710 1031 3762 ad
1064 3709 1233 3777 ipsqu
1269 3723 1477 3761 rursum
1509 3706 1744 3778 Impera-

205 3811 344 3857 torem
370 3819 656 3873 provocare
681 3802 1018 3862 maluerunt;
1043 3815 1143 3869 qua
1171 3799 1220 3852 in
1252 3815 1308 3852 re
1339 3799 1457 3852 illos
1493 3797 1746 3868 quemad-

200 3895 381 3949 modum
421 3897 749 3959 detestetur,
797 3893 1036 3947 audistis.
1089 3895 1261 3958 Atque
1319 3891 1516 3944 utinam
1559 3891 1745 3946 saltem

203 3984 342 4052 ipsius
366 3987 559 4056 judicro
607 3984 958 4040 insanissimis
1000 3983 1425 4037 animositatibus
1451 3981 1562 4034 suis
1589 3981 1746 4035 linem

202 4081 489 4148 posuissent,
519 4089 686 4149 atque
729 4090 786 4132 ut
825 4077 902 4131 eis
938 4077 1048 4146 ipse
1082 4077 1259 4140 cessit,
1291 4085 1348 4129 ฮนฮนฮน
1370 4075 1435 4126 ฮนฮนฮนฮ
1466 4074 1552 4128 illa
1591 4088 1749 4128 causa

204 4180 303 4238 past
331 4169 902 4243 episcoposjudicaret,
935 4184 963 4220 a
995 4167 1189 4222 sanctis
1215 4165 1540 4220 antistitibus
1568 4174 1749 4234 postea

203 4260 378 4316 veniam
413 4264 691 4331 petiturus,
720 4263 843 4316 dum
877 4268 1054 4313 tamen
1084 4259 1158 4312 illi
1197 4257 1336 4326 quod
1367 4258 1584 4311 ulterius
1610 4257 1752 4311 dice-

204 4363 305 4407 rent
331 4371 424 4410 non
455 4355 738 4417 haberent,
768 4353 811 4407 si
835 4352 950 4419 ejus
972 4367 1064 4405 seu
1091 4351 1248 4405 entire
1271 4365 1374 4404 non
1415 4349 1751 4418 obtempera-

207 4455 328 4506 rent,
347 4446 403 4502 ad
425 4463 583 4516 quem
607 4445 707 4514 ipsi
731 4451 1174 4515 provocarat-unt,
1199 4441 1276 4496 sic
1295 4450 1348 4495 et
1374 4441 1446 4495 illi
1472 4439 1754 4511 aliquando

209 4538 424 4595 cederent
439 4540 677 4596 veritati.
703 4539 864 4594 .lussit
889 4538 1028 4592 enim
1050 4537 1138 4590 ille
1160 4546 1216 4591 ut
1235 4536 1282 4590 ei
1307 4549 1483 4605 partes
1504 4535 1567 4588 ad
1589 4551 1754 4606 agen-

204 4626 306 4683 dam
334 4647 538 4687 causam
573 4633 799 4686 Romam
841 4638 1200 4685 orcurrerent.
1227 4632 1342 4695 Quo
1366 4645 1484 4683 eum
1515 4627 1756 4683 Caecilia-

210 4735 292 4774 nus
315 4728 484 4780 nescio
505 4741 611 4792 qua
643 4737 800 4777 causa
825 4738 928 4775 non
948 4721 1286 4783 occurrisset,
1314 4719 1676 4786 interpellatus
1691 4720 1757 4774 ab

209 4813 288 4879 eis,
316 4818 556 4886 prmcepit
573 4828 627 4870 ut
650 4814 1000 4869 Mediolanum
1022 4821 1387 4882 sequerentur.
1418 4811 1566 4866 Tune
1587 4828 1645 4867 se
1659 4813 1757 4867 ali-

212 4904 287 4971 qui
318 4921 495 4960 eorum
545 4906 860 4961 subtrahere
903 4911 1196 4972 coeperunt,
1241 4906 1460 4956 fortasse
1503 4903 1758 4972 indignati

212 4995 312 5064 quia
338 5015 435 5054 non
461 5010 542 5056 est
570 5015 662 5054 eos
689 4999 924 5054 imitatus
949 4996 1342 5078 Constantinus,
1368 5006 1422 5051 ut
1442 4997 1552 5066 jam
1580 4997 1757 5052 statim

213 5095 352 5156 atque
376 5091 626 5146 velociter
645 5090 985 5146 Cmcilianum
1007 5088 1588 5144 damnaretabsentem.
1608 5089 1759 5158 Quod

220 5174 292 5229 ubi
318 5182 558 5248 cognovit
586 5181 836 5251 providus
865 5180 1172 5250 Imperator,
1199 5180 1434 5250 reliquos
1465 5181 1533 5234 ab
1557 5180 1759 5236 allicia-

215 5264 332 5322 libos
349 5273 636 5328 custoditos
667 5273 787 5328 fecit
811 5272 1160 5327 Mediolanum
1178 5273 1472 5344 pervenire.
1498 5274 1613 5341 Quo
1641 5289 1760 5328 cum

218 5359 355 5416 etiam
383 5364 697 5421 Ca'ciliauus
725 5366 978 5430 venisset,
1007 5367 1176 5435 ipsum
1205 5382 1436 5438 quoque,
1461 5366 1595 5422 sicut
1627 5365 1761 5420 scri-

219 5454 345 5520 psit,
389 5458 658 5528 exhihuit,
713 5462 1027 5532 cognitaque
1072 5476 1258 5526 causa,
1312 5479 1411 5532 qua
1456 5462 1761 5529 diligentia,

223 5558 308 5614 qua
352 5551 573 5617 cautela,
609 5569 713 5623 qua
751 5553 1082 5624 provisione,
1112 5553 1247 5608 sicut
1274 5552 1388 5622 ejus
1419 5552 1652 5607 indicant
1683 5553 1767 5606 lit-

273 5750 372 5822 แผฮพฯ
396 5761 508 5822 Iov.
533 5765 581 5822 et
593 5765 696 5810 Mss.
715 5765 770 5808 Al.
791 5757 900 5807 add.
926 5760 1224 5822 antiquiores
1247 5763 1295 5808 et
1324 5763 1405 5806 Ms.
1430 5763 1544 5808 Fux.
1570 5756 1768 5818 habent,

219 5813 275 5861 ad
294 5813 406 5867 duas
426 5817 635 5881 trades.

439 5901 652 5969 Sacr.
697 5909 976 5972 Auocsr.
1011 5908 1084 5975 ll.

1359 363 1834 420 EPISTULAllUM
1873 363 2142 420 CLASSlS
2183 366 2243 420 ll.

3325 381 3424 440 ยฃ70

1857 485 2002 539 term,
2033 476 2370 534 Caecilianum
2406 482 2914 554 innocentissimum,
2945 489 3061 544 illos
3093 490 3425 562 improbissi-

1843 583 1957 622 mos
1980 568 2254 637 judicavit.

1911 659 2134 717 CAPUT
2180 663 2306 719 V'lll.
2335 695 2405 706 -โ-
2429 667 2518 720 21.
2562 669 2632 723 ฮฮน
2663 670 2838 726 adhuc
2865 672 3130 743 baptizant
3154 688 3303 734 extra
3331 696 3422 736 ec-

1840 750 2051 805 clesiam
2075 795 2087 816 ,
2121 764 2173 808 et
2199 756 2243 810 si
2276 758 2479 825 possint
2500 761 2830 830 rebaptizant
2854 763 3186 834 Ecclesiam;
3215 771 3423 825 sacrifi-

1839 850 1961 895 cant
2003 843 2052 895 in
2101 843 2434 902 dissensione
2476 859 2528 903 et
2571 851 2853 908 schismate
2879 896 2892 919 ,
2938 864 2989 910 et
3023 857 3167 925 pacis
3211 862 3423 917 nomine

1840 935 2066 1002 populos
2115 938 2362 1006 salutant,
2405 957 2536 1010 quos
2585 958 2614 994 a
2659 959 2789 1014 pace
2833 947 3018 1003 salutis
3046 952 3420 1007 exterminant.

1839 1026 2219 1082 Consciuditor
2249 1031 2424 1085 unitas
2451 1032 2677 1097 Christi,
2708 1035 3102 1106 blasphematur
3139 1039 3425 1098 htereditas

1839 1115 2052 1183 Christi,
2077 1120 2390 1176 exsufflatur
2420 1122 2680 1192 Baptisma
2717 1124 2915 1180 Christi
2939 1145 2954 1193 ;
2982 1137 3037 1182 et
3066 1131 3254 1186 nolunt
3277 1132 3328 1186 in
3363 1147 3425 1189 se

1839 1207 1937 1262 ista
1969 1225 2068 1278 per
2102 1210 2400 1268 ordinarias
2431 1215 2686 1270 humanas
2723 1226 3010 1286 potestates
3035 1219 3255 1291 ๏ฌagellis
3291 1232 3424 1279 tem-

1839 1301 2109 1369 poralibus
2141 1305 2411 1359 emendari
2437 1349 2450 1371 ,
2481 1324 2547 1362 ne
2575 1309 2630 1362 in
2667 1320 2893 1365 aeternas
2929 1326 3110 1382 poenas
3141 1329 3234 1384 pro
3264 1316 3424 1372 tantis

1838 1391 2132 1461 sacrilegiis
2182 1393 2533 1450 destinentur.
2577 1397 2683 1452 Nos
2733 1399 2810 1453 eis
2863 1401 3142 1470 objicimus
3188 1403 3426 1460 furorem

1838 1479 2173 1549 schismatis,
2207 1484 2641 1554 rebaptizationis
2685 1489 2942 1544 insaniam
2969 1532 2982 1557 ,
3019 1492 3086 1546 ab
3116 1493 3426 1552 lnareditate

1837 1569 2034 1627 Christi
2060 1591 2178 1644 quae
2220 1591 2313 1645 per
2351 1593 2537 1633 omnes
2575 1590 2762 1651 gentes
2804 1581 2992 1638 dillโusa
3030 1595 3143 1650 est,
3167 1572 3424 1642 nefariam

1837 1667 2248 1735 separationcm.
2297 1670 2372 1726 De
2406 1671 2676 1726 codicibus
2715 1688 2819 1728 non
2853 1684 3056 1730 tantum
3082 1679 3296 1744 nostris,
3327 1681 3425 1736 sed

1838 1758 1995 1812 etiam
2028 1774 2234 1828 eorum,
2264 1761 2548 1817 recitamus
2569 1764 2820 1819 ecclesias
2841 1781 3062 1836 quarum
3086 1769 3297 1823 nomina
3326 1770 3425 1825 ho-

1838 1850 1923 1906 die
1954 1852 2153 1922 legunt,
2185 1864 2241 1908 et
2284 1856 2474 1924 quibus
2519 1857 2674 1912 hodie
2704 1874 2808 1912 non
2835 1861 3227 1917 communicant
3259 1879 3271 1916 :
3303 1878 3426 1933 quae

1839 1956 1958 1996 cum
2012 1943 2305 1998 recitantur
2354 1945 2406 1998 in
2460 1949 2840 2003 conventiculis
2883 1965 3088 2016 eorum,
3138 1951 3427 2008 lectoribus

1838 2035 1950 2088 suis
1971 2033 2186 2102 dicunt,
2209 2035 2315 2090 Pax
2346 2045 2550 2102 tecum;
2576 2047 2629 2092 et
2644 2054 2764 2093 cum
2786 2040 2913 2107 ipsis
2931 2042 3170 2110 plebibus
3194 2085 3208 2106 ,
3231 2044 3426 2112 quibus

1840 2123 1944 2178 illa:
1975 2125 2164 2180 littera:
2188 2127 2398 2196 scriplre
2426 2138 2549 2182 sunt
2571 2171 2584 2195 ,
2618 2144 2802 2198 pacem
2834 2148 2939 2184 non
2970 2131 3181 2186 habent.
3216 2134 3281 2188 Et
3320 2134 3423 2204 ipsi

1840 2218 1994 2271 nobis
2037 2218 2291 2287 objiciunt
2331 2220 2412 2274 vel
2449 2219 2578 2274 falsa
2632 2223 2852 2277 crimina
2903 2233 3234 2280 mortuorum
3268 2268 3284 2294 ,
3334 2228 3423 2282 vel

1839 2307 2046 2361 etiamsi
2085 2323 2210 2362 vera
2233 2350 2247 2374 ,
2283 2318 2456 2365 tamen
2499 2311 2698 2379 aliena;
2742 2329 2846 2368 non
2892 2315 3242 2386 intelligentes
3275 2318 3328 2372 in
3358 2318 3424 2372 iis

1839 2415 1957 2469 qum
1987 2414 2087 2454 nos
2113 2400 2191 2454 eis
2219 2400 2523 2471 objicimus,
2544 2420 2730 2459 omnes
2757 2404 2876 2460 illos
2898 2407 3062 2461 teneri
3084 2423 3099 2473 ;
3124 2409 3175 2462 in
3202 2409 3264 2463 iis
3289 2424 3425 2466 vero

1839 2507 1957 2561 quae
1988 2492 2142 2546 nobis
2163 2492 2438 2562 objiciunt,
2472 2496 2676 2564 paleam
2704 2495 2788 2550 vel
2814 2497 3012 2552 zizania
3041 2500 3228 2554 messis
3253 2499 3424 2556 domi-

1841 2586 1973 2639 nica:
2002 2586 2344 2656 reprehendi,
2368 2586 2433 2640 ad
2459 2587 2717 2643 frumenta
2742 2602 2916 2646 autem
2943 2593 3144 2647 crimen
3171 2609 3276 2648 non
3299 2611 3424 2665 per-

1841 2677 2011 2730 tinere
2038 2694 2050 2729 :
2076 2692 2246 2747 neque
2269 2677 2669 2734 considerantes
2694 2681 2814 2750 quia
2837 2683 3028 2752 quibus
3067 2685 3188 2738 mali
3219 2685 3426 2754 placent

1843 2770 1892 2822 in
1923 2770 2142 2833 unitate,
2193 2770 2291 2840 ipsi
2332 2774 2726 2826 communicant
2763 2775 2951 2838 malis;
3006 2775 3196 2846 quibus
3245 2786 3424 2834 autem

1842 2859 2157 2930 displicent,
2188 2869 2242 2916 et
2266 2876 2356 2916 eos
2384 2862 2669 2918 emendare
2693 2879 2794 2918 non
2824 2874 3081 2934 possunt,
3105 2882 3277 2937 neque
3300 2877 3426 2925 ante

1844 2960 2053 3023 tempus
2105 2953 2297 3008 messis
2345 2953 2541 3009 audent
2578 2955 2773 3011 zizania
2821 2958 3114 3025 eradicare,
3158 2976 3224 3015 ne
3265 2963 3427 3018 simul

1843 3042 2117 3098 eradicent
2157 3054 2211 3098 et
2255 3045 2484 3099 triticum
2533 3044 2757 3117 (Matth.
2790 3063 2883 3102 xui
2910 3089 2924 3113 ,
2957 3049 3101 3118 29),
3139 3066 3244 3106 non
3273 3052 3427 3106 factis

1845 3149 2028 3188 eorum
2056 3176 2070 3200 ,
2103 3135 2195 3189 sed
2236 3135 2386 3188 altari
2417 3134 2614 3190 Christi
2643 3140 3035 3194 communicant
3068 3159 3080 3193 :
3113 3141 3181 3196 ita
3220 3151 3278 3197 ut
3321 3160 3426 3198 non

1846 3223 2016 3278 solum
2040 3239 2144 3276 non
2177 3223 2244 3278 ab
2269 3224 2346 3278 eis
2369 3225 2720 3292 maculentur,
2745 3227 2836 3282 sed
2862 3229 3019 3283 etiam
3044 3229 3236 3286 divinis
3253 3233 3430 3289 verbis

1845 3313 2047 3370 laudari
2083 3316 2459 3387 prmdicarique
2490 3328 2828 3387 mereantur;
2852 3323 3100 3391 quoniam
3128 3339 3196 3380 ne
3232 3341 3428 3383 nomen

1848 3407 2046 3464 Christi
2107 3426 2200 3480 per
2239 3409 2508 3466 horribilia
2539 3411 2822 3467 schismata
2868 3414 3282 3485 blasphemetur,
3333 3433 3431 3489 pro

1850 3500 1992 3555 bono
2029 3501 2244 3555 unitatis
2275 3500 2532 3570 tolerant,
2563 3503 2702 3573 quod
2727 3519 2822 3573 pro
2852 3502 2992 3560 bono
3018 3506 3280 3575 aequitatis
3299 3508 3430 3565 ode-

1850 3601 1992 3646 ฮนแฝฮนฮนแฟ.

1923 3684 2014 3738 22.
2055 3685 2111 3740 Si
2140 3685 2336 3741 habent
2378 3701 2567 3754 aures,
2619 3688 2834 3742 audiant
2873 3689 2994 3759 quid
3025 3689 3252 3761 Spiritus
3292 3692 3435 3749 dicat

1855 3775 2128 3831 Ecclesiis.
2167 3775 2254 3832 Sic
2293 3778 2436 3832 enim
2472 3777 2524 3832 in
2565 3778 2882 3852 Apocalypsi
2931 3781 3151 3838 Joannis
3197 3783 3431 3854 legitur:

1855 3870 2069 3943 Angela,
2101 3873 2300 3942 inquit,
2332 3870 2572 3926 Ecclesia:
2615 3870 2806 3942 Ephesi
2843 3875 3028 3941 scribe,
3063 3874 3186 3929 llam
3205 3877 3324 3930 dicit
3350 3878 3439 3948 qui

1856 3971 1986 4018 tenet
2010 3973 2197 4034 septem
2222 3962 2392 4017 stellas
2418 3965 2469 4016 in
2509 3963 2712 4017 dextera
2739 3981 2850 4030 sua,
2883 3967 2968 4032 qui
2996 3966 3221 4021 ambulat
3248 3968 3300 4020 in
3332 3985 3438 4021 me-

1857 4058 1941 4111 dio
1968 4067 2151 4129 septem
2185 4056 2598 4110 candelabrorum
2623 4074 2888 4111 aureorum
2913 4073 2930 4110 :
2957 4059 3077 4112 Scia
3097 4075 3248 4128 Opera
3273 4069 3360 4112 tua
3389 4069 3438 4114 et

1858 4149 2079 4206 laborem
2117 4159 2163 4202 et
2199 4148 2492 4218 patientiam
2518 4159 2676 4215 luant,
2705 4160 2752 4202 et
2777 4151 2893 4217 quia
2914 4167 3013 4204 non
3039 4161 3177 4221 potes
3196 4153 3438 4207 sustinere

1858 4240 2040 4304 malos,
2069 4248 2116 4291 et
2145 4239 2338 4291 tentasti
2371 4254 2451 4291 cos
2476 4240 2563 4309 qui
2587 4255 2639 4292 se
2669 4241 2839 4293 dicunt
2857 4242 3108 4310 apostolos
3132 4258 3255 4307 esse,
3275 4253 3437 4299 etnon

1861 4343 1996 4401 sunt,
2017 4343 2062 4387 et
2078 4332 2306 4386 invenisti
2323 4349 2404 4386 cos
2426 4333 2706 4396 mendaces,
2726 4343 2771 4387 ct
2796 4335 3084 4403 patientiam
3103 4335 3274 4400 habes.
3294 4347 3340 4391 et
3353 4353 3441 4392 su-

1862 4425 2078 4481 stinuisti
2099 4441 2180 4479 eos
2203 4434 2408 4495 prapter
2435 4441 2612 4478 nomen
2632 4441 2814 4491 meum,
2833 4435 2995 4479 etnon
3014 4427 3238 4498 defecisti
3254 4429 3438 4498 (Apoc.

1862 4533 1921 4584 ฮนฮน,
1943 4515 2077 4587 1-5).
2096 4515 2247 4583 Quod
2268 4515 2311 4568 si
2332 4514 2398 4569 de
2415 4515 2604 4585 angelo
2625 4515 2953 4584 superiorum
2971 4518 3248 4584 cmlorum,
3265 4529 3443 4576 etnon

1862 4609 1928 4664 de
1949 4608 2242 4678 praepositis
2268 4606 2513 4661 Ecclesiae
2536 4607 2694 4661 vellet
2719 4607 2955 4677 intelligi,
2984 4624 3089 4663 non
3114 4626 3446 4681 consequen-

1865 4711 1944 4757 ter
1972 4702 2172 4756 diceret
2201 4719 2213 4754 :
2247 4699 2354 4754 Sed
2383 4699 2537 4753 habeo
2563 4700 2826 4754 adversum
2863 4709 2909 4752 te
2928 4743 2941 4766 ,
2973 4702 3107 4770 quod
3150 4703 3446 4757 charitatem

1864 4803 2004 4846 tuam
2029 4792 2242 4862 primani
2269 4790 2532 4859 reliquisti.
2567 4790 2762 4844 Mentor
2792 4801 2893 4845 esto
2914 4792 3079 4862 itaque
3097 4795 3228 4847 unde
3245 4796 3447 4852 excide-

1865 4885 1954 4948 ris,
1980 4895 2024 4938 et
2046 4901 2137 4954 age
2161 4883 2521 4955 paenitentiam,
2551 4893 2595 4937 et
2628 4884 2789 4952 prima
2819 4899 2970 4954 Opera
2998 4889 3079 4955 fac
3103 4901 3121 4939 :
3149 4887 3226 4940 sin
3254 4897 3442 4954 autem,

1866 4980 2008 5034 venia
2034 4976 2140 5042 tibi,
2165 4986 2210 5031 et
2238 4975 2438 5031 movebo
2461 4976 2818 5029 candelabrum
2846 4986 2984 5029 tuum
3003 4978 3062 5030 de
3083 4979 3192 5032 loco
3209 4998 3320 5048 suo,
3349 4982 3448 5035 nisi

1868 5073 2212 5145 pwnitentiant
2247 5069 2405 5141 egeris
2455 5066 2656 5138 (Ibid,
2697 5069 2751 5133 4,
2792 5069 2825 5123 5
2854 5067 2893 5139 ).
2937 5068 3046 5123 Hoc
3086 5073 3448 5142 superioribus

1868 5163 2085 5234 Angelis
2113 5161 2214 5217 dici
2256 5177 2360 5215 non
2397 5168 2588 5230 potest,
2611 5161 2698 5228 qui
2734 5171 3037 5230 perpetuam
3064 5165 3293 5218 retinent
3317 5165 3446 5219 cha-

1872 5256 2080 5310 ritatem
2105 5297 2117 5317 ,
2161 5254 2300 5309 unde
2344 5252 2431 5322 qui
2463 5249 2773 5306 defecerunt
2802 5263 2853 5307 et
2883 5254 3013 5324 lapsi
3042 5264 3182 5321 sum,
3212 5255 3450 5309 diabolus

1876 5355 2032 5402 estet
2061 5345 2231 5416 angeli
2259 5345 2393 5414 ejus.
2425 5345 2561 5414 Ergo
2585 5344 2804 5411 primam
2822 5346 3130 5401 charitatem
3154 5346 3296 5408 dicit,
3327 5347 3448 5414 quia

1876 5439 2126 5495 sustinuit
2183 5436 2653 5507 pseudoapostolos
2707 5447 2920 5506 propter
2970 5453 3160 5491 nomen
3210 5435 3448 5504 Christi,

1879 5548 2036 5603 quam
2063 5530 2214 5600 jubet
2243 5539 2297 5582 ut
2323 5537 2527 5598 repetat
2547 5571 2559 5592 ,
2582 5539 2634 5584 et
2663 5529 2813 5583 faciat
2843 5530 3012 5596 priora
3041 5542 3199 5595 Opera
3237 5542 3352 5581 sua.
3384 5529 3454 5584 Et

1878 5623 2200 5691 objiciuntur
2217 5621 2366 5676 nobis
2388 5621 2607 5675 crimina
2627 5620 2881 5674 malorum
2906 5618 3198 5685 hominum,
3225 5635 3328 5674 non
3359 5637 3456 5674 no-

1879 5726 2009 5785 stra,
2056 5715 2148 5771 sed
2207 5715 2411 5777 aliena;
2449 5722 2504 5767 et
2532 5713 2643 5780 ipsa
2683 5710 2870 5780 partim
2909 5711 3171 5782 incognita
3201 5729 3216 5767 :
3245 5728 3364 5783 qure
3409 5714 3458 5768 si

1885 5812 2043 5868 etiam
2075 5822 2195 5864 vera
2224 5817 2276 5862 et
2295 5804 2570 5876 prmsentia
2595 5802 2916 5864 videremus,
2935 5811 2990 5858 et
3010 5803 3223 5860 zizauiis
3246 5813 3458 5876 propter

2878 5895 3093 5975 (sua;
