4054 6406
601 367 698 432 ,τί
1837 359 1893 416 s.
1924 357 2170 416 sucosa

2275 357 2290 416 l
2327 341 2624 421 EPISCOPl
3750 379 3834 444 tta

597 493 860 547 frumenta
889 490 1166 556 parcentes
1185 524 1199 551 ,
1229 497 1324 553 pro
1343 481 1540 537 unitate
1565 477 1937 545 toleraremus,
1969 494 2070 533 non
2099 492 2178 532 so-

598 585 708 641 lum
738 581 880 637 nulla
910 577 1325 649 reprehensione
1349 617 1362 640 ,
1399 575 1490 631 sed
1519 574 1676 630 etiam
1707 588 1813 628 non
1841 587 1998 642 parva
2027 567 2182 626 laude

608 687 708 733 nos
737 675 922 746 dignos
952 672 1170 736 diceret,
1190 669 1508 740 quicumque
1527 665 1828 738 Scripturas
1845 674 2053 721 sanctas
2073 678 2179 720 non

603 769 766 828 corde
784 766 971 823 surdus
997 764 1222 820 audiret.

671 859 760 917 23.
804 857 1019 914 'l‘olerat
1048 854 1223 912 Aaron
1242 851 1632 910 multitudinem
1659 850 1854 909 idolum
1880 852 2178 925 exigentem

605 963 659 1010 ct
687 949 1031 1008 fabricantem
1063 955 1117 1004 et
1145 947 1476 1003 adorantem.
1505 943 1720 1001 Tolerat
1745 943 1953 1018 Moyses
1992 943 2181 999 advern

599 1059 693 1102 sus
733 1044 898 1100 Deum
947 1048 1022 1097 tot
1063 1039 1222 1095 millia
1253 1039 1634 1095 murmurantis
1660 1079 1673 1104 ,
1727 1043 1780 1092 et
1823 1039 1978 1091 toties
2013 1035 2178 1091 olTen-

596 1131 774 1194 dentia
807 1142 1044 1191 sanetum
1083 1145 1278 1188 nomen
1325 1130 1458 1201 ejus.
1499 1129 1716 1184 Tolerat
1764 1127 1924 1182 David
1961 1127 2175 1183 Saillem

597 1233 989 1302 persecutorem
1021 1239 1174 1281 suum
1200 1267 1215 1291 ,
1248 1223 1519 1280 sceleratis
1548 1221 1786 1277 moribus
1813 1220 2048 1276 ereiestia
2079 1218 2174 1276 de-

595 1329 860 1378 serentem
887 1361 902 1385 ,
933 1317 1152 1389 magicis
1180 1313 1382 1370 artibus
1417 1313 1618 1369 inferna
1648 1319 2010 1384 qutcrentem;
2038 1310 2179 1366 occi-

595 1425 712 1472 sum
744 1412 1006 1475 vindicat,
1036 1408 1292 1464 cbristum
1323 1406 1479 1462 etiam
1510 1402 1718 1460 Domini
1748 1411 1962 1474 propter
1995 1416 2175 1458 sacra-

595 1514 833 1564 mentum
850 1500 1166 1560 venerandae
1189 1498 1451 1556 unctionis
1466 1495 1714 1568 appellat.
1733 1495 1946 1551 Tolerat
1964 1493 2177 1552 Samuel

594 1597 857 1656 nefandos
893 1595 1029 1650 filios
1075 1589 1228 1656 Heli,
1268 1603 1652 1661 perversosque
1684 1587 1818 1642 ﬁlios
1857 1601 2000 1649 suos,
2045 1600 2178 1656 quos

594 1689 822 1762 populus
849 1687 970 1757 quia
990 1665 1223 1740 tolerare
1251 1681 1452 1747 noluit,
1482 1679 1658 1734 divina
1702 1680 1924 1734 veritate
1958 1693 2175 1734 accusa-

598 1789 705 1845 tus,
734 1779 908 1834 divina
940 1776 1222 1833 severitate
1260 1781 1536 1843 correptus
1571 1780 1669 1827 est.
1699 1767 1912 1826 Tolerat
1948 1769 2176 1841 denique

592 1876 769 1946 ipsum
794 1870 1048 1943 p0pulum
1080 1866 1363 1939 superbum
1393 1871 1811 1935 contemptorem
1832 1863 1942 1919 Dei.
1963 1863 2176 1919 Tolerat

590 1962 760 2025 Isaias
791 1965 842 2020 in
871 1977 1004 2036 quos
1034 1971 1140 2019 tam
1167 1963 1330 2017 multa
1359 1975 1483 2016 vera
1515 1959 1735 2014 crimina
1759 1957 2037 2028 jaculatur.
2068 1957 2174 2012 To-

593 2059 731 2117 lerat
758 2053 1017 2114 Jeremias
1054 2071 1083 2110 a
1113 2054 1303 2126 quibus
1327 2061 1469 2108 tanta
1497 2052 1809 2123 perpetitur.
1833 2050 2046 2105 Tolerat
2071 2049 2173 2106 Za-

594 2149 805 2208 charias
851 2146 1151 2202 l‘bariszeos
1189 2152 1244 2200 et
1294 2144 1527 2211 Scribas,
1561 2143 1742 2214 quales
1795 2140 1883 2196 illo
1937 2150 2176 2211 tempore

591 2241 756 2299 fuisse
795 2239 1066 2309 Scriptura
1108 2246 1350 2294 testatur.
1389 2236 1512 2292 Scio
1542 2251 1625 2290 me
1665 2233 1859 2289 multos
1886 2233 2175 2303 praetermi-

593 2331 728 2389 sisse
757 2350 769 2386 :
798 2329 974 2402 legant
1007 2330 1095 2400 qui
1126 2330 1346 2391 volunt,
1381 2326 1560 2397 legant
1595 2325 1686 2396 qui
1718 2333 1934 2394 possunt
1961 2323 2174 2394 eloquia

596 2421 859 2490 cmlestia,
890 2421 1163 2477 invenient
1191 2434 1376 2474 omnes
1401 2425 1615 2473 sanctos
1647 2416 1735 2471 Dei
1764 2431 1944 2470 servos
1973 2423 2023 2469 et
2044 2415 2176 2469 ami-

593 2529 687 2572 eos
714 2529 927 2583 semper
964 2512 1212 2567 habuisse
1241 2525 1373 2582 quos
1403 2511 1452 2564 in
1491 2525 1586 2565 suo
1617 2508 1808 2579 pepnlo
1849 2507 2169 2574 tolerarent;

591 2620 712 2665 cum
736 2603 924 2677 quibus
945 2611 1120 2659 tamen
1145 2603 1281 2657 illius
1305 2601 1561 2671 temporis
1588 2609 1917 2655 sacramenta
1945 2615 2175 2655 commu-

590 2697 832 2754 nicantes
853 2739 866 2760 .
909 2709 1016 2751 non
1050 2695 1222 2750 solum
1266 2709 1370 2749 non
1414 2691 1858 2763 inquinabautur,
1891 2692 1982 2747 sed
2013 2694 2172 2748 etiam

591 2786 928 2846 laudabiliter
947 2787 1296 2851 sustinebant,
1318 2787 1588 2852 studentes,
1621 2787 1755 2840 sicut
1771 2787 1844 2840 ait
1865 2789 2170 2857 Apostolus,

596 2897 794 2938 servare
825 2882 1064 2936 unitatem
1093 2879 1300 2950 spiritus
1329 2881 1381 2932 in
1411 2877 1608 2932 vinculo
1630 2879 1766 2946 pacis
1787 2876 1957 2947 (Eph.
2000 2895 2072 2945 tv,
2094 2879 2167 2949 5).

587 2974 878 3029 Attendunt
921 2971 1078 3028 etiam
1113 2982 1234 3044 post
1274 2971 1480 3026 Domini
1529 2969 1834 3035 adventum,
1873 2971 1957 3026 ubi
2006 2972 2173 3027 multo

589 3061 740 3134 plura
770 3063 924 3134 hujus
963 3065 1253 3117 tolerantiae
1281 3079 1374 3133 per
1412 3073 1577 3118 totum
1609 3063 1790 3117 orbem
1815 3064 2172 3120 inveniremus

590 3151 855 3224 exenipla,
880 3153 923 3209 si
945 3155 1121 3209 omnia
1149 3155 1308 3208 scribi
1330 3164 1382 3209 et
1412 3155 1463 3208 in
1489 3155 1853 3209 auctoritatem
1880 3154 2043 3226 redigi
2073 3172 2170 3225 po-

589 3246 836 3310 tuissent,
891 3256 1064 3301 tamen
1123 3244 1235 3300 lucc
1275 3245 1386 3315 ipsa
1433 3264 1550 3316 qua:
1589 3245 1841 3302 habemus
1890 3247 2167 3304 advertite.

591 3337 807 3396 Tolerat
839 3341 951 3410 ipse
973 3335 1225 3393 Dominus
1240 3336 1265 3392 .i
1275 3338 1452 3403 udam,
1472 3337 1760 3405 diabolum,
1781 3337 1945 3394 forent
1970 3349 2022 3395 et
2046 3356 2172 3395 ven-

587 3431 814 3492 dilorem
845 3449 996 3488 suum
1030 3449 1043 3485 :
1076 3430 1200 3486 sinit
1235 3431 1475 3500 accipere
1507 3433 1642 3485 inter
1681 3429 1988 3486 innocentes
2015 3432 2171 3486 disci-

586 3523 761 3597 pulos.
794 3523 934 3596 quod
963 3522 1144 3578 lideles
1171 3533 1432 3578 noverunt
1460 3523 1683 3592 pretium
1715 3535 1976 3580 nostrum.
2011 3526 2168 3582 Tole-

588 3616 961 3686 rantApostoli
991 3614 1458 3685 pseudoapostolos
1479 3631 1493 3679 ;
1517 3624 1571 3669 et
1601 3615 1738 3671 inter
1760 3632 1853 3670 sua
1873 3627 2168 3687 qumrentes

589 3721 695 3763 non
723 3723 840 3777 qum
867 3707 991 3762 Jesu
1019 3705 1252 3772 Christi,
1290 3703 1487 3762 Paulus
1529 3722 1630 3762 non
1662 3722 1754 3761 sua
1792 3724 2034 3776 qurerens
2073 3711 2169 3766 sed

589 3810 707 3869 quin
732 3795 857 3854 Jesu
883 3797 1080 3853 Christi
1105 3839 1119 3862 ,
1151 3813 1270 3853 cum
1303 3797 1686 3869 gloriosissima
1729 3799 2004 3855 tolerantia
2041 3817 2168 3857 con-

588 3899 852 3946 versatur.
896 3888 1201 3954 Postremo,
1229 3890 1369 3960 quod
1401 3892 1554 3961 paulo
1579 3899 1700 3947 ante
1722 3895 2163 3961 commemoravi,

587 3981 768 4038 divina
801 3993 926 4036 voce
963 3979 1208 4036 laudatur
1245 3981 1345 4036 sub
1393 3983 1562 4050 angeli
1603 3981 1818 4037 nomine
1856 3985 2165 4054 praepositus

587 4073 862 4142 Ecclesim,
894 4073 1033 4144 quod
1059 4090 1179 4128 cum
1206 4073 1408 4132 odisset
1436 4077 1603 4130 malos
1625 4118 1639 4141 ,
1669 4093 1762 4132 eos
1793 4087 1965 4134 tamen
1994 4087 2164 4135 tenta-

587 4176 672 4222 tus
693 4178 747 4224 et
771 4167 1014 4222 inventos
1037 4181 1131 4237 pro
1158 4169 1371 4223 nomine
1402 4167 1608 4224 Domini
1637 4171 1897 4226 toleravit.

653 4253 746 4313 24.
790 4257 870 4312 Ad
899 4275 1158 4313 summam
1190 4263 1393 4330 seipsos
1423 4260 1790 4334 interrogent:
1815 4263 2000 4322 Nonne
2028 4267 2163 4324 tole-

588 4358 775 4407 rantur
803 4347 870 4403 ab
895 4351 974 4402 eis
995 4350 1166 4404 cmch
1186 4362 1237 4404 ct
1265 4353 1505 4407 incendia
1536 4356 2050 4426 Circumcellionum,
2075 4361 2164 4430 qui

589 4447 715 4497 sunt
739 4440 758 4472 ‘
786 4448 1126 4494 veneratorcs
1162 4443 1603 4513 praecipitatorum
1646 4448 1783 4501 ultro
1811 4449 2160 4520 cadaverum,

576 4541 643 4602 et
659 4530 758 4587 sub
773 4531 1168 4587 incredibilibus
1186 4534 1338 4589 malis
1356 4536 1508 4590 unius
1523 4535 1696 4606 Optuli
1713 4538 1789 4610 (α)
1806 4555 1898 4609 per
1911 4548 1987 4594 tot
2000 4557 2164 4598 annuos

590 4625 754 4681 totius
785 4623 974 4680 Africa!
1004 4625 1277 4696 gemitus?
1303 4626 1474 4682 Parco
1497 4629 1604 4697 jam
1631 4628 1807 4685 dicere
1838 4633 2162 4703 singularum

587 4725 686 4788 per
731 4716 960 4772 Africom
1000 4718 1272 4787 regionum
1307 4728 1362 4773 et
1385 4719 1650 4775 civitatum
1681 4731 1734 4775 ct
1761 4720 2040 4777 fundorum
2083 4734 2164 4796 ty-

590 4809 839 4863 rannicas
889 4818 1176 4877 potestates
1209 4852 1223 4876 ,
1276 4819 1326 4864 et
1380 4812 1586 4880 publica
1637 4814 1928 4869 latrocinia.
1978 4815 2162 4874 Melius

591 4900 734 4955 enim
769 4899 920 4954 vobis
963 4900 1077 4955 haec
1104 4916 1198 4955 vos
1228 4901 1326 4970 ipsi
1365 4900 1565 4968 dicitis,
1594 4902 1705 4959 sive
1736 4905 1787 4959 in
1818 4923 2021 4976 aurem,
2051 4909 2162 4965 sive

585 4986 762 5058 palam
782 5029 795 5050 ,
827 4988 964 5042 sicut
995 4989 1198 5044 libitum
1227 4990 1405 5045 fuerit.
1430 4992 1772 5064 Quocumque
1807 4998 1944 5052 enim
1981 5000 2161 5054 oculos

585 5079 873 5145 veneritis,
897 5090 1139 5135 occurret
1167 5082 1304 5151 quod
1337 5081 1476 5150 dico,
1515 5086 1596 5140 vel
1630 5086 1800 5155 potius
1816 5087 1953 5156 quod
1990 5099 2156 5147 taceo.

583 5168 768 5239 Neque
796 5169 921 5224 hinc
953 5170 1080 5226 istos
1114 5187 1246 5240 quos
1285 5173 1356 5228 ibi
1395 5174 1640 5246 diligitis,
1671 5193 1997 5236 accusamus.
2045 5181 2160 5240 Non

582 5263 725 5319 enim
749 5263 908 5318 nobis
933 5263 1246 5334 displicent,
1280 5267 1397 5338 quia
1427 5269 1648 5324 tolerant
1680 5271 1879 5339 malos;
1911 5275 2005 5330 sed
2036 5278 2158 5348 quia

580 5356 986 5413 intolerabiliter
1012 5359 1133 5413 mali
1166 5369 1287 5414 sunt
1320 5370 1535 5430 propter
1567 5364 1811 5434 schisma,
1842 5380 2058 5440 propter
2081 5373 2201 5428 αι-.

578 5457 694 5505 ure
711 5450 894 5505 comra
916 5450 1104 5519 altare,
1131 5465 1345 5523 propter
1361 5461 1746 5526 separationem
1769 5462 1836 5516 ab
1849 5462 2159 5528 haereditate

576 5535 773 5598 ChriSti
815 5551 927 5600 toto
963 5544 1092 5601 orbe
1121 5545 1308 5603 diffusa
1330 5589 1345 5616 ,
1384 5548 1519 5605 sicut
1556 5561 1702 5610 tanto
1738 5566 1861 5613 ante
1899 5560 2157 5628 promissa

643 5695 867 5778 1‘3533-
878 5699 1167 5778 seadse!“
1200 5703 1562 5778 9“1mgi.‘.“'t.9“i
1583 5717 1707 5778 εαξη.
1734 5710 1922 5763 νίαοείε
1942 5716 2162 5778 persimi-

577 5755 854 5830 lexy._locpm
877 5755 927 5810 iri
949 5761 1033 5830 lib.
1060 5766 1236 5830 icout.
1262 5755 1420 5830 Petil.,
1443 5755 1707 5820 iit'tsctéli.

637 5818 712 5884 (α)
733 5819 1139 5886 Thamugadcusis
1161 5829 1388 5891 episcopi.
1407 5818 1530 5882 'Vide
1553 5818 1729 5885 neti—in
1755 5835 1889 5900 epist.
1914 5840 1990 5890 ἅτ.

2289 485 2392 532 est.
2417 476 2563 533 Viola
2573 487 2675 534 tam
2699 492 2904 549 pacem,
2925 475 3252 540 conscissam
3271 485 3542 559 unitatem,
3563 488 3732 552 iterata
3749 499 3829 556 ba-

2290 569 2536 638 ptismata
2561 613 2573 635 ,
2618 571 2891 628 exsumata
2931 573 3308 644 Sacramenta,
3346 596 3463 650 quae
3502 580 3555 638 in
3595 587 3830 648 sceleratis

2289 673 2500 731 quoque
2525 660 2827 719 hominibus
2847 675 3024 722 sancta
3051 677 3197 732 sunt,
3219 669 3515 742 plangimus
3533 682 3584 729 et
3604 674 3830 747 lugemus.

2286 751 2415 818 Qua:
2471 753 2516 808 si
2557 753 2704 824 parvi
2747 754 3001 825 pendunt,
3047 759 3351 816 intueantur
3397 767 3628 836 exempla
3675 770 3832 838 quibus

2287 844 2708 904 demonstratum
2732 857 2813 904 est
2832 851 3011 921 quanti
3041 852 3156 909 lucc
3180 852 3420 924 peuderit
3462 855 3616 912 Deus.
3651 858 3738 926 Qui
3769 861 3832 919 l‘e.

2284 948 2471 993 cerunt
2517 936 2736 1006 idolum,
2774 941 2968 997 usitata
3014 942 3178 1013 gladii
3228 953 3398 1001 morte
3446 950 3696 1020 perempti
3730 959 3829 1007 sunt

2287 1027 2476 1103 (Exod.
2505 1044 2682 1097 χχχιι,
2709 1030 2800 1098 27,
2829 1029 2954 1101 28):
2983 1033 3069 1104 qui
3094 1047 3218 1090 vero
3246 1035 3474 1092 schisma
3494 1037 3662 1093 facere
3684 1041 3833 1099 volue-

2283 1129 2427 1187 runt,
2468 1120 2610 1176 hiatu
2652 1130 2808 1178 terra:
2853 1121 3118 1196 principes
3149 1124 3406 1193 devorati,
3453 1137 3509 1186 et
3551 1130 3694 1186 turba
3725 1147 3832 1188 con-

2283 1214 2517 1270 sentiens
2565 1213 2685 1286 igne
2731 1228 3042 1288 consumpta
3091 1225 3173 1274 est
3202 1215 3400 1290 (Num.
3446 1237 3536 1278 xvi
3565 1265 3578 1287 ,
3622 1223 3829 1298 51-35).

2284 1307 2599 1363 Diversitate
2639 1323 2936 1380 poenarum,
2979 1309 3265 1368 diversitas
3311 1315 3618 1385 agnoscitur
3651 1317 3834 1375 merito-

2284 1412 2426 1454 rum.

2353 1490 2578 1548 CAPUT
2615 1491 2708 1550 iX.
2732 1493 2910 1551 —25.
2938 1491 3238 1553 Traduntur
3259 1497 3310 1553 in
3337 1498 3702 1569 persecutione
3738 1517 3834 1558 sau-

2281 1581 2352 1638 cti
2371 1581 2618 1650 Codices,
2643 1585 2967 1641 confitentur
2989 1587 3293 1656 traditores,
3310 1599 3364 1645 et
3380 1589 3490 1646 Deo
3510 1590 3833 1649 dimittuntur.

2280 1671 2394 1728 Non
2426 1673 2816 1748 interrogantur
2846 1677 3178 1748 innocentes,
3198 1690 3252 1737 et
3276 1681 3342 1736 ab
3370 1682 3672 1741 hominibus
3701 1692 3835 1743 teme-

2284 1768 2441 1824 rariis
2469 1769 2812 1828 damnantur.
2836 1771 3095 1828 Probatur
3119 1773 3326 1845 integer
3352 1776 3511 1831 certis
3527 1776 3747 1848 judiciis,
3765 1780 3833 1850 qui

2282 1863 2423 1919 inter
2457 1864 2706 1922 absentes
2744 1865 3024 1922 damnatos
3057 1868 3224 1922 multo
3255 1867 3623 1925 vehementius
3662 1873 3834 1939 caeteris

2281 1955 2592 2013 criminatus
2618 1963 2722 2014 est.
2771 1957 3031 2014 Judicium
3059 1959 3428 2030 episcoporum
3466 1961 3533 2016 ad
3573 1961 3833 2033 Imperatoo

2278 2062 2391 2103 rem
2432 2049 2726 2120 appellatur
2762 2067 2775 2102 :
2810 2049 2974 2121 judex
3014 2050 3227 2123 eligitur
3258 2051 3580 2124 imperator;
3628 2055 3835 2126 judicans

2283 2144 2648 2199 contemnitur
2674 2141 2986 2215 Imperator.
3030 2146 3159 2216 Quae
3199 2156 3324 2204 tunc
3355 2158 3469 2205 acta
3501 2150 3611 2206 sint
3637 2150 3832 2223 legistis,

2280 2251 2398 2305 quae
2427 2251 2572 2293 nunc
2600 2246 2822 2307 agantur
2851 2237 3040 2294 videtis
3071 2256 3085 2293 :
3113 2239 3156 2294 si
3179 2239 3244 2294 de
3267 2239 3370 2295 illis
3392 2241 3441 2295 in
3463 2242 3643 2312 aliquo
3665 2242 3836 2299 dubita-

2280 2323 2367 2392 tis,
2403 2325 2505 2381 ista
2534 2327 2641 2398 jam
2669 2329 2891 2384 cernite.
2911 2329 3065 2387 Certe
3090 2345 3193 2386 non
3219 2329 3416 2387 chartis
3435 2333 3724 2402 veteribus,
3753 2351 3836 2390 nou

2284 2416 2514 2472 archivis
2556 2420 2802 2487 publicis,
2833 2437 2937 2476 non
2968 2421 3145 2478 Gestis
3170 2422 3471 2480 forensibus
3495 2437 3586 2482 aut
3611 2428 3833 2484 ecclesia-

2283 2508 2432 2562 sticis
2456 2523 2692 2579 agamus.
2726 2509 2894 2581 Major
2917 2511 3049 2568 liber
3075 2524 3256 2570 noster
3291 2513 3435 2571 orbis
3461 2526 3720 2573 terrarum
3742 2527 3835 2586 est;

2279 2599 2331 2653 in
2360 2615 2425 2655 eo
2447 2599 2566 2671 lego
2587 2605 2907 2674 completum
2934 2606 3072 2676 quod
3106 2607 3157 2662 in
3189 2607 3347 2664 Libro
3373 2609 3463 2665 Dei
3491 2610 3611 2682 lego
3638 2612 3837 2684 promis-

2278 2705 2394 2746 sum
2429 2711 2442 2747 :
2466 2691 2738 2762 Dominus,
2768 2697 2957 2768 inquit.
2989 2699 3118 2754 dixit
3138 2699 3206 2754 ad
3232 2718 3330 2769 me,
3355 2699 3524 2759 Filius
3541 2721 3682 2759 meus
3704 2723 3750 2761 es
3774 2714 3834 2774 tu,

2277 2798 2367 2852 ego
2396 2783 2544 2838 hodie
2573 2787 2722 2856 genui
2751 2797 2796 2840 te
2831 2805 2848 2842 :
2883 2788 3085 2860 portula
3118 2808 3149 2844 α
3175 2809 3273 2855 me,
3305 2801 3352 2846 et
3391 2793 3520 2848 dabo
3561 2796 3647 2849 tibi
3695 2806 3836 2868 gentes

2278 2873 2618 2929 [nereditatem
2635 2886 2771 2931 tuam
2794 2921 2806 2940 ,
2822 2889 2869 2932 et
2895 2881 3255 2950 possessionem
3279 2891 3414 2936 tuam
3450 2885 3690 2941 tet-ruinas
3717 2896 3836 2941 terra:

2279 2963 2447 3036 (Psal.
2470 2982 2526 3032 ll,
2561 2968 2625 3033 7,
2654 2968 2730 3041 8).
2776 2970 2907 3025 Huic
2945 2972 3239 3028 hmredilati
3286 2975 3372 3043 qui
3411 2992 3516 3032 non
3566 2980 3836 3034 communi-

2276 3064 2380 3121 cat,
2410 3059 2671 3128 quoslibet
2698 3059 2858 3115 libros
2894 3071 3090 3131 teneat,
3117 3064 3507 3121 exhacredatum
3538 3082 3596 3124 se
3623 3084 3740 3126 esse
3763 3084 3835 3125 co-

2277 3157 2517 3217 gnoscat.
2549 3147 2696 3204 Hanc
2741 3149 3100 3208 haereditatem
3129 3156 3366 3226 quisquis
3394 3167 3694 3230 expugnat,
3730 3160 3836 3216 alie-

2279 3253 2405 3293 num
2446 3254 2506 3294 se
2551 3255 2670 3296 esse
2714 3256 2744 3296 a
2791 3241 2986 3298 familia
3028 3243 3120 3299 Dei
3169 3247 3296 3301 satis
3343 3248 3560 3304 indicat.
3593 3251 3746 3308 Certe
3780 3250 3834 3307 de

2277 3331 2559 3387 traditione
2585 3333 2885 3390 divinorum
2923 3333 3205 3392 Librorum
3231 3341 3453 3396 vertitur
3479 3345 3701 3413 quaestio
3723 3385 3736 3410 ,
3762 3341 3834 3399 ubi

2275 3423 2554 3481 barreditas
2586 3426 2688 3481 ista
2718 3425 2977 3496 promissa
3004 3438 3102 3485 est.
3133 3429 3225 3486 Ille
3261 3446 3388 3504 ergo
3422 3435 3669 3491 credatur
3700 3444 3834 3492 testa-

2277 3525 2515 3572 mentum
2552 3518 2836 3576 tradidisse
2877 3519 3138 3590 ﬂammis,
3183 3523 3272 3594 qui
3313 3535 3496 3582 contra
3530 3527 3834 3584 voluntatem

2273 3607 2441 3679 litigat
2475 3611 2760 3665 testatoris.
2787 3610 2927 3679 Quid
2953 3613 3046 3667 tibi
3070 3613 3195 3670 fecit
3215 3657 3229 3682 ,
3259 3630 3292 3670 ο
3321 3632 3444 3686 pars
3474 3616 3697 3687 Donati,
3726 3617 3831 3690 quid

2276 3701 2369 3755 tibi
2397 3701 2523 3756 fecit
2549 3701 2783 3758 Ecclesia
2809 3702 3250 3761 Corinthiorum?
3273 3707 3423 3776 Quod
3453 3721 3628 3766 autem
3655 3712 3722 3767 de
3748 3711 3832 3766 ista

2276 3791 2417 3860 dico,
2446 3793 2514 3849 de
2533 3795 2780 3850 omnibus
2808 3797 3001 3854 talibus
3027 3806 3083 3854 et
3109 3808 3215 3853 tam
3238 3800 3392 3872 longe
3412 3803 3598 3872 positis
3629 3800 3833 3872 intelligi

2269 3887 2414 3942 volo.
2442 3888 2579 3955 Quid
2607 3888 2759 3945 vobis
2793 3889 3065 3960 fecerunt,
3097 3908 3214 3963 qua:
3239 3909 3338 3950 nec
3364 3896 3580 3950 omnino
3612 3895 3734 3966 quid
3767 3893 3833 3948 l‘e-

2270 3979 2448 4035 ceritis
2472 4020 2485 4042 ,
2521 3995 2619 4036 nec
2654 3996 2786 4052 quos
2815 3981 3203 4041 infamaveritis
3241 4001 3399 4042 nosse
3428 3986 3743 4058 potuerunt?
3773 4001 3830 4040 an

2268 4073 2388 4144 quia
2412 4071 2663 4146 Lucillum
2690 4075 3006 4134 Caecilianus
3026 4078 3077 4133 in
3097 4078 3271 4135 Africa
3293 4080 3448 4151 laesit,
3467 4083 3636 4140 lucem
3653 4081 3830 4139 Christi

2269 4166 2416 4221 orbis
2445 4165 2660 4222 amisit?

2337 4256 2432 4315 26.
2474 4256 2712 4314 Tandem
2741 4259 2971 4316 sentiant
2999 4262 3138 4332 quod
3167 4262 3404 4320 iecerunt
3435 4281 3448 4319 :
3483 4266 3669 4323 merito
3691 4273 3831 4322 certo

2269 4364 2530 4407 annorum
2571 4351 2846 4408 intervallo
2882 4352 2934 4408 in
2977 4357 3157 4411 oculos
3201 4371 3382 4412 eorum
3427 4358 3714 4414 revolutum
3759 4365 3831 4413 est

2275 4455 2408 4512 opus
2431 4444 2688 4514 ipsorum.
2719 4445 2950 4513 Quaerite
2988 4461 3082 4517 per
3110 4463 3267 4518 quam
3292 4450 3542 4507 feminam
3570 4451 3828 4507 Maximia-

2268 4548 2369 4588 nus
2397 4531 2502 4606 (a),
2538 4536 2626 4606 qui
2664 4534 2856 4592 dicitur
2882 4553 2999 4593 esse
3037 4539 3220 4594 Donati
3267 4541 3608 4615 propinquus,
3639 4545 3758 4599 'sese
3798 4553 3825 4597 ε

2272 4623 2528 4680 Primiani
2555 4629 2926 4684 communione
2962 4631 3258 4700 prrcciderit
3279 4675 3294 4695 ,
3321 4642 3374 4688 et
3397 4635 3824 4704 quemadmodum

2267 4728 2582 4789 congregata
2604 4720 2973 4790 episcoporum
2995 4722 3241 4791 i‘acticmc,
3270 4724 3593 4782 Primianum
3617 4727 3821 4783 damna-

2265 4808 2336 4862 rit
2375 4807 2684 4876 absentem,
2709 4819 2765 4866 et
2792 4813 3044 4868 adversus
3086 4827 3207 4869 eum
3251 4817 3532 4888 cpiscopus
3568 4817 3822 4875 ordinatus

2265 4899 2368 4965 sit;
2402 4903 2846 4971 quemadmodum
2874 4903 3158 4974 Majorinus
3192 4922 3288 4978 per
3324 4907 3578 4964 Luciliam
3613 4923 3822 4981 congre-

2265 4999 2383 5061 gata
2426 4991 2793 5062 episcoporum
2825 4994 3053 5070 factione
3082 4996 3416 5054 Caecilianum
3447 4999 3714 5056 damnavit
3735 4999 3820 5053 ab-

2266 5089 2472 5138 sentem
2500 5125 2516 5150 ,
2542 5093 2598 5138 et
2623 5093 2804 5140 contra
2847 5101 2967 5141 cum
2997 5091 3274 5161 episcopus
3313 5090 3584 5146 ordinatus
3617 5101 3712 5148 est.
3749 5091 3818 5143 An

2265 5172 2402 5229 forte
2427 5173 2566 5244 quod
2593 5188 2623 5229 a
2647 5176 2853 5232 caeteris
2874 5178 3015 5233 Afris
3037 5193 3145 5234 sum
3167 5181 3554 5238 communionis
3575 5179 3818 5254 episcopis

2327 5347 2416 5429 (Ε),
2783 5351 3169 5429 ςιῖιιηείηεηείβ
3207 5355 3434 5429 ωαξηθὲ
3451 5357 3706 5429 ,δοηξῑίεῑθ

2263 5411 2421 5474 miano
2445 5413 2584 5474 episc-
2609 5424 2670 5474 po
2685 5427 2774 5463 suo
2797 5411 3028 5473 ini‘cnsus.
3047 5425 3211 5467 auctor
3233 5421 3341 5467 novi
3365 5421 3632 5471 schismatis
3653 5417 3821 5470 exstitit

2263 5472 2486 5541 circ._an.’
2504 5472 2628 5541 3593',
2673 5493 2695 5520 ι
2715 5475 2983 5541 praecidens
3017 5472 3216 5541 trustnm
3237 5481 3302 5529 de
3335 5481 3503 5541 frusto,
3529 5500 3549 5526 ι
3577 5492 3629 5532 ut
3663 5484 3726 5531 ait
3749 5491 3821 5526 Ml—

2262 5536 2488 5603 gustinus
2503 5536 2762 5603 ἓως-ιι.ςὲ
2784 5541 2832 5586 in
2853 5537 2969 5586 Psal.
2994 5539 3072 5599 56,
3096 5554 3244 5590 serm.
3269 5542 3315 5603 2,
3339 5557 3388 5591 n.
3413 5536 3498 5603 20,
3513 5544 3596 5593 ubi
3616 5550 3668 5594 et
3683 5541 3821 5592 refert

2263 5595 2537 5670 Synodicatn
2558 5595 2807 5670 epistolam
2830 5595 3175 5670 Donatistarum
3200 5595 3528 5670 episcoporum
3548 5607 3630 5670 qui
3654 5603 3822 5670 Primia-

2262 5671 2379 5730 nu_m
2401 5660 2447 5706 in
2465 5660 2849 5730 cabarsussitano
2869 5663 3069 5711 concilio
3087 5660 3388 5726 damnarunf,
3409 5673 3460 5717 et
3484 5669 3533 5718 in
3554 5660 3820 5730 éjusloculjl

2262 5724 2588 5798 subrogarunt
2607 5723 2962 5798 larimianum.
2980 5732 3036 5798 at
3061 5737 3188 5798 anno
3207 5723 3427 5798 proxime
3453 5723 3678 5798 segpi'mi

2264 5789 2367 5832 tum
2397 5789 2478 5852 est
2512 5793 2542 5831 a
2572 5785 3055 5852 caeterisponatistis
3089 5785 3350 5852 Bagaiense
3391 5785 3640 5842 cumulum
3673 5792 3820 5838 eum

2269 5850 2495 5895 exortum
2517 5843 2742 5908 schisma,
2765 5845 3112 5913 damatusquc
3135 5843 3293 5918 é'st_ab
3313 5852 3373 5904 iis
3391 5853 3707 5908 Maximianus.

3983 4025 3996 4110 i

3993 4599 4003 4694 l
