4054 6394
228 444 317 506 1⁸15
1386 435 1704 494 EPISTOLA
1718 435 1855 492 RUM
1895 434 2167 490 CLASSIS
2206 432 2267 487 ll.

227 547 387 599 contra
420 531 688 589 factionem
726 530 1025 589 Maximiani
1055 531 1350 586 Primianus
1377 542 1625 600 pnegatus
1656 542 1760 597 est,

225 631 377 687 valere
396 626 581 690 vultis;
606 635 658 680 et
686 624 826 696 quod
846 640 876 678 a
910 624 1277 678 transmarinis
1306 623 1518 676 unitatis
1556 622 1760 691 episco-

225 725 293 796 pis
314 721 549 776 adversus
587 716 870 771 factionem
904 715 1140 786 διίησι-ἰπὶ
1176 715 1485 769 Crecilianns
1519 722 1766 782 purgatus

229 824 313 875 est.
337 811 505 866 valere
539 825 645 865 non
679 805 875 862 vultis?
908 807 1075 877 Rogo,
1113 806 1301 861 fratres
1331 806 1456 870 mei,
1488 803 1612 873 quid
1651 818 1765 857 ma-

224 920 361 978 gnum
406 899 567 973 peto?
613 898 737 971 quid
782 897 996 954 difficile
1037 914 1067 950 a
1113 897 1266 951 vobis
1307 896 1523 965 intelligi
1574 893 1766 965 cupio?

223 996 410 1053 Multum
431 991 641 1063 quidem
668 990 909 1055 interest,
926 999 979 1044 et
1000 987 1483 1059 incomparabiliter
1504 986 1661 1040 distat
1684 985 1765 1039 vel

224 1086 503 1142 auctoritate
532 1082 613 1137 vel
645 1095 867 1136 numero
896 1079 1140 1134 Africana
1166 1078 1421 1141 Ecclesia,
1446 1078 1489 1131 si
1517 1093 1635 1130 cum
1659 1091 1764 1129 ca:-

224 1180 331 1237 teris
367 1176 505 1233 orbis
537 1174 773 1246 partibus
808 1171 1114 1227 conferatur
1152 1188 1164 1223 :
1196 1179 1249 1225 et
1288 1171 1439 1239 longe
1466 1168 1635 1221 minor
1662 1175 1759 1232 est,

228 1269 408 1329 etiamsi
426 1268 596 1325 unitas
617 1266 703 1323 hic
727 1273 888 1330 esset,
906 1266 1059 1336 longe
1075 1261 1291 1317 ornnino
1322 1260 1491 1314 minor
1520 1269 1601 1313 est
1620 1274 1766 1313 com-

223 1375 376 1437 parata
417 1361 625 1417 caeteris
661 1358 964 1414 Christianis
1007 1354 1254 1409 omnibus
1286 1353 1532 1425 gentibus
1556 1394 1571 1417 ,
1608 1364 1765 1421 quant

224 1470 329 1527 pars
364 1450 653 1509 Maximiani
683 1458 983 1518 comparata
1019 1446 1153 1515 parti
1197 1443 1478 1509 Primiani;
1517 1452 1638 1513 peto
1684 1451 1765 1495 ta-

224 1566 349 1613 men,
370 1546 631 1617 etjustum
662 1559 780 1599 esse
805 1541 1054 1606 arbitror,
1082 1552 1137 1593 ut
1163 1547 1361 1592 tantum
1384 1537 1555 1590 valeat
1584 1532 1764 1588 conci-

220 1641 327 1696 lium
352 1636 575 1695 Secundi
602 1632 874 1706 Tigisitani
895 1675 908 1698 ,
932 1631 1071 1703 quod
1097 1630 1290 1684 Lucilla
1317 1627 1563 1683 conﬂavit
1581 1625 1765 1679 adver-

219 1749 295 1789 sus
331 1733 594 1787 absentem
633 1727 971 1783 Cmciliauunt
1016 1732 1071 1779 et
1118 1722 1458 1793 apostolicam
1511 1718 1692 1775 sedem
1721 1716 1760 1784 ¹,

220 1836 457 1897 totumque
480 1824 665 1877 orbem
682 1818 966 1876 Caeciliano
985 1814 1482 1876 communicantcm,
1510 1820 1763 1882 quantum

216 1919 334 1974 vaiet
358 1918 640 1973 concilium
670 1908 1182 1975 Maximianensium,
1227 1905 1367 1978 quod
1400 1904 1644 1959 similiter
1682 1902 1762 1958 fe-

215 2012 337 2066 mina
364 2009 543 2067 nescio
573 2004 952 2078 quazconllavit
976 2003 1231 2058 adversus
1250 2001 1521 2056 absentem
1537 1998 1761 2053 Primia-

214 2117 339 2169 num,
367 2110 416 2155 ct
435 2110 683 2155 cmteram
711 2114 805 2169 per
828 2096 1058 2152 Africam
1086 2091 1473 2149 multitudinem
1496 2090 1763 2146 Primiano

213 2194 690 2250 communicantem.
715 2191 850 2260 Quid
868 2190 1106 2262 apertius
1123 2186 1358 2243 cernitur
1376 2184 1399 2238 ?
1419 2184 1544 2255 quid
1564 2184 1762 2255 :cquius

214 2287 477 2358 postulatur
506 2288 530 2342 ?

267 2376 345 2431 27.
383 2376 583 2433 Videtis
624 2375 737 2430 tunc
776 2374 986 2439 omnia,
1016 2380 1070 2429 et
1108 2369 1308 2438 nostis,
1335 2378 1391 2425 et
1431 2367 1678 2440 gemitis;
1710 2376 1765 2422 et

218 2479 366 2527 tamen
390 2471 531 2525 videt
566 2479 620 2525 et
653 2469 789 2524 Deus
817 2466 956 2538 quod
986 2482 1080 2522 vos
1110 2466 1160 2518 in
1191 2474 1297 2519 tam
1329 2461 1574 2534 pestifera
1600 2471 1650 2516 et
1682 2476 1764 2513 sa-

214 2561 375 2633 crilega
414 2560 731 2633 praecisione
770 2559 915 2614 nulla
956 2574 1042 2614 res
1081 2556 1220 2626 cogit
1259 2570 1555 2619 remanere,
1583 2554 1628 2607 si
1667 2568 1764 2624 pro

210 2652 523 2722 adipiscendo
560 2652 821 2723 Spirituali
849 2665 1014 2720 regno
1042 2648 1309 2703 carnalem
1340 2646 1603 2714 superetis
1632 2643 1763 2699 alie-

209 2750 350 2808 clum,
376 2753 425 2799 et
449 2744 716 2799 amicitias
743 2741 1015 2795 hominum
1047 2756 1164 2809 qua)
1196 2740 1247 2793 in
1271 2737 1472 2807 judicio
1504 2736 1593 2790 Dei
1637 2734 1765 2789 nihil

210 2834 500 2904 proderunt.
547 2851 642 2905 pro
671 2832 970 2889 devitaudis
994 2831 1331 2901 sempiternis
1363 2829 1531 2898 pcenis
1563 2844 1667 2881 non
1698 2828 1763 2881 ti-

206 2928 369 2981 mentis
412 2927 707 2981 olfendere.
753 2925 891 2980 Ecce
940 2925 1028 2986 ite,
1070 2923 1368 2987 consulite;
1410 2921 1534 2991 quid
1580 2932 1763 2976 contra

207 3015 303 3072 lucc
338 3028 513 3072 nostra
556 3017 759 3087 possint
797 3014 1119 3084 respondere
1149 3014 1448 3084 Cognoscite
1476 3032 1487 3065 :
1515 3012 1556 3064 si
1586 3011 1765 3081 profe-

204 3116 309 3161 runt
346 3106 587 3171 chartas,
631 3104 952 3176 proferimus
991 3103 1235 3164 chartas;
1270 3104 1311 3155 si
1354 3102 1508 3155 falsas
1558 3112 1766 3157 nostras

204 3213 305 3255 ease
327 3199 506 3255 dicunt
529 3241 541 3261 ,
575 3198 675 3252 hoc
702 3213 800 3252 nos
825 3197 891 3252 de
918 3197 1028 3251 suis
1054 3195 1233 3250 dicere
1267 3210 1374 3249 non
1406 3192 1763 3263 indignentur.

202 3288 348 3345 Nemo
383 3290 527 3345 deiet
552 3290 620 3344 de
647 3289 787 3345 etelo
816 3288 1243 3343 constitutionem
1285 3286 1399 3350 Dei,
1433 3300 1589 3339 nemo
1626 3284 1769 3340 delet

204 3383 260 3438 de
292 3395 419 3439 terra
460 3383 760 3439 Ecclesiam
800 3382 893 3436 Dei
922 3400 933 3434 :
968 3381 1056 3437 ille
1087 3388 1251 3437 totum
1280 3380 1462 3433 orbem
1504 3378 1763 3448 promisit,

204 3473 287 3529 ista
316 3486 475 3532 totum
520 3476 701 3531 orbem
734 3474 956 3544 replevit
981 3491 994 3540 ;
1024 3484 1077 3528 et
1110 3475 1276 3529 malos
1307 3471 1466 3528 habet
1494 3483 1545 3528 et
1577 3472 1764 3539 bonos,

204 3568 281 3622 sed
318 3584 407 3623 nec
444 3570 499 3623 in
544 3568 699 3624 terris
736 3567 933 3622 amittit
976 3568 1076 3622 nisi
1116 3567 1303 3630 malos,
1346 3582 1445 3621 nec
1482 3568 1531 3621 in
1570 3566 1765 3621 malum

204 3656 405 3712 admittit
430 3659 534 3714 nisi
562 3659 749 3713 bonos.
777 3658 891 3712 Erit
909 3666 1083 3712 autem
1112 3657 1261 3713 vobis
1284 3658 1365 3711 hic
1390 3673 1583 3723 sermo,
1610 3674 1765 3728 quem

204 3746 260 3804 de
285 3766 499 3807 munere
539 3750 631 3804 Dei
677 3750 823 3804 novit
862 3749 975 3819 ipse
995 3792 1008 3816 ,
1038 3758 1229 3819 quanta
1257 3757 1310 3804 et
1341 3749 1482 3818 pacis
1512 3756 1565 3803 et
1592 3757 1765 3803 vestra

207 3840 465 3899 dilectione
507 3842 965 3914 deprompsimus,
996 3841 1257 3897 correctio
1296 3840 1339 3895 si
1383 3840 1586 3909 velitis,
1617 3840 1765 3896 testis

202 3946 311 3990 vero
336 3936 431 3991 etsi
459 3933 662 3990 nolitis.

645 4023 972 4081 EPISTOLA
1013 4022 1174 4080 xuv
1214 4025 1309 4099 (α).

203 4138 491 4213 Augustinus
520 4144 669 4213 refert
698 4156 809 4210 qua:
834 4150 995 4212 coepta
1024 4140 1122 4195 sint
1149 4140 1231 4209 agi
1257 4139 1319 4194 de
1356 4138 1624 4193 concordia
1651 4154 1765 4193 cum

264 4231 503 4289 Fortunio
533 4232 916 4289 Donatistarum
944 4233 1177 4303 episcopo
1196 4274 1211 4297 ,
1235 4232 1439 4303 cupiens
1464 4240 1518 4284 ut
1541 4232 1648 4285 sine
1679 4241 1763 4285 tu-

263 4326 430 4391 multu,
452 4325 592 4397 quod
621 4324 819 4395 placide
843 4334 1056 4396 coeptum
1084 4332 1187 4393 est,
1212 4322 1499 4395 perﬁciatur
1521 4332 1765 4379 conventu

272 4414 608 4487 frequentiore.

270 4526 492 4586 Dominis
517 4530 878 4588 dilectissimis
915 4539 968 4587 et
993 4529 1416 4602 praedicabilibus
1443 4529 1692 4587 fratribus

327 4624 575 4689 Etsusm,
599 4626 802 4683 Gcom
824 4636 880 4683 et
898 4625 1175 4683 Fecrcrws
1194 4629 1237 4694 ⁸,
1265 4630 1618 4685 Aueusruws.

246 4735 459 4794 CAPUT
475 4737 1199 4795 PRIMUM.—1.Foﬂunium
1217 4755 1373 4810 quem
1387 4740 1764 4797 Tubursicum'

204 4822 389 4884 habetis
411 4832 741 4902 episcopum,
766 4848 859 4899 per
889 4832 1129 4886 eamdem
1154 4833 1439 4897 civitatem,
1463 4849 1760 4903 quanquam

203 4914 632 4985 festinantissime,
655 4939 775 4978 eum
798 4923 863 4977 ad
884 4921 1180 4978 Cirtenscm
1205 4924 1489 4977 Ecclesiam
1513 4940 1761 4995 pergere-

204 5022 306 5065 mus
323 5011 417 5083 (b),
436 5014 639 5084 experti
662 5029 844 5069 sumus
864 5015 933 5069 ita
951 5014 1169 5069 omnino
1189 5023 1249 5069 ut
1273 5014 1339 5070 de
1359 5015 1449 5069 illo
1469 5016 1652 5072 soletis
1673 5017 1764 5074 bc-

255 5123 278 5201 :
290 5129 338 5201 tu
356 5132 463 5177 Mss.
490 5140 639 5201 prope
654 5128 875 5201 omnibus
896 5127 1120 5190 habetur,
1145 5127 1423 5194 apostolicos
1456 5130 1624 5195 sedes;
1651 5147 1763 5198 qua:

203 5180 829 5251 ωιωεωιιώαιθωοεει.
1108 5180 1119 5190 ’
1176 5180 1186 5194 ’
1244 5180 1247 5181 ⁷
1658 5180 1762 5198 1w

202 5249 396 5358 bulum.
421 5260 523 5300 Am.
547 5258 619 5301 Er.
647 5259 700 5303 et
728 5260 810 5302 Ms.
848 5264 973 5303 unus
995 5260 1048 5304 et
1083 5254 1230 5306 vatic.
1255 5252 1421 5307 Felici.
1447 5255 1553 5320 alii.
1594 5257 1764 5312 Γειίοὶ-

242 5371 277 5441 ·ξ
294 5377 342 5441 ιιι
361 5373 713 5441 vatio.
736 5377 981 5441 ωίιιοιιιρς
1000 5390 1016 5426 :
1038 5378 1358 5441 murum.

252 5433 459 5545 (αὲῶιὶεδ
478 5439 583 5487 ne:
598 5452 709 5503 qua:
722 5449 887 5491 autem
904 5438 965 5488 44
981 5433 1103 5500 erat",
1115 5456 1243 5493 nunc
1260 5443 1336 5492 17.
1348 5444 1527 5508 Scripta
1544 5452 1763 5500 exeunte

257 5530 267 5541 .
378 5533 394 5545 .
418 5506 503 5545 aut
520 5500 715 5545 ineunte
737 5502 844 5545 398.

203 5503 267 5544 ιη.
281 5500 394 5558 307,
418 5506 503 5548 aut
520 5500 715 5551 ineunte
737 5502 844 5551 598.

248 5556 319 5632 te)
336 5556 687 5632 γρ-νφςυυαυι
943 5564 1188 5632 ordinandi
1210 5578 1353 5617 causa
1368 5603 1382 5627 ,
1407 5569 1475 5617 uti
1498 5568 1669 5620 dicitur
1692 5570 1765 5621 in-

296 5614 345 5670 n.
363 5614 680 5693 15',_iniocutn
696 5614 887 5693 scilicet:
902 5614 1133 5693 Proluturi
1276 5614 1765 5693 susééﬁiuﬁf'éiiséﬁ-

205 5688 358 5753 patum
372 5686 573 5753 in..l_ire_vi
596 5688 855 5753 demortui.
879 5691 994 5737 Huic
1010 5686 1316 5753 succedebat
1348 5686 1628 5753 Fortunatus
1660 5694 1762 5745 lau-

347 5744 398 5816 in_
419 5744 506 5794 lib.
522 5746 551 5795 2
565 5737 900 5816 wnt._lit_teras
922 5737 1077 5816 ωλι,
1095 5737 1244 5812 c.
1334 5737 1761 5816 azsféi’uifué'éx

206 5811 430 5867 episcopis
467 5818 653 5871 septem
687 5811 899 5863 detectis
934 5812 996 5862 ad
1031 5826 1224 5864 unum
1254 5811 1502 5865 catholica
1542 5817 1761 5871 Ecclesiae

206 5868 575 5932 immundam
594 5872 645 5926 in
658 5870 915 5943 collatione
935 5875 1313 5944 Carthaginensi,
1333 5889 1410 5928 an.
1431 5877 1539 5929 411.

1895 436 2167 490 (LLASSIS
2206 436 2267 487 ll.
3355 436 3455 500 174

1876 529 2178 598 nignissimc
2204 527 2457 597 polliceri.
2474 527 2603 583 Eam
2627 527 2793 600 ipsam
2816 528 3009 601 quippe
3030 537 3260 585 vestram
3276 531 3341 588 de
3364 533 3454 591 illo

1875 620 2027 675 nobis
2057 619 2555 675 sermocinationem
2579 636 2698 675 cum
2726 620 2775 675 ei
2803 622 3241 688 renuntiaremus,
3274 624 3454 680 volen~

1875 721 1953 766 tes
1982 727 2103 766 eum
2130 711 2328 777 videre,
2354 728 2455 766 non
2487 714 2686 767 abnuit.
2721 712 2971 767 Venimus
3002 714 3177 783 itaque
3201 716 3265 770 ad
3292 733 3409 770 eum
3435 734 3451 784 ;

1874 804 1993 871 quia
2023 804 2164 858 aetati
2196 804 2310 873 ejus
2347 804 2396 857 id
2425 819 2452 856 a
2482 803 2633 859 nobis
2659 804 3003 858 deferendum
3029 805 3319 865 videbatur.
3353 823 3452 879 po-

1876 895 1976 948 tius
2016 911 2170 964 quam
2213 896 2527 966 exigendum
2567 906 2622 949 ut
2662 898 2773 966 ipse
2811 896 2875 949 ad
2916 912 3014 952 nos
3046 896 3251 951 veniret
3289 899 3451 967 prior.

1871 986 2208 1041 Perreximns
2234 1004 2359 1058 ergo
2388 988 2759 1042 comitantibus
2786 1004 2889 1041 non
2918 988 3126 1057 paucis,
3155 1004 3289 1060 quos
3319 988 3455 1045 forte

1870 1091 2182 1152 aggregatos
2220 1082 2370 1136 nobis
2399 1082 2525 1136 illud
2554 1091 2759 1153 tempus
2794 1083 3085 1137 invenerat.
3113 1081 3245 1137 Cum
3273 1092 3453 1140 autem

1870 1172 2008 1241 apud
2034 1189 2156 1227 eum
2184 1174 2632 1240 consedissemus,
2660 1189 2871 1228 rumore
2892 1174 3131 1244 disperso
3160 1191 3261 1227 non
3291 1190 3453 1243 parva

1870 1274 2127 1333 praeterea
2160 1266 2308 1320 turba
2348 1266 2640 1331 confluxit;
2671 1266 2763 1320 sed
2794 1266 2944 1320 nobis
2974 1266 3026 1320 in
3056 1275 3162 1320 tota
3201 1267 3285 1320 illa
3317 1267 3453 1321 mul-

1870 1355 2090 1412 titudine
2120 1358 2365 1427 perpauci
2393 1357 2750 1428 apparebant,
2780 1358 2867 1427 qui
2899 1358 3098 1413 utiliter
3123 1374 3185 1415 ac
3222 1358 3453 1414 salubri-

1870 1455 1949 1501 ter
1973 1448 2056 1519 ειςὶ
2082 1464 2293 1503 causam
2320 1450 2483 1513 illam,
2507 1459 2560 1504 et
2586 1458 2783 1504 tantam
2812 1450 2992 1521 reique
3020 1458 3177 1504 tantae
3203 1451 3452 1521 quaestio.

1868 1552 1989 1592 nem
2032 1538 2319 1608 prudenter
2356 1548 2409 1593 et
2446 1540 2529 1609 pie
2554 1539 2746 1594 discuti
2773 1553 3047 1609 cuperent.
3090 1540 3280 1597 Carteri
3324 1558 3451 1598 vero

1867 1630 2035 1699 magis
2057 1629 2121 1685 ad
2143 1631 2499 1701 spectaculum
2522 1630 2672 1703 quasi
2692 1630 3049 1686 altercationis
3074 1640 3267 1687 nostra:
3288 1646 3452 1703 prope

1869 1721 2121 1778 tbeatrica
2160 1724 2575 1791 consuetudine,
2602 1740 2759 1795 quam
2788 1724 2852 1778 ad
2885 1726 3284 1780 instructionem
3312 1726 3453 1779 salu-

1869 1814 1935 1868 tis
1960 1815 2242 1871 cbristiana
2270 1819 2551 1873 devotione
2580 1827 2959 1872 convenerant.
2991 1816 3324 1887 QuaprOpter
3352 1832 3453 1875 nec

1866 1906 2133 1963 silentium
2165 1909 2317 1964 nobis
2350 1910 2606 1978 prmbere,
2634 1924 2731 1963 nec
2763 1909 2962 1964 intente
2988 1908 3262 1963 nobiscum
3295 1917 3454 1978 atque

1866 1999 2105 2055 modeste
2127 2000 2313 2055 saltem
2342 2010 2395 2056 et
2422 2001 2665 2055 ordinate
2690 2000 2918 2070 colloqui
2950 2008 3264 2071 potuerunt,
3292 2015 3451 2056 excea

1866 2092 1990 2160 ptis,
2020 2101 2075 2147 ut
2096 2092 2233 2157 dixi,
2265 2093 2474 2162 paucis,
2500 2108 2721 2162 quorum
2754 2091 2996 2161 religiosa
3025 2100 3076 2145 et
3103 2090 3323 2159 simplex
3353 2106 3452 2160 ap-

1867 2181 2084 2251 parebat
2116 2184 2356 2236 intentio.
2387 2182 2567 2252 Itaque
2594 2183 2757 2237 libere
2786 2198 2877 2252 pro
2902 2181 2983 2235 sui
3012 2181 3265 2251 cujusque
3289 2180 3454 2236 animi

1867 2282 2011 2327 motu
2044 2272 2391 2328 immoderate
2430 2274 2759 2344 loquentium
2804 2272 2982 2327 omnia
3011 2272 3233 2341 strepitu
3275 2272 3455 2326 turba-

1867 2363 2078 2430 bantur,
2110 2380 2209 2420 nec
2236 2366 2480 2421 evincere
2510 2366 2620 2421 sive
2647 2382 2774 2434 nos,
2805 2365 2917 2421 sive
2947 2366 3063 2436 ipse
3092 2364 3348 2436 rogando,
3376 2365 3457 2421 in-

1871 2457 2078 2511 terdum
2094 2460 2251 2512 ctiam
2272 2458 2598 2529 obiurgando
2616 2460 2902 2530 potuimus,
2920 2467 2975 2514 ut
2989 2458 3141 2513 nobis
3158 2456 3457 2514 modestum

1869 2547 2137 2601 silentium
2166 2549 2511 2618 prazberetur.

1940 2640 1994 2693 2.
2030 2641 2135 2695 Res
2173 2650 2347 2696 tamen
2388 2652 2674 2711 utcumque
2712 2642 2793 2711 agi
2834 2650 3005 2711 ccepta
3034 2651 3144 2708 est,
3176 2650 3231 2697 et
3258 2641 3461 2713 aliquot

1872 2730 2029 2785 lioras
2055 2730 2106 2785 in
2139 2733 2344 2786 alterno
2382 2748 2629 2789 sermone
2660 2734 3017 2801 protraximns
3037 2774 3051 2798 ,
3084 2746 3335 2803 quantum
3366 2749 3459 2789 voc

1869 2822 2020 2877 cibus
2050 2822 2581 2895 interquiesccntibus
2606 2824 2749 2878 varie
2786 2824 3217 2879 tumultuantium
3248 2826 3458 2881 sineba-

1871 2930 2008 2968 mur.
2041 2914 2147 2970 Sed
2180 2916 2230 2969 in
2272 2916 2385 2985 ipso
2412 2915 2785 2987 disputationis
2814 2918 3034 2971 exordio
3054 2960 3067 2981 ,
3094 2932 3215 2971 cum
3245 2918 3458 2974 videre-

1872 3023 1990 3062 mus
2019 3023 2082 3063 ca
2111 3024 2229 3079 qua:
2258 3008 2588 3073 dicebautur,
2617 3009 2839 3063 subinde.
2866 3010 2968 3063 labi
2997 3010 3063 3064 de
3088 3012 3342 3065 memoria
3373 3012 3458 3067 vel

1872 3111 2051 3155 nostra
2073 3143 2087 3168 ,
2126 3103 2208 3157 vel
2239 3118 2422 3157 eorum
2461 3119 2682 3172 quorum
2716 3103 2938 3157 salutem
2970 3104 3197 3159 maxime
3237 3105 3457 3159 curaba-

1872 3210 2023 3259 mus;
2049 3203 2178 3249 etut
2203 3204 2345 3250 esset
2370 3196 2523 3249 nobis
2547 3196 2751 3251 cautior
2774 3196 3167 3268 modestiorque
3190 3197 3454 3265 tractatio,

1872 3285 2029 3339 simul
2055 3296 2111 3341 ut
2138 3297 2192 3341 et
2226 3302 2320 3340 vos
2345 3296 2503 3356 atque
2532 3288 2617 3341 alii
2651 3287 2840 3341 fratres
2867 3288 2957 3359 qui
2992 3290 3241 3345 absentes
3279 3299 3454 3357 erant,

1872 3377 1997 3446 quid
2047 3378 2182 3432 inter
2221 3394 2319 3433 nos
2361 3392 2535 3434 aetum
2585 3388 2747 3445 esset,
2778 3380 3000 3450 legendo
3043 3384 3455 3452 Cognosceretis,

1872 3468 2251 3537 postulavinms
2280 3479 2334 3523 ut
2364 3486 2391 3523 a
2423 3472 2641 3525 notariis
2668 3472 2826 3524 verba
2857 3482 3034 3526 nostra
3062 3473 3455 3542 exciperentur.

1871 3562 1969 3616 Diu
2018 3563 2085 3618 ab
2128 3564 2218 3618 illo
2258 3564 2339 3620 vel
2382 3565 2430 3620 ei
2478 3566 2930 3621 consentientibus
2974 3566 3286 3622 reluctatum
3333 3576 3454 3635 est;

1872 3662 2057 3723 postea
2100 3664 2273 3711 tamen
2302 3656 2413 3725 ipse
2433 3658 2715 3712 concessit.
2745 3656 2848 3712 Sed
2875 3659 3062 3713 notarii
3084 3660 3172 3729 qui
3212 3660 3454 3727 aderant,

1872 3755 2030 3817 atque
2074 3748 2125 3801 id
2170 3758 2387 3805 strenue
2432 3749 2603 3806 facere
2645 3759 2906 3821 poterant,
2939 3752 3120 3808 nescio
3157 3770 3259 3824 qua
3297 3769 3456 3809 causa

1871 3838 2117 3908 excipere
2173 3842 2472 3896 noluerunt.
2520 3842 2737 3914 Egimus
2783 3844 2970 3899 saltem
3030 3854 3087 3899 ut
3130 3843 3320 3900 fratres
3366 3842 3459 3916 qui

1871 3932 2145 3987 nobiscum
2177 3942 2347 3999 erant,
2375 3950 2673 4005 quanquam
2702 3935 2753 3989 in
2783 3934 2882 3992 bac
2905 3952 2961 3991 re
2990 3936 3189 3991 tardius
3218 3944 3454 4007 possent,

1872 4022 2195 4093 exciperent,
2224 4025 2536 4095 pollicentes
2560 4041 2655 4080 nos
2680 4026 2747 4080 ibi
2774 4027 2986 4081 easdem
3018 4027 3222 4081 tabulas
3244 4028 3458 4083 relicta.

1871 4128 1981 4168 ros.
2012 4115 2343 4169 Consensum
2381 4124 2479 4169 est.
2516 4114 2804 4187 Coeperunt
2848 4118 3005 4172 verba
3045 4127 3224 4173 nostra
3259 4120 3451 4187 excipi,

1871 4213 1925 4261 et
1962 4206 2136 4276 aliqua
2178 4208 2245 4262 ab
2285 4207 2510 4263 invicem
2547 4210 2613 4262 ad
2654 4208 2858 4263 tabulas
2900 4209 3037 4265 dicta
3080 4218 3221 4266 sunt.
3264 4211 3456 4267 Postea

1870 4297 2195 4353 inordinatus
2236 4300 2677 4370 perstrepentium
2714 4301 3163 4371 iuterpellationes
3185 4345 3201 4370 ,
3232 4314 3285 4359 et
3328 4321 3455 4374 pro-

1873 4398 2051 4460 pterea
2083 4399 2318 4446 nostram
2345 4407 2556 4462 quinque
2581 4393 3016 4448 turbulentiorem
3044 4394 3452 4464 diSputationcm

1870 4484 2061 4538 notarii
2095 4500 2196 4539 non
2232 4484 2466 4540 valentes
2491 4488 2787 4551 sustinere,
2814 4497 3117 4552 cesserunt;
3149 4489 3301 4543 nobis
3325 4505 3456 4545 sane

1871 4592 1975 4631 non
1998 4577 2392 4644 desistentibus,
2416 4587 2468 4632 et
2490 4587 2546 4632 ut
2566 4579 2755 4647 cuique
2777 4576 2995 4633 facultas
3017 4579 3261 4648 dabatur,
3288 4582 3454 4635 multa

1871 4669 2188 4727 dicentibus.
2217 4671 2292 4726 Ex
2324 4672 2514 4740 quibus
2548 4672 2789 4726 omnibus
2819 4671 2994 4728 verbis
3020 4675 3253 4738 nostris,
3281 4689 3452 4742 quau-

1870 4771 1980 4819 tum
2008 4764 2276 4819 recordari
2309 4765 2473 4835 potui,
2501 4779 2674 4819 causa:
2703 4764 2861 4819 totius
2891 4765 3173 4828 actionem,
3207 4765 3456 4821 Dilectio-

1872 4872 1994 4911 nem
2021 4865 2252 4913 vestram
2282 4855 2525 4911 fraudare
2553 4855 2715 4910 nolui.
2754 4856 2985 4911 Potestis
3009 4858 3151 4911 enim
3177 4857 3225 4913 ei
3252 4857 3455 4915 litteras

1870 4964 2018 5003 meas
2048 4949 2257 5019 legere,
2287 4957 2343 5003 ut
2367 4949 2449 5003 vel
2477 4949 2733 5019 approbet
2758 4965 2882 5004 vera
2909 4965 2995 5005 me
3023 4950 3337 5021 scripsisse;
3372 4953 3452 5007 vel

1870 5039 1987 5111 ipse
2025 5038 2195 5108 vobis,
2238 5040 2284 5096 si
2329 5040 2454 5110 quid
2495 5040 2684 5097 melius
2720 5040 2928 5111 recolit,
2967 5042 3335 5099 incunctanter
3375 5046 3455 5098 iu-

1869 5132 2063 5189 sinuet.

1942 5223 2165 5282 CAPUT
2194 5224 2257 5280 lt.
2277 5226 2422 5283 -—5.
2446 5225 2625 5283 Primo
2649 5228 2790 5283 enim
2818 5228 2979 5285 vitam
3004 5242 3237 5288 nostram
3254 5275 3267 5293 ,
3294 5246 3450 5301 quam

1870 5320 2020 5375 vobis
2045 5320 2443 5375 benevolentius
2466 5320 2690 5377 fortasse
2712 5339 2867 5395 quam
2894 5326 3068 5381 verius
3095 5327 3445 5390 narrantibus.

1870 5428 1929 5469 se
1948 5415 2272 5483 comperisse
2293 5413 2523 5480 dicebat,
2546 5417 2832 5485 pra:dicare
2850 5418 3096 5490 dignatus
3121 5429 3203 5474 est
3225 5438 3237 5471 :
3262 5420 3451 5487 adjun-

1872 5521 2003 5577 gens
2028 5520 2087 5561 se
2120 5506 2319 5562 dixisse
2346 5508 2519 5575 vobis,
2552 5525 2647 5565 nos
2677 5514 2869 5567 omnia.
2903 5528 3019 5583 qua:
3050 5514 3114 5566 de
3144 5513 3294 5567 nobis
3323 5512 3453 5569 iusi-

1874 5604 2198 5667 nuaveratis,
2230 5601 2364 5657 bene
2390 5602 2566 5658 facere
2594 5608 2825 5674 potuisse
2844 5644 2860 5670 ,
2888 5606 2934 5660 si
2972 5605 3022 5658 in
3051 5604 3285 5661 Ecclesia
3317 5608 3456 5663 faced

1875 5705 2071 5745 remus.
2114 5690 2313 5748 Deinde
2346 5709 2583 5763 qurerere
2624 5696 2878 5765 coepimus
2908 5709 3149 5767 quienam
3195 5697 3283 5754 illa
3315 5708 3458 5756 esset

1873 5780 2140 5850 Ecclesia,
2183 5784 2271 5840 ubi
2303 5787 2478 5843 vivere
2516 5789 2595 5843 sic
2632 5799 2938 5860 oporteret;
2971 5801 3145 5849 utrum
3187 5794 3271 5849 illa
3313 5812 3452 5866 quas,

1872 5880 2007 5935 sicut
2034 5888 2217 5939 sancta
2242 5888 2388 5943 tanto
2412 5890 2537 5941 ante
2560 5882 2830 5973 seriputra
2869 5888 3219 5963 pradixerat,
3248 5904 3307 5949 se
3347 5897 3457 5945 ter;
