3962 6410
511 352 614 414 175

506 481 687 527 rarum
716 465 848 522 orbe
871 463 1207 527 dilfunderet,
1236 476 1302 518 an
1331 461 1417 518 illa
1446 475 1603 534 quam
1641 475 1764 532 pars
1789 460 1975 530 exigua
2001 455 2087 511 vel

509 558 760 615 Afrorum
800 556 884 612 vel
922 554 1116 610 Africae
1149 555 1465 609 contineret.
1506 552 1602 607 llic
1639 552 1808 622 primo
1847 563 2086 606 asserere

509 662 729 708 conatus
775 660 892 714 est,
941 648 1133 717 ubique
1177 655 1434 701 terrarum
1481 659 1599 700 esse
1659 643 2086 698 communionem

508 756 682 798 suam.
725 739 1036 810 Qumrebam
1074 746 1249 792 utrum
1285 736 1536 806 epistolas
1572 733 2083 798 commnnicatorias,

508 850 640 908 quas
679 834 930 889 formatas
964 831 1220 895 dicimus,
1254 839 1431 899 posset
1472 844 1577 900 quo
1619 829 1805 884 vellem
1851 827 1999 890 dare,
2035 835 2089 880 et

508 925 836 980 aflirmabam
863 966 877 988 ,
919 922 1060 993 quod
1106 921 1442 976 manifestum
1499 929 1614 975 erat
1659 919 1940 982 omnibus,
1987 916 2088 972 hoc

508 1018 669 1072 modo
695 1016 940 1072 facillime
964 1015 1103 1069 illam
1137 1015 1404 1068 terminari
1433 1028 1587 1084 posse
1616 1012 1960 1082 quaestionem
1988 1008 2084 1081 (a).

511 1108 764 1163 Parabam
792 1119 987 1167 autem,
1015 1114 1070 1160 ut
1099 1105 1142 1160 si
1168 1105 1515 1171 consentiret,
1538 1103 1602 1156 ad
1635 1103 1750 1157 illas
1779 1102 2032 1157 ecclesias
2057 1117 2088 1155 a

510 1200 664 1255 nobis
713 1199 844 1252 tales
883 1198 1069 1252 litter:e
1116 1197 1481 1261 mitterentur,
1522 1208 1652 1265 quas
1693 1194 1744 1247 in
1787 1191 2090 1262 apostolicis

507 1292 907 1348 auctoritatibus
969 1291 1164 1361 pariter
1201 1290 1497 1360 legeremus
1552 1288 1644 1342 illo
1693 1287 1802 1356 jam
1853 1294 2090 1355 tempore

506 1386 670 1442 fuisse
696 1385 958 1440 fundatas.

579 1478 635 1534 4.
677 1475 784 1533 Sed
811 1477 933 1547 quia
963 1491 1050 1530 res
1075 1485 1256 1545 aperte
1289 1473 1413 1527 falsa
1443 1482 1590 1539 erat,
1619 1470 1890 1542 permixtis
1915 1469 2091 1525 verbis

508 1567 615 1624 cito
641 1567 764 1622 inde
789 1565 1082 1621 discessum
1107 1573 1221 1627 est;
1251 1564 1388 1620 inter
1411 1579 1529 1634 qute
1554 1563 1712 1618 verba
1733 1561 2088 1632 evangelicam

507 1659 651 1716 illam
677 1658 884 1714 Domini
908 1656 1319 1711 admonitionem
1336 1653 1790 1716 commemoravit,
1809 1667 1909 1721 qua
1927 1651 2086 1706 dixit:

509 1751 688 1810 Cavete
724 1768 756 1804 α
796 1748 1280 1820 pseudOprOphetis;
1311 1745 1457 1801 multi
1486 1746 1553 1799 ad
1580 1762 1664 1800 vos
1702 1745 1895 1799 venient
1924 1744 1976 1797 in
2005 1759 2090 1798 ve-

504 1845 626 1900 stitu
652 1843 838 1908 ovium,
865 1843 997 1895 intus
1026 1850 1191 1894 autem
1220 1849 1334 1893 sunt
1362 1838 1469 1909 lupi
1492 1853 1701 1908 rapaces
1725 1853 1741 1890 :
1763 1852 1824 1891 ea:
1845 1835 2090 1907 fructibus

508 1953 679 1992 corum
712 1934 1018 2008 cognoscetis
1047 1950 1129 1987 eos
1159 1931 1367 2002 (Matth.
1393 1947 1488 1994 vtt,
1520 1932 1604 1996 15,
1634 1930 1742 2001 l6).
1772 1929 1900 1996 Quae
1929 1929 2086 1983 verba

507 2025 715 2082 Domini
760 2040 881 2080 cum
908 2023 1206 2079 diceremus
1235 2022 1418 2077 eadem
1447 2021 1512 2075 de
1548 2020 1648 2074 illis
1678 2035 1707 2073 a
1738 2019 1888 2074 nobis
1928 2033 2087 2089 posse

506 2118 741 2181 recitari,
765 2126 980 2174 ventum
1011 2116 1131 2171 inde
1156 2125 1236 2171 est
1261 2115 1326 2169 ad
1356 2114 1814 2186 exaggerationem
1841 2128 2090 2183 persecu-

505 2211 685 2276 tionis,
714 2225 870 2280 quam
897 2223 1038 2278 saepe
1077 2223 1224 2263 suam
1267 2215 1474 2278 partem
1515 2205 1796 2276 pertulisse
1838 2203 2083 2268 dicebat;

505 2300 630 2356 hinc
658 2302 838 2356 volens
868 2299 1146 2356 ostendere
1171 2313 1298 2353 suos
1321 2313 1441 2353 esse
1465 2297 1801 2362 christianos,
1821 2297 1939 2367 quia
1971 2311 2085 2365 per-

502 2397 829 2451 secutionem
887 2401 1212 2462 paterentur.
1257 2391 1398 2445 Inter
1450 2406 1566 2457 qua:
1611 2389 1772 2443 verba
1825 2404 1943 2442 cum
1989 2404 2087 2459 ego

504 2502 749 2557 pararem
804 2501 869 2539 ex
921 2484 1209 2552 Evangelio
1253 2481 1598 2551 respondere,
1636 2478 1756 2533 inde
1800 2479 2083 2548 capitulum

503 2575 935 2632 commemoravit
968 2574 1129 2643 prior,
1155 2572 1240 2625 ubi
1270 2572 1521 2627 DoIninns
1549 2571 1619 2624 ait
1647 2588 1659 2623 :
1691 2568 1832 2622 Beati
1861 2570 1948 2632 qui
1972 2586 2087 2638 per-

502 2677 803 2722 secutionem
825 2665 1084 2736 patiuntur
1107 2673 1309 2734 propter
1318 2662 1590 2733 justitiam,
1605 2662 1841 2734 quoniam
1862 2661 2084 2732 ipsorum

501 2771 570 2814 est
601 2775 806 2829 regnum
838 2758 1076 2812 caelorum
1106 2754 1231 2829 (Id.
1257 2770 1312 2818 v,
1342 2755 1409 2809 10
1434 2755 1451 2824 )
1495 2755 1612 2822 Quo
1639 2755 1753 2809 loco
1781 2771 1880 2824 ego
1909 2763 2085 2823 gratu-

500 2849 657 2912 latus,
684 2849 882 2919 subjm-i
915 2847 1088 2902 statim
1121 2847 1171 2902 id
1204 2862 1330 2916 ergo
1359 2862 1478 2902 esse
1503 2846 1866 2916 qnmrendnm,
1904 2853 2082 2899 utrum

503 2941 578 2997 illi
610 2941 1032 3011 persecutionem
1072 2938 1562 3008 pr0pterjustitiam
1598 2938 1738 3006 passi
1782 2935 1994 2991 fuerint.
2027 2936 2080 2992 ln

501 3046 602 3103 qua
633 3031 923 3100 qutestione
953 3030 1141 3083 discuti
1172 3029 1472 3098 cupiebam,
1501 3026 1641 3096 quod
1667 3027 1878 3097 quidem
1910 3026 2084 3081 omni-

503 3123 602 3177 bus
628 3121 826 3176 clarum
857 3131 1007 3185 erat,
1039 3128 1214 3173 utrum
1243 3135 1337 3174 eos
1362 3119 1414 3172 in
1443 3119 1640 3173 unitate
1669 3119 1919 3173 Ecclesiae
1948 3135 2081 3174 con-

502 3214 731 3275 stitutos,
756 3229 820 3265 an
849 3210 1133 3266 schismate
1155 3211 1264 3279 jam
1293 3210 1488 3263 divisos
1514 3209 1807 3264 Macariana
1839 3219 2080 3278 tempora

503 3304 802 3360 invenerint
830 3301 945 3373 (b);
980 3311 1035 3356 ut
1067 3302 1155 3371 qui
1202 3302 1381 3355 videre
1425 3300 1620 3354 vellent
1654 3311 1826 3354 utrum
1864 3311 2082 3369 propter

502 3397 758 3467 justitiam
786 3395 1204 3466 persecutionem
1232 3393 1366 3459 passi
1397 3391 1608 3454 fuerint,
1638 3391 1687 3445 id
1717 3392 1887 3461 potius
1913 3400 2084 3446 atten-

504 3489 712 3555 dercnt,
743 3497 914 3541 utrum
942 3501 999 3540 se
1024 3495 1167 3540 recte
1193 3500 1222 3537 a
1253 3483 1410 3538 totius
1435 3483 1578 3537 orbis
1604 3483 1801 3537 unitate
1829 3483 2083 3552 praecide-

504 3581 627 3635 rint.
653 3578 804 3646 Quod
831 3579 874 3633 si
901 3578 1093 3648 injuste
1122 3575 1314 3632 fecisse
1339 3577 1719 3640 invenirentur,
1744 3575 2080 3631 manifestum

503 3680 644 3726 esset
686 3686 779 3726 eos
821 3682 1040 3742 propter
1087 3670 1395 3737 injustitiam
1445 3670 1620 3738 potius
1665 3686 1821 3740 quam
1869 3679 2083 3742 propter

503 3761 754 3832 justitiam
783 3777 969 3832 passos
998 3761 1415 3831 persecutionem
1442 3779 1455 3825 ;
1484 3771 1535 3814 et
1562 3762 1681 3816 ideo
1712 3778 1932 3817 numero
1960 3763 2084 3818 bea-

506 3864 680 3908 torum
723 3853 936 3923 adjungi
977 3868 1082 3907 non
1127 3867 1321 3922 posse,
1367 3853 1434 3907 de
1474 3853 1663 3922 quibus
1709 3853 1906 3908 dictum
1951 3864 2080 3911 est:

506 3945 651 3999 Beati
697 3944 782 4016 qui
832 3945 1220 4008 persecutionem
1265 3945 1522 4014 patiuntur
1569 3953 1768 4014 prapter
1801 3945 2078 4015 justitiam.

506 4037 578 4092 lbi
603 4045 1013 4091 commemorata
1044 4045 1124 4089 est
1151 4035 1401 4089 famosior
1420 4051 1577 4104 quam
1603 4035 1800 4090 certior
1827 4035 2082 4092 Codicum

505 4129 592 4182 illa
641 4127 870 4182 traditio.
914 4125 1019 4182 Sed
1065 4125 1486 4195 respondebatur
1521 4141 1551 4180 a
1591 4127 1828 4196 partibus
1865 4127 2079 4192 nostris,

507 4220 769 4290 principes
795 4219 1005 4272 illorum
1037 4219 1212 4287 potius
1248 4217 1406 4273 fuisse
1437 4218 1751 4273 traditores:
1779 4218 1921 4289 quod
1945 4218 1990 4273 si
2015 4219 2081 4274 de

507 4311 606 4364 hac
652 4324 708 4363 re
753 4318 1054 4364 nostrorum
1101 4309 1291 4363 litteris
1329 4311 1530 4364 nollent
1565 4310 1804 4375 credere,
1851 4327 1947 4366 nec
1984 4326 2082 4366 nos

507 4399 623 4471 cogi
652 4407 897 4467 oportere
923 4406 978 4451 ut
1005 4397 1192 4451 litteris
1219 4399 1498 4452 credamus
1525 4400 1779 4468 ipsorum.

578 4487 803 4544 CAPUT
844 4487 927 4541 lll.
952 4517 1021 4528 —-
1045 4488 1097 4542 5.
1129 4487 1230 4543 Sed
1253 4496 1429 4542 tamen
1449 4499 1771 4558 sequestrata
1798 4491 1894 4545 ista
1923 4492 2080 4548 dubia

568 4663 641 4729 (a)
662 4663 776 4729 [line
791 4664 1290 4729 Donatistasiurgebat
1315 4665 1459 4729 etiam
1484 4671 1680 4728 Optatus
1712 4669 1757 4716 in
1781 4671 1864 4719 lib.
1883 4670 1930 4721 2.
1959 4690 1980 4719 α
1997 4679 2084 4725 No-

511 4748 535 4778 ι
555 4726 648 4788 bis,
669 4728 838 4789 inquit,
857 4735 987 4790 totus
1005 4726 1136 4776 orbis
1150 4727 1436 4790 conmiercio
1452 4726 1763 4790 forinatantm
1781 4733 1826 4780 in
1846 4747 1937 4784 una
1954 4749 2084 4786 com-

513 4809 536 4837 ι
558 4788 796 4840 munionis
832 4788 1071 4851 societate
1099 4789 1367 4837 concordat.
1397 4805 1419 4831 ν
1454 4788 1513 4836 ’ω
1550 4790 1714 4840 codice
1751 4808 1855 4842 can.
1900 4796 2078 4851 Fccles.

507 4851 642 4923 ét'rie.
666 4859 824 4900 exstat
845 4862 997 4899 canon
1016 4849 1093 4922 ἐξ,
1113 4858 1164 4923 ut
1187 4851 1438 4912 episcomis
1458 4857 1590 4900 trans
1610 4865 1742 4903 mare
1760 4849 2078 4923 proiecturus,

504 4913 755 4976 fur_t_:tatum
775 4920 930 4976 suniat
949 4925 976 4960 a
1002 4913 1219 4976 primate.

568 4973 637 5033 (υ)
657 4974 877 5043 uacarius
899 4972 1034 5046 cujus
1049 4981 1186 5046 gesta
1211 4975 1268 5046 in.
1281 4972 1540 5045 catholicos
1553 4975 1850 5046 calumniose
1873 4983 2082 5046 objecta-

503 5033 618 5083 bant
644 5035 892 5099 Donatistae
909 5068 923 5089 ,
948 5033 1073 5083 adeo
1093 5042 1144 5084 ut
1170 5047 1230 5099 cit
1256 5036 1404 5097 ipsius
1439 5037 1631 5086 nomine
1660 5033 1950 5095 itamrianos'
1972 5033 2081 5099 illos

504 5094 833 5163 appellarent,
859 5107 887 5142 a
916 5104 1168 5145 (tonstante
1202 5094 1493 5163 imperatore
1524 5099 1637 5163 circ.
1660 5114 1737 5148 an.
1763 5105 1880 5163 διδ,
1906 5094 2080 5159 missus

504 5157 589 5205 init
628 5171 674 5205 ιιι
699 5166 730 5203 Α
748 5157 893 5203 ricam
916 5169 1008 5204 una
1031 5170 1137 5204 cum
1155 5157 1318 5232 paulo,
1340 5166 1438 5232 tum
1467 5166 1520 5232 ut
1544 5157 1887 5232 eleentosynas
1908 5157 2080 5232 eroga;

503 5226 579 5282 ret
606 5233 650 5267 ιιι
690 5229 956 5282 pauperes,
989 5227 1086 5282 tum
1120 5220 1415 5282 utsingulos
1441 5221 1497 5269 ad
1531 5220 1778 5273 unitatem'
1799 5220 2077 5282 catholicam

503 5281 854 5346 adhortaretur.
880 5281 960 5326 cui
983 5293 1028 5340 et
1047 5280 1188 5340 iscopi
1205 5280 1476 5346 donatistze,
1491 5283 1539 5331 in
1561 5287 1726 5346 primis
1741 5295 1946 5340 Donatus
1966 5280 2077 5341 (κη-ξ

502 5342 801 5410 tbagtneusis
822 5349 871 5390 et
894 5348 1099 5410 Donatus
1115 5343 1383 5417 Bttgaicnsis
1409 5342 1728 5417 vehementer
1758 5351 2073 5417 obstiterunt;

501 5403 614 5467 «tum
650 5411 697 5451 et
733 5403 779 5449 in
815 5415 926 5467 eum
963 5403 1258 5467 concitarunt
1293 5404 1728 5457 (:ircumcellionutn
1761 5409 1969 5462 furorem
2000 5403 2074 5467 τί

501 5462 675 5534 quimus
699 5464 920 5525 permulti
941 5463 1416 5539 a‘niilitibusnecati,
1436 5475 1764 5539 et_martyrum
1789 5473 1927 5539 titulo
1949 5462 2073 5539 apud

501 5529 770 5590 twn-.ttistas
790 5527 1040 5590 exornati;
1065 5526 1191 5590 inter
1217 5538 1302 5590 ε‹,δ
1325 5526 1877 5585 celebriores'itarculus
1911 5545 1961 5587 et

501 5593 659 5664 natus,
677 5586 857 5664 scilicet
880 5588 1167 5659 Bagaiensis.
1196 5587 1324 5664 alter
1343 5597 1505 5664 autem
1526 5598 1758 5664 Donatus,
1782 5611 1890 5646 cum
1914 5586 1973 5664 iis
1990 5586 2073 5664 qui

501 5652 558 5717 ad
583 5649 878 5724 concordiam
900 5646 1112 5724 revccari
1137 5646 1340 5724 nollent,
1359 5656 1516 5724 lugam
1538 5646 1841 5724 pastinationi
1857 5646 2070 5724 arripdit,

500 5710 608 5778 sive
633 5707 679 5755 in
704 5709 903 5783 exilium
917 5711 1173 5783 relegatus
1191 5711 1305 5772 fuit,
1327 5707 1392 5762 cx
1407 5707 1594 5775 “Optato
1617 5717 1665 5766 in
1703 5718 1782 5770 lib.
1811 5707 1870 5779 δέ
1889 5707 2071 5783 pii-Exi;

429 5819 438 5828 ,
500 5769 645 5822 etiam
671 5781 732 5818 ex
757 5772 1029 5833 AuguStino,
1049 5769 1140 5824 etc.

1746 345 1804 402 S.
1845 335 2214 402 AUGUSTINI
2249 340 2550 402 EPISCOPI
2846 341 2854 358 ’
3659 366 3741 430 Ιτο

2197 458 2510 526 quaestione,
2550 461 2849 531 qumrebam
2887 467 3152 537 quomodo
3175 483 3235 527 se
3259 472 3342 530 isti
3367 473 3503 545 iuste
3527 492 3747 553 separas-

2194 557 2312 603 sent
2362 548 2430 603 ab
2476 551 2772 608 innocentia
2820 567 3130 642 caeterorum
3177 548 3626 642 Christianorum,
3668 579 3748 648 qui

2193 653 2290 708 per
2314 639 2496 696 orbem
2531 653 2790 700 terrarum
2823 640 3174 708 suecessionis
3199 657 3444 716 ordinem
3471 639 3749 726 custodien-

2196 741 2296 800 tes,
2323 735 2372 788 in
2399 737 2775 806 antiquissimis
2799 741 3050 801 Ecclesiis
3074 751 3363 818 constituti,
3394 763 3598 824 penitus
3622 761 3749 833 igno-

2195 837 2375 882 rarent
2402 833 2490 898 qui
2520 829 2713 886 fuerint
2739 834 2788 888 in
2815 834 2994 892 Africa
3025 840 3338 912 traditores;
3366 849 3455 918 qui
3480 861 3623 910 certe
3642 829 3750 914 inoo

2195 929 2415 986 possent
2438 926 2850 991 communicare,
2879 930 2978 984 nisi
3005 932 3084 986 eis
3109 949 3244 1005 quos
3269 938 3458 997 sedere
3484 943 3532 998 in
3557 947 3750 1007 sedibus

2195 1009 2582 1082 episcopalibus
2605 1017 2904 1075 audiebant.
2935 1022 3258 1096 Respondit,
3283 1034 3482 1091 tamdiu
3509 1046 3750 1099 transma-

2196 1100 2430 1158 rinarum
2459 1107 2683 1175 partium
2723 1111 2988 1170 Ecclesias
3013 1120 3273 1178 mansisse
3301 1122 3639 1196 innocentes,
3665 1133 3750 1191 do-

2195 1207 2295 1246 nec.
2316 1199 2713 1255 consensissent
2756 1203 2806 1257 in
2851 1218 3037 1261 eorum
3067 1213 3398 1282 sanguinem,
3425 1233 3559 1290 quos
3597 1222 3750 1282 Maca-

2195 1284 2395 1340 rianam
2445 1293 2867 1358 persecutionem
2919 1301 3194 1368 pertulisse
3240 1284 3468 1363 dicebat:
3524 1310 3620 1368 Ubi
3666 1330 3751 1388 ego

2195 1389 2406 1444 possem
2437 1380 2650 1450 quidem
2677 1382 2873 1450 dicere,
2903 1404 3001 1445 nec
3030 1391 3223 1448 invidia
3253 1395 3536 1455 Macariani
3569 1380 3754 1477 tempo-

2197 1467 2272 1524 ris
2298 1470 2651 1530 innocentiam
2686 1484 3150 1542 transmarinarum
3197 1488 3554 1550 Ecclesiarum
3592 1467 3756 1557 conla-

2196 1561 2384 1616 minari
2411 1567 2677 1633 pOIIIiSa‘c;
2709 1571 3132 1644 quandoquidem
3160 1580 3304 1635 nullo
3331 1583 3492 1640 modo
3519 1587 3754 1655 probare-

2196 1663 2282 1708 tur
2300 1655 2402 1711 illis
2429 1659 2732 1718 auctoribus
2763 1662 2950 1723 fecisse
2973 1670 3132 1725 etiam
3157 1689 3275 1743 quae
3304 1675 3519 1734 fecerat.
3567 1681 3666 1738 Sed
3697 1683 3756 1742 de

2195 1749 2506 1816 compendio
2527 1767 2768 1823 quaerere
2792 1759 2982 1826 malui,
3015 1763 3060 1816 si
3088 1764 3298 1822 Macarii
3327 1771 3552 1840 szevitia,
3583 1789 3646 1831 ex
3663 1791 3755 1848 quo

2195 1840 2246 1896 in
2275 1857 2388 1897 eam
2414 1849 2746 1905 consensisse
2769 1851 3080 1910 dicebantur
3103 1863 3468 1920 transmarina:
3491 1840 3751 1938 Ecclesiae,

2194 1945 2342 1987 suam
2384 1934 2738 1996 innocentiam
2767 1942 3137 2013 perdiderunt.
3163 1959 3338 2008 utrum
3362 1953 3553 2012 Saltem
3582 1934 3753 2030 proba;

2194 2034 2339 2081 retur
2364 2045 2528 2098 usque
2571 2032 2638 2088 ad
2677 2033 2764 2089 illa
2795 2043 3032 2107 tempora
3061 2040 3362 2100 Donatistas
3394 2061 3517 2103 cum
3553 2050 3757 2108 orienta-

2195 2116 2332 2174 libus
2373 2121 2621 2179 Ecclesiis
2662 2127 2975 2200 caeterisque
3021 2132 3166 2189 orbis
3195 2137 3432 2205 partibus
3474 2139 3530 2196 in
3576 2143 3754 2202 unitate

2193 2215 2470 2268 mansisse.

2264 2303 2316 2357 6.
2357 2304 2504 2360 Tunc
2541 2310 2760 2377 protulit
2795 2313 3058 2384 quoddam
3099 2318 3343 2376 volumen
3367 2362 3383 2390 ,
3430 2323 3520 2380 ubi
3563 2327 3755 2384 volebat

2191 2397 2472 2454 ostendere
2499 2400 2813 2461 Sardicense
2853 2409 3131 2466 concilium
3160 2413 3228 2467 ad
3255 2415 3537 2488 episcopos
3577 2419 3751 2490 Afros,

2191 2491 2278 2559 qui
2309 2502 2458 2545 erant
2483 2498 2872 2555 communionis
2892 2502 3100 2567 Donati,
3132 2505 3341 2562 dedisse
3368 2508 3597 2567 litteras.
3619 2512 3756 2581 Quod

2191 2598 2311 2638 cum
2335 2584 2612 2655 legeretur,
2641 2590 2938 2648 audivimus
2956 2595 3141 2651 Donati
3164 2614 3355 2655 nomen
3383 2603 3522 2659 inter
3547 2614 3754 2662 ceteros

2191 2675 2509 2746 episcopos,
2563 2680 2755 2750 quibus
2800 2683 2874 2738 illi
2921 2685 3261 2755 scripserant.
3300 2689 3482 2763 Itaque
3533 2694 3755 2766 ﬂagitare

2190 2767 2448 2835 coepimus
2486 2779 2542 2823 ut
2579 2771 2846 2828 diceretur
2865 2818 2878 2839 ,
2923 2786 3097 2832 utrum
3127 2779 3237 2850 ipse
3266 2795 3406 2838 esset
3435 2784 3672 2842 Donatus
3697 2786 3756 2843 de

2189 2857 2340 2924 cujus
2367 2868 2514 2925 parte
2545 2859 2629 2914 isti
2668 2865 3109 2932 cognominantur
3142 2886 3156 2916 :
3189 2870 3299 2926 ﬁeri
3327 2873 3470 2927 enim
3501 2877 3752 2946 potuisse,

2189 2956 2246 3000 ut
2273 2948 2426 3002 alicui
2451 2950 2653 3005 Donato
2675 2954 2891 3010 alterius
2915 2956 3134 3014 ltmresis
3159 2962 3409 3033 episcopo
3434 2966 3753 3037 scripserint,

2189 3055 2307 3093 cum
2355 3042 2581 3098 maxime
2611 3042 2663 3098 in
2703 3045 2805 3102 illis
2844 3049 3142 3106 nominibus
3187 3068 3287 3109 nec
3328 3054 3524 3112 Africa:
3570 3058 3754 3114 mentio

2188 3129 2321 3186 facta
2354 3133 2525 3187 fuerit.
2554 3136 2832 3202 Quomodo
2861 3155 2988 3212 ergo
3023 3154 3204 3214 posset
3245 3147 3470 3217 probare
3506 3151 3755 3208 Donatum

2189 3225 2354 3293 partis
2406 3226 2591 3283 Donati
2645 3232 2951 3302 episcopum
3006 3239 3218 3295 nomine
3261 3239 3350 3295 illo
3397 3242 3756 3314 accipiendum

2189 3331 2328 3384 esse,
2359 3319 2568 3389 quando
2600 3338 2665 3376 ne
2692 3323 2743 3378 id
2768 3326 2979 3394 quidem
3006 3329 3231 3399 probare
3259 3343 3463 3402 posset,
3497 3344 3674 3392 utrum
3696 3335 3756 3393 ad

2189 3409 2552 3469 Africanarum
2600 3417 2903 3485 specialiter
2951 3421 3302 3480 Ecclesiarum
3343 3427 3627 3500 episcopos
3661 3429 3756 3486 illa:

2189 3500 2378 3556 litterae
2407 3506 2583 3562 missa:
2609 3508 2820 3565 fuerint.
2849 3512 3158 3584 Quanquam
3187 3518 3330 3574 enim
3357 3520 3547 3578 Donati
3571 3540 3754 3582 nomen

2189 3591 2371 3648 Afrum
2403 3611 2522 3653 esse
2548 3599 2748 3669 soleat,
2781 3620 2884 3658 non
2915 3614 3089 3661 tamen
3118 3621 3435 3682 repugnaret
3459 3631 3488 3670 a
3518 3631 3679 3683 vero,
3705 3624 3756 3673 ut

2191 3686 2273 3740 vel
2303 3689 2532 3756 partium
2564 3690 2770 3748 illarum
2801 3696 2990 3767 aliquis
3017 3710 3297 3756 vocaretur
3338 3705 3554 3762 nomine
3589 3707 3751 3777 Afro,

2194 3777 2272 3833 vel
2300 3779 2488 3850 aliquis
2531 3781 2658 3837 Afer
2704 3785 2754 3839 in
2787 3786 2888 3842 illis
2927 3790 3163 3858 partibus
3200 3793 3612 3852 constitueretur
3647 3798 3755 3869 epi-

2190 3884 2402 3941 sc0pus.
2429 3872 2610 3943 Neque
2638 3877 2781 3932 enim
2811 3877 2860 3933 in
2887 3879 2965 3934 eis
2991 3881 3075 3936 vel
3104 3882 3244 3938 diem
3274 3885 3356 3940 vel
3379 3888 3654 3943 consulem
3679 3889 3754 3944 in-

2193 3964 2453 4032 venimus,
2481 3976 2538 4021 ut
2565 3968 2749 4024 saltem
2779 3972 3127 4031 consideratis
3154 3979 3480 4048 temporibus
3504 3982 3632 4037 certi
3663 3981 3754 4036 alio

2188 4055 2312 4125 quid
2324 4055 2578 4113 eluceret.
2592 4059 2734 4118 Sane
2747 4065 2994 4134 quoniam
3012 4069 3190 4122 nescio
3205 4069 3415 4140 quando
3431 4071 3758 4128 audieramus

2191 4146 2434 4214 Arianos,
2463 4164 2583 4206 cum
2610 4166 2639 4206 a
2665 4155 3037 4213 communione
3073 4159 3329 4216 catholica
3350 4162 3751 4235 discrepasscnt,

2193 4239 2492 4297 Donatistas
2519 4244 2569 4298 in
2605 4243 2783 4302 Africa
2809 4247 2906 4302 sibi
2938 4250 3141 4308 sociare
3170 4261 3400 4311 tenta~se
3431 4271 3443 4311 :
3476 4255 3542 4310 ad
3573 4271 3752 4312 aurem

2190 4333 2318 4386 mihi
2350 4333 2453 4389 hoc
2479 4335 2648 4404 ipsum
2687 4337 2851 4394 frater
2877 4341 3097 4413 Alypius
3120 4346 3400 4416 suggessit.
3433 4347 3584 4404 Tunc
3605 4363 3754 4406 acccc

2190 4431 2280 4491 pto
2310 4424 2425 4493 ipso
2450 4425 2719 4482 volumine
2741 4469 2757 4495 ,
2788 4428 3026 4500 ejusdem
3052 4435 3259 4490 concilii
3292 4445 3484 4492 statuta
3522 4438 3755 4495 conside-

2187 4529 2350 4580 rans,
2421 4518 2560 4588 Iegi‘
2589 4518 2933 4577 Athanasium
2991 4526 3296 4596 episcOpum
3344 4529 3753 4586 Alexandrinum

2189 4607 2544 4675 catholicum,
2573 4611 2724 4680 cujus
2747 4615 2980 4671 maxime
3007 4616 3264 4673 adversus
3291 4620 3518 4677 Arianos
3562 4622 3753 4678 acerri-

2188 4715 2394 4756 marum
2437 4701 2852 4772 disputationum
2886 4709 3160 4766 conﬂictus
3186 4713 3442 4777 eminuit,
3477 4722 3534 4770 et
3568 4715 3752 4772 Julium

2188 4793 2440 4848 Ecclesiae
2484 4795 2738 4853 Romana:
2777 4800 3104 4871 episcopum,
3147 4802 3487 4861 nihilominus
3535 4807 3752 4863 catholio

2187 4901 2329 4954 cum,
2355 4888 2444 4942 illo
2470 4892 2695 4946 concilio
2719 4891 3016 4950 Sardicensi
3045 4895 3206 4952 fuisse
3233 4898 3578 4968 improbatus.
3609 4898 3752 4956 Unde

2185 4980 2322 5049 apud
2356 4998 2455 5036 nos
2484 4985 2718 5039 constitit
2745 4987 3060 5043 Arianorum
3102 4987 3267 5045 fuisse
3291 4991 3572 5047 concilium
3595 5032 3609 5058 ,
3637 4991 3752 5062 qui-

2184 5073 2282 5129 bus
2307 5074 2392 5130 isti
2413 5077 2646 5148 episcopi
2667 5078 2908 5135 catholici
2931 5082 3394 5140 vehementissime
3421 5085 3747 5142 resistebant.

2185 5163 2364 5237 ltaque
2386 5167 2450 5222 ad
2473 5168 2856 5240 diligentiorem
2880 5172 3037 5228 etiam
3054 5183 3350 5244 temporum
3374 5175 3746 5233 discussionem

2184 5261 2446 5316 voluimus
2480 5264 2649 5332 ipsum
2676 5264 2923 5320 volumen
2965 5269 3206 5337 accipere
3234 5279 3391 5340 atque
3419 5271 3625 5326 auferre
3654 5283 3746 5323 no-

2183 5353 2408 5408 biscum.
2437 5355 2539 5422 Qui
2565 5357 2730 5411 noluit
2751 5358 2897 5419 dare.
2928 5359 3132 5424 dicens,
3159 5360 3229 5416 ibi
3257 5377 3355 5417 nos
3378 5362 3573 5418 habere
3599 5358 3738 5424 illud,

2183 5444 2394 5508 quando
2431 5445 2628 5515 aliquid
2669 5447 2720 5501 in
2763 5462 2828 5502 eo
2864 5449 3202 5507 considerare
3243 5451 3520 5508 vellemus.
3559 5448 3741 5524 Rogavi

2179 5537 2341 5593 etiam
2384 5549 2442 5594 ut
2487 5555 2644 5594 manu
2693 5557 2809 5597 mea
2853 5544 3026 5599 notari
3063 5545 3427 5615 permitteret,
3461 5546 3658 5611 fateor,
3683 5541 3743 5596 Ii-

2181 5645 2332 5686 mens
2386 5647 2454 5687 ne
2499 5633 2627 5688 mihi
2677 5634 2812 5690 forte
2865 5650 3021 5691 causa
3074 5637 3351 5709 exigente,
3405 5655 3526 5696 cum
3575 5646 3742 5710 peten-

2254 5794 2270 5825 θ
2287 5793 2418 5857 Apud
2443 5793 2550 5846 ead.
2576 5802 2672 5847 Am.
2691 5801 2765 5846 Er.
2793 5795 3024 5862 etplum
3039 5805 3168 5861 Ius,
3190 5796 3314 5864 (ψ.
