3962 6380
183 423 274 481 ιπ

182 539 295 595 dum
332 543 501 601 esset,
549 546 641 604 pro
680 532 770 587 illo
816 532 957 587 aliud
1002 532 1359 600 proferretur;
1406 545 1577 601 neque
1622 529 1721 587 hoc

180 629 343 687 voluit.
636 640 637 643 ‘

240 717 448 777 CAPUT
486 715 570 771 IV.
596 745 666 757 —-
691 716 744 771 7.
773 715 971 771 Deinde
1002 715 1129 770 mihi
1155 716 1314 785 cmpit
1336 716 1551 777 instare,
1576 722 1630 768 ut
1652 713 1720 769 ad

180 809 613 881 interrogationem
635 822 784 862 suam
806 808 1037 863 breviter
1056 807 1451 878 reSponderem,
1477 821 1720 876 quaerens

180 920 205 962 a
227 920 302 960 me
326 917 476 974 quem
504 901 698 970 justum
724 911 982 970 putarem,
1012 916 1130 955 eum
1159 902 1245 970 qui
1276 908 1677 969 persequeretur
1700 942 1715 967 ,

179 1011 235 1051 an
259 1009 366 1049 cum
403 990 490 1062 qui
529 991 943 1061 persecutionem
975 1001 1262 1061 pateretur.
1302 990 1395 1045 Cui
1436 990 1720 1062 responde-

180 1085 303 1151 bam,
332 1097 428 1138 non
467 1092 613 1137 recte
658 1082 727 1136 ita
756 1081 1067 1153 interrogari
1099 1100 1111 1136 :
1144 1082 1255 1136 fieri
1298 1082 1438 1135 enitn
1473 1096 1623 1150 posse
1663 1089 1720 1135 ut

178 1174 313 1231 ambo
334 1173 486 1242 iniqui
513 1173 617 1227 sint
643 1214 659 1238 ,
693 1171 805 1227 fieri
830 1173 986 1227 etiam
1016 1187 1171 1242 posse
1198 1180 1255 1226 ut
1281 1172 1593 1241 iniquiorem
1628 1172 1717 1240 ju-

177 1272 289 1325 stior
316 1276 668 1338 persequatur.
700 1265 814 1321 Non
841 1282 969 1336 ergo
988 1282 1107 1320 esse
1133 1280 1485 1332 consequens,
1518 1274 1571 1319 ut
1600 1264 1719 1320 ideo

176 1362 235 1416 sit
260 1361 458 1430 quisque
472 1358 685 1427 justior,
710 1358 1264 1428 quiapersecutionem
1292 1358 1506 1426 patitur,
1536 1373 1719 1427 quant-

180 1453 248 1505 vis
271 1452 314 1505 id
343 1452 644 1520 plerumque
671 1452 959 1519 contingat.
1005 1450 1202 1504 Deinde
1242 1466 1360 1504 cum
1404 1450 1637 1503 viderem
1665 1450 1716 1505 in

184 1544 269 1596 hoc
290 1556 391 1596 eum
429 1540 653 1594 multum
701 1540 989 1602 immorari,
1043 1540 1374 1609 utjustitiaui
1422 1556 1529 1593 sua:
1558 1543 1718 1609 partis

177 1647 233 1687 ex
249 1647 305 1686 eo
323 1640 504 1686 certain
528 1630 690 1685 vellet
711 1630 950 1700 intelligi,
975 1630 1095 1699 quia
1122 1630 1540 1699 persecutionem
1568 1646 1717 1699 passa

177 1721 334 1785 fuerit;
360 1720 575 1790 quarsivi
606 1719 674 1773 ab
718 1734 782 1773 eo
802 1761 817 1784 ,
852 1728 1024 1773 utrum
1047 1719 1247 1789 justum
1278 1728 1329 1773 et
1368 1718 1717 1774 christianum

176 1821 354 1884 putaret
390 1814 696 1883 episcopum
744 1810 1152 1866 Mediolanensis
1201 1812 1451 1866 Ecclesia:
1496 1812 1717 1867 Ambro-

172 1905 303 1959 sium.
332 1902 626 1972 Cogebatur
649 1904 828 1974 utique
854 1918 1048 1972 negare
1077 1902 1216 1973 quod
1244 1904 1332 1957 ille
1361 1904 1439 1957 vir
1475 1904 1719 1959 christia-

171 2012 255 2057 nus
276 2004 404 2053 esset
426 2004 479 2050 et
505 1996 720 2065 justus;
767 1997 886 2065 quia
916 1996 959 2048 si
992 1995 1261 2059 fateretur,
1302 1999 1475 2051 statim
1518 1998 1715 2065 objice-

170 2104 323 2144 remus
344 2088 474 2158 quod
503 2106 630 2142 eum
665 2088 1093 2157 rebaptizandum
1134 2104 1253 2143 esse
1291 2099 1551 2145 censeret.
1582 2090 1716 2145 Cum

170 2196 275 2251 ergo
299 2195 356 2234 ea
391 2178 533 2248 loqui
565 2190 861 2249 cogeretur,
890 2179 1079 2249 quibus
1108 2178 1195 2233 ille
1221 2194 1323 2233 non
1355 2191 1494 2235 esset
1517 2181 1716 2235 haben-

174 2271 257 2325 dus
274 2270 584 2326 christianus
613 2280 665 2325 et
680 2270 875 2339 justus,
898 2272 1304 2325 commemoravi
1325 2280 1570 2341 quantam
1596 2287 1717 2338 per-

172 2364 458 2420 secutionem
505 2364 832 2435 pertulerit,
881 2362 1202 2417 circumdata
1252 2364 1411 2417 etiam
1465 2364 1717 2418 militibus

178 2454 359 2507 annalis
379 2453 626 2508 ecclesia.
659 2454 886 2521 Qua-sivi
916 2453 1073 2508 etiam
1106 2464 1281 2507 utrum
1314 2454 1713 2520 Maximianum,

178 2542 253 2612 qui
277 2542 335 2596 ab
355 2544 421 2597 eis
456 2542 603 2613 apud
634 2544 1003 2613 Carthaginem
1033 2543 1262 2597 schisma
1296 2544 1522 2609 fecerat,
1555 2554 1606 2598 et
1630 2546 1717 2613 ju-

174 2650 290 2693 stum
312 2648 358 2693 et
377 2637 723 2692 christinmm
756 2648 983 2709 putaret.
1017 2637 1130 2695 Non
1154 2647 1359 2707 poterat
1383 2637 1479 2692 nisi
1503 2654 1714 2708 negare.

172 2728 559 2784 Commemoravi
591 2744 723 2797 ergo
747 2730 905 2783 etiam
932 2729 1078 2783 illum
1113 2728 1267 2783 talem
1298 2731 1719 2798 persecutionem

174 2822 446 2891 pertulisse,
488 2831 558 2875 ut
593 2821 818 2876 ecclesia
844 2823 959 2889 ejus
987 2837 1151 2891 usque
1184 2820 1249 2875 ad
1281 2820 1616 2875 fundamenta
1644 2822 1723 2875 di-

170 2925 397 2969 rueretur.
440 2914 538 2968 His
568 2913 727 2981 igitur
767 2914 1021 2982 exemplis
1059 2914 1132 2979 ei,
1162 2912 1205 2966 si
1238 2927 1466 2981 possein.
1499 2927 1719 2980 persua-

171 3003 277 3060 dere
313 3006 566 3061 moliebar
594 3014 648 3059 ut
686 3006 789 3074 jam
821 3005 1086 3060 desineret
1115 3005 1292 3060 dicere
1340 3008 1721 3076 persecutionis

169 3096 533 3165 perpessionem
558 3138 573 3163 ,
621 3096 921 3151 christiana:
957 3096 1172 3164 ⁸ἱιιειιίιίειε
1213 3096 1564 3151 certissimum
1604 3112 1723 3152 esse

170 3187 535 3244 documentum.

229 3280 274 3334 8.
300 3280 537 3335 Narravit
563 3279 721 3333 etiam
764 3279 817 3333 in
856 3279 967 3347 ipsa
1009 3278 1309 3333 schismatis
1346 3279 1577 3332 novitate
1605 3293 1721 3332 ma-

167 3371 292 3440 jores
331 3386 485 3435 suos,
544 3385 663 3426 cum
707 3370 1000 3440 cogitarent
1042 3370 1250 3438 culpam
1302 3366 1604 3431 CtBCiiialti,
1657 3384 1723 3424 ue

171 3465 370 3519 schisma
402 3466 557 3520 ﬁeret
582 3507 597 3528 ,
649 3479 860 3533 quoquo
889 3462 1046 3517 modo
1094 3464 1230 3517 velle
1268 3465 1444 3532 sopire
1467 3503 1482 3529 ,
1515 3462 1723 3519 dedisse

171 3558 418 3625 quemdam
450 3562 865 3612 iuterventorcm
894 3554 970 3627 (a)
994 3557 1185 3625 p0pulo
1207 3571 1316 3610 suae
1338 3556 1725 3613 communionis

172 3649 287 3717 apud
330 3648 696 3718 Carthaginem
736 3651 1021 3701 constituto
1046 3688 1058 3707 .
1113 3660 1394 3717 antequam
1439 3648 1724 3717 Majorinus

173 3736 395 3793 adversus
421 3736 763 3793 Cmciiianum
812 3736 1165 3791 ordinaretur.
1211 3736 1359 3791 ilunc
1396 3754 1522 3807 ergo
1564 3739 1725 3793 inter-

174 3840 415 3885 ventorem
460 3831 513 3884 in
548 3845 645 3883 suo
672 3828 1037 3882 conventiculo
1066 3843 1095 3881 a
1129 3827 1324 3881 nostris
1353 3827 1563 3881 dicebat
1586 3830 1725 3883 occi-

175 3933 291 3973 sum.
318 3920 461 3986 Quod
490 3921 680 3983 fateor,
708 3933 974 3987 nunquam
1004 3928 1157 3971 antea
1188 3933 1400 3985 prorsus
1428 3919 1720 3985 andieratn,

175 4024 274 4064 cum
300 4021 396 4065 tam
428 4011 592 4066 multa
630 4010 697 4063 ab
740 4009 818 4062 eis
860 4009 1066 4077 objecta
1093 4009 1311 4062 crimina
1357 4008 1727 4065 refellerentur

172 4110 219 4155 et
250 4103 681 4173 redarguercutnr
708 4116 735 4152 a
782 4099 977 4153 nostris
1000 4140 1015 4163 ,
1061 4108 1217 4168 atque
1265 4099 1316 4152 in
1355 4115 1447 4152 eos
1482 4101 1632 4168 plura
1674 4108 1728 4154 et

175 4192 345 4260 majora
366 4194 688 4261 jacerentur.
714 4190 819 4245 Sed
851 4201 1022 4243 tamen
1048 4203 1385 4259 posteaquam
1414 4191 1511 4243 hoc
1540 4206 1725 4244 narra-

172 4282 251 4346 vit,
275 4298 445 4337 rmsus
470 4300 498 4336 a
529 4298 615 4338 me
638 4283 892 4336 instanter
910 4280 1068 4351 erepit
1086 4294 1324 4349 qumrere
1348 4295 1502 4349 quem
1527 4280 1725 4349 justum

176 4382 406 4440 putarem,
428 4389 623 4428 eumue
649 4373 736 4443 qui
757 4373 969 4437 occidit,
998 4388 1064 4425 an
1087 4387 1205 4426 eum
1229 4371 1314 4438 qui
1334 4372 1536 4425 occisus
1556 4381 1723 4439 esset;

181 4464 305 4529 quasi
328 4464 424 4534 jam
468 4464 598 4519 mihi
632 4463 987 4533 probavisset,
1024 4464 1092 4516 ita
1124 4470 1180 4516 ut
1226 4473 1568 4526 narraverat,
1609 4477 1729 4517 esse

180 4566 510 4610 commissum.
542 4555 785 4608 Dicebam
815 4569 976 4624 ergo,
1006 4552 1151 4621 prius
1175 4560 1349 4606 utrum
1381 4568 1562 4607 verum
1586 4561 1729 4607 esset

176 4658 277 4699 esse
312 4647 679 4716 quaerendum;
724 4662 825 4700 non
870 4646 1010 4701 enim
1057 4655 1253 4700 temere
1300 4646 1443 4699 credi
1484 4652 1727 4713 oportere

176 4750 497 4806 qua‘eumque
523 4739 766 4793 dicuntur
793 4756 805 4792 :
839 4747 888 4793 et
921 4748 1094 4792 tamen
1123 4738 1235 4791 fieri
1262 4738 1515 4805 potuisse,
1549 4744 1606 4789 ut
1642 4738 1726 4792 vel

175 4827 312 4881 ambo
334 4845 480 4899 aeque
507 4831 628 4884 mali
658 4838 835 4883 essent
856 4870 869 4891 ,
898 4829 977 4882 vel
1004 4829 1160 4882 etiam
1189 4826 1420 4896 pejorem
1452 4827 1725 4895 quisquam

179 4920 329 4975 malus
360 4923 641 4977 occideret.
678 4922 875 4977 Revera
906 4923 1046 4976 enim
1081 4920 1191 4974 fieri
1219 4928 1431 4989 potest,
1462 4928 1519 4971 ut
1556 4919 1725 4974 scele-

177 5010 320 5065 ratior
359 5013 427 5066 sit
456 5014 808 5082 rebaptizator
857 5012 1015 5067 totius
1048 5010 1277 5065 hominis
1301 5052 1315 5077 ,
1363 5025 1517 5080 quam
1565 5010 1726 5065 solius

181 5102 391 5168 Corporis
421 5105 785 5172 interemptor.

237 5189 280 5245 9.
312 5191 463 5248 Unde
498 5196 653 5249 etiam
692 5194 818 5248 illud
861 5193 1000 5265 quod
1042 5209 1071 5247 a
1101 5209 1186 5248 me
1226 5200 1403 5264 postea
1443 5192 1683 5262 quaesivit
1707 5233 1721 5257 ,

175 5276 266 5345 jam
286 5285 621 5351 qua'rendum
648 5301 750 5338 non
772 5291 904 5339 erat.
934 5284 1020 5337 Ait
1045 5284 1183 5337 enim
1207 5285 1363 5338 etiam
1398 5283 1588 5335 malum
1618 5296 1725 5336 non

176 5367 399 5427 debuisse
423 5376 588 5430 occidi
619 5391 647 5429 a
677 5376 978 5430 christianis
1005 5386 1060 5430 et
1087 5376 1273 5446 justis;
1312 5375 1458 5444 quasi
1502 5389 1597 5429 nos
1632 5389 1724 5431 eos

178 5463 251 5529 qui
292 5462 402 5520 ha»c
432 5468 485 5520 in
519 5468 785 5524 Catholica
828 5469 1047 5531 faciunt,
1086 5468 1257 5538 justos
1293 5483 1541 5521 vocemus
1570 5486 1581 5521 :
1610 5483 1725 5536 qute

180 5560 333 5609 latnen
362 5558 511 5611 nobis
534 5560 733 5614 abistis
753 5560 854 5614 dici
881 5559 1081 5613 facilius
1111 5576 1265 5628 quam
1296 5558 1505 5628 probari
1531 5559 1721 5623 solent,

182 5656 282 5699 cum
308 5657 411 5703 tam
454 5652 638 5707 multas
668 5652 1074 5707 violentissimas
1102 5652 1275 5705 czedcs
1304 5661 1355 5704 et
1380 5661 1582 5719 strages
1609 5650 1720 5719 plen

180 5800 605 5914 ειέὲἱζὲιιιιεειτθιιιιιιι
626 5810 875 5861 dicebatur
893 5842 910 5869 ,
933 5809 1016 5874 qui
1039 5814 1237 5859 vacante
1273 5806 1394 5857 sede
1415 5805 1625 5869 regebat
1644 5811 1725 5858 Eo-

1341 414 1815 473 EPISTOLARUM
1851 416 2117 474 CLASSIS
2152 416 2215 475 ιι.

1827 532 1978 603 rique
2022 533 2255 604 ipsorum
2295 546 2349 592 et
2385 539 2617 610 episcopi
2662 550 2715 596 et
2754 545 3047 618 presbyteri
3090 557 3144 605 et
3184 553 3404 622 quilibet

1826 622 2006 678 clerici
2034 627 2371 697 congregatis
2400 629 2563 684 turbis
2593 630 2863 688 hominum
2896 634 3362 700 furiosissimorum
3384 686 3399 714 ,

1826 730 1930 769 non
1969 717 2241 771 catholicis
2272 727 2494 786 tantum,
2524 721 2618 777 sed
2650 740 3025 797 nonnunquam
3054 732 3211 786 etiam
3253 736 3399 805 suis,

1826 806 1914 861 ubi
1947 818 2199 877 possunt,
2232 809 2424 865 inferre
2467 828 2571 867 non
2614 828 2843 872 cessent.
2871 820 2998 884 Qua:
3026 836 3145 876 cum
3178 824 3245 878 ita
3274 826 3397 894 sint,

1826 896 2165 953 dissiuiufaus
2192 910 2367 956 tamen
2394 901 2462 956 ah
2492 905 2912 964 sceleratissimis
2951 910 3102 966 factis
3140 928 3397 984 suorum,

1824 1005 1945 1059 qua:
1974 991 2087 1061 ipse
2120 992 2235 1061 plus
2265 995 2427 1059 novit,
2458 998 2672 1067 urgebat
2698 1011 2752 1054 ut
2787 1001 3038 1068 dicerem,
3086 1008 3203 1076 quis
3226 1008 3398 1079 justo-

1824 1094 1940 1135 rum
1984 1082 2065 1136 vel
2106 1085 2297 1138 malum
2340 1086 2563 1155 aliquem
2602 1091 2872 1147 occiderit.
2900 1094 3050 1161 Quod
3087 1102 3293 1155 etiamsi
3335 1102 3400 1158 ad

1823 1185 2037 1225 causam
2079 1173 2187 1242 jam
2238 1192 2341 1230 non
2391 1180 2719 1246 pertinebat;
2766 1181 3062 1239 fatebamur
3101 1190 3241 1244 enim
3287 1190 3401 1248 h."ec

1824 1263 2141 1334 ubicumque
2171 1268 2271 1321 sub
2297 1271 2510 1325 nomine
2538 1271 2827 1328 christiano
2854 1274 3060 1344 fierent,
3094 1296 3197 1335 non
3229 1283 3341 1339 ﬂeri
3369 1300 3400 1341 a

1824 1351 2011 1417 bonis;
2056 1356 2147 1408 sed
2188 1366 2360 1411 tamen
2404 1371 2459 1412 ut
2491 1360 2866 1417 admoueretur
2908 1368 3031 1435 quid
3076 1380 3214 1427 esset
3256 1388 3403 1443 quae.

1824 1448 2046 1502 rendum
2079 1451 2447 1518 respondimus
2467 1494 2480 1516 ,
2524 1465 2819 1523 quaerentes
2850 1468 3021 1521 utrum
3061 1462 3200 1517 Elius
3227 1463 3401 1533 justus

1824 1539 1871 1593 ei
1904 1540 2169 1595 videretur
2196 1543 2355 1598 fuiSse
2386 1564 2397 1599 :
2431 1547 2572 1615 quod
2599 1564 2791 1618 negare
2833 1566 2935 1605 non
2966 1555 3152 1621 potuit.
3199 1556 3398 1615 Deinde

1824 1631 2143 1700 subjecimus
2178 1652 2333 1703 quam
2373 1638 2563 1693 multos
2609 1641 3092 1713 pseudoprophetas
3120 1662 3210 1702 sua
3242 1665 3400 1707 manu

1824 1726 2108 1790 peremerit
2150 1725 2235 1797 (Ill
2264 1725 2387 1797 Reg.
2424 1744 2547 1783 xvnt
2575 1772 2590 1797 ,
2622 1732 2735 1802 40).
2768 1732 2862 1789 llic
2890 1750 3075 1790 revera
3106 1739 3232 1792 vidit
3259 1741 3400 1811 quod

1824 1812 2105 1869 videndum
2144 1828 2287 1881 erat,
2325 1820 2447 1875 talia
2478 1830 2585 1875 tum
2620 1823 2828 1879 licuisse
2868 1826 3041 1894 justis.
3088 1830 3212 1885 Haec
3254 1832 3396 1888 enim

1820 1906 2137 1975 prophetico
2158 1911 2342 1979 spiritu
2369 1915 2687 1970 auctoritate
2718 1918 2807 1970 Dei
2840 1918 3119 1984 faciebant,
3152 1924 3241 1992 qui
3271 1939 3393 1993 pro-

1822 1998 2069 2054 culdubio
2098 2000 2252 2056 Novit
2278 2003 2361 2057 cui
2390 2005 2545 2059 etiam
2576 2007 2739 2075 prosit
2772 2008 2958 2062 occidi.
2988 2011 3243 2081 Erigebat
3269 2028 3396 2086 ergo

1821 2100 1878 2142 ut
1917 2088 2162 2145 dorerem
2204 2091 2313 2161 jam
2363 2095 2483 2147 novi
2519 2094 2837 2151 Testann-nti
2884 2102 3235 2168 temporibus,
3279 2104 3398 2174 quis

1817 2178 2081 2248 justorum
2140 2182 2369 2252 aliquem
2423 2185 2714 2254 occiderit,
2767 2188 2926 2242 etiam
2974 2191 3286 2247 sceleratum
3342 2202 3397 2253 et

1820 2267 2059 2340 impium.

1894 2361 2115 2418 CAPUT
2152 2362 2215 2417 V.
2236 2394 2307 2404 —
2336 2364 2418 2419 l0.
2447 2365 2595 2421 Tunc
2623 2367 2849 2423 reditum
2878 2379 2959 2425 est
2978 2370 3043 2425 ad
3070 2374 3395 2442 superiorem

1822 2461 2103 2508 tractatum
2126 2498 2139 2519 ,
2173 2472 2276 2526 quo
2318 2459 2626 2515 volebamus
2654 2463 2933 2518 ostendere
2961 2481 3131 2535 neque
3171 2482 3267 2521 nos
3296 2468 3399 2525 illis

1825 2542 2020 2598 debere
2042 2545 2271 2613 objicere
2294 2564 2508 2604 suorum
2536 2550 2735 2605 scelera
2761 2594 2775 2617 ,
2822 2570 2989 2622 neque
3016 2554 3135 2609 illos
3163 2557 3313 2611 nobis
3352 2557 3397 2613 si

1825 2652 1922 2704 qua
1952 2637 2314 2694 invenirentur
2340 2642 2462 2695 talia
2488 2643 2619 2696 facta
2647 2653 2966 2699 nostrorum.
2994 2647 3065 2702 De
3090 2648 3236 2702 Novo
3255 2650 3395 2704 enim

1827 2726 2167 2783 Testamento
2198 2732 2405 2784 ostendi
2445 2734 2654 2801 quidem
2694 2750 2797 2788 non
2844 2750 2995 2804 posse
3017 2780 3031 2802 ,
3059 2740 3197 2807 quod
3225 2740 3398 2808 justus

1827 2820 2103 2888 quisquam
2145 2821 2463 2875 interfecerit
2489 2824 2714 2892 aliquem
2742 2842 2754 2889 ;
2793 2825 2884 2879 sed
2915 2838 3086 2881 tamen
3118 2828 3243 2883 illud
3276 2844 3399 2897 pro-

1825 2910 1939 2965 bari
1974 2926 2130 2981 posse
2160 2912 2272 2980 ipso
2298 2916 2539 2985 exemplo
2567 2915 2792 2980 Domini,
2833 2918 3119 2972 sceleratos
3147 2920 3214 2972 ab
3244 2922 3399 2977 iuno-

1826 3004 2066 3056 centibus
2096 3004 2253 3056 fuisse
2283 3005 2550 3059 toleratos.
2578 3005 2907 3061 Traditur-em
2940 3010 3077 3062 enim
3106 3026 3281 3076 suum,
3308 3012 3398 3081 qui

1821 3095 1931 3163 jam
1960 3096 2182 3164 pretium
2210 3096 2324 3165 ejus
2349 3108 2644 3165 acceperat,
2684 3114 2848 3167 usque
2874 3100 2938 3152 ad
2975 3100 3213 3154 ultimum
3257 3103 3401 3172 pacis

1827 3188 2062 3242 osculum
2106 3189 2241 3243 inter
2280 3189 2588 3244 innocentes
2613 3205 2791 3243 secum
2828 3206 2947 3245 esse
2975 3206 3255 3261 pivpeSsus
3282 3202 3398 3247 est:

1826 3278 2017 3347 quibus
2041 3294 2144 3333 non
2177 3280 2335 3333 tacuit
2363 3296 2480 3335 esse
2512 3280 2647 3334 inter
2683 3281 2798 3334 illos
2826 3283 2951 3335 tanti
2979 3283 3195 3337 sceleris
3234 3285 3403 3337 homi-

1830 3383 1985 3431 nem;
2034 3377 2087 3423 et
2135 3377 2308 3423 tamen
2364 3370 2591 3439 priumm
2637 3368 3030 3427 Sacramentum
3071 3376 3308 3442 Corporis
3348 3384 3401 3429 et

1828 3459 2097 3528 sanguinis
2118 3460 2219 3525 sui,
2243 3460 2473 3513 nondum
2498 3461 2588 3514 illo
2609 3463 2844 3526 exrluso,
2867 3464 3219 3518 communiter
3238 3466 3403 3519 omni-

1830 3549 1930 3603 bus
1967 3550 2112 3604 dedit
2161 3548 2368 3619 (Matth.
2419 3566 2528 3615 xvt,
2573 3552 2781 3621 20-28).
2832 3555 2946 3620 Quo
2995 3555 3236 3624 exemplo
3280 3571 3400 3610 cum

1829 3655 1994 3711 prope
2023 3656 2207 3694 omnes
2237 3651 2577 3695 moverentur
2600 3684 2614 3706 ,
2644 3643 2862 3696 tentavit
2887 3644 3062 3699 dicere
3088 3687 3100 3707 ,
3132 3656 3253 3700 ante
3286 3662 3405 3716 pas-

1828 3729 2031 3784 sionem
2078 3730 2279 3784 Domini
2323 3732 2747 3785 eommunionem
2788 3733 2926 3786 illam
2975 3749 3093 3787 cum
3146 3735 3401 3789 scelerato

1830 3837 1934 3877 non
1965 3823 2198 3877 obfuisse
2233 3824 2529 3892 Apostoiis,
2562 3826 2679 3893 quia
2728 3826 2957 3879 nondum
3003 3826 3264 3881 habebant
3307 3829 3399 3881 ba-

1830 3915 2079 3983 ptismum
2131 3914 2363 3981 Christi,
2433 3915 2525 3969 sed
2584 3916 2898 3985 baptismum
2948 3916 3185 3972 Joannis.
3248 3919 3397 3985 Quod

1831 4015 2168 4076 posteaquam
2196 4007 2344 4069 dixit,
2368 4010 2501 4075 cmpi
2525 4008 2590 4060 ab
2610 4024 2673 4061 eo
2694 4024 2930 4077 qua-rere
2955 4011 3398 4076 quemadmodum

1831 4110 1958 4166 ergo
1987 4098 2237 4164 scriptum
2279 4106 2421 4151 eSset
2461 4096 2599 4165 quod
2644 4097 2796 4149 Jesus
2838 4096 3179 4164 baptizavcrit
3223 4099 3400 4166 plures

1830 4203 1986 4257 quam
2014 4187 2264 4247 Joannes.
2288 4204 2407 4242 cum
2434 4189 2545 4256 ipse
2575 4203 2675 4241 non
2708 4189 3011 4257 baptizaret,
3037 4190 3127 4243 sed
3155 4190 3401 4260 discipuli

1831 4278 1966 4347 ejus,
1992 4277 2089 4332 hoc
2115 4288 2194 4332 est
2224 4295 2315 4347 per
2343 4294 2467 4333 suos
2492 4278 2779 4348 discipulos
2802 4280 3089 4349 baptizaret
3117 4280 3291 4351 (Joun.
3320 4296 3401 4350 tv,

1834 4370 1859 4422 1
1887 4411 1900 4432 ,
1927 4369 2005 4440 2).
2041 4368 2315 4435 Quomodo
2347 4384 2474 4439 ergo
2507 4369 2699 4423 dabant
2725 4369 2865 4439 quod
2905 4386 3007 4423 non
3048 4372 3403 4439 acceperant?

1832 4462 1973 4533 quod
2022 4463 2118 4531 ipsi
2164 4463 2387 4517 maxime
2431 4463 2603 4516 solent
2643 4463 2837 4517 dicere.
2871 4462 2951 4516 An
2990 4462 3124 4518 forte
3161 4463 3403 4520 Christus

1832 4556 2094 4626 baptismo
2113 4555 2327 4610 Joannis
2352 4555 2684 4625 baptizabat?
2714 4556 2910 4610 Deinde
2932 4557 2982 4609 in
3013 4556 3112 4611 hac
3143 4558 3401 4612 sententia

1833 4648 1994 4701 multa
2022 4648 2335 4716 quaesiturus
2364 4662 2530 4711 eram,
2554 4646 2818 4715 quomodo
2838 4646 2905 4699 ab
2926 4647 3037 4714 ipso
3055 4647 3255 4700 Joanne
3278 4657 3404 4702 tunc

1834 4739 2110 4806 quaesitum
2162 4737 2230 4790 sit
2278 4736 2344 4790 de
2390 4735 2649 4805 baptismo
2694 4736 2921 4800 Domini,
2969 4747 3019 4791 et
3067 4738 3403 4806 reSpondcrit

1833 4827 1973 4897 quod
2005 4827 2090 4881 ille
2120 4826 2334 4880 haberet
2362 4842 2608 4896 sponsam
2631 4870 2643 4890 ,
2677 4837 2730 4881 et
2760 4828 2845 4880 ille
2871 4837 3012 4882 esset
3036 4844 3263 4898 sponsus
3289 4828 3399 4902 (Id.

1832 4934 1887 4973 ιιι
1914 4959 1926 4976 .
1952 4916 2071 4987 29).
2110 4916 2371 4987 Numquid
2407 4933 2533 4987 ergo
2562 4917 2639 4970 fas
2665 4927 2776 4971 erat
2816 4927 2871 4970 ut
2896 4918 3157 4985 baptismo
3184 4919 3402 4975 Joannis

1832 5011 2125 5081 baptizaret
2148 5023 2395 5079 sponsus,
2429 5008 2481 5062 id
2524 5018 2605 5062 est
2634 5008 2894 5077 baptismo
2919 5008 3073 5063 amici
3103 5011 3187 5063 vel
3218 5011 3353 5065 servi
3378 5008 3404 5065 ἲ

1834 5102 2033 5157 Deinde
2049 5101 2313 5171 quomodo
2327 5109 2575 5172 poterant
2600 5100 2983 5153 Eucharistiam
3006 5102 3245 5170 accipere
3273 5116 3403 5155 nono

1833 5197 1957 5252 dum
1998 5195 2286 5265 baptizati?
2315 5204 2405 5248 aut
2442 5192 2707 5264 quomodo
2738 5192 2894 5247 Petro
2929 5193 3121 5248 volenti
3154 5202 3207 5246 ut
3238 5200 3402 5245 totum

1833 5305 1891 5345 se
1925 5290 2142 5352 lavaret,
2174 5286 2507 5357 responderit
2537 5303 2549 5337 :
2585 5286 2685 5349 Qui
2710 5286 2841 5339 lotus
2865 5296 2936 5339 est
2957 5284 3136 5347 semel,
3166 5301 3261 5335 non
3289 5298 3403 5335 eum

1834 5393 2021 5453 oportet
2035 5384 2211 5437 iterum
2228 5381 2406 5446 lavari,
2425 5379 2513 5434 sed
2531 5388 2602 5433 est
2626 5377 2840 5431 mundus
2857 5388 2985 5430 totus
3003 5375 3265 5445 7(ld.xm,
3285 5369 3396 5444 10.)

1832 5476 2069 5532 Perfecta
2096 5474 2237 5529 enim
2278 5472 2547 5526 nmndatio
2576 5488 2679 5525 non
2719 5471 2768 5524 in
2796 5470 3013 5523 Joannis
3036 5507 3050 5531 ,
3082 5466 3171 5517 sed
3206 5465 3257 5517 in
3302 5467 3404 5519 Do—

1832 5568 1957 5623 mini
1992 5566 2252 5635 baptismo
2275 5573 2356 5619 est
2382 5564 2422 5629 ί,
2451 5564 2495 5617 si
2522 5578 2587 5617 eo
2614 5577 2670 5615 se
2695 5561 2906 5624 dignum
2937 5557 3022 5625 qui
3049 5556 3238 5621 accipit
3269 5573 3403 5625 prttx

1830 5661 1979 5723 beat;
2010 5660 2052 5713 si
2084 5668 2257 5714 autem
2304 5656 2570 5726 indignum
2593 5696 2607 5718 ,
2650 5654 2987 5707 Sacramenta
3029 5649 3079 5702 in
3109 5664 3174 5702 eo
3201 5665 3303 5704 non
3334 5648 3399 5704 ad

1830 5753 2074 5815 salutem,
2103 5749 2196 5804 sed
2217 5749 2278 5802 ad
2297 5747 2607 5817 perniciem,
2632 5739 3013 5812 permanebunt
3044 5749 3237 5793 tamen.
3265 5738 3399 5795 Cum

1895 5867 2174 5915 ‘Inocto
2202 5851 3028 5911 hebenusrdt'unaninewmim'
3060 5851 3381 5916 baptiunaat
