3962 6370
564 390 671 450 170

563 527 695 584 ergo
723 509 823 568 ista
847 508 1166 581 quath
1194 521 1377 565 essem
1397 545 1413 574 ,
1459 503 1620 560 etiam
1648 502 1760 572 ipse
1787 499 1914 554 vidit
1937 498 2006 553 de
2041 495 2137 550 ba-

565 605 764 677 ptismo
814 599 1196 673 discipulorum
1242 598 1450 658 Domini
1492 612 1600 655 non
1644 594 1748 653 sibi
1795 593 1958 650 fuisse
2001 608 2145 666 quai-

567 696 813 755 tendum.

640 812 728 866 ll.
773 809 901 866 Inde
943 810 1070 864 itum
1118 816 1199 863 est
1239 809 1292 863 in
1341 807 1518 872 aliud,
1563 808 1744 865 multis
1793 815 1850 863 ut
1903 815 2148 878 poterant

530 933 535 948 τ
568 906 815 974 utrinque
836 902 1308 958 sermocinantibus
1337 919 1352 955 :
1386 902 1524 957 inter
1549 918 1664 972 qum
1684 902 1881 958 dictum
1902 913 1982 958 est
2007 903 2146 973 quod

568 996 741 1053 adhuc
761 1009 855 1050 eos
881 993 1045 1049 nostri
1072 993 1398 1063 persecuturi
1424 1002 1631 1057 essent;
1663 995 1920 1064 nobisque
1941 993 2148 1048 diccbat

567 1089 751 1144 videre
788 1103 846 1143 se
885 1088 1016 1142 velle
1042 1087 1222 1157 quales
1264 1101 1364 1141 nos
1402 1100 1640 1140 essemus
1667 1087 1719 1140 in
1760 1085 1851 1141 illa
1899 1101 2149 1155 persecu-

568 1183 713 1254 tione
741 1181 1075 1251 prmbituros,
1107 1189 1282 1234 utrum
1311 1181 1623 1234 consensnri
1654 1195 1895 1235 essemus
1929 1181 2018 1235 tali
2042 1195 2146 1235 sae-

564 1273 741 1337 vitize,
811 1287 881 1326 an
937 1271 1139 1325 nullum
1199 1270 1583 1324 commodaturi
1647 1285 1987 1326 consensum.
2040 1271 2148 1326 Nos

567 1366 873 1420 dicebamus
910 1365 1073 1418 Deum
1105 1361 1283 1417 videre
1327 1361 1485 1417 corda
1523 1373 1722 1427 nostra,
1750 1380 1867 1432 quae
1907 1363 2007 1432 ipsi
2042 1378 2146 1418 non

563 1467 782 1528 possent
812 1475 828 1509 :
859 1463 913 1510 et
937 1455 1056 1509 illos
1083 1463 1285 1508 temere
1308 1453 1408 1508 sibi
1432 1453 1602 1509 adhuc
1629 1455 1724 1508 ista
1752 1463 2006 1522 metuere,
2032 1471 2150 1525 quae

565 1550 609 1604 si
638 1549 985 1618 contigerint,
1013 1562 1041 1600 a
1081 1545 1235 1600 malis
1265 1546 1599 1613 contingere,
1640 1546 1830 1617 quibus
1859 1547 2150 1603 deteriores

565 1642 666 1711 ipsi
707 1640 930 1703 habent;
964 1653 1061 1694 nec
1095 1648 1270 1694 tamen
1302 1638 1422 1694 ideo
1446 1655 1544 1694 nos
1570 1655 1597 1693 a
1625 1639 1879 1694 catholica
1909 1657 2150 1696 commu-

565 1736 725 1788 nione
759 1747 1040 1802 segregare
1079 1730 1303 1797 debere,
1351 1731 1394 1785 si
1431 1731 1553 1801 quid
1594 1729 1730 1787 forte
1759 1734 1911 1787 nobis
1935 1733 2145 1799 invitis,

566 1827 652 1882 vel
677 1828 854 1889 etiam,
876 1826 920 1880 si
947 1824 1288 1890 valuerimus,
1311 1825 1795 1882 contradicentibus
1819 1827 2010 1883 factum
2041 1827 2148 1883 l‘ue-

564 1922 653 1987 rit,
682 1935 802 1975 cum
835 1919 1164 1974 tolerantiam
1212 1918 1481 1990 pacificam
1522 1920 1898 1990 didicerimus,
1939 1922 2150 1980 dicente

565 2013 822 2083 Apostolo
853 2029 867 2066 :
901 2010 1210 2078 Sit/ferentes
1239 2012 1447 2068 invicem
1475 2015 1526 2069 in
1564 2016 1859 2080 dilectione,
1899 2019 2150 2074 studentes

563 2121 760 2159 servare
783 2107 1020 2160 unitatem
1047 2107 1255 2176 spiritus
1280 2107 1332 2161 in
1358 2109 1553 2163 vinculo
1572 2109 1741 2184 pacis(
1750 2111 1880 2181 Eph.
1905 2127 1983 2178 IV,
2001 2112 2053 2174 2,
2071 2112 2146 2182 5).

565 2194 733 2261 Quam
763 2211 946 2264 pacem
974 2207 1131 2265 atque
1157 2198 1486 2253 tolerantiam
1520 2200 1638 2254 illos
1667 2218 1771 2255 non
1813 2202 2045 2258 tenuisse
2070 2202 2150 2257 di-

568 2288 840 2350 ccbatnus,
871 2289 958 2358 qui
987 2287 1213 2343 schisma
1241 2289 1508 2355 fecerunt,
1552 2302 1608 2346 ut
1651 2309 1792 2348 nunc
1821 2295 1958 2349 inter
1984 2311 2106 2350 suos
2130 2338 2145 2362 ,

568 2379 656 2449 qui
689 2379 926 2434 mitiores
950 2395 1133 2434 eorum
1171 2390 1314 2448 sunt,
1345 2383 1583 2452 graviora
1616 2386 1879 2452 tolerent,
1909 2403 1976 2442 ne
2011 2389 2150 2442 scin-

567 2471 724 2526 datur
747 2472 887 2542 quod
908 2473 1132 2528 scissum
1160 2484 1241 2528 cst
1267 2491 1281 2540 ;
1315 2491 1433 2531 cum
1463 2475 1661 2532 leviora
1691 2479 1889 2534 nollent
1918 2497 2013 2551 pro
2038 2481 2149 2552 ipsa

568 2566 766 2619 unitate
796 2565 1041 2621 tolerare.
1063 2567 1374 2624 Dicebamus
1395 2572 1552 2626 etiam
1577 2571 1807 2628 nondum
1829 2573 1993 2630 fuisse
2014 2584 2148 2630 tem-

567 2657 785 2729 poribus
815 2667 1054 2713 vcternm
1088 2675 1270 2730 pacem
1305 2663 1536 2730 unitatis,
1567 2675 1618 2719 et
1647 2667 1975 2722 tolerantiam
2006 2676 2148 2724 tanta

567 2753 1026 2809 commendatione
1053 2754 1413 2826 praedicatam,
1441 2760 1576 2814 sicut
1601 2762 1844 2830 exemplo
1867 2763 2074 2817 Domini
2096 2771 2150 2819 et

567 2843 697 2899 Novi
730 2844 1055 2902 Testamenti
1084 2847 1374 2914 charitatc;
1405 2861 1457 2906 et
1491 2859 1665 2908 tamen
1709 2854 2000 2923 PrOphetas
2030 2856 2148 2911 illos

567 2946 620 2992 ct
663 2948 874 2994 sanctos
923 2941 1068 2996 viros
1115 2942 1292 2998 dicere
1339 2944 1511 3000 solere
1552 2945 1604 3000 in
1650 2946 1903 3017 populum
1947 2949 2149 3005 scelera

566 3044 772 3097 eorum,
809 3037 942 3086 cum’
971 3039 1145 3088 tamen
1191 3049 1250 3090 se
1288 3037 1356 3089 ab
1399 3035 1537 3091 illius
1574 3039 1747 3108 populi
1792 3040 1991 3096 unitate
2028 3049 2081 3096 et
2118 3056 2149 3096 a

567 3121 937 3177 communione
981 3124 1175 3193 pariter
1232 3127 1658 3195 accipiendorum
1687 3129 2148 3188 Sacramentorum

567 3229 687 3284 qum
717 3223 841 3270 tunc
869 3215 1096 3278 fuerunt,
1121 3217 1376 3275 divellere
1406 3236 1507 3274 non
1538 3231 1849 3280 tentassent.

640 3305 882 3362 12.1nde
923 3308 1103 3362 nescio
1142 3310 1406 3379 quomodo
1444 3321 1658 3368 ventum
1698 3325 1780 3370 est
1821 3316 1888 3371 ad
1917 3333 2151 3375 comme-

568 3397 914 3454 morationem
951 3397 1120 3454 beatze
1163 3403 1434 3457 memoria:
1469 3403 1732 3460 Genethlii
1763 3405 2148 3480 Carthaginen-

570 3489 642 3544 sis
672 3499 793 3544 ante
813 3490 1084 3546 Aurelium
1114 3493 1370 3564 episcopi,
1389 3496 1530 3566 quod
1560 3499 1742 3555 nescio
1767 3516 1923 3569 quam
1955 3506 2151 3559 consti-

569 3582 822 3637 tutionem
851 3583 1026 3638 datam
1053 3595 1235 3641 contra
1269 3587 1386 3643 illos
1411 3594 1806 3661 compresserit,
1830 3604 1884 3650 et
1903 3596 2149 3654 effectum

569 3672 767 3727 habere
794 3689 896 3728 non
927 3676 1127 3732 siverit.
1154 3677 1464 3735 Laudabant
1486 3682 1632 3738 illum
1671 3700 1890 3752 omnes,
1913 3697 1966 3741 et
1993 3688 2147 3744 beni-

568 3767 822 3837 gnissime
848 3768 1220 3838 przeferebant.
1248 3771 1390 3830 Inter
1413 3792 1544 3846 quas
1569 3778 1751 3834 laudes
1785 3796 1816 3834 a
1845 3783 1998 3839 nobis
2026 3787 2150 3843 sub-

563 3858 764 3929 jectum
796 3869 895 3926 est,
937 3864 1076 3934 quod
1104 3867 1261 3921 etiam
1294 3869 1405 3938 ipse
1436 3879 1608 3926 tamen
1641 3873 1972 3944 Genethlins,
2011 3881 2054 3934 si
2094 3882 2146 3936 in

568 3964 752 4006 eorum
782 3968 968 4010 manus
995 3955 1264 4012 incidisset
1291 3961 1699 4031 rebaptizandus
1723 3979 2048 4026 censeretur.
2082 3973 2151 4028 Et

568 4041 806 4115 hmcjam
837 4055 1037 4103 stantes
1063 4049 1426 4120 loquebamur,
1464 4056 1585 4123 quia
1607 4056 1912 4116 discedendi
1942 4073 2149 4136 tempus

568 4146 796 4208 urgeret.
830 4138 902 4194 ibi
940 4141 1098 4211 plane
1128 4143 1217 4198 ille
1251 4157 1412 4200 senex
1451 4146 1603 4215 dixit,
1638 4148 1747 4218 jam
1775 4151 1998 4211 formam
2030 4173 2149 4215 esse

564 4225 758 4282 factam
781 4270 796 4295 ,
826 4239 883 4284 ut
914 4232 1150 4302 quisquis
1179 4235 1244 4289 ad
1272 4251 1365 4290 eos
1408 4237 1636 4294 fidelium
1667 4258 1697 4296 a
1743 4245 1895 4301 nobis
1921 4252 2145 4321 venerit,

564 4316 881 4388 baptizetur,
905 4322 1042 4390 quod
1064 4338 1183 4376 eum
1209 4325 1430 4381 invitum
1446 4338 1502 4383 et
1528 4345 1646 4385 eum
1673 4334 1858 4389 dolore
1881 4340 2045 4395 animi
2071 4316 2150 4397 di;

566 4424 710 4476 cere,
755 4420 1008 4480 quantum
1057 4421 1290 4482 poterat,
1318 4420 1624 4487 apparebat.
1663 4422 1803 4479 Sane
1833 4442 1951 4483 cum
1991 4433 2150 4489 etiam

567 4503 683 4572 ipse
715 4502 877 4558 inulta
913 4503 1048 4558 mala
1077 4519 1293 4560 suorum
1325 4511 1658 4577 apertissime
1695 4531 1960 4587 gemeret,
1993 4531 2151 4594 atque

571 4595 894 4664 ostenderet,
928 4596 1068 4668 quod
1101 4599 1263 4653 totius
1289 4601 1514 4658 civitatis
1546 4603 1665 4674 ejus
1695 4609 1999 4668 testimonio
2029 4631 2151 4685 pro-

569 4688 812 4757 babatur,
841 4706 1000 4761 quam
1031 4701 1172 4746 esset
1201 4703 1440 4749 remotus
1475 4711 1506 4751 a
1538 4699 1728 4756 talibus
1762 4702 1930 4768 factis,
1953 4716 2007 4763 et
2034 4727 2151 4780 quae

573 4781 706 4852 ipsis
741 4783 852 4838 suis
877 4783 1055 4840 dicere
1084 4786 1251 4841 soleat
1279 4788 1518 4847 modesta
1547 4799 1927 4866 conquestione
1949 4805 2152 4874 profer-

571 4884 682 4937 ret,
710 4891 909 4946 nosque
952 4893 1493 4940 commemoraremus
1529 4886 1657 4943 illud
1698 4890 1989 4952 Ezechielis
2025 4915 2147 4969 pro-

571 4967 766 5038 phetze,
795 4969 884 5025 ubi
911 4983 1093 5040 aperte
1116 4976 1369 5044 scriptum
1390 4987 1490 5043 est,
1522 4995 1620 5036 nec
1645 4983 1735 5038 filii
1760 4987 1965 5057 culpam
1992 4967 2147 5062 patri,

575 5074 677 5114 nec
708 5061 880 5130 patris
901 5063 1109 5132 culpam
1138 5065 1248 5122 filio
1273 5068 1389 5138 ejus
1417 5071 1796 5144 imputandum,
1834 5081 1919 5136 ubi
1952 5061 2148 5144 dictum

558 5138 664 5206 ἐει
687 5170 701 5207 :
724 5150 871 5207 Sicut
896 5155 1028 5208 enim
1054 5158 1222 5212 anima
1244 5160 1401 5230 patris
1427 5138 1536 5218 inea
1563 5176 1655 5234 est,
1685 5167 1758 5223 ita
1785 5138 1833 5224 et
1856 5138 2032 5230 animo

580 5260 692 5301 mea
717 5255 820 5311 est;
843 5245 1011 5300 anima
1033 5249 1165 5304 enim
1193 5268 1511 5327 quacumque
1528 5264 1819 5328 peccaverit,
1848 5267 1958 5321 sola
1978 5245 2153 5325 morio-

571 5349 654 5396 tur
689 5341 707 5412 (
725 5341 908 5397 Ezech.
945 5359 1109 5413 xvm,
1132 5347 1220 5414 20,
1249 5350 1325 5421 4),
1359 5353 1550 5421 placuit
1587 5358 1835 5414 omnibus
1881 5364 1930 5418 in
1962 5366 2151 5424 talibus

574 5434 1022 5506 disputationibus
1044 5442 1270 5498 violenta
1300 5443 1432 5501 facta
1465 5451 1721 5508 malorum
1753 5454 2023 5513 hominum
2052 5474 2150 5515 no-

573 5527 658 5584 bis
694 5529 762 5584 ab
809 5532 1033 5590 invicem
1073 5535 1229 5604 objici
1274 5554 1375 5593 non
1413 5540 1626 5597 debere.
1669 5545 1992 5606 Remanrbat
2024 5568 2149 5623 ergo

573 5624 874 5680 sclzismatis
897 5629 1138 5697 qumstio.
1155 5629 1334 5700 Itaque
1357 5632 1548 5688 hortati
1569 5649 1689 5692 eum
1712 5653 1892 5697 sumus
1915 5648 2147 5705 utetiam

570 5722 730 5784 atque
754 5717 913 5771 etiam
940 5721 1140 5788 placido
1167 5735 1326 5794 atque
1355 5735 1538 5795 pacato
1566 5731 1744 5786 animo
1770 5739 2035 5795 annitatur
2054 5757 2150 5798 no-

569 5805 796 5901 biscum,
827 5816 886 5864 ut
911 5809 1140 5884 ﬁngenti
1165 5819 1555 5878 examinatione
1583 5832 1723 5882 tanta
1752 5828 2017 5901 inquisitio
2043 5845 2148 5891 ter-

570 5896 772 5963 minum
809 5911 997 5960 sumat.
1032 5904 1132 5966 libi
1171 5908 1257 5964 ille
1287 5909 1509 5982 benigne
1539 5931 1656 5974 cum
1697 5896 1893 5979 diceret
1932 5941 2026 5981 nos
2059 5944 2144 5986 so-

1796 373 1855 428 S.
1897 370 2263 431 AUGl'STlNI
2302 372 2604 438 Ei’lSCOPI
3079 409 3086 414 ·
3683 401 3758 463 ιω

2251 491 2358 549 lum
2388 495 2484 552 ista
2514 511 2776 568 quaerere,
2799 499 2942 556 nolle
2971 493 3147 557 autém
3175 511 3379 562 nostros
3399 499 3506 566 hate
3529 516 3759 582 quiet-iui

2251 585 2387 643 facta
2443 590 2820 658 pollicitatione
2863 591 3235 663 discessimus,
3272 606 3330 654 ut
3366 600 3697 663 exhiberemus
3724 612 3762 667 ei

2249 679 2428 750 plures
2448 682 2679 754 collegas
2702 694 2932 752 nostros,
2955 697 3102 743 certe
3123 687 3207 744 vel
3225 689 3425 757 decem,
3453 694 3536 764 qui
3559 703 3680 751 tanta
3697 699 3765 756 be-

2254 775 2554 831 nevolentia
2579 787 2633 833 et
2669 777 2886 837 lenitate
2911 789 2966 837 et
2991 790 3096 836 tam
3127 783 3213 854 pio
3237 785 3409 840 studio
3434 787 3482 842 id
3508 791 3654 859 quati
3675 793 3764 850 vel-

2252 866 2380 934 lent,
2407 878 2660 940 quantum
2688 871 2740 927 in
2762 872 2914 928 nobis
2932 889 3053 929 eum
3075 874 3185 945 jam
3209 877 3623 939 animadvertisse
3645 895 3767 956 atque

2251 965 2546 1033 approbare
2582 969 2962 1026 sentiebamus.
3008 971 3119 1030 Hoc
3158 974 3315 1030 etiam
3361 975 3428 1033 de
3469 991 3662 1036 suorum
3692 997 3766 1038 nu-

2251 1070 2401 1111 mero
2428 1069 2484 1113 et
2510 1060 2620 1126 ipse
2648 1061 2911 1130 pollicitus
2931 1074 3031 1120 est.

2322 1150 2546 1207 CAPUT
2577 1153 2660 1208 Vl.
2691 1183 2764 1196 —
2786 1155 3030 1212 l3.Unde
3057 1172 3153 1214 vos
3183 1157 3364 1216 hortor
3389 1170 3441 1217 et
3465 1162 3678 1220 obtestor
3699 1181 3770 1234 per

2255 1241 2462 1298 Domini
2489 1247 2822 1315 sanguinem,
2845 1257 2902 1303 ut
2915 1263 3036 1304 eum
3059 1251 3305 1320 promissi
3326 1254 3403 1308 sui
3423 1258 3769 1326 commonealis,

2253 1345 2310 1391 et
2336 1340 2574 1407 gnaviter
2615 1340 2856 1407 instetis,
2900 1353 2956 1397 ut
2995 1359 3081 1399 res
3113 1353 3288 1414 empta
3326 1356 3608 1417 peragatur,
3649 1364 3772 1420 quam

2257 1443 2421 1500 prope
2457 1430 2524 1484 ad
2573 1434 2730 1487 tinem
2773 1436 3081 1502 pervenisse
3127 1437 3234 1507 jam
3281 1439 3511 1494 cernitis.
3554 1439 3772 1509 Quantum

2254 1524 2398 1578 enim
2425 1525 2675 1587 arbitror,
2703 1525 3008 1583 difficillime
3036 1530 3253 1599 potestis
3279 1531 3518 1587 invenire
3542 1532 3589 1586 in
3613 1533 3775 1603 episco-

2255 1616 2336 1686 pis
2362 1618 2548 1671 vestris
2577 1625 2680 1674 tam
2715 1619 2894 1674 utilem
2935 1621 3166 1675 animum
3208 1633 3264 1677 et
3291 1624 3628 1686 voluntatem.
3652 1639 3774 1695 quam

2255 1709 2306 1762 in
2346 1709 2448 1765 isto
2475 1723 2601 1765 sene
2632 1712 3016 1782 perspeximus.
3045 1712 3267 1768 Postero
3309 1715 3446 1769 enim
3489 1714 3570 1770 die
3605 1716 3700 1785 ipse
3725 1715 3774 1770 ad

2255 1813 2352 1854 nos
2377 1801 2551 1867 venit,
2583 1809 2636 1856 et
2672 1802 2785 1858 hzec
2817 1801 3008 1858 iterum
3053 1819 3295 1875 qumrere
3328 1820 3657 1876 cmperamus.
3695 1803 3774 1862 Sed

2255 1895 2376 1964 quia
2407 1894 2685 1949 ordinandi
2725 1896 2957 1967 episcopi
2986 1899 3276 1955 necessitas
3315 1914 3411 1954 nos
3437 1901 3551 1956 inde
3571 1901 3772 1971 jamjam-

2254 1999 2358 2054 que
2379 1987 2632 2055 rapiebat,
2664 1987 2861 2043 diutius
2903 2003 3022 2044 cum
3063 1991 3149 2045 illo
3176 2007 3295 2046 esse
3333 1993 3663 2062 nequivimus.
3685 1989 3774 2047 iam

2253 2077 2396 2130 enim
2439 2079 2753 2133 miseramus
2778 2079 2842 2134 ad
2882 2081 3130 2151 Majorem
3169 2083 3539 2140 leicolarum
3569 2083 3634 2158 (α)
3652 2097 3773 2155 quem

2255 2167 2588 2222 audieramus
2612 2169 2733 2225 novi
2763 2171 2902 2243 apud
2930 2187 3023 2227 eos
3044 2173 3291 2243 baptismi
3316 2175 3649 2230 institutorem
3673 2175 3775 2230 exti—

2256 2258 2382 2314 tisse
2404 2259 2443 2327 ¹,
2467 2269 2522 2316 et
2539 2262 2735 2318 multos
2765 2262 2853 2318 illo
2877 2264 3152 2335 sacrilegio
3177 2266 3469 2333 sednxisse,
3491 2275 3546 2322 ut
3570 2280 3674 2320 cum
3691 2265 3772 2333 Illo,

2253 2359 2507 2421 quantum
2552 2354 2715 2422 ipsius
2749 2357 2998 2425 temporis
3037 2356 3374 2427 patiebantur
3415 2357 3774 2428 angusrire,ali-

2253 2442 2378 2513 quid
2403 2443 2762 2513 loqueremur.
2794 2444 2962 2514 Quem
2994 2458 3340 2520 posteaquam
3373 2458 3634 2504 venturum
3658 2461 3774 2503 com-

2251 2539 2418 2609 perit,
2447 2539 2632 2596 videns
2674 2554 2772 2596 nos
2809 2541 2948 2596 aliud
2974 2544 3270 2614 suscepisse
3295 2545 3576 2615 negotium,
3609 2557 3710 2597 cum
3739 2547 3778 2597 et

2254 2630 2425 2700 ipsum
2454 2633 2633 2686 nescio
2659 2647 2777 2704 qua:
2802 2635 3090 2690 necessitas
3117 2635 3457 2705 profectionis
3486 2644 3690 2708 urgeret,
3710 2633 3778 2689 be-

2255 2723 2413 2793 nigne
2431 2739 2462 2778 a
2486 2724 2638 2779 nobis
2668 2725 2976 2797 placideque
2997 2726 3267 2783 discessit.

2327 2818 2414 2872 14.
2442 2818 2660 2873 Videtur
2694 2829 2871 2875 autem
2918 2821 3068 2889 mihi,
3105 2829 3160 2876 ut
3193 2822 3519 2879 turbulentas
3553 2821 3709 2878 turbas
3739 2827 3780 2875 et

2253 2909 2691 2980 impedimentum
2733 2913 2905 2982 potius
2953 2929 3109 2985 quam
3153 2915 3514 2986 adiumentum
3548 2915 3781 2971 afferentes

2254 3005 2470 3060 omnino
2507 3005 2836 3075 devitemus,
2875 3016 2930 3064 et
2965 3024 3092 3066 vere
3139 3025 3206 3066 ex
3243 3012 3427 3066 animo
3463 3011 3622 3066 amico
3660 3014 3784 3077 atque

2255 3101 2536 3170 tranquillo
2573 3110 2875 3172 susceptum
2897 3111 3004 3157 tam
3032 3119 3277 3174 magnum
3309 3105 3578 3176 negotium
3606 3099 3785 3157 Domino

2254 3192 2542 3261 cpitnlante
2570 3208 2905 3264 peragamus,
2933 3194 2999 3248 ad
3038 3196 3266 3267 aliquam
3298 3199 3483 3252 villam
3512 3211 3599 3251 nos
3631 3205 3787 3250 conve-

2253 3281 2370 3336 nire
2397 3282 2592 3338 debere
2627 3299 2730 3337 non
2762 3298 3026 3354 magnam,
3059 3284 3144 3340 ubi
3184 3285 3389 3344 nullius
3428 3297 3646 3342 nostrum
3676 3291 3787 3340 esset

2255 3375 2476 3428 ecclesia
2506 3391 2520 3429 :
2554 3391 2710 3446 quam
2751 3383 2928 3431 tamen
2968 3377 3142 3432 villam
3170 3381 3530 3436 communiter
3563 3376 3786 3449 possident

2254 3462 2496 3520 homines
2524 3474 2579 3520 et
2617 3478 2809 3521 nostra:
2836 3470 3222 3525 communionis
3249 3479 3301 3525 et
3345 3471 3522 3541 ipsius,
3561 3468 3695 3524 sicuti
3725 3473 3787 3521 est

2253 3559 2375 3613 villa
2407 3559 2632 3615 Titiana.
2659 3560 2782 3616 Sive
2811 3577 2937 3633 ergo
2969 3564 3019 3617 in
3052 3563 3453 3632 Tubursicensi,
3482 3565 3586 3620 sive
3612 3564 3656 3617 in
3677 3560 3786 3615 Tha-

2255 3657 2508 3725 gastcnsi,
2535 3657 2652 3712 talis
2676 3657 2840 3718 locus.
2874 3657 2958 3714 vel
2983 3659 3068 3714 ille
3092 3674 3248 3730 quem
3271 3656 3670 3715 commemoravi
3688 3697 3701 3721 ,
3719 3651 3784 3710 vel

2255 3748 2442 3818 aliquis
2464 3749 2594 3803 alius
2619 3750 2862 3805 inventus
2890 3751 3064 3817 fuerit,
3095 3750 3351 3806 faciamus
3371 3751 3587 3807 Codices
3610 3745 3787 3804 canoni-

2261 3858 2351 3897 cos
2379 3854 2575 3912 prmsto
2601 3859 2737 3899 esse.
2771 3843 2837 3898 Et
2866 3845 2908 3898 si
2935 3860 3037 3915 qua
3061 3844 3284 3916 proferri
3307 3847 3570 3916 potuerint
3589 3860 3649 3900 ex
3675 3850 3788 3895 utra-

2257 3952 2360 4007 que
2388 3946 2535 4006 parte
2575 3936 2886 3992 documenta
2921 3957 2932 3991 :
2964 3946 3019 3991 ut
3061 3939 3370 4008 postpositis
3399 3939 3627 4003 cancris,
3657 3932 3784 3998 nulla,

2253 4029 2298 4084 si
2325 4029 2546 4084 Domino
2588 4030 2867 4098 placuerit,
2891 4030 3255 4102 interpellante
3285 4032 3546 4098 molestia,
3575 4033 3790 4102 quotquot

2259 4121 2447 4178 diebus
2484 4125 2808 4194 potuerimus
2834 4123 2899 4178 ad
2929 4125 3027 4179 hoc
3068 4135 3314 4179 vacantes
3335 4166 3351 4192 ,
3379 4134 3432 4179 et
3475 4120 3788 4192 unusquisque

2259 4225 2496 4271 nostrum
2521 4216 2657 4286 apud
2690 4231 2841 4270 suum
2865 4215 3124 4285 hostiitem
3155 4215 3437 4270 Dominum
3465 4215 3788 4284 deprecantes.

2258 4306 2539 4377 adjuvante
2567 4309 2679 4376 ipso
2706 4308 2788 4362 cui
2817 4322 2914 4376 pax
2944 4307 3226 4361 christiana
3253 4308 3550 4378 gratissima
3579 4313 3670 4370 est,
3700 4311 3788 4355 rem

2260 4404 2455 4452 tantam
2484 4408 2538 4453 et
2568 4398 2706 4454 bono
2740 4400 2915 4453 animo
2942 4409 3169 4469 emptam
3208 4399 3272 4454 ad
3319 4398 3662 4472 inquisitionis
3703 4402 3790 4448 ter.

2259 4489 2459 4543 minum
2490 4492 2860 4559 perducamus.
2891 4491 3182 4548 llcscribite
3210 4507 3338 4550 sane
3367 4493 3490 4568 quid
3527 4493 3591 4550 de
3627 4489 3713 4544 hac
3744 4497 3790 4540 re

2258 4581 2340 4637 vel
2373 4581 2524 4638 vobis
2552 4582 2634 4637 vel
2657 4582 2732 4638 illi
2756 4583 3016 4638 videatur.

2772 4719 3096 4776 EPISTOLA
3137 4721 3318 4778 XLV".

2258 4821 2567 4895 Augustinus
2605 4821 2860 4890 Paulino,
2891 4841 3072 4895 rogans
3111 4835 3166 4878 ut
3206 4826 3406 4879 demum
3447 4823 3676 4880 rescribat
3706 4825 3796 4891 post

2331 4893 2514 4946 biennii
2534 4895 2814 4965 silentium,
2843 4893 3098 4961 mittetque
3113 4898 3207 4949 sibi
3229 4914 3357 4959 opus
3379 4909 3553 4951 contra
3567 4896 3793 4965 Pagtttm,

2329 4965 2462 5034 quod
2490 4963 2550 5018 ab
2580 4966 2688 5034 ipso
2717 4966 2962 5020 elaborari
2989 4966 3182 5020 dudum
3206 4969 3416 5022 audivit.

2262 5077 2497 5133 Dominis
2547 5078 2979 5146 germanissimis,
3035 5078 3396 5136 dilectissimis
3432 5089 3486 5136 et
3520 5081 3572 5134 in
3613 5075 3794 5134 Christo

2332 5148 2675 5202 laudabilibus
2712 5147 2945 5204 Pwuuo
2971 5159 3028 5205 et
3050 5150 3333 5208 Tusnasm
3350 5192 3364 5219 ,
3390 5155 3614 5208 Aurws
3637 5156 3686 5204 et
3710 5147 3798 5200 Au-

2327 5234 2594 5284 cusrnvus,
2621 5220 2672 5272 in
2703 5219 2926 5278 Domino
2951 5220 3194 5277 Salutem.

2329 5335 2381 5388 l.
2418 5332 2760 5408 Nequaquam
2789 5352 2887 5394 uos
2920 5337 3100 5394 nescio
3117 5351 3220 5409 qua
3239 5346 3412 5393 vestra
3439 5333 3686 5396 cessatio,
3710 5339 3794 5398 αυα

2317 5501 2333 5532 ι
2359 5497 2491 5557 Edd.,
2507 5494 2780 5566 pistaziisse.
2801 5505 2902 5550 Mss.
2927 5499 3304 5566 guatuordecim,
3320 5489 3561 5545 institisse.
3585 5493 3662 5539 his.
3676 5491 3795 5534 Gem-

2252 5559 2642 5643 metmestittsse.
2666 5565 2826 5635 Longe
2849 5559 3036 5615 melius.
3061 5629 3090 5643 Β
3177 5619 3549 5643 κυμῃῃῃ-Αε
3592 5623 3698 5643 mm
3724 5619 3794 5643 in.

2316 5629 2332 5644 "
2358 5619 2486 5674 Edita
2522 5637 2648 5675 nunc
2679 5619 2879 5687 inimum
2902 5642 2964 5678 ex
2989 5629 3156 5678 codice
3587 5623 3698 5687 9!?
3723 5619 3777 5660 'u

2252 5696 2354 5740 tem
2369 5688 2430 5736 ιίὸ
2454 5696 2574 5741 erat.
2601 5677 2726 5736 nunc
2750 5687 2854 5736 127.
2880 5677 3060 5753 scripta
3079 5691 3204 5740 circa
3225 5690 3472 5757 ineuntem
3489 5695 3567 5731 au.
3587 5677 3687 5750 $138-

2315 5751 2383 5777 /,.\
2428 5748 2750 5777 l‘rpl'inrJnv-nna
2785 5765 2958 5777 ηητηη..
2998 5755 3191 5777 Amm...“
3243 5751 3288 5777 :n
3333 5749 3523 5777 ιιιηιωιε
3560 5740 3728 5777 οιιηηηῑ
3745 5729 3796 5777 ab

2314 5751 2384 5815 (α)
2428 5740 2751 5799 (Σαξιὴίέοιδῐ-υίι]
2782 5765 2962 5802 nomen
2978 5740 3198 5803 ‘occurrit
3243 5751 3291 5800 in
3333 5740 3770 5857 legibus'aliqlwu

2314 5813 2454 5857 inorlo
2472 5813 2622 5857 datis.
2660 5811 2836 5857 quibus
2882 5811 2947 5857 illi
2985 5817 3265 5857 mnstlmtas
3301 5812 3350 5857 in
3379 5823 3384 5826 ·
3416 5811 3634 5856 {creticos
3653 5805 3770 5857 Γιαὲυ²

2251 5801 2454 5865 Hobdrlo
2472 5813 2622 5868 datis,
2660 5811 2836 5874 quibus
2882 5801 2961 5863 illi
2985 5801 3265 5865 constitutas
3301 5812 3350 5861 in
3379 5801 3796 5876 baereticoslwm

2251 5879 2417 5900 -..i.:.m
2448 5883 2676 5900 nmmum.
2756 5893 2774 5900 ..
2798 5877 2887 5900 nt...‘
2913 5877 2968 5900 ιυι
3006 5880 3087 5900 πηι
3137 5876 3312 5900 mm“...
3357 5863 3793 5900 annomhnnnmme

2251 5879 2418 5925 subire
2448 5867 2707 5934 tenentur,
2755 5893 2776 5920 tt
2797 5877 2889 5924 nisi
2912 5877 2970 5924 ad
3006 5880 3090 5927 Dei
3133 5876 3313 5927 cultum
3357 5867 3768 5924 venct‘ationtttn‘l‘l

2251 5939 2554 5989 Christianam
2579 5929 2800 5988 colversi
2827 5939 3020 5989 fuerint.
3040 5955 3061 5985 ν
