3962 6378
178 374 263 434 181
1343 365 1827 431 EPISTOLARUM
1866 372 2136 433 CLASSIS
2172 377 2238 437 ll.

175 499 284 544 ecce
327 495 415 553 per
445 486 603 537 totum
649 478 921 536 biennium
946 519 961 545 ,
992 492 1061 536 ex
1090 494 1198 552 quo
1226 480 1385 537 nobis
1416 482 1716 539 dulcissimi

174 578 341 637 fratres
366 574 622 628 Romanus
641 582 693 627 et
722 572 889 643 Agilis
909 572 976 626 ad
1006 586 1098 628 vos
1126 585 1518 639 remeaverunt,
1550 577 1721 633 nullas

174 687 198 725 s
216 668 347 725 vobis
373 667 563 722 litteras
590 666 934 736 sumpsimus,
969 666 1149 739 pigros
1174 668 1239 722 ad
1267 668 1608 725 scribendum
1639 670 1715 726 fe-

172 763 248 817 cit.
274 760 392 815 Nam
421 774 535 815 cum
569 759 620 812 in
648 757 766 813 aliis
808 758 968 814 rebus
994 772 1193 831 quanto
1228 762 1453 833 quisque
1491 764 1718 835 amplius

169 854 388 925 diligitur.
415 862 555 907 tanto
579 850 789 922 dignior
814 853 1112 912 imitatione
1142 855 1406 924 videatur,
1442 858 1493 912 in
1525 856 1625 913 hac
1657 875 1716 915 re

170 960 324 1004 contra
343 953 437 1001 est.
455 946 564 1013 Quo
587 945 729 999 enim
752 959 847 1001 vos
865 962 1105 1001 amamus
1126 948 1420 1016 ardentius,
1451 965 1517 1006 eo
1539 950 1716 1007 minus

168 1040 353 1095 terimus
375 1037 508 1107 quod
538 1038 690 1093 nobis
714 1052 820 1093 non
846 1039 1115 1105 scribitis;
1147 1055 1246 1095 nec
1275 1055 1368 1096 vos
1392 1042 1445 1096 in
1469 1057 1535 1097 eo
1569 1043 1713 1099 volu-

169 1145 267 1186 mus
301 1130 499 1185 imitari.
531 1129 666 1185 Ecce
705 1131 860 1201 igitur
889 1133 1180 1186 salutamus
1219 1147 1348 1200 vos,
1390 1133 1434 1187 si
1479 1149 1581 1188 non
1622 1151 1710 1191 re~

169 1221 456 1292 spondentes
478 1221 721 1292 epistolis
744 1221 953 1287 vestris,
975 1238 1094 1294 qua:
1109 1223 1265 1278 nulla:
1279 1222 1345 1279 ad
1364 1240 1461 1280 nos
1472 1226 1706 1294 veniunt,

163 1319 325 1375 saltem
352 1317 761 1388 expostulantes,
789 1326 845 1373 et
881 1333 984 1374 non
1015 1318 1201 1374 dolore
1222 1318 1496 1385 mediocri,
1524 1336 1710 1390 quam-

163 1413 235 1467 vis
257 1412 452 1467 fortasse
474 1411 635 1465 etiam
666 1411 907 1466 Charitas
936 1421 1111 1467 vestra
1145 1412 1392 1467 similiter
1416 1428 1708 1484 conquera-

166 1516 259 1569 tur.
282 1504 511 1577 siquidem
545 1506 737 1560 missas
764 1520 792 1559 a
822 1505 972 1560 vobis
1002 1505 1169 1560 nostis
1204 1521 1322 1576 qure
1361 1505 1427 1561 ad
1465 1522 1561 1562 nos
1598 1523 1705 1564 non

165 1606 503 1669 pervenerunt,
541 1598 880 1667 vicissimque
909 1613 937 1651 a
970 1598 1122 1652 uobis
1151 1614 1269 1669 quis
1301 1600 1512 1653 emissas
1553 1609 1705 1656 eram

161 1710 251 1750 non
278 1704 385 1748 sunt
409 1692 555 1748 vobis
578 1693 735 1747 datae.
759 1691 909 1761 Quod
937 1691 979 1745 si
1005 1692 1074 1746 ita
1102 1699 1202 1754 est,
1230 1692 1473 1763 querelas
1494 1702 1704 1749 nostras

161 1799 485 1844 convertemus
509 1787 562 1841 in
589 1800 773 1857 preces
806 1785 871 1841 ad
898 1785 1181 1841 Dominum
1204 1828 1219 1855 ,
1251 1801 1318 1843 ne
1347 1794 1487 1841 tanta
1514 1786 1701 1843 solatia

159 1881 345 1952 deneget
372 1880 535 1937 nobis.

213 1973 260 2029 2.
317 1973 555 2028 Scribere
602 1980 653 2027 te
702 1970 1038 2026 audieramus
1083 1967 1364 2026 adversum
1415 1970 1697 2043 Paganos;

157 2066 272 2137 quod
292 2065 331 2121 si
354 2066 645 2120 absolutum
688 2072 789 2132 est,
826 2077 1127 2136 quresumus
1158 2079 1223 2118 ne
1249 2062 1462 2119 differas
1492 2064 1699 2121 mittere

157 2158 449 2229 perlatorem
480 2156 640 2226 hujus
676 2157 935 2225 epistolae.
965 2154 1172 2210 Charus
1213 2156 1366 2210 nobis
1408 2164 1509 2222 est,
1549 2158 1698 2226 cujus

157 2252 448 2307 astimationi
484 2254 541 2305 in
585 2249 888 2321 regionibus
932 2248 1127 2304 nostris
1158 2264 1439 2319 possumus
1470 2266 1573 2305 non
1624 2258 1701 2306 te-

154 2359 278 2399 mere
302 2346 478 2399 bonum
514 2341 876 2397 testimonium
909 2340 1213 2413 perhibere.
1258 2339 1427 2412 Rogat
1466 2357 1562 2411 per
1600 2357 1697 2396 nos

158 2435 529 2491 Sanetimonium
574 2443 808 2489 vestrum
833 2474 847 2499 ,
872 2442 929 2487 ut
958 2448 1079 2488 eum
1109 2435 1481 2489 commendare
1510 2434 1695 2505 digne-

158 2528 269 2584 mini
293 2543 393 2583 cum
421 2530 609 2601 quibus
647 2528 695 2583 ei
741 2528 1006 2597 negotium
1046 2536 1160 2593 est,
1190 2535 1243 2583 et
1280 2528 1418 2599 apud
1460 2542 1595 2598 quos
1630 2545 1697 2585 ne

155 2618 272 2673 bona
298 2634 438 2675 causa
464 2619 583 2689 ejus
604 2619 951 2687 opprimatur,
977 2616 1143 2672 timet.
1176 2617 1311 2686 Quid
1339 2618 1390 2672 in
1422 2633 1480 2672 re
1510 2628 1693 2689 agatur

153 2713 435 2768 commodius
455 2712 572 2782 ipse
595 2709 867 2765 narra‘bit:
894 2709 1017 2781 quid
1046 2710 1205 2765 etiam
1227 2710 1292 2764 ad
1314 2710 1541 2781 singula,
1579 2727 1695 2780 quae

154 2803 271 2859 forte
283 2805 491 2859 animum
521 2802 787 2857 moverint
806 2802 1010 2856 inter...
1029 2801 1384 2872 gratissimum
1414 2804 1690 2870 habemus,

152 2904 197 2951 et
217 2896 332 2966 apud
350 2897 627 2951 Dominum
654 2897 815 2949 Deum
840 2904 1081 2949 nostrum
1102 2895 1473 2950 sincerissima:
1501 2907 1694 2951 vestrm

150 2986 416 3058 benignitati
442 2989 643 3060 gratias
672 2988 897 3058 agimus,
927 2987 973 3042 si
1001 3003 1094 3058 per
1121 2996 1351 3043 vestram
1382 3004 1600 3060 Operam
1627 2988 1693 3044 de

150 3076 382 3135 christiani
408 3079 589 3135 fratris
618 3078 900 3135 securitate
925 3079 1266 3150 gaudeamus.

573 3193 904 3250 EPISTULA
920 3193 1105 3249 XLVI‘
1134 3192 1237 3266 (a).

220 3304 461 3363 Publicola
485 3308 770 3379 Augustino
802 3308 1036 3379 praponit
1064 3309 1249 3360 multas
1275 3307 1598 3378 qua’stiones.

236 3398 419 3459 Dilecto
438 3410 492 3458 et
521 3401 813 3457 venerabili
834 3401 966 3470 patri
986 3401 1291 3457 AUGUSTINO
1309 3400 1487 3471 episco
1493 3415 1580 3472 po,

743 3494 1059 3551 Pusucou.

206 3609 439 3680 Scriptum
459 3617 535 3666 est
558 3626 577 3665 :
612 3627 630 3662 t
665 3608 930 3680 Interroga
959 3617 1150 3679 patrem
1184 3618 1343 3676 tuum,
1371 3619 1418 3663 et
1456 3608 1693 3663 indicabit

155 3704 297 3769 «tibi;
318 3706 533 3760 seniores
561 3713 705 3771 tuos,
739 3712 785 3758 et
820 3704 983 3757 dicent
1010 3701 1135 3757 tibi:
1172 3701 1353 3776 (Deut.
1390 3718 1536 3757 χχχιι
1559 3743 1572 3767 ,
1612 3702 1688 3775 7).

153 3792 273 3849 Unde
295 3806 337 3849 et
361 3797 478 3851 mihi
506 3794 867 3867 exquirendum
895 3797 1054 3866 legem
1090 3794 1154 3849 de
1183 3812 1267 3848 ore
1301 3795 1579 3849 sacerdotis
1596 3795 1692 3865 ju-

148 3883 285 3939 dicavi
307 3888 355 3941 in
381 3904 536 3944 causa
562 3888 651 3941 tali
671 3903 685 3940 :
706 3902 819 3959 quas
842 3886 1004 3957 qualis
1030 3886 1112 3947 sit.
1137 3902 1225 3956 per
1244 3886 1436 3940 litteras
1461 3903 1691 3957 expono;

149 3975 272 4031 simul
292 3981 430 4034 etiam
452 3990 509 4035 ut
539 3991 586 4035 et
615 3997 705 4051 ego
729 3981 952 4034 instruar
978 3979 1031 4033 in
1057 3979 1264 4034 diversis
1291 3980 1472 4033 causis.
1498 3979 1689 4051 Singu-

148 4069 210 4124 las
232 4082 380 4126 autem
404 4074 705 4143 quaestiones
729 4082 775 4126 ct
805 4071 1024 4126 diversas
1044 4114 1057 4136 ,
1080 4087 1171 4142 per
1192 4072 1416 4141 capitula
1440 4073 1693 4142 designari

150 4161 244 4227 feci,
270 4163 331 4217 ad
350 4180 473 4231 quas
503 4164 803 4235 singillatim
827 4163 1037 4234 dignare
1058 4163 1380 4232 respondere.
1399 4193 1470 4204 ——
1489 4163 1555 4216 In
1588 4164 1689 4217 Ar-

150 4252 348 4321 sugibus,
379 4266 430 4309 ut
455 4255 649 4319 audivi,
680 4254 935 4308 decurioni
963 4254 1048 4318 qui
1078 4253 1226 4308 limiti
1248 4256 1263 4285 ³
1294 4264 1472 4325 praeest
1497 4255 1572 4309 vel
1600 4257 1690 4308 tri-

150 4341 259 4399 buno
281 4344 428 4401 solent
449 4349 627 4420 jurare
654 4346 882 4412 barbari,
902 4346 1135 4417 jurantes
1166 4362 1253 4415 per
1274 4347 1524 4400 dtemoncs
1549 4363 1686 4415 suos,

149 4436 222 4501 qui
240 4438 295 4490 ad
314 4440 630 4496 deducendas
657 4440 890 4510 bastagas
918 4438 992 4511 (b)
1020 4438 1153 4508 pacti
1180 4438 1368 4509 fuerint
1387 4482 1398 4503 .
1432 4439 1507 4494 vel
1535 4440 1691 4510 aliqui

148 4528 207 4580 ad
220 4534 465 4587 servandas
489 4538 661 4606 fruges
684 4535 838 4605 ipsas,
862 4532 1051 4604 singuli
1075 4548 1379 4603 possessores
1401 4533 1477 4586 vel
1500 4534 1692 4586 condu-

145 4628 278 4677 ctores
302 4624 455 4680 solent
475 4626 543 4678 ad
563 4623 910 4679 custodiendas
936 4627 1103 4695 fruges
1130 4624 1400 4694 suscipere,
1423 4625 1564 4693 quasi
1576 4625 1688 4694 jam

147 4711 309 4781 ﬁdeles,
339 4718 600 4786 epistolam
624 4718 891 4771 decurione
915 4717 1136 4770 mittente
1152 4755 1167 4781 ,
1208 4717 1284 4769 vel
1308 4718 1495 4785 singuli
1519 4726 1688 4771 trans-

146 4814 286 4859 euntes
311 4808 482 4874 quibus
510 4824 707 4863 necesse
730 4816 802 4861 est
840 4824 928 4877 per
966 4824 1049 4861 eos
1088 4807 1318 4860 transire.
1354 4805 1485 4861 Mihi
1524 4818 1689 4862 autem

146 4893 401 4966 disceptatio
426 4900 480 4954 in
507 4900 655 4953 corde
682 4909 801 4954 nata
829 4909 918 4963 est,
949 4902 992 4954 si
1022 4898 1109 4953 ille
1137 4914 1388 4969 possessor
1410 4899 1496 4970 qui
1519 4916 1687 4955 susce-

148 4986 249 5052 perit
286 4987 549 5047 barbarum
570 5031 584 5056 ,
614 4993 762 5062 cujus
802 4990 926 5059 ﬁdes
963 5008 1052 5061 per
1079 4992 1362 5044 daemonum
1379 4990 1690 5061 jurationem

148 5078 273 5143 ﬁrm
304 5084 405 5138 visa
447 5094 554 5149 est,
596 5102 697 5139 non
731 5084 1082 5156 coinquinatur
1104 5083 1180 5138 vel
1203 5084 1331 5153 ipse,
1361 5083 1437 5137 vel
1463 5084 1553 5139 illa
1578 5100 1691 5155 quia

196 5237 446 5308 {Am._Bat_l.
476 5248 529 5308 et
547 5250 649 5293 Mss.
668 5251 878 5307 septem,
902 5243 1058 5297 militi.
1083 5245 1174 5296 sed
1196 5244 1374 5297 melius
1392 5245 1505 5308 alii,
1530 5244 1686 5299 limiti.

146 5295 369 5370 vittae-tit.
392 5303 675 5367 dignitatum
698 5295 906 5370 u‘nperi'i.

198 5362 344 5413 'xm
368 5374 419 5417 et
442 5362 582 5417 iuit
617 5362 1026 5433 recep'sitaesunt
1064 5369 1124 5418 ad
1165 5380 1213 5418 a.
1238 5370 1321 5433 bg.
1344 5370 1413 5419 bl.
1439 5381 1483 5419 c.
1515 5383 1587 5420 cc.
1634 5371 1683 5419 tr.

147 5433 288 5532 ἢέν.
312 5439 360 5474 n.
384 5440 426 5476 r.
462 5440 507 5479 s.
544 5436 579 5479 t.
619 5444 693 5481 vc.
718 5431 839 5481 duos
860 5432 934 5484 sb.
959 5439 1164 5497 quatuor
1186 5444 1237 5481 v.
1259 5431 1319 5482 ad
1340 5439 1439 5481 Am.
1463 5433 1571 5483 Bad.
1610 5439 1684 5484 Er.

150 5518 711 5662 ﬁlamines
753 5563 917 5607 autem
959 5555 1181 5615 meras,
1219 5568 1344 5606 nunc
1363 5554 1471 5605 214.
1509 5558 1687 5621 scripta

771 5678 1330 5793 meum
1224 5684 1293 5730 θα
1330 5680 1467 5790 tu:

150 5716 751 5799 niufRErruEdisTwwué
771 5716 1330 5793 ὄεῒῑῖὅιῖἔάᾍοοπηηοᾶιΜπ
1224 5716 1293 5730 ””
1330 5716 1466 5790 ﬁlii?

150 5802 333 5906 lit-3:0
362 5798 609 5853 dioebautr
624 5804 778 5866 ipsttm
798 5818 922 5856 onus
946 5804 1286 5868 portandarum
1308 5816 1472 5853 rerum
1495 5816 1583 5868 per
1613 5819 1686 5869 ju-

3307 406 3414 465 18!

1830 491 2064 555 custodit,
2094 494 2171 548 vel
2196 494 2281 550 ille
2300 499 2385 568 qui
2412 501 2676 559 deducitur
2692 522 2725 561 a
2748 510 3015 568 deductore
3038 514 3268 577 barbaro.
3298 522 3405 580 Sed

1828 580 1924 633 hoc
1949 582 2093 686 debes
2117 588 2245 641 scire
2270 591 2391 661 quia
2417 596 2503 663 qui
2521 598 2664 666 jurat
2694 600 2932 659 barbarus
2956 624 2987 660 a
3009 625 3290 678 possessore
3314 634 3407 686 pro

1827 674 2083 727 servandis
2117 676 2347 749 frugibus
2377 685 2596 754 accipiat
2622 705 2823 760 aurum,
2856 696 2932 750 vel
2966 674 3017 751 ai
3036 701 3222 757 viatore
3246 674 3407 763 dedu-

1825 772 1967 827 ctor;
1991 767 2078 819 sed
2103 777 2265 825 tamen
2294 788 2409 826 cum
2438 775 2533 829 hac
2558 780 2708 835 veluti
2749 789 2972 842 mercede
2994 808 3108 862 qua:
3131 796 3255 851 solet
3291 800 3403 856 dari

1824 870 1857 907 a
1880 872 2193 927 possessore,
2227 864 2303 917 vel
2326 882 2357 918 a
2383 868 2569 923 viatore
2589 913 2602 936 ,
2620 874 2969 945 juramentum
3007 886 3153 939 etiam
3194 889 3323 944 illud
3349 893 3404 947 in

1822 948 1986 1001 medio
2025 960 2095 1005 est
2128 956 2337 1010 mortale
2380 958 2553 1014 datum
2593 963 2851 1023 decurioni
2880 975 2956 1027 vel
2994 978 3192 1033 tribuno
3224 996 3243 1035 :
3266 985 3403 1053 quod

1821 1042 2075 1110 perturbat
2100 1063 2178 1101 me
2201 1066 2263 1102 ne
2286 1052 2478 1119 polluat
2504 1056 2644 1111 illum
2669 1061 2757 1125 qui
2780 1068 2988 1135 suscipit
3017 1069 3218 1126 barbari
3254 1042 3402 1140 jura-

1818 1144 2054 1201 mentum,
2082 1138 2157 1193 vel
2178 1141 2267 1194 illa
2282 1159 2395 1211 quoe
2410 1149 2623 1201 custodit
2640 1151 2899 1209 barbarus.
2925 1138 3401 1234 Quacumqueenim

1818 1228 2118 1295 conditione,
2147 1234 2295 1287 etiam
2318 1253 2443 1291 auro
2469 1240 2587 1295 dato
2613 1254 2657 1295 et
2678 1244 2928 1305 obsidibus
2954 1253 3103 1321 datis,
3129 1228 3185 1310 ut
3205 1261 3394 1332 audivi,

1816 1323 1980 1371 tamen
2000 1320 2346 1388 juramentum
2365 1329 2589 1399 iniquum
2613 1336 2833 1391 medium
2854 1340 3126 1399 intercessit
3171 1320 3398 1421 Dignor;

1814 1419 1979 1463 autem
2004 1412 2128 1466 mihi
2163 1415 2414 1483 deﬁnitiva
2438 1425 2724 1492 rescribere,
2756 1439 2800 1481 et
2826 1447 2926 1486 non
2962 1451 3214 1507 suspense.
3241 1412 3397 1508 δηθά

1812 1502 1857 1556 si
1892 1504 2000 1573 ipse
2036 1507 2222 1563 scribas
2257 1511 2559 1581 dubitanter,
2593 1534 2683 1589 ego
2720 1520 2772 1574 in
2813 1526 3027 1595 majores
3050 1502 3396 1591 dubitationes

1809 1593 2029 1651 incidere
2056 1617 2277 1669 possunt,
2307 1619 2456 1675 quam
2483 1617 2747 1678 antequam
2772 1613 3172 1688 interrogassent.
3192 1653 3261 1665 —-
3280 1624 3394 1684 Hoc

1809 1687 1960 1740 etiam
1986 1691 2175 1757 audivi,
2203 1695 2319 1765 quia
2341 1697 2438 1765 ipsi
2463 1699 2688 1755 homines
2709 1707 3033 1765 conductores
3062 1714 3145 1782 qui
3170 1728 3395 1786 pressant

1808 1780 1880 1833 rei
1905 1797 2046 1849 ntea’,
2065 1785 2408 1855 juramentum
2435 1808 2522 1859 per
2543 1794 2791 1850 daemones
2816 1816 2932 1854 suos
2949 1804 3239 1873 jurantibus
3267 1809 3389 1865 bar-

1807 1872 1940 1927 baris
1965 1877 2215 1947 accipiunt
2240 1897 2332 1950 pro
2359 1886 2616 1939 servandis
2646 1890 2893 1960 frugibus.
2926 1872 2988 1948 Si
3013 1913 3129 1969 ergo
3158 1916 3273 1955 cum
3311 1903 3390 1959 illi

1796 1968 1976 2038 jurant
2003 1987 2090 2038 per
2116 1971 2368 2028 dwmones
2394 1993 2510 2031 suos
2536 1989 2589 2031 ut
2617 1984 2899 2038 custodiant
2916 1991 3107 2059 fruges,
3137 2008 3236 2046 non
3267 1997 3384 2064 pol-

1805 2061 1948 2115 luunt
1969 2063 2104 2133 ipsas
2134 2068 2303 2137 fruges
2324 2110 2337 2131 ,
2369 2078 2423 2122 ut
2451 2072 2495 2123 si
2518 2072 2637 2126 inde
2675 2076 3047 2135 manducauerit
3086 2084 3389 2144 christianus

1802 2156 1962 2210 sciens
1988 2160 2065 2212 vel
2088 2160 2150 2213 de
2178 2163 2337 2232 pretio
2364 2164 2589 2236 ipsarum
2616 2184 2782 2222 rerum
2814 2174 2981 2243 fuerit,
3015 2177 3381 2253 coinquinetur,

1801 2246 2086 2316 signiﬁcare
2110 2251 2333 2323 dignare.
2364 2285 2432 2295 -
2454 2255 2586 2311 Item
2616 2260 2677 2313 ab
2703 2261 2805 2315 alio
2835 2266 3003 2319 audivi
3027 2246 3161 2337 quod
3186 2246 3382 2328 condu;

1802 2340 1927 2393 ctori
1962 2357 2061 2395 non
2076 2344 2287 2414 juratur
2309 2363 2340 2399 a
2372 2348 2603 2416 barbaro,
2634 2359 2679 2405 et
2712 2352 2839 2407 alter
2873 2356 2999 2410 dixit
3034 2361 3150 2429 quia
3175 2363 3385 2432 juratur

1801 2431 2110 2487 conductori.
2137 2435 2198 2489 Si
2220 2438 2367 2491 etiam
2388 2439 2575 2509 falsum
2599 2443 2723 2496 mihi
2751 2445 2878 2499 dixit
2906 2448 3018 2515 ille,
3044 2452 3130 2520 qui
3153 2431 3278 2508 dixit
3296 2457 3388 2527 ju—

1800 2524 1906 2576 rari
1934 2527 2245 2595 conductori,
2278 2532 2321 2585 si
2340 2533 2453 2602 jam
2476 2551 2565 2603 pro
2591 2536 2685 2589 hoc
2705 2539 2842 2609 quod
2867 2542 3030 2596 solum
3058 2547 3245 2612 audivi,
3284 2565 3385 2604 non

1801 2615 1951 2670 debeo
1979 2620 2053 2671 uti
2091 2620 2152 2673 de
2182 2623 2306 2691 ipsis
2334 2625 2582 2694 frugibus,
2615 2630 2690 2681 vel
2728 2631 2790 2683 de
2817 2634 2976 2700 pretio
3005 2635 3226 2705 ipsarum
3261 2655 3383 2709 pro-

1803 2720 1912 2779 pter
1938 2712 2165 2766 auditum
2194 2716 2375 2781 solum,
2414 2722 2531 2788 quia
2557 2721 2745 2774 dictum
2777 2732 2850 2776 est
2879 2740 2896 2777 :
2931 2742 2949 2775 t
2986 2724 3047 2780 Si
3076 2736 3239 2782 autem
3267 2732 3379 2801 quis

1808 2818 1826 2853 t
1855 2803 2038 2857 dixerit
2076 2820 2094 2858 :
2125 2804 2236 2860 Hoc
2272 2808 2643 2864 immolatitium
2674 2825 2742 2867 est
2770 2814 2920 2870 idolis
2941 2858 2954 2879 ,
2988 2819 3142 2873 nolite
3168 2823 3382 2876 mandu-

1808 2912 1825 2943 ι
1861 2911 1991 2960 care,
2020 2907 2225 2966 propter
2247 2900 2390 2953 illum
2409 2902 2492 2970 qui
2512 2904 2787 2958 indicavit?
2817 2925 2834 2957 ι
2862 2905 2913 2979 (l
2944 2906 3061 2963 Cor.
3095 2925 3151 2974 χ,
3180 2911 3291 2983 28.)
3322 2913 3385 2969 Si

1800 2997 1965 3042 tamen
1995 2991 2144 3043 etiam
2172 2991 2278 3045 ltrec
2306 3009 2459 3048 causa
2488 2996 2665 3050 similis
2686 3008 2757 3051 est
2777 3015 2943 3054 causes
2962 3001 3024 3056 de
3043 3004 3379 3061 immolatitio.

1803 3079 1950 3144 Quod
1976 3082 2020 3134 si
2038 3082 2109 3135 ita
2138 3094 2227 3149 est,
2252 3085 2373 3154 quid
2393 3086 2544 3140 debeo
2571 3088 2633 3141 de
2656 3089 2779 3159 ipsis
2799 3093 3046 3163 frugibus,
3078 3095 3154 3149 vel
3174 3096 3237 3149 de
3264 3114 3380 3168 pre—

1801 3170 1869 3225 tio
1896 3174 2120 3242 ipsarum
2158 3177 2445 3245 facere?—
2466 3176 2527 3232 Si
2553 3178 2702 3233 debeo
2742 3182 2994 3239 reouirere
3037 3187 3098 3239 de
3136 3198 3344 3257 utroque
3364 3233 3379 3257 ,

1799 3263 1883 3332 qui
1904 3264 2027 3317 mihi
2055 3265 2181 3319 dixit
2199 3268 2317 3337 quia
2342 3285 2443 3321 non
2455 3270 2659 3338 juratur
2687 3273 3001 3341 conductori,
3029 3287 3115 3331 aut
3144 3280 3230 3351 qui
3255 3281 3382 3334 dixit

1798 3357 1917 3426 quia
1936 3359 2148 3428 juratur
2185 3363 2515 3428 conductori;
2540 3375 2585 3418 et
2613 3365 2800 3421 dictum
2844 3370 3234 3444 uniuscujusque
3264 3394 3383 3446 pro-

1798 3446 1916 3503 bare
1939 3466 2029 3521 per
2055 3462 2218 3519 testes,
2237 3455 2324 3524 qui
2346 3470 2511 3509 verum
2532 3457 2657 3510 dixit
2683 3458 2747 3513 de
2767 3460 2870 3515 illis
2896 3461 3106 3531 duobus,
3137 3477 3181 3519 et
3206 3469 3383 3523 tandiu

1799 3557 1899 3595 non
1926 3543 2213 3615 contingere
2236 3547 2298 3599 de
2324 3547 2450 3617 ipsis
2476 3548 2725 3619 frugibus,
2756 3551 2833 3605 vel
2861 3554 2922 3607 de
2944 3556 3123 3623 pretio,
3156 3559 3382 3627 quandiu

1799 3636 1922 3691 mihi
1952 3637 2215 3708 probatum
2243 3641 2392 3709 fuerit
2423 3642 2467 3695 si
2491 3658 2661 3697 verum
2701 3646 2826 3699 dixit
2861 3647 2948 3701 ille
2984 3649 3069 3719 qui
3106 3650 3236 3704 dixit
3264 3652 3383 3722 quia

1798 3744 1898 3782 non
1923 3729 2133 3798 juratur
2177 3729 2599 3787 conductori?-—
2621 3734 2683 3790 Si
2718 3736 2960 3792 barbarus
2988 3739 3074 3808 qui
3107 3757 3196 3811 per
3223 3743 3378 3812 jura-

1797 3832 2021 3875 mentunt
2054 3840 2202 3877 suum
2222 3825 2370 3894 jurat
2409 3826 2597 3881 malum
2620 3870 2633 3894 ,
2667 3832 2839 3901 fecerit
2872 3832 3017 3886 illum
3054 3834 3383 3891 christianunt

1798 3912 2168 3979 conductorem,
2195 3916 2272 3969 vel
2298 3918 2548 3971 tribunum
2577 3919 2663 3988 qui
2693 3921 2841 3974 limiti
2862 3933 3058 3992 praeest,
3088 3925 3260 3991 iurare
3287 3925 3383 3980 sibi

1797 4022 1889 4077 pro
1938 4008 2039 4075 ﬁde
2076 4008 2156 4061 illi
2197 4009 2441 4063 servanda
2484 4029 2574 4081 pro
2608 4014 2945 4068 custodiendis
2984 4017 3248 4085 frugibus,
3289 4035 3381 4089 per

1795 4098 1964 4168 ipsum
1981 4101 2328 4170 juramentum
2354 4104 2564 4155 mortale
2585 4120 2675 4172 per
2696 4103 2830 4169 quod
2854 4106 2961 4173 ipse
2972 4106 3134 4174 jurat,
3165 4107 3210 4159 si
3236 4108 3379 4163 solus

1794 4191 1883 4245 ille
1909 4192 2213 4247 christianus
2235 4195 2582 4264 coinquinatus
2610 4196 2715 4249 sit?
2740 4195 2801 4250 Si
2840 4213 2940 4250 non
2969 4206 3017 4251 et
3048 4198 3139 4253 illa
3164 4216 3378 4272 quorum

1796 4298 1951 4337 causa
1968 4284 2154 4355 jurat?
2181 4284 2280 4337 Aut
2303 4286 2346 4339 si
2373 4301 2601 4355 paganus
2630 4287 2713 4358 qui
2734 4287 2881 4341 limiti
2902 4302 3112 4361 prwest,
3132 4292 3379 4363 juraverit

1794 4375 2007 4430 barbaro
2034 4392 2124 4447 pro
2144 4378 2245 4445 ﬁde
2272 4377 2349 4431 illi
2385 4378 2629 4433 servanda
2656 4398 2743 4450 per
2772 4383 2981 4436 mortale
3005 4384 3374 4454 juramentum,

1795 4472 1839 4525 si
1867 4486 1966 4524 non
1996 4470 2284 4539 coinquinat
2314 4487 2404 4541 pro
2431 4471 2608 4541 quibus
2628 4473 2812 4544 jurat?
2839 4473 2900 4529 Si
2923 4492 3067 4546 quem
3101 4479 3279 4532 misero
3308 4481 3377 4534 ad

1799 4565 2039 4633 Arzugcs,
2070 4564 2113 4616 si
2145 4564 2258 4617 licet
2288 4563 2331 4617 ei
2343 4564 2689 4632 juramentum
2718 4568 2943 4638 accipere
2964 4584 2994 4621 a
3015 4568 3224 4624 barbaro
3244 4571 3377 4627 illud

1794 4658 2039 4721 mortale;
2064 4666 2109 4710 et
2133 4658 2175 4711 si
2203 4673 2303 4711 non
2331 4658 2696 4728 coinquinatur,
2729 4660 2773 4713 si
2807 4664 3074 4731 susceperit
3104 4665 3205 4719 tale
3222 4668 3370 4735 jura-

1795 4761 2011 4805 mentum
2059 4750 2494 4805 christianus?—
2524 4750 2585 4806 Si
2626 4752 2687 4806 de
2715 4770 2833 4806 area
2874 4756 3183 4811 trituratoria
3221 4758 3375 4814 tritici

1793 4844 1870 4897 vel
1890 4843 2244 4914 cujuscumque
2268 4842 2547 4914 leguminis,
2572 4854 2659 4897 aut
2680 4846 2940 4909 torculari,
2960 4847 3021 4901 de
3038 4866 3134 4919 quo
3155 4850 3374 4907 daemoni

1795 4935 2011 4988 oblatum
2042 4943 2133 5000 est,
2161 4934 2205 4987 si
2233 4934 2343 4988 licet
2370 4934 2486 4989 inde
2511 4937 2817 4992 manducare
2845 4939 3172 4995 christianum
3206 4946 3369 5000 scien-

1794 5038 1890 5083 tem
1911 5029 2019 5082 ?—-—
2039 5026 2112 5080 De
2137 5028 2250 5082 luco
2274 5030 2318 5082 si
2340 5028 2452 5083 licet
2472 5036 2540 5083 ad
2564 5031 2778 5101 aliquem
2801 5049 2945 5087 nsunt
2969 5052 3113 5089 suunt
3138 5038 3372 5093 christia-

1792 5136 1913 5173 num
1942 5119 2174 5172 scientem
2218 5120 2353 5189 ligna
2388 5119 2599 5174 tollere?
2621 5152 2691 5161 ——
2720 5122 2781 5177 Si
2806 5124 2916 5193 quis
2945 5126 3127 5181 vadens
3164 5131 3231 5182 ad
3257 5149 3368 5184 ma-

1794 5212 1973 5265 cellum
2004 5220 2133 5263 emat
2160 5226 2358 5263 carnem
2393 5228 2505 5278 qua:
2531 5229 2629 5266 non
2656 5214 2721 5267 sit
2746 5215 3081 5282 immolatitia,
3104 5230 3150 5273 et
3177 5224 3368 5293 cogita-

1792 5302 1948 5355 tiones
1974 5300 2103 5354 duas
2122 5300 2346 5354 habuerit
2374 5302 2425 5355 in
2450 5304 2616 5368 corde,
2646 5306 2781 5377 quod
2806 5307 3061 5365 immolata
3085 5314 3168 5375 sit,
3197 5322 3243 5364 et
3268 5330 3368 5367 non

1791 5393 1853 5447 sit
1873 5394 2150 5459 immolata,
2181 5393 2381 5447 etillant
2407 5398 2616 5450 tenuerit
2646 5400 2994 5470 cogitationem
3015 5420 3110 5472 qua
3145 5419 3243 5456 non
3270 5405 3367 5457 im-

1792 5488 2026 5541 molatum
2054 5485 2306 5557 cogitabit,
2339 5486 2382 5539 si
2397 5490 2765 5545 manducaverit
2784 5509 2849 5544 an
2876 5492 3367 5567 peccat?—Siquis

1792 5581 1969 5636 bonum
1992 5598 2113 5644 rem,
2143 5581 2205 5633 de
2231 5598 2331 5651 qua
2361 5581 2551 5636 dubitat
2577 5601 2641 5636 an
2671 5585 2798 5637 bona
2829 5593 2916 5636 aut
2943 5584 3077 5639 mala
3101 5587 3184 5650 sit,
3216 5591 3260 5642 si
3280 5592 3365 5660 fa-

1792 5674 1888 5727 ciat
1917 5681 2098 5743 putans
2127 5672 2303 5724 bonam
2325 5712 2339 5736 ,
2368 5689 2481 5725 cum
2519 5682 2681 5726 tamen
2714 5684 2931 5743 putasset
2971 5684 3016 5728 et
3058 5679 3276 5748 malam,
3323 5684 3367 5737 si

1794 5774 2046 5836 peccatum
2075 5763 2387 5819 adscribatur
2405 5766 2451 5818 ei
2463 5766 2487 5818 ?
2504 5792 2574 5803 —
2596 5764 2655 5817 Si
2683 5764 2791 5833 quis
2812 5764 2993 5821 dixerit
3018 5771 3153 5837 quod
3180 5774 3363 5828 imma-

1797 5856 2008 5911 lau'tium
2032 5865 2106 5909 est
2127 5855 2382 5921 mentiens,
2418 5863 2461 5909 et
2482 5862 2651 5924 postea
2676 5854 2857 5913 dixerit
2882 5859 3061 5915 iterum
3090 5864 3207 5934 quia
3229 5882 3367 5921 me".
