3962 6386
537 363 640 420 αδδ
1762 363 1818 419 S.
1860 359 2098 420 AUGUS'

2208 359 2218 415 l
2258 358 2557 418 EPISCOPI
3709 380 3791 442 ιιι

535 478 655 531 titus
682 486 773 538 est,
807 484 853 530 et
878 475 948 531 ad
972 477 1126 545 ﬁdem
1159 493 1269 533 vere
1293 477 1528 534 mentitus
1561 487 1653 543 est,
1682 479 1726 532 si
1755 478 1865 534 licet
1890 477 2119 532 christia-

536 585 657 623 num
682 567 799 622 inde
822 570 1144 636 manducare,
1160 581 1254 641 aut
1279 571 1506 638 vendere,
1535 582 1581 625 et
1611 572 1674 625 de
1702 573 1857 642 pretio
1882 573 1954 624 uti
1977 587 2039 625 ex
2061 587 2119 626 eo

533 662 669 730 quod
697 661 884 716 audivit
901 661 1078 718 ?—Si
1095 664 1408 719 christiana:
1426 666 1607 735 aliquis
1631 666 1913 732 ambulans,
1939 681 2118 734 passus

534 755 897 822 necessitatem,
927 756 1085 810 victus
1108 758 1242 826 fame
1267 759 1415 813 unius
1439 759 1562 826 diei,
1587 761 1663 814 vel
1685 759 1854 827 bidui,
1878 763 1954 815 vel
1980 762 2112 816 ntul-

534 854 700 898 torum
730 844 945 909 dierum,
975 857 1030 899 ut
1046 847 1159 917 jam
1185 847 1368 901 durare
1392 865 1491 902 non
1515 850 1692 920 possit,
1721 851 1791 903 ita
1819 852 2111 918 occurrerit,

531 945 586 989 ut
613 937 663 990 in
695 937 805 1008 ipsa
839 939 1124 993 necessitate
1151 941 1320 1010 fatuis,
1348 941 1401 995 in
1427 958 1526 1011 qua
1563 944 1657 996 sibi
1678 942 1808 998 videt
1832 943 1945 1014 jam
1973 960 2110 997 mor-

533 1037 631 1082 tem
671 1031 974 1096 proximare,
1005 1032 1240 1087 invenerit
1275 1034 1437 1087 cibum
1474 1036 1526 1088 in
1568 1035 1724 1089 idolio
1751 1036 2000 1106 positum,
2029 1037 2115 1090 ubi

531 1122 702 1177 nullus
726 1126 792 1176 sit
820 1123 1096 1188 hominum,
1124 1135 1171 1180 et
1198 1144 1297 1181 non
1319 1129 1472 1197 possit
1500 1129 1720 1183 invenire
1739 1130 1896 1183 alium
1919 1131 2108 1196 cibum,

528 1212 670 1267 debet
700 1215 828 1268 mori
858 1224 944 1268 aut
969 1215 1150 1269 estinde
1175 1216 1330 1270 cibari
1341 1219 1442 1271 2-
1460 1219 1522 1273 Si
1547 1220 1847 1274 christiauus
1877 1221 2039 1274 videat
2057 1239 2111 1276 se

527 1320 558 1356 a
590 1303 801 1358 barbaro
844 1306 921 1360 vel
972 1305 1203 1360 Romano
1250 1309 1372 1362 velle
1417 1311 1667 1379 interﬁci,
1710 1312 1849 1364 debet
1887 1330 1968 1366 eos
2003 1314 2112 1380 ipse

524 1397 828 1450 christianus
854 1397 1150 1465 inter/icere,
1177 1415 1239 1453 ne
1257 1398 1318 1452 ab
1340 1400 1442 1453 illis
1466 1402 1795 1471 interﬁciatur
1823 1419 1841 1456 :
1861 1405 1936 1458 vel
1961 1404 2004 1458 si
2047 1405 2112 1459 li-

524 1497 598 1542 cet
628 1490 734 1541 sine
758 1488 1102 1560 inter/actione
1129 1506 1212 1545 eos
1247 1491 1491 1562 repellere
1518 1494 1594 1547 vel
1626 1494 1922 1566 impugnare
1941 1538 1954 1561 ,
1991 1497 2108 1566 quia

527 1579 714 1632 dictum
734 1589 804 1634 est
830 1595 849 1634 :
884 1598 900 1630 ι
939 1580 1054 1635 Non
1077 1583 1301 1638 resistere
1329 1585 1502 1640 malo?
1531 1607 1547 1638 ι
1581 1587 1790 1658 (Matth.
1811 1606 1861 1655 ν,
1888 1591 2002 1660 '59.)
2037 1621 2108 1632 -—

529 1669 590 1722 Si
627 1687 822 1723 murum
855 1675 1152 1739 possessioni
1181 1676 1321 1729 debet
1360 1677 1659 1732 christianus
1699 1683 1861 1751 facere
1902 1692 2108 1753 propter

528 1761 721 1814 hostem
745 1804 759 1826 ,
797 1770 842 1816 et
866 1763 911 1816 si
936 1764 1020 1817 ille
1050 1765 1347 1821 rhristianas
1371 1770 1453 1839 qui
1485 1772 1657 1840 fecerit
1690 1788 1920 1835 murum,
1955 1791 2108 1828 causa

527 1869 626 1906 non
652 1854 815 1907 existit
841 1854 1116 1915 homicidii.
1139 1875 1250 1912 cum
1278 1860 1393 1914 inde
1422 1862 1577 1930 aliqui
1605 1867 1839 1935 cmperint
1860 1883 2104 1938 pugnare,

525 1954 572 1996 et
619 1945 896 2012 inter/icere
935 1947 1295 2005 hostes?—Si
1329 1952 1439 2006 licet
1465 1953 1528 2006 de
1556 1954 1692 2024 fonte
1724 1957 1913 2023 bibere,
1944 1958 2020 2012 vel
2044 1959 2107 2013 de

522 2049 670 2103 puteo
696 2035 778 2088 ubi
809 2037 870 2088 de
895 2041 1144 2108 sacriﬁcio
1176 2042 1368 2110 aliquid
1397 2044 1601 2099 missum
1630 2049 1740 2101 est?
1771 2050 1832 2101 Si
1865 2051 1926 2103 de
1959 2061 2106 2120 puteo

523 2127 610 2194 qui
633 2128 681 2178 in
710 2128 896 2189 templo
923 2140 1013 2194 est,
1045 2140 1088 2183 et
1118 2131 1360 2186 desertum
1386 2139 1574 2205 factum
1608 2147 1680 2191 est
1712 2139 1850 2193 debet
1877 2141 2107 2195 christia-

520 2235 612 2270 nus
637 2220 835 2274 bibere?
862 2219 919 2274 Si
947 2221 997 2273 in
1029 2223 1211 2291 templo
1241 2241 1338 2293 quo
1379 2227 1560 2280 colitur
1584 2229 1807 2294 idolum,
1835 2241 2013 2300 puteus
2038 2233 2106 2286 ibi

521 2309 585 2362 sit
624 2310 695 2362 vel
729 2309 862 2376 fons,
893 2319 938 2361 et
977 2310 1104 2362 nihil
1143 2312 1208 2365 ibi
1233 2314 1422 2382 factum
1463 2317 1524 2369 sit
1561 2319 1611 2370 in
1650 2319 1820 2372 eodem
1856 2332 2002 2391 puteo
2030 2323 2106 2377 vel

522 2405 680 2470 fante,
709 2399 752 2452 si
778 2398 918 2452 debet
946 2401 1148 2454 haurire
1176 2421 1356 2474 aquam
1379 2406 1494 2459 inde
1523 2409 1823 2465 c/tristianus
1843 2453 1858 2478 ,
1897 2423 1943 2466 et
1973 2414 2105 2468 bibe-

525 2492 698 2545 re?—-
717 2491 777 2545 Si
793 2492 1092 2546 christianus
1115 2494 1254 2549 debet
1281 2497 1329 2550 in
1359 2497 1547 2553 balneis
1575 2499 1761 2568 lavare,
1794 2507 1872 2557 rel
1899 2509 1949 2558 in
1971 2506 2108 2560 ther-

524 2583 620 2634 mis
646 2622 660 2648 ,
692 2583 744 2634 in
785 2583 964 2653 quibus
1003 2586 1317 2654 sacriﬁcatur
1345 2589 1666 2645 simulacris?
1702 2592 1762 2646 Si
1804 2594 2104 2650 christianus

518 2671 659 2725 debet
687 2673 736 2724 in
758 2671 966 2735 balneis,
985 2676 1163 2744 quibus
1192 2677 1242 2730 in
1269 2678 1350 2730 die
1370 2681 1494 2750 [esto
1517 2698 1607 2734 suo
1633 2681 1834 2753 Pagani
1850 2684 1939 2738 loti
1962 2696 2101 2756 sunt,

517 2765 706 2828 lavare,
740 2767 843 2820 sive
866 2782 979 2819 cum
1012 2768 1153 2837 ipsis,
1185 2770 1286 2822 sive
1312 2771 1419 2823 sine
1443 2773 1691 2842 ipsis?—-
1712 2775 1772 2829 Si
1800 2777 1851 2829 in
1877 2779 2002 2832 sol-io
2027 2778 2099 2852 (a)

520 2855 602 2906 ubi
631 2855 986 2911 descenderunt
1018 2857 1214 2930 Pagani
1243 2861 1304 2913 ab
1327 2862 1473 2915 idolis
1504 2865 1753 2920 venientes
1789 2869 1840 2920 in
1872 2869 1951 2922 die
1977 2874 2102 2940 [esto

517 2963 609 3000 suo
630 2989 643 3013 ,
674 2960 718 3002 et
747 2950 939 3020 aliquid
977 2949 1082 3004 illic
1116 2953 1168 3005 in
1205 2955 1333 3007 solio
1367 2957 1618 3027 sacrilegii
1648 2959 1728 3011 sui
1769 2960 2010 3028 fecerint,
2055 2972 2103 3016 et

516 3039 683 3091 scierit
709 3040 1012 3094 christianns
1034 3084 1046 3107 ,
1071 3043 1116 3094 si
1145 3042 1284 3096 debet
1313 3046 1365 3098 in
1400 3049 1571 3100 eodem
1598 3050 1724 3103 solio
1767 3050 2103 3108 descendere?

516 3159 588 3169 —-
611 3130 669 3183 Si
695 3131 998 3185 rhristianus
1025 3133 1260 3188 invitatus
1290 3137 1352 3189 ab
1374 3138 1539 3206 aliquo
1562 3143 1844 3209 appositam
1875 3145 2102 3201 habuerit

515 3237 717 3273 cai'netn
745 3224 794 3274 in
817 3238 1001 3284 escam.
1031 3225 1092 3276 de
1117 3241 1213 3291 qua
1233 3225 1419 3279 dictant
1445 3231 1594 3298 fuerit
1616 3232 1691 3285 illi
1719 3235 1837 3302 quia
1862 3236 2096 3291 inunola-

518 3315 629 3367 titia
667 3324 758 3380 est,
810 3324 854 3368 et
900 3333 999 3369 non
1039 3317 1409 3372 manducauerit
1449 3339 1594 3389 eam;
1624 3335 1794 3393 postea
1837 3339 2004 3381 autem
2033 3329 2096 3382 ab

513 3405 686 3475 aliqua
726 3408 1022 3461 translatam
1058 3408 1218 3478 ipsam
1258 3427 1457 3464 carnem
1494 3415 1662 3486 aliquo
1705 3433 1823 3471 casu
1857 3420 2097 3475 invenerit

517 3498 766 3562 venalem,
799 3510 844 3552 et
873 3503 1043 3554 emerit
1071 3518 1211 3567 eam,
1234 3514 1320 3556 aut
1346 3508 1627 3575 appositam
1655 3510 1880 3565 habuerit
1903 3513 1964 3567 ab
1992 3515 2092 3569 ali-

511 3607 610 3660 quo
640 3592 740 3644 alio
763 3592 1020 3658 invitatus,
1047 3604 1094 3646 et
1124 3612 1223 3649 non
1253 3601 1535 3667 cognoverit
1569 3618 1677 3655 eam
1700 3644 1713 3667 ,
1741 3614 1785 3656 et
1815 3608 2092 3661 manduca-

513 3679 669 3741 verit,
703 3681 748 3733 si
781 3692 952 3751 peccat
973 3683 996 3736 ?
1014 3713 1085 3722 —
1106 3684 1166 3739 Si
1192 3687 1254 3739 de
1281 3689 1424 3740 horto
1451 3690 1524 3743 vel
1554 3694 1615 3743 de
1647 3696 1955 3763 possessione
1982 3699 2095 3751 ido-

511 3768 678 3823 lorum
715 3769 794 3824 vel
830 3773 1145 3828 sacerdotum
1197 3793 1368 3830 eorum
1413 3779 1552 3832 debet
1593 3783 1895 3838 christianus
1936 3788 2094 3842 sciens

512 3863 625 3916 olus
653 3878 833 3929 emere,
859 3865 934 3918 rel
960 3865 1177 3936 aliquem
1201 3872 1437 3938 fructum,
1457 3880 1500 3924 et
1522 3872 1637 3925 inde
1666 3875 1845 3929 edere?
1871 3876 2008 3931 Sane
2032 3880 2095 3934 de

503 3956 796 4028 juramento
813 3997 825 4018 ,
856 3956 934 4010 vel
959 3959 1020 4010 de
1045 3959 1223 4026 idolis,
1248 3973 1301 4014 ut
1329 3962 1546 4017 laborem
1574 3982 1671 4020 non
1702 3970 1912 4038 patiaris
1937 3972 1989 4025 in
2024 3990 2096 4027 re-

511 4047 773 4116 quirendo,
807 4065 920 4115 quae
949 4048 1162 4106 Domino
1192 4053 1409 4108 donante
1437 4056 1765 4113 invenerimus
1786 4102 1800 4127 ,
1824 4072 1938 4116 ante
1967 4081 2090 4118 ocu-

511 4137 588 4191 los
619 4149 730 4192 tuos
765 4140 901 4194 volui
927 4159 1205 4214 proponere
1231 4163 1247 4203 :
1271 4148 1315 4199 si
1347 4148 1469 4218 quid
1493 4160 1658 4205 autem
1694 4155 1836 4227 aliud
1869 4160 2092 4228 apertius

509 4240 598 4282 aut
629 4231 806 4284 melius
831 4232 881 4284 in
903 4232 1178 4303 Scripturis
1208 4237 1450 4292 inveneris
1469 4281 1481 4298 .
1513 4242 1721 4312 dignare
1751 4247 1874 4300 mihi
1893 4250 2090 4318 signiﬁ-

506 4336 644 4373 care.
673 4319 818 4373 Unde
845 4338 956 4391 qua:
983 4325 1278 4390 invenimus,
1302 4330 1409 4381 ha'c
1429 4340 1544 4383 sunt
1565 4335 1648 4385 ubi
1675 4333 1844 4390 Laban
1877 4340 2002 4393 dixit
2024 4342 2091 4395 ad

509 4411 696 4476 Jacob,
729 4431 746 4461 ε
784 4410 922 4466 Deus
957 4416 1208 4470 Abraham
1233 4429 1280 4470 et
1306 4418 1441 4474 Deus
1470 4421 1704 4476 Nae/tori
1735 4427 1884 4497 (Gen.
1912 4448 2044 4487 χχχι
2067 4478 2082 4501 ,

506 4505 651 4573 55);
695 4523 838 4575 quem
877 4515 1040 4560 autem
1084 4507 1279 4576 Deum,
1316 4527 1414 4564 non
1460 4514 1754 4583 signiﬁcavit
1796 4519 2084 4592 Scriptura.

510 4595 580 4649 Et
609 4597 808 4665 iterum,
845 4616 863 4648 ι
902 4598 1179 4653 Abimelech
1209 4605 1410 4670 quando
1437 4608 1564 4659 venit
1590 4609 1658 4661 ad
1683 4607 1835 4664 Isaac
1873 4614 1958 4667 ubi
1991 4617 2086 4686 ju-

516 4706 536 4738 ι
573 4689 700 4740 rasit
722 4730 735 4746 .
769 4689 843 4742 vel
879 4690 965 4759 qui
993 4707 1105 4744 cum
1134 4693 1222 4745 illo
1251 4706 1390 4749 erant
1421 4717 1438 4748 ι
1475 4696 1585 4768 (Id.
1635 4715 1766 4755 xxv't
1787 4743 1799 4766 ,
1832 4705 1923 4776 51)
1950 4723 1962 4770 ;
2000 4711 2089 4763 sed

503 4780 653 4848 quale
692 4780 1058 4849 jnramentum,
1102 4802 1200 4837 non
1241 4785 1538 4855 signiﬁcavit
1576 4791 1861 4862 Scriptura.
1895 4796 2086 4855 lterum

506 4872 569 4924 de
596 4873 742 4925 idolis
762 4915 776 4937 ,
808 4875 890 4927 ubi
926 4876 994 4928 ad
1033 4875 1232 4932 Gedeon
1263 4880 1448 4933 dictata
1477 4893 1548 4936 est
1575 4902 1606 4936 a
1638 4884 1850 4943 Domino
1881 4892 1932 4945 in
1960 4895 2084 4949 libro

507 4961 771 5026 Iudicum,
806 4975 858 5017 ut
893 4968 955 5019 de
983 4968 1138 5022 vitulo
1178 4987 1320 5039 quem
1359 4973 1607 5028 occiderat
1634 4978 1978 5036 holocaustum
2006 4989 2084 5056 fa-

501 5067 632 5112 seret
662 5059 679 5126 (
704 5057 830 5110 Jud.
859 5075 934 5124 vt,
957 5062 1070 5133 26).
1105 5063 1168 5116 Et
1207 5065 1258 5117 in
1305 5064 1429 5120 Jesu
1475 5067 1618 5124 Nave
1642 5073 1704 5127 de
1752 5074 1977 5146 .lericho,
2033 5091 2083 5134 ut

507 5166 657 5205 omne
700 5168 900 5217 aurum,
940 5166 1223 5224 argentum,
1265 5168 1311 5212 et
1354 5175 1676 5218 (crumentum
1725 5168 1994 5238 infer-retur
2030 5176 2082 5228 in

504 5241 757 5294 thesauris
792 5240 1018 5306 Domini,
1055 5256 1100 5298 et
1139 5259 1367 5302 sanctum
1412 5262 1639 5307 vocatum
1680 5266 1752 5310 est
1780 5258 1842 5312 de
1865 5262 2078 5331 civitate,

497 5322 617 5404 qua!
643 5335 911 5388 (ruat/tenta
951 5347 1023 5391 est
1060 5339 1192 5409 (Jos.
1220 5357 1292 5406 vr,
1318 5343 1423 5415 i9).
1457 5345 1520 5399 Et
1549 5347 1670 5415 quid
1698 5361 1768 5402 est
1792 5351 1924 5405 illud
1949 5322 2082 5423 quod

497 5425 553 5479 in
586 5427 971 5482 Denteronomio
1007 5433 1225 5501 positum
1265 5445 1335 5490 est
1360 5451 1378 5489 :
1404 5456 1422 5488 ι
1455 5437 1574 5492 Non
1608 5441 1790 5512 inferes
1819 5443 2080 5503 abomina-

503 5533 524 5566 ι
560 5518 740 5570 tionem
770 5521 822 5573 in
869 5521 1071 5576 domum
1112 5535 1269 5591 Inani,
1294 5537 1340 5579 ct
1371 5530 1637 5584 anathema
1675 5535 1801 5600 eris,
1831 5537 1958 5592 sicut
1983 5542 2079 5598 hoc

505 5623 526 5658 ι
564 5607 728 5674 ipsum
758 5613 867 5664 est?
895 5632 912 5663 ι
947 5614 1122 5685 (Deut.
1154 5633 1246 5682 vn,
1277 5617 1390 5688 ‘26).
1419 5618 1672 5678 Dominus
1698 5635 1745 5680 te
1767 5640 1925 5684 servet
1955 5649 1972 5686 .'
1992 5650 2075 5688 sa-

497 5694 606 5748 luto
632 5706 711 5760 te;
739 5715 830 5751 ora
857 5719 947 5772 pro
967 5721 1065 5760 me.

558 5807 632 5875 (a)
648 5816 767 5860 \‘ase
789 5810 974 5866 scilicet
996 5817 1043 5866 in
1067 5832 1165 5881 quo
1191 5821 1424 5874 sedentes
1446 5823 1739 5880 lavabantur.

2681 475 3008 537 EPISTOLA
3047 483 3228 541 XLVII
3261 486 3357 561 (a).

2226 589 2534 661 Augustinus
2578 588 2858 648 Publicola:
2916 596 3142 652 dissolvit
3193 602 3384 672 aliquot
3431 621 3496 660 ex
3547 611 3787 678 propositis

2830 690 3201 756 questionibus.

2223 795 2526 853 Honorabili
2545 807 2598 853 et
2620 797 2968 857 dilectissimo
2985 804 3090 858 tilio
3111 806 3440 875 Ρυιιωοοιιε,
3460 813 3786 885 Aucusmus,

2719 893 2772 946 in
2809 894 3033 952 Domino
3068 898 3310 956 salutem.

2293 1005 2342 1059 1.
2391 1004 2578 1062 Ᾱὲειιιε
2616 1009 2778 1064 animi
2818 1011 2892 1066 tui
2929 1024 3272 1086 posteaquam
3293 1018 3451 1075 didici
3474 1021 3662 1078 litteris
3685 1026 3784 1094 tuis,

2220 1095 2380 1150 etiam
2406 1099 2508 1153 mei
2531 1099 2785 1155 continuo
2815 1103 2936 1158 tacti
2961 1113 3103 1172 sunt,
3125 1123 3227 1163 non
3254 1124 3358 1180 quo
3377 1127 3464 1166 tne
3485 1117 3659 1168 ortinia
3689 1117 3788 1172 talia

2221 1201 2612 1258 permoverent,
2641 1194 2885 1263 qualibus
2927 1196 3167 1254 indicasti
3211 1211 3261 1256 te
3301 1217 3423 1258 esse
3465 1217 3784 1274 permotum:

2218 1281 2310 1336 sed
2337 1283 2603 1353 quomodo
2626 1286 2717 1339 tibi
2747 1286 3084 1344 auferrentur
3111 1291 3161 1346 hi
3188 1303 3369 1360 aestus,
3401 1297 3588 1364 lateor,
3619 1309 3788 1358 mstua-

2215 1375 2266 1429 vi
2285 1391 2300 1440 ;
2324 1376 2552 1432 maxime
2564 1378 2683 1447 quia
2701 1379 2836 1447 petis
2860 1390 2918 1436 ut
2939 1381 3206 1440 deiinitive
3228 1386 3319 1441 tibi
3347 1391 3717 1454 rescriberem.
3735 1410 3788 1450 ne

2215 1465 2269 1520 in
2297 1466 2527 1536 majores
2551 1468 2906 1528 dubitationes
2927 1473 3207 1544 incideres,
3235 1493 3394 1548 quam
3411 1486 3785 1552 antequamiu-

2217 1566 2561 1628 terrogasses.
2591 1561 2698 1617 Iloc
2723 1564 2866 1618 enim
2895 1566 3048 1622 video
3075 1584 3181 1625 non
3207 1586 3326 1626 esse
3354 1573 3405 1628 in
3425 1591 3541 1630 mea
3568 1587 3784 1646 potesta-

2216 1657 2286 1704 te.
2335 1649 2469 1705 Nam
2510 1653 2906 1722 quomodolibet
2933 1659 3196 1729 scripsero
3239 1679 3356 1734 qua:
3386 1667 3517 1721 mibi
3563 1670 3788 1727 videntur

2213 1754 2332 1796 csse
2360 1743 2674 1808 certissima,
2703 1748 2746 1799 si
2788 1747 2879 1801 tibi
2929 1763 3036 1804 non
3091 1767 3422 1821 persuasero,
3459 1761 3787 1827 proculdubio

2213 1832 2320 1886 eris
2349 1833 2618 1888 incertior.
2645 1833 2760 1890 Non
2789 1846 2964 1893 autem
2993 1840 3126 1895 sicut
3152 1843 3276 1897 mihi
3303 1846 3510 1915 adjacet
3554 1852 3781 1921 suadere,

2213 1939 2278 1980 eo
2305 1925 2464 1980 modo
2489 1926 2695 1996 adjacet
2734 1930 2893 1984 etiam
2937 1935 3256 2003 persuadere
3295 1940 3529 1996 cuilibet.
3574 1941 3784 1999 Verum-

2213 2027 2388 2074 tamen
2429 2035 2496 2074 ne
2533 2030 2637 2074 true
2685 2021 2952 2079 dilectioni
2993 2043 3241 2098 negarem
3287 2034 3558 2101 operatam
3601 2052 3785 2106 meatu,

2211 2119 2331 2180 post
2383 2111 2706 2180 aliquantam
2767 2114 3200 2176 deliberationem
3244 2125 3640 2183 rescribendum
3698 2146 3782 2202 pu-

2211 2204 2335 2258 lavi.

2280 2294 2332 2348 ‘2.
2365 2295 2536 2352 Movet
2567 2306 2616 2353 te
2644 2308 2790 2355 certe
2823 2309 3000 2358 utrum
3029 2304 3144 2375 ejus
3172 2306 3274 2362 tide
3298 2309 3552 2366 utendum
3589 2315 3680 2380 sit,
3715 2317 3788 2387 qui

2211 2394 2265 2440 ut
2287 2401 2402 2441 eam
2424 2399 2600 2444 servet
2622 2393 2991 2460 pcrtlzcmonia
3011 2395 3288 2466 juravcrit.
3313 2400 3412 2457 Ubi
3431 2412 3482 2459 te
3510 2406 3630 2460 volo
3651 2410 3789 2477 prius

2209 2479 2568 2546 considerare,
2615 2493 2788 2538 utrum
2830 2485 2876 2540 si
2923 2490 3182 2559 quiSpiam
3221 2507 3317 2563 per
3354 2495 3486 2552 deos
3523 2496 3694 2555 falsos
3719 2501 3788 2572 ju-

2209 2575 2403 2628 ravcrit
2450 2590 2508 2631 $8
2548 2575 2703 2632 ﬁdem
2752 2592 3104 2647 servaturum,
3150 2595 3202 2640 0i.
3237 2601 3355 2643 cam
3398 2606 3501 2645 11011
3552 2607 3788 2650 servave-

2208 2663 2315 2729 rit,
2369 2681 2472 2719 non
2524 2667 2615 2722 tibi
2674 2668 2916 2726 videatur
2965 2673 3042 2727 bis
3095 2693 3362 2746 peccasse.
3412 2681 3465 2736 Si
3520 2686 3661 2739 enim
3712 2688 3786 2742 tali

2203 2753 2470 2825 jurationc
2535 2760 2852 2828 promissam
2911 2767 3203 2822 custodiret
3257 2770 3449 2838 ﬁdem,
3505 2774 3625 2831 ideo
3683 2788 3786 2832 tan-

2210 2856 2318 2900 tum
2348 2864 2596 2918 peccasse
2612 2853 2958 2922 judicaretur,
2992 2861 3112 2928 quia
3141 2877 3234 2930 per
3263 2863 3392 2918 tales
3411 2864 3539 2920 deos
3554 2868 3781 2937 juravit;

2206 2938 2332 2992 illud
2361 2950 2534 2994 autem
2580 2958 2735 2998 neruo
2787 2957 2930 3002 recte
2973 2952 3420 3021 reprehenderet,
3471 2959 3598 3027 quia
3637 2960 3782 3016 ﬁdem

2206 3033 2452 3086 servavit.
2496 3033 2647 3089 Nunc
2676 3053 2819 3100 vero,
2849 3041 2970 3110 quia
2997 3052 3050 3096 et
3073 3044 3271 3113 juravit
3293 3062 3386 3116 per
3411 3064 3546 3118 (ιιιοδ
3565 3068 3674 3107 non
3703 3055 3783 3108 de.

2204 3120 2337 3188 buit,
2371 3131 2423 3177 et
2445 3137 2624 3191 contra
2649 3128 2934 3196 pollicitam
2959 3132 3114 3188 fidem
3135 3135 3256 3190 fecit
3285 3140 3421 3208 quod
3452 3158 3554 3195 non
3588 3144 3780 3212 debuit,

2203 3215 2284 3269 bis
2327 3218 2504 3286 utique
2532 3221 2795 3288 peccavit;
2829 3238 2890 3276 ac
2924 3239 3021 3293 per
3061 3225 3161 3280 hoc
3186 3230 3274 3298 qui
3311 3230 3471 3286 utitur
3501 3233 3604 3288 (ide
3656 3237 3783 3290 illius

2203 3321 2359 3375 (ptent
2381 3318 2589 3362 constat
2608 3310 2815 3378 jurassc.
2846 3329 2939 3382 per
2960 3316 3088 3370 deus
3117 3317 3297 3384 falsos,
3330 3330 3382 3374 ct
3407 3323 3572 3377 utitur
3601 3327 3783 3381 nonad

2204 3400 2420 3462 malum,
2449 3401 2540 3455 sed
2562 3402 2626 3455 ad
2651 3402 2850 3458 licitqu
2873 3417 2925 3461 et
2966 3408 3181 3477 bonum,
3208 3427 3310 3467 non
3341 3428 3557 3484 peccato
3590 3422 3707 3488 ejus
3734 3438 3782 3475 se

2202 3493 2370 3546 sociat
2393 3509 2498 3562 quo
2521 3510 2614 3564 per
2636 3495 2897 3554 dasmonia
2919 3501 3137 3569 juravit,
3183 3507 3275 3560 sed
3324 3508 3464 3563 bono
3493 3523 3654 3581 pacto
3679 3514 3782 3584 ejus

2200 3597 2304 3651 quo
2327 3582 2481 3638 [idem
2505 3588 2752 3641 servavit.
2781 3589 2960 3660 Neque
2978 3592 3062 3647 hic
3081 3609 3197 3648 eam
3229 3597 3386 3652 tidem
3415 3601 3535 3656 dico
3564 3582 3778 3670 servari,

2201 3689 2303 3742 qua
2337 3674 2513 3730 lidelcs
2557 3689 2813 3734 Vocantur
2853 3681 2944 3751 qui
2992 3683 3322 3754 baptizautur
3351 3691 3400 3743 in
3427 3690 3664 3748 Clu-isto.
3696 3696 3779 3749 illa

2199 3768 2342 3821 enirn
2377 3764 2530 3840 longe
2551 3772 2651 3826 alia
2689 3783 2770 3828 est
2797 3776 3054 3847 longeque
3079 3779 3303 3836 discreta
3332 3799 3359 3835 a
3390 3783 3492 3839 title
3529 3787 3784 3844 lnnnano-

2198 3873 2314 3912 rum
2359 3862 2667 3930 placitorum
2709 3875 2870 3937 atque
2914 3882 3204 3938 pactorum.
3243 3875 3618 3934 Verumtamen
3670 3882 3780 3937 sine

2201 3953 2302 4003 ulla
2343 3953 2671 4012 dubitatione
2719 3960 2895 4014 minus
2937 3963 3132 4017 malum
3163 3975 3243 4020 cst
3269 3982 3363 4036 per
3393 3970 3551 4024 deum
3600 3976 3778 4030 falsum

2194 4045 2376 4114 jurare
2404 4051 2680 4115 veraciter,
2706 4069 2860 4122 quam
2908 4070 3003 4124 per
3053 4058 3215 4113 Deum
3269 4076 3455 4116 verum
3503 4064 3776 4124 latlaciter.

2197 4137 2404 4203 Quanto
2435 4142 2574 4195 enim
2619 4159 2712 4212 per
2754 4144 2895 4213 quod
2934 4146 3141 4216 juratur
3180 4153 3344 4220 magis
3383 4164 3466 4208 est
3516 4170 3775 4226 sanctum,

2199 4237 2342 4282 tanto
2373 4234 2538 4302 magis
2561 4245 2643 4290 est
2670 4238 2877 4304 pmnale
2906 4242 3214 4308 perjurium.
3249 4247 3362 4300 Alia
3401 4264 3530 4318 ergo
3558 4255 3778 4320 quaestio

2195 4330 2292 4383 est,
2325 4331 2496 4377 utrum
2521 4340 2624 4378 non
2654 4341 2833 4395 peccet
2859 4331 2947 4399 qui
2990 4347 3083 4400 per
3122 4332 3280 4389 falsos
3322 4337 3452 4392 deos
3481 4342 3583 4396 sibi
3609 4345 3778 4412 jurari

2197 4409 2338 4478 fecit,
2361 4414 2481 4482 quia
2507 4416 2594 4471 ille
2619 4421 2706 4487 qui
2738 4420 2785 4474 ei
2805 4421 2970 4488 jurat,
2992 4424 3121 4479 de0s
3151 4425 3311 4482 falsos
3336 4431 3482 4486 colit.
3509 4432 3606 4489 Cui
3636 4439 3785 4506 quae!

2195 4502 2351 4556 stioni
2405 4519 2622 4572 possunt
2681 4509 2765 4564 illa
2805 4513 3101 4570 testimonia
3151 4519 3444 4590 suffragari,
3496 4541 3614 4595 quae
3653 4502 3776 4598 ipse

2193 4603 2620 4655 connuemorasti
2647 4603 2713 4658 de
2746 4605 2919 4661 Laban
2939 4618 2989 4661 ct
3008 4611 3336 4678 Abimelecb,
3368 4617 3410 4668 si
3437 4626 3611 4672 unnen
3642 4623 3774 4674 Abi-

2193 4689 2396 4744 mciecb
2427 4707 2518 4760 per
2541 4693 2672 4750 deos
2691 4710 2814 4751 suos
2836 4699 3050 4767 juravit,
3086 4703 3219 4756 sicut
3258 4703 3434 4760 Laban
3472 4724 3565 4777 per
3609 4712 3773 4767 Deum

2190 4780 2399 4837 Nat-hor
2425 4785 2440 4815 ¹
2480 4825 2492 4838 .
2527 4785 2669 4852 llaec,
2697 4799 2752 4842 ut
2775 4789 2903 4851 dixi.
2927 4793 3024 4846 alia
3052 4797 3273 4865 quazstio
3293 4807 3390 4862 est,
3414 4814 3533 4869 qua:
3560 4819 3643 4858 me
3661 4819 3775 4860 me-

2193 4875 2298 4930 rito
2326 4875 2566 4933 fortassis
2592 4893 2852 4942 moveret.
2887 4884 2984 4938 nisi
3015 4888 3098 4941 illa
3125 4891 3367 4960 exempla
3414 4898 3774 4953 occurrissent

2190 4965 2257 5020 de
2290 4968 2432 5022 Isaac
2453 4969 2706 5036 etJacob,
2737 4982 2792 5027 et
2822 4975 2864 5027 si
2897 4991 2997 5044 qua
3038 4977 3137 5030 alia
3169 4992 3386 5048 possunt
3417 4984 3656 5040 inveniri.
3710 4989 3770 5042 Si

2192 5065 2365 5112 tamen
2394 5059 2518 5113 illud
2543 5077 2644 5114 nun
2668 5063 2840 5118 adhuc
2861 5078 3036 5121 movet
3055 5070 3195 5137 quod
3215 5071 3264 5124 in
3287 5071 3433 5128 Novo
3455 5075 3770 5134 Testamen-

2190 5160 2243 5204 to
2269 5152 2466 5206 dictum
2485 5163 2585 5217 est,
2619 5171 2686 5210 ne
2716 5158 2931 5212 omnino
2950 5160 3191 5229 jurcmus
3217 5165 3425 5235 (Matth.
3459 5185 3510 5236 ν,
3539 5172 3622 5235 54,
3645 5171 3764 5242 ὃϋ).

2187 5245 2336 5310 Quod
2386 5247 2596 5316 quidem
2638 5251 2763 5304 mihi
2813 5264 3088 5323 propterea
3135 5259 3332 5314 dictum
3379 5265 3614 5332 videtur,
3654 5282 3767 5321 non

2187 5338 2306 5406 quia
2349 5355 2530 5394 verum
2566 5341 2745 5410 jurare
2791 5357 3058 5413 peccatum
3103 5362 3205 5416 est,
3257 5355 3349 5409 sed
3375 5359 3498 5425 quia
3527 5359 3767 5428 [N'jel'ill‘c

2186 5430 2414 5487 immane
2431 5445 2698 5502 peccatum
2715 5448 2824 5500 est;
2843 5454 2874 5493 a
2891 5456 2994 5511 quo
3011 5459 3106 5498 nos
3139 5445 3290 5517 longe
3317 5464 3435 5504 esse
3461 5455 3635 5516 v0%uit,
3670 5453 3766 5520 qui

2185 5523 2490 5579 omnimodo
2519 5541 2586 5581 ne
2605 5526 2843 5595 juremus
2873 5533 3162 5591 admonuit.
3194 5537 3298 5593 Sed
3329 5540 3420 5594 tibi
3449 5543 3585 5596 aliud
3613 5542 3764 5597 vide-

2246 5656 2400 5732 ι.
2419 5663 2471 5708 et
2490 5664 2616 5732 μεθ,
2629 5673 2717 5724 per
2731 5669 2883 5732 lgeum
2895 5665 3055 5717 Jacob.
3079 5671 3360 5732 castigatius
3379 5675 3551 5724 citetur
3569 5686 3595 5722 a
3613 5686 3764 5726 cano-

2182 5718 2319 5768 nistis
2333 5752 2348 5776 ,
2372 5732 2458 5776 per
2483 5718 2639 5770 Dea-ni
2653 5722 2856 5774 Nachor.

2244 5779 2314 5862 (a)
2332 5779 2460 5862 alias
2618 5798 2728 5847 quae
2747 5795 2910 5837 autem
2932 5789 2992 5838 47
3015 5799 3136 5854 erat,
3161 5806 3287 5846 nunc
3307 5795 3414 5849 215.
3432 5798 3602 5862 Scripta
3621 5807 3762 5850 cum

2183 5841 2312 5890 idem
2337 5848 2546 5905 tempus.
