3962 6400
602 320 703 383 18⁸1

599 438 751 497 Unde
768 450 866 495 nec
893 450 1018 497 reus
1045 444 1127 497 est
1149 442 1336 499 mortis
1373 441 1583 511 aliena,
1608 445 1701 518 qui
1724 459 1836 502 sua:
1863 446 2191 518 possessioni

597 547 808 591 murum
836 533 1272 603 circumduxerit,
1303 536 1349 592 si
1375 536 1568 608 aliquis
1590 552 1655 593 es
1687 538 1852 610 ipsius
1878 540 2045 594 ruinis
2073 555 2191 609 per-

596 638 784 682 cussus
808 626 1030 682 Intereat
1061 630 1101 682 ³.
1134 628 1313 700 Neque
1336 628 1478 686 enim
1505 644 1632 687 reus
1652 641 1738 688 est
1771 634 2118 699 christianus,
2144 634 2189 689 si

593 718 693 775 bos
715 719 831 790 ejus
852 719 1079 789 aliquem
1106 719 1367 785 feriendo.
1402 723 1488 780 vel
1510 736 1683 796 equus
1706 724 1907 782 calcem
1939 725 2188 798 jaciendo

593 813 825 884 aliquem
847 814 1085 880 occidat;
1114 824 1204 870 aut
1230 814 1350 871 ideo
1373 829 1481 872 non
1503 818 1702 875 debent
1720 820 1994 877 christiani
2022 822 2188 876 boves

592 901 791 961 habere
812 919 1030 973 Cornua,
1071 914 1163 962 aut
1185 921 1355 979 equus
1377 909 1622 981 ungulas,
1663 920 1755 967 aut
1776 912 1965 968 dentes
1996 914 2141 969 canis
2168 929 2182 979 ;

589 1008 681 1055 aut
723 1011 849 1053 vero
876 1000 1123 1071 quoniam
1169 1003 1443 1070 apostolus
1474 1001 1672 1059 Paulus
1715 1004 1847 1060 satis
1891 1004 2000 1076 egit
2027 1018 2086 1060 ut
2132 1007 2184 1061 in

591 1088 789 1146 tribuni
821 1091 1059 1145 notitiam
1081 1092 1426 1161 perferretur,
1451 1093 1669 1151 Insidias
1694 1096 1793 1152 sibi
1812 1111 1843 1151 a
1865 1096 2182 1168 quibusdam

587 1182 807 1255 perditis
836 1184 1142 1255 preparari,
1176 1192 1230 1241 et
1256 1185 1327 1240 ob
1371 1187 1473 1242 hoc
1498 1187 1817 1245 deducturos
1844 1190 2049 1260 accepit
2092 1206 2180 1246 ar-

584 1285 757 1333 matos
788 1274 934 1350 (Act.
970 1291 1123 1344 unt,
1176 1274 1402 1349 ιιι-24),
1450 1279 1494 1334 si
1533 1280 1584 1335 in
1616 1281 1704 1337 Illa
1744 1295 1893 1337 arma
1937 1282 2180 1339 scelerati

584 1365 829 1424 homines
872 1368 1214 1435 incidissent,
1264 1371 1458 1427 Paulus
1500 1373 1553 1427 in
1603 1372 1863 1430 effusione
1908 1376 2180 1445 sanguinis

583 1478 769 1520 eorum
793 1479 945 1519 suum
967 1466 1169 1520 crimen
1191 1474 1521 1537 agnosceret.
1556 1468 1708 1524 Absit
1737 1476 1794 1524 ut
1818 1483 1880 1524 ca
1907 1484 2026 1540 qua:
2057 1486 2176 1541 pro-

582 1566 702 1626 pter
723 1557 920 1611 bonum
946 1573 1011 1615 ac
1039 1559 1239 1613 licitum
1271 1558 1515 1627 facimus,
1546 1570 1637 1616 aut
1663 1560 1938 1629 habemus,
1968 1563 2011 1617 si
2052 1564 2175 1633 quid

581 1664 679 1723 per
725 1650 838 1707 haec
882 1662 1076 1724 pneter
1118 1662 1354 1710 nostram
1397 1655 1718 1711 voluntatem
1759 1658 2006 1727 cuiquam
2049 1658 2173 1714 mali

578 1744 859 1814 acciderit,
900 1748 1052 1804 nobis
1083 1749 1387 1818 imputetur.
1424 1748 1670 1823 Alioquin
1711 1765 1811 1808 nec
1852 1752 2172 1809 ferramenta

578 1833 870 1894 domestica
895 1846 949 1894 et
975 1842 1203 1911 agrestia
1231 1849 1355 1897 sunt
1375 1841 1637 1910 habenda,
1670 1859 1738 1900 ne
1766 1844 1887 1917 quis
1913 1846 1990 1902 eis
2010 1847 2092 1901 vel
2115 1860 2173 1903 se

576 1927 664 1985 vel
704 1930 930 1987 alterum
959 1932 1263 2001 interimat;
1295 1950 1393 1991 nec
1430 1937 1591 1993 arbor
1616 1947 1707 1992 aut
1735 1938 1913 2005 restis,
1944 1954 2013 1995 ne
2053 1940 2170 2009 quis

574 2036 634 2079 se
664 2023 787 2079 inde
815 2023 1136 2096 suspendat;
1174 2041 1272 2082 nec
1304 2026 1536 2084 fenestra
1566 2026 1807 2086 facienda
1843 2041 1946 2097 est,
1979 2046 2047 2086 ne
2078 2048 2170 2101 per

572 2112 711 2171 hanc
752 2130 811 2171 se
852 2116 1076 2188 quisque
1109 2117 1421 2189 prmcipitet.
1470 2118 1606 2187 Quid
1649 2121 1800 2193 plura
1837 2136 2167 2177 commemo-

570 2222 708 2277 rem,
737 2223 857 2265 cum
879 2225 939 2265 ea
966 2211 1435 2267 commemoranda
1461 2212 1614 2269 finire
1640 2228 1745 2269 non
1768 2214 2005 2284 possim?
2031 2215 2166 2283 Quid

571 2304 711 2358 enim
740 2311 824 2359 est
862 2303 911 2357 in
957 2319 1058 2359 usu
1102 2305 1377 2359 hominum
1424 2307 1563 2361 bono
1592 2318 1655 2362 ac
1684 2306 1849 2374 licito,
1879 2306 2019 2363 unde
2059 2324 2163 2364 non

570 2393 739 2465 possit
764 2393 924 2449 etiam
954 2394 1216 2465 pernicies
1246 2395 1511 2467 irrogari?

644 2486 696 2541 6.
740 2485 945 2553 Restat,
975 2488 1027 2542 ni
1056 2488 1227 2555 fallor,
1262 2498 1318 2545 ut
1342 2490 1581 2546 dicamus
1610 2489 1807 2564 aliquid
1837 2492 1905 2549 de
1934 2492 2023 2549 illo
2048 2492 2160 2549 via-

570 2587 687 2635 tore
727 2578 1039 2647 christiano,
1086 2598 1242 2651 quem
1293 2585 1723 2639 commemorasti
1766 2586 1961 2640 victum
2009 2585 2160 2643 famis

565 2673 905 2735 necessitate,
949 2673 995 2729 si
1042 2673 1175 2729 nihil
1205 2676 1405 2746 uspiam
1452 2676 1715 2733 invenerit
1762 2677 1861 2733 nisi
1892 2676 2069 2735 cibum
2102 2680 2156 2735 in

561 2764 723 2823 idolio
749 2767 999 2833 positum,
1034 2767 1123 2823 ubi
1154 2769 1328 2823 nullus
1365 2770 1498 2825 alius
1528 2780 1609 2827 cst
1639 2770 1935 2839 ltominum,
1980 2783 2156 2828 utrum

560 2858 608 2915 ei
636 2859 799 2913 satius
823 2860 895 2914 sit
923 2856 1060 2915 fame
1092 2862 1281 2927 emori,
1306 2877 1465 2932 quam
1494 2860 1624 2918 illud
1651 2863 1701 2918 in
1728 2864 2037 2920 alimentum
2067 2883 2155 2922 su-

556 2967 748 3008 ntere:
782 2952 834 3007 in
880 2969 984 3025 qua
1028 2954 1343 3025 quiestione,
1390 2957 1642 3027 quoniam
1692 2972 1796 3013 non
1842 2967 1925 3014 est
1968 2974 2156 3017 conse-

557 3059 745 3117 quens,
790 3053 849 3100 ut
874 3044 1023 3100 cibus
1050 3046 1138 3101 ille
1164 3045 1518 3117 idolotltytum
1560 3048 1665 3116 sit;
1701 3052 1869 3121 potuit
1898 3053 2037 3108 enim
2071 3056 2152 3109 vel

556 3136 625 3191 ab
649 3137 727 3191 eis
752 3137 839 3207 qui
868 3136 937 3191 ibi
959 3138 1026 3190 ab
1054 3138 1241 3194 itinere
1261 3138 1585 3196 divertentes
1604 3156 1799 3213 corpus
1824 3143 2146 3213 refecerant,

556 3226 825 3283 oblivione
874 3242 971 3282 seu
1014 3228 1284 3285 voluntate
1329 3231 1542 3296 dimitti,
1590 3233 1672 3287 vel
1720 3233 1828 3289 illic
1877 3235 1946 3290 ob
1992 3236 2150 3293 aliam

552 3330 769 3375 causam
791 3317 1079 3389 quamlibet
1095 3318 1252 3389 poni;
1285 3320 1518 3377 breviter
1547 3323 1865 3393 respondeo.
1896 3327 2004 3381 Aut
2030 3343 2150 3383 cer-

554 3416 667 3466 tum
697 3418 779 3466 est
819 3425 939 3466 esse
967 3410 1341 3484 idolotliytum,
1371 3420 1462 3467 aut
1502 3421 1707 3470 certum
1737 3425 1821 3471 est
1864 3432 1967 3472 non
1994 3432 2145 3488 8550,

552 3514 647 3560 aut
677 3505 957 3581 ignoratur;
982 3524 994 3560 :
1026 3506 1068 3561 si
1099 3521 1226 3577 ergo
1251 3512 1454 3561 certum
1483 3514 1564 3562 est
1602 3522 1742 3575 esse,
1772 3509 1963 3567 melius
2008 3511 2149 3569 chri-

551 3598 722 3656 Sliana
753 3599 944 3655 virtute
970 3599 1271 3672 reSpuitur;
1304 3600 1347 3655 si
1376 3610 1552 3656 autem
1582 3602 1666 3658 vel
1690 3618 1794 3659 non
1814 3620 1932 3662 esse
1956 3606 2140 3677 scitur,

550 3690 637 3746 vel
664 3691 950 3761 ignoratur,
982 3694 1097 3747 sine
1129 3692 1233 3748 ullo
1259 3693 1599 3749 conscientia:
1625 3698 1878 3769 scrupulo
1904 3698 1960 3754 in
1989 3716 2142 3776 usum

552 3785 890 3841 necessitatis
910 3786 1218 3841 assumitur.

974 3878 1298 3934 EPISTOLA
1340 3878 1551 3936 XLVIII
1573 3884 1588 3905 ‘
1613 3880 1688 3956 (a)
1702 3922 1714 3937 .

546 3994 857 4069 Augustinus
885 3994 1118 4053 Eudoxio
1144 3995 1310 4051 abbati
1350 4000 1712 4055 monac/torum
1736 4001 1918 4058 insula:
1943 4004 2137 4076 Capra-

618 4090 726 4159 rita,
766 4089 1036 4146 exhortans
1072 4100 1127 4143 ut
1154 4090 1256 4145 otio
1282 4090 1349 4145 ad
1375 4092 1629 4162 pietatem,
1667 4109 1768 4149 non
1794 4095 1862 4148 ad
1888 4096 2138 4167 ignaviam

617 4191 844 4250 utantur,
873 4192 920 4237 et
947 4183 1103 4240 sicubi
1133 4182 1362 4240 Ecclesia
1407 4187 1630 4257 requirat
1659 4187 1865 4244 illorum
1889 4206 2093 4263 operam
2117 4235 2132 4259 ,

617 4291 679 4329 ne
702 4276 990 4331 detrectent.

547 4387 774 4445 Domino
800 4387 993 4442 dilecto
1022 4394 1076 4443 et
1104 4390 1505 4459 exoptatissimo
1534 4390 1680 4446 fratri
1713 4400 1767 4447 et
1794 4397 2135 4468 comprcsby-

620 4488 736 4536 tero
765 4481 999 4536 Ennoxto
1024 4489 1078 4535 et
1101 4480 1191 4550 qui
1219 4489 1393 4535 tecum
1422 4493 1546 4537 sunt
1572 4481 1844 4553 fratribus,
1876 4491 2133 4545 AUGUSTI-

615 4589 740 4642 κω,
768 4583 822 4631 et
852 4574 941 4647 qui
984 4588 1196 4631 mecum
1235 4583 1360 4631 sunt
1389 4574 1601 4645 fratres,
1643 4576 1695 4632 in
1724 4578 1947 4635 Domino
1988 4582 2131 4637 salu-

612 4679 741 4728 tem.

618 4789 670 4843 l.
710 4786 932 4858 Quando
971 4787 1205 4859 quietem
1236 4794 1465 4842 vestram
1493 4788 1803 4860 cogitamus,
1837 4804 1994 4862 quam
2035 4793 2130 4848 ha-

546 4882 687 4938 betis
712 4882 763 4937 in
811 4881 1045 4949 Christo,
1098 4881 1257 4939 etiam
1304 4896 1421 4949 nos,
1468 4883 1708 4954 quamvis
1758 4883 1809 4939 in
1856 4884 2126 4944 laboribus

540 4973 703 5031 variis
745 4974 1052 5047 asperisque
1089 4988 1386 5042 versemur,
1434 4974 1485 5030 in
1528 4985 1705 5032 vestra
1746 4977 2005 5036 charitate
2036 4997 2125 5037 re-

536 5068 882 5142 quiescimus.
905 5066 1081 5125 Unum
1102 5069 1243 5124 enim
1270 5084 1463 5139 corpus
1488 5069 1586 5126 sub
1604 5083 1709 5125 uno
1724 5070 1896 5141 capite
1915 5085 2123 5143 sumus,

535 5169 594 5219 ut
617 5168 673 5218 et
700 5173 795 5217 vos
820 5160 871 5215 in
894 5159 1049 5216 nobis
1079 5161 1359 5233 negotiosi,
1394 5168 1447 5216 et
1476 5175 1573 5217 nos
1600 5163 1652 5216 in
1680 5161 1829 5219 vobis
1861 5163 2020 5218 otiosi
2046 5164 2122 5219 si-

534 5270 675 5323 mus,
721 5251 843 5324 quia
885 5250 927 5309 si
974 5253 1164 5324 patitur
1206 5271 1363 5310 unum
1408 5253 1704 5320 membrum,
1751 5255 2123 5325 compatiuntur

533 5346 705 5404 omnia
731 5344 990 5413 membra;
1016 5355 1064 5402 et
1088 5346 1131 5401 si
1155 5348 1467 5421 gloriﬁcatur
1491 5364 1647 5402 unum
1676 5347 1971 5416 membrum,
2000 5364 2119 5404 con-

535 5440 754 5514 gaudent
790 5440 962 5498 omnia
990 5440 1211 5497 membra
1240 5439 1420 5513 (lCor.
1465 5457 1561 5509 xu,
1593 5438 1710 5513 26).
1751 5438 2116 5499 Admonemus

594 5557 611 5631 ξ
636 5562 744 5631 uss:
763 5564 974 5623 septem,
992 5556 1101 5608 uad.
1119 5557 1379 5631 ctEr.,qui
1413 5570 1526 5631 cum
1544 5568 1648 5631 sua:
1678 5552 2119 5624 possessioni...ati-

525 5616 717 5731 ᾳιιξιιεω
732 5616 1059 5695 ipsdrumbsu
1081 5616 1333 5686 pereamus
1355 5618 1571 5672 intereat.
1679 5616 1690 5624 ’

643 5690 762 5750 _lanc
782 5682 1073 5750 contulimus
1096 5684 1153 5734 ad
1169 5683 1235 5735 bl.
1260 5686 1338 5735 ch.
1363 5682 1415 5735 ﬂ‘.
1439 5696 1523 5750 gg.
1542 5696 1581 5734 r.
1604 5684 1679 5735 sb.
1704 5694 1780 5736 vc.
1804 5683 1925 5737 duos
1946 5684 2117 5738 t.duos

524 5756 572 5796 ν.
598 5744 657 5794 ad
683 5752 781 5794 Am.
807 5747 916 5796 Bad.
941 5754 1014 5796 Er.
1039 5753 1148 5799 Lov.

523 5804 809 5921 “(castra
829 5808 884 5859 8|
911 5822 923 5860 :
956 5823 1067 5873 quae
1099 5810 1337 5862 autemiS
1362 5816 1497 5874 erat,
1525 5823 1651 5861 nunc
1676 5806 1753 5862 9'5.
1781 5812 1960 5878 Scripta
1983 5811 2108 5868 forte
2142 5883 2157 5888 _

1842 330 1901 387 S.
1945 327 2309 391 AUGUSTI!"
2346 331 2648 394 EPISCOPI

2301 462 2508 554 ergo-let
2545 455 2774 526 petimus
2796 466 2849 515 et
2876 460 3217 525 obsecramus
3238 484 3334 542 per
3350 472 3545 536 Christi
3565 482 3829 554 altissimam

2298 543 2648 605 humilitatem
2690 562 2740 607 et
2787 554 3337 640 misericordissimam
3388 543 3829 653 celsitudinem;

2296 641 2461 697 nostri
2504 658 2769 702 memores
2796 650 2910 705 sitis
2939 654 2992 707 in
3036 658 3236 714 sanctis
3277 665 3603 726 orationibus
3639 641 3824 753 vesd-is:

2292 747 2426 803 quas
2453 750 2548 791 vos
2570 739 2927 807 vigilantiores
2965 754 3019 802 et
3045 751 3212 821 magis
3250 755 3454 813 sobrias
3485 760 3672 822 habere
3689 739 3824 830 credi:

2292 842 2413 885 mus
2488 842 2696 889 nostras
2721 838 2863 891 enim
2894 854 3034 913 szrpe
3061 848 3263 903 sauciat
3286 859 3344 906 et
3370 853 3607 914 debilitat
3633 864 3773 936 caligo
3788 882 3827 927 et

2293 923 2551 979 tumultus
2574 930 2907 985 saecularium
2926 936 3197 992 actionum
3220 956 3235 1005 ;
3267 959 3398 1012 quas
3415 949 3513 1001 etsi
3538 923 3825 1017 nostrasunon

2290 1013 2568 1086 habemus,
2599 1034 2783 1078 eorum
2833 1034 3007 1084 tamen
3037 1032 3124 1100 qui
3155 1048 3255 1089 nos
3280 1040 3559 1108 angariant
3582 1046 3711 1101 mille
3740 1013 3826 1119 pas:

2288 1123 2400 1176 sus,
2440 1123 2493 1168 et
2518 1114 2767 1182 jubemur
2796 1119 2872 1173 ire
2899 1134 3019 1177 cum
3048 1126 3127 1179 eis
3155 1126 3255 1183 alia
3286 1129 3393 1183 duo
3423 1133 3629 1199 (Matth.
3660 1154 3705 1202 v,
3729 1114 3825 1214 ll),

2288 1212 2447 1259 tantte
2489 1207 2639 1263 nobis
2684 1210 2994 1282 ingeruntur
3034 1227 3089 1273 ut
3122 1220 3210 1274 vix
3256 1226 3520 1294 respirare
3568 1207 3822 1298 iussimus;

2284 1298 2565 1358 credentes
2592 1312 2769 1359 tamen
2796 1308 2936 1378 quod
2982 1310 3068 1365 ille
3115 1313 3164 1367 in
3192 1315 3343 1384 cujus
3385 1334 3671 1392 conspectu
3706 1327 3826 1385 intrat

2282 1393 2508 1460 gemitus
2536 1398 2957 1467 compeditorum
2992 1402 3162 1473 (Parit.
3207 1422 3426 1475 Lxxvm,
3464 1414 3577 1483 il).
3626 1432 3826 1486 perseve-

2282 1493 2460 1541 rantes
2483 1503 2579 1542 nos
2609 1490 2661 1543 in
2688 1504 2754 1545 eo
2776 1494 3087 1555 ministerio.
3115 1498 3166 1551 in
3194 1515 3301 1571 quo
3324 1502 3574 1572 dignatus
3601 1518 3677 1562 est
3700 1511 3824 1567 collo-

2280 1591 2403 1633 care
2423 1595 2541 1636 cum
2570 1586 2827 1652 promissa
2851 1590 3117 1657 mercede,
3141 1592 3515 1663 adjuvantibus
3539 1602 3820 1663 orationibus

2280 1674 2475 1728 vestris
2504 1676 2571 1729 ab
2599 1679 2742 1733 omni
2772 1685 3007 1751 angustia
3034 1684 3295 1741 liberabit.

2348 1767 2401 1823 2.
2446 1769 2551 1825 Vos
2594 1780 2801 1839 autem,
2832 1774 3050 1846 fratres,
3078 1780 3421 1839 exhortamur
3456 1786 3509 1842 in
3556 1788 3822 1850 Dominam

2276 1864 2605 1933 pr0positum
2650 1878 2883 1924 vestrum
2929 1874 3269 1942 custodiatis,
3298 1886 3350 1932 et
3396 1895 3570 1950 usque
3620 1883 3667 1937 in
3703 1885 3824 1943 linem

2273 1960 2626 2026 perseveretis
2652 1979 2665 2016 :
2687 1977 2749 2017 ac
2777 1964 2820 2018 si
2862 1980 3018 2036 quam
3057 1983 3272 2038 operam
3305 1981 3535 2028 vestram
3566 1986 3727 2035 mater
3744 1978 3825 2036 Ec-

2272 2052 2430 2105 clesia
2459 2053 2856 2124 desideraverit,
2882 2075 2982 2115 nec
3000 2061 3230 2119 elatione
3256 2065 3404 2120 avida
3426 2070 3737 2141 suscipiatis,
3753 2089 3824 2130 nec

2271 2140 2576 2200 blandiente
2606 2146 2805 2203 desidia
2847 2154 3145 2222 respuatis;
3178 2158 3269 2211 sed
3314 2160 3426 2214 miti
3464 2163 3630 2218 corde
3659 2165 3823 2221 obtem-

2270 2236 2467 2304 peretis
2512 2239 2619 2294 Deo
2644 2284 2658 2305 ,
2691 2257 2811 2297 cum
2858 2250 3263 2305 mansuetudine
3300 2262 3576 2320 portantes
3620 2273 3728 2313 eum
3756 2260 3823 2331 qui

2268 2342 2362 2382 vos
2383 2331 2537 2401 regit,
2558 2333 2645 2403 qui
2668 2334 2845 2407 dirigit
2870 2339 3022 2392 mites
3049 2340 3098 2394 in
3122 2341 3345 2413 judicio,
3370 2346 3459 2415 qui
3481 2348 3643 2405 docet
3671 2353 3686 2384 ί
3708 2367 3824 2408 mark

2267 2431 2450 2479 suetos
2479 2426 2590 2480 vias
2616 2441 2739 2482 suas
2770 2428 2953 2501 (Psat.
2984 2449 3128 2500 XXIV,
3165 2434 3253 2494 91.
3288 2436 3394 2492 Nec
3420 2450 3659 2497 vestrum
3694 2444 3821 2500 otium

2266 2516 2671 2574 necessitatibus
2700 2521 2951 2577 Ecclesize
2978 2529 3323 2596 prmponatis,
3357 2532 3439 2586 cui
3473 2536 3771 2603 parturienti
3791 2541 3822 2595 si

2264 2609 2392 2664 nulli
2420 2608 2544 2665 boni
2575 2614 2879 2670 ministrare
2914 2617 3143 2685 vellent,
3175 2623 3443 2690 quomodo
3481 2630 3820 2694 nasceremini,

2262 2719 2367 2760 non
2409 2706 2734 2763 inveniretis.
2776 2708 2923 2765 Sicut
2963 2722 3137 2768 autem
3186 2715 3324 2771 inter
3369 2718 3543 2789 ignem
3588 2731 3645 2778 et
3671 2738 3822 2793 aquam

2262 2799 2487 2853 tenenda
2518 2809 2599 2855 est
2627 2802 2728 2866 via,
2765 2812 2821 2857 ut
2848 2819 2945 2858 nec
2974 2818 3230 2863 exuratur
3262 2809 3421 2864 homo
3450 2828 3549 2868 nec
3577 2815 3821 2889 demerga-

2260 2896 2374 2958 tur;
2406 2891 2485 2947 sic
2523 2892 2658 2949 inter
2686 2895 2888 2965 apicem
2920 2900 3183 2969 superbia:
3212 2910 3263 2955 et
3303 2906 3610 2975 voraginem
3641 2909 3822 2965 desidiae

2259 2981 2360 3038 iter
2388 2996 2625 3040 nostrum
2660 2997 2961 3058 temperare
2991 2991 3264 3059 debemus,
3289 2996 3424 3051 sicut
3450 3000 3704 3070 scriptum
3730 3012 3818 3057 est:

2259 3072 2379 3130 Non
2428 3076 2765 3144 declinantes,
2796 3099 2951 3151 neque
2994 3083 3063 3136 ad
3091 3084 3375 3155 dexteram,
3418 3107 3582 3163 neque
3616 3095 3683 3148 ad
3720 3094 3819 3150 tini-

2255 3177 2410 3223 stram
2433 3168 2604 3243 (Deut.
2620 3188 2750 3239 xvn,
2779 3172 2885 3246 il).
2912 3174 3047 3230 Sunt
3066 3178 3206 3233 enim
3223 3182 3311 3249 qui
3331 3180 3457 3236 dum
3481 3185 3643 3241 nimis
3665 3189 3819 3244 timent

2255 3276 2323 3318 ne
2356 3264 2502 3335 quasi
2545 3265 2596 3319 in
2632 3265 2902 3322 dexteram
2940 3270 3072 3342 rapti
3112 3273 3459 3343 extollantur,
3491 3278 3541 3332 in
3582 3281 3817 3337 sinistram

2253 3356 2385 3430 lapsi
2436 3359 2834 3432 demerguntur.
2878 3364 2944 3418 Et
2987 3374 3112 3421 sunt
3157 3384 3339 3424 rursus
3382 3372 3471 3442 qui
3518 3374 3645 3431 dum
3689 3379 3817 3433 nimis

2252 3467 2311 3508 se
2343 3455 2587 3508 auferunt
2630 3470 2657 3508 a
2701 3457 2933 3523 sinistra,
2965 3473 3029 3513 ne
3068 3462 3270 3530 torpida
3303 3464 3594 3523 vacationis
3624 3469 3817 3524 mollitie

2250 3548 2585 3618 sorbeantur,
2612 3566 2673 3605 ex
2704 3552 2867 3607 altera
2892 3562 3039 3621 parte
3061 3555 3326 3625 jactantire
3353 3558 3487 3614 fastu
3513 3564 3737 3634 corrupti
3756 3573 3817 3617 at-

2249 3659 2351 3717 quc
2372 3646 2699 3715 consumpti,
2726 3645 2777 3700 in
2806 3644 3034 3701 favillam
3066 3646 3372 3721 fumumque
3400 3667 3705 3712 vanescunt.
3745 3657 3815 3713 Sic

2247 3754 2397 3810 ergo,
2418 3738 2767 3807 dilectissimi,
2785 3742 2982 3812 diligite
2997 3744 3183 3811 otium,
3205 3754 3261 3799 ut
3278 3763 3369 3801 vos
3386 3748 3452 3803 ab
3468 3751 3610 3805 omni
3633 3764 3812 3807 terrena

2245 3829 2597 3887 delectatione
2627 3832 2904 3888 refrenetis
2928 3876 2942 3903 ,
2972 3846 3025 3890 et
3052 3840 3399 3897 memineritis
3433 3842 3632 3898 nullum
3660 3845 3811 3899 locum

2244 3939 2381 3991 esse,
2414 3926 2502 3980 ubi
2528 3942 2634 3981 non
2663 3929 2830 3997 possit
2860 3929 3078 4001 laqueos
3108 3932 3325 3989 tendere
3355 3937 3441 4006 qui
3474 3939 3619 3993 timet
3646 3955 3708 3994 ne
3738 3954 3810 3994 rc-

2243 4017 2484 4073 volemus
2514 4018 2579 4073 ad
2625 4021 2786 4074 Deum
2814 4038 2827 4086 ;
2859 4030 2912 4075 et
2953 4024 3223 4081 inimicum
3269 4029 3504 4084 omnium
3549 4030 3807 4096 bonorum,

2242 4109 2391 4180 cujus
2435 4112 2627 4179 captivi
2677 4111 2869 4167 fuimus
2914 4113 3290 4184 judicemus’,
3334 4120 3638 4193 nullamque
3674 4124 3808 4178 nobis

2240 4217 2361 4259 esse
2389 4205 2674 4275 perfectam
2716 4207 2949 4277 requiem
2992 4210 3284 4279 cogitemus
3313 4211 3365 4278 ³,
3398 4213 3567 4269 donec
3597 4224 3809 4271 transeat

2238 4299 2487 4371 iniquitas
2516 4299 2700 4374 (Psal.
2733 4316 2838 4365 Lvt,
2864 4301 2931 4372 2)
2956 4343 2972 4369 ,
3000 4310 3052 4357 et
3092 4303 3143 4358 in
3168 4303 3425 4375 judicium
3450 4306 3651 4378 justitia
3690 4324 3806 4365 cono

2236 4403 2473 4450 vertatur
2500 4392 2668 4465 (Psal.
2694 4408 2839 4460 xcnt,
2876 4394 2983 4465 l5).

2310 4486 2362 4542 5.
2397 4486 2525 4541 Item
2562 4501 2684 4541 cum
2714 4487 2909 4558 aliquid
2945 4496 3161 4545 strenue
3200 4501 3356 4563 atque
3397 4494 3640 4551 alacriter
3666 4495 3803 4569 agitis

2237 4589 2292 4638 et
2320 4581 2541 4652 impigre
2569 4582 2883 4652 operamini,
2913 4584 3025 4640 sive
3056 4586 3107 4639 in
3140 4588 3488 4658 orationibus,
3521 4592 3628 4645 sive
3658 4593 3703 4646 in
3724 4593 3801 4661 je-

2229 4675 2414 4746 juniis,
2442 4678 2553 4731 sive
2585 4677 2635 4731 in
2666 4676 3049 4751 clcemOSynis;
3080 4680 3166 4735 vel
3197 4682 3488 4740 tribuentes
3515 4685 3702 4757 aliquid
3730 4686 3801 4740 inc

2234 4768 2553 4839 digentibus,
2583 4771 2666 4825 vel
2713 4770 2972 4825 donantes
3021 4772 3275 4843 injurias,
3304 4778 3441 4832 sicut
3484 4788 3537 4834 et
3582 4781 3710 4835 Deus
3749 4779 3797 4833 in

2233 4862 2449 4919 Christo
2473 4862 2690 4919 donavit
2716 4864 2868 4918 nobis
2892 4864 3103 4936 (Ep/tes.
3132 4884 3209 4934 ιν,
3238 4868 3324 4941 52)
3354 4887 3367 4936 ;
3402 4871 3515 4928 sive
3542 4873 3797 4927 domautcs

2232 4957 2557 5027 perniciosas
2585 4957 2995 5012 consuetudines
3016 4999 3029 5023 ,
3054 4961 3476 5034 castigantesque
3506 4981 3690 5035 corpus
3708 5008 3721 5031 ,
3747 4974 3793 5019 ct

2231 5052 2470 5106 servituti
2497 5050 2837 5120 subjicientes
2867 5051 2927 5125 (l
2951 5052 3067 5108 Cor.
3097 5071 3172 5120 ιχ,
3192 5055 3283 5129 27)
3312 5075 3325 5122 ;
3350 5060 3462 5115 sive
3500 5063 3792 5117 sufferentes

2230 5143 2723 5208 tribulationem,et
2749 5154 2873 5200 ante
2896 5147 3073 5201 omnia
3108 5163 3203 5203 vos
3235 5150 3375 5219 ipsos
3403 5152 3623 5208 invicem
3651 5155 3695 5207 in
3720 5152 3791 5205 di-

2228 5240 2485 5305 lectione;
2516 5237 2642 5309 quid
2667 5238 2809 5294 enim
2839 5239 3057 5294 sufferat
3085 5241 3173 5311 qui
3201 5240 3418 5299 fratrem
3448 5261 3549 5300 non
3589 5243 3787 5301 sull‘ert‘?

2227 5333 2340 5390 sive
2363 5332 2750 5403 prospicientes
2778 5332 3021 5388 astutiam
3061 5341 3219 5402 atque
3258 5336 3474 5393 insidias
3506 5337 3781 5401 tentatoris,

2226 5436 2280 5485 et
2307 5435 2458 5484 scuto
2488 5426 2609 5482 tidei
2632 5426 2804 5497 jacula
2832 5427 2949 5497 ejus
2978 5427 3137 5500 ignita
3165 5432 3486 5500 repellentes
3513 5444 3568 5491 et
3599 5431 3781 5489 exstin-

2224 5533 2448 5600 guentes
2475 5522 2687 5599 (Ep/tes.
2714 5539 2786 5591 Vl,
2816 5522 2941 5594 l6);
2982 5523 3094 5581 sive
3125 5535 3403 5585 cantantes
3429 5538 3484 5586 et
3520 5529 3780 5602 psallentes

2195 5663 2199 5667 i
2288 5687 2304 5719 ί
2332 5692 2436 5737 Mss.
2450 5694 2623 5750 omnes
2646 5683 2823 5733 omisso
2845 5682 2944 5747 qui,
2964 5684 3145 5737 habent
3164 5700 3175 5735 :
3192 5685 3243 5737 in
3254 5684 3470 5750 judicio;
3486 5685 3680 5750 docebit,
3696 5692 3778 5738 etc.

2288 5751 2308 5783 ³
2332 5750 2404 5799 sic
2436 5748 2589 5799 nostri
2612 5759 2785 5798 omnes
2819 5753 2923 5799 Mss.
2953 5756 3005 5800 et
3028 5751 3172 5804 Vatic.
3196 5748 3310 5805 duo.
3350 5757 3407 5802 At
3431 5751 3545 5804 Edd.
3582 5748 3779 5809 habent.

2223 5809 2531 5864 uindicemus.

2288 5877 2307 5908 ³
2330 5880 2432 5925 Mss.
2461 5886 2659 5937 omnes,
2700 5876 2926 5941 cogitetis.
