3962 6374
118 428 203 496 “3
1220 384 1625 450 ΕΡιεΤοιιΑΒῑ

1735 382 2003 446 CLASSlS
2038 387 2102 448 ll.

117 555 156 611 in
175 539 388 607 cordibus
399 528 575 589 vestris
590 517 1035 591 Domino(EpIies.
1058 529 1108 611 v.
1132 511 1221 611 lii)
1243 551 1258 579 ,
1283 510 1363 611 vel
1392 510 1608 611 vocibus

113 600 156 701 ἶ
171 600 305 696 corde
343 643 436 684 non
471 618 729 680 dissonis,
752 613 927 669 omnia
968 612 1019 666 in
1058 607 1275 701 Ebria"!
1320 600 1612 701 Βεξ-ςπὶω

119 692 547 807 ἱώαλλίλφιῑ
572 718 819 781 operatur
838 704 1011 807 cumis
1037 701 1090 756 in
1119 695 1361 807 omnibus
1384 692 1608 807 ἐξ).

114 782 349 892 {pimus
373 782 441 866 ita
461 782 651 862 fervete
679 799 863 871 spiritu
881 793 1067 892 (illam.
1093 805 1187 849 xu.
1208 790 1229 842 1
1247 789 1411 892 l):‘ut.
1428 785 1479 840 in
1506 782 1610 892 ἠοῖ

116 876 227 972 mino
247 876 463 963 laudetur
488 898 654 953 anima
682 899 849 946 vestra
872 883 1043 955 (Psal.
1068 896 1240 938 nam
1256 922 1271 943 .
1292 879 1380 972 3).
1397 876 1509 972 ipsa
1530 884 1614 972 est

114 966 224 1063 enim
246 998 366 1053 actio
393 988 514 1046 recti
542 983 761 1044 itineris,
790 995 904 1046 qua:
933 975 1115 1029 oculos
1137 967 1523 1063 semper-habet
1544 966 1612 1063 ad

114 1056 365 1153 Dominum,
382 1079 621 1151 quoniam
646 1074 759 1143 ipse
778 1067 968 1125 evellet
983 1064 1047 1121 de
1067 1065 1252 1132 laqueo
1270 1056 1608 1157 pedcs(Psat.

114 1147 233 1247 inv,
253 1147 361 1247 l5).
386 1147 522 1228 'l‘alis
544 1166 683 1222 actio
706 1176 803 1219 nec
842 1156 1096 1226 frangitur
1120 1150 1360 1253 negotio,
1389 1162 1485 1204 nec
1524 1147 1613 1202 [τί.

113 1241 205 1347 gida
222 1241 461 1328 est'ouo,
489 1273 585 1314 nec
622 1253 944 1314 turbulenta,
975 1241 1486 1347 necOmarcida‘est;
1516 1252 1615 1347 nec

113 1330 364 1424 indignae
381 1354 525 1421 fugas
546 1366 561 1411 ;
581 1360 678 1401 nec
698 1355 948 1414 praeceps,
971 1350 1068 1392 nec
1083 1335 1290 1424 jacens.
1317 1330 1439 1424 llrec
1455 1330 1610 1400 agite,

109 1464 155 1513 et
176 1419 292 1508 Deus
312 1419 562 1516 pacis—erit
589 1435 857 1492 vobiscum
886 1426 964 1503 (ιι
988 1426 1104 1482 Cor.
1130 1440 1243 1516 xui,
1274 1419 1382 1516 ιι).

171 1546 220 1600 4.
253 1512 345 1595 Nec
365 1536 706 1601 importunum
748 1539 833 1580 me
868 1519 1132 1577 existimet
1155 1512 1394 1571 Charitas
1418 1517 1611 1575 vestra,

108 1638 207 1707 quia
231 1631 355 1687 vobis
383 1626 456 1681 vel
496 1638 593 1692 per
630 1618 902 1691 epistolam
942 1610 1085 1707 loqui
1125 1608 1296 1707 volui.-
1325 1603 1438 1661 Non
1474 1602 1615 1707 enim

110 1692 193 1785 hoc
223 1739 301 1777 vos
327 1716 521 1782 monui,
550 1710 692 1784 quod
736 1722 830 1763 vos
871 1720 975 1762 non
1012 1700 1238 1757 arbitror
1275 1698 1476 1760 facere;
1523 1692 1615 1748 sed

110 1818 269 1876 credidi
295 1826 489 1868 menon
521 1819 705 1876 parum
732 1794 1088 1856 commendari
1118 1793 1229 1847 Deo
1252 1805 1282 1845 a
1301 1788 1470 1847 vobis.
1489 1786 1532 1841 si
1553 1799 1616 1841 ea

108 1928 201 1983 quae
236 1919 429 1964 munere
469 1900 613 1956 illius
659 1892 849 1957 facitis,
880 1902 999 1945 cum
1041 1881 1375 1942 allocutionis
1421 1887 1616 1983 nostrae

110 1975 315 2065 memoria
341 1997 557 2057 faciatis.
588 1992 717 2048 Nam
746 1997 798 2045 ct
825 1997 945 2042 ante
965 1987 1071 2054 jam
1102 1982 1257 2044 fama,
1272 1988 1333 2049 et
1354 1993 1491 2035 nunc
1512 1975 1617 2032 fra-

111 2106 193 2152 tres
222 2094 297 2164 qui
338 2094 593 2145 venerunt
629 2098 660 2140 a
700 2080 884 2143 vobis,
917 2075 1189 2132 Eustasius
1214 2073 1229 2103 ³
1262 2081 1315 2127 et
1359 2068 1615 2170 Andreas,

108 2188 263 2244 homini
280 2180 455 2238 Christi
480 2176 706 2235 odorem
730 2172 796 2228 de
818 2178 990 2225 vestra
1021 2173 1198 2221 sancta
1219 2169 1619 2217 conversatione

107 2278 158 2333 ad
176 2291 256 2331 nos
275 2274 565 2329 attulerunt.
598 2266 830 2333 Quorum
859 2258 1130 2315 Eustasius
1159 2256 1207 2308 in
1238 2267 1356 2309 eam
1385 2250 1617 2321 requiem

106 2367 357 2440 pmcessit,
379 2377 487 2433 qua:
516 2357 677 2416 nullis
713 2352 954 2411 fluetibus
995 2348 1131 2402 sicut
1165 2345 1331 2440 insula
1364 2341 1616 2440 tunditur,

108 2433 193 2519 nec
212 2457 469 2528 Caprariam
501 2447 811 2513 desiderat,
842 2442 961 2516 quia
990 2454 1087 2497 nec
1116 2438 1284 2494 cilicio
1305 2436 1413 2507 jam
1434 2433 1621 2506 qumrit

110 2550 247 2610 indui.

495 2629 832 2691 EPISTOLA
871 2624 1035 2683 XLIX
1050 2628 1067 2646 ⁶
1089 2620 1186 2693 (a).

104 2736 359 2808 Augustinus
391 2731 657 2789 Honorato
687 2724 987 2780 Donationis
1014 2717 1167 2787 partis
1188 2756 1201 2775 ,
1230 2720 1281 2765 ut
1322 2727 1408 2808 per
1436 2710 1623 2808 litteras

166 2801 329 2897 placide
363 2822 540 2878 reddat
573 2820 815 2875 rationem
859 2809 1102 2882 quomodo
1142 2821 1319 2861 nomen
1360 2801 1621 2866 Ecclesiw,

159 2896 255 2990 aure
279 2919 429 2989 utique
460 2918 516 2969 in
562 2919 661 2967 toto
699 2907 813 2963 orbe
839 2906 1007 2976 futura
1034 2901 1269 2976 prtedicta
1297 2909 1366 2953 est
1408 2898 1461 2954 in
1485 2896 1626 2954 Scri-

163 3011 312 3081 ptsris,
334 3008 395 3063 ad
420 3009 564 3079 ipsos
588 3004 720 3059 solos
746 2997 993 3057 reciderit.

189 3123 443 3179 ﬂet-toaer
470 3119 729 3188 episcOpo
756 3112 919 3183 partis
944 3107 1166 3173 Donati,
1195 3107 1521 3160 AUGUSTINUS

380 3214 665 3282 episcopus
693 3209 712 3238 '
744 3202 989 3261 Ecclesiae
1016 3199 1309 3256 catholicae.

158 3308 200 3363 l.
233 3305 506 3362 Consilium
540 3310 687 3355 tuum
717 3295 866 3351 nobis
895 3292 1116 3349 multum
1144 3287 1350 3358 placuit,
1371 3284 1509 3355 quod
1537 3297 1628 3353 per

103 3398 278 3455 fratrem
301 3399 548 3454 ﬂerotern
578 3393 600 3425 ³
628 3387 993 3447 charissimam
1028 3381 1179 3436 nobis
1198 3421 1214 3446 ,
1245 3385 1300 3434 et
1336 3379 1388 3432 in
1422 3376 1628 3431 Christo

104 3490 370 3545 laudabilem
413 3490 587 3543 virum
631 3480 880 3536 mandare
923 3477 1165 3545 dignatus
1208 3485 1298 3536 es,
1344 3476 1399 3525 ut
1442 3467 1630 3523 litteris

105 3584 214 3637 inter
234 3597 321 3637 nos
344 3588 582 3649 agamus,
616 3573 703 3629 ubi
730 3570 904 3626 nullus
930 3565 1201 3620 turbarum
1226 3560 1479 3617 tumultus
1506 3573 1627 3628 per-

103 3675 279 3731 turbare
307 3673 463 3743 possit
488 3664 902 3736 disputationem
936 3667 1169 3713 nostram
1191 3696 1205 3719 ,
1231 3669 1349 3724 quia
1376 3667 1494 3707 cum
1522 3658 1630 3705 tota

102 3765 283 3820 lenitate
306 3774 354 3820 et
378 3778 513 3834 pace
546 3757 706 3813 animi
737 3749 1067 3821 suscipienda
1088 3756 1143 3804 et
1166 3745 1363 3817 agenda
1380 3754 1476 3809 est,
1498 3744 1634 3799 sicut

101 3856 207 3912 dicit
231 3855 495 3927 Apostolus
537 3870 551 3904 :
593 3849 804 3904 Servum
839 3853 1003 3897 autem
1042 3839 1248 3896 Domini
1297 3839 1491 3909 litigare
1533 3854 1633 3892 non

103 3958 283 4016 oportet,
300 3949 379 4001 sed
404 3947 579 3999 mitam
606 3956 710 3996 esse
736 3936 801 3991 ad
828 3951 1015 3995 omnes,
1041 3931 1317 3993 docibilem,
1344 3930 1629 4000 patientem,

102 4038 144 4094 ia
167 4039 380 4095 modestia
407 4034 759 4104 corripientem
799 4028 991 4081 diversa
1024 4024 1285 4079 sentientes
1311 4021 1327 4089 (
1350 4021 1389 4075 ll
1424 4019 1550 4073 Tim.
1576 4034 1631 4081 tt,

103 4128 176 4196 Si,
192 4129 293 4201 25).
320 4130 492 4199 Itaque
514 4123 746 4181 breviter
768 4117 1113 4179 insinuatnus,
1138 4112 1261 4183 quid
1284 4126 1313 4165 a
1339 4119 1389 4165 te
1415 4123 1636 4178 respon-

106 4220 197 4279 deri
220 4222 587 4279 desideremus.

163 4314 213 4372 ἰ.
238 4314 481 4381 Quoniam
509 4305 799 4365 Ecclesium
830 4302 958 4369 Dei,
985 4314 1101 4371 qua:
1126 4295 1381 4353 catholica
1421 4291 1632 4355 dicitur,

107 4404 226 4460 sicut
244 4404 301 4459 de
322 4406 403 4460 illa
430 4399 801 4473 prepbetatum
823 4403 919 4458 est,
945 4406 1036 4462 per
1056 4390 1237 4445 orbem
1262 4398 1515 4441 terrarum
1540 4382 1638 4438 dif-

109 4495 259 4550 fusam
282 4495 509 4551 videmus
531 4534 546 4557 ,
573 4489 886 4545 arbitramur
928 4498 1024 4541 nos
1053 4496 1154 4537 non
1181 4480 1373 4535 debere
1396 4474 1637 4532 dubitare

109 4585 165 4643 de
189 4596 281 4643 tam
310 4583 698 4641 evidentissima
724 4576 1075 4647 completione
1104 4581 1297 4628 sanctze
1328 4569 1634 4640 praphetirc,

111 4695 242 4748 quam
260 4681 503 4735 Dominus
524 4677 682 4732 etiam
708 4674 759 4727 in
774 4668 1058 4737 Evangelio
1077 4664 1404 4722 confirmavit
1419 4672 1475 4720 et
1493 4664 1637 4731 Apo-

110 4771 207 4825 stoli
228 4814 241 4835 ,
271 4788 357 4842 per
384 4786 517 4841 quos
546 4766 731 4823 eadem
762 4761 993 4820 Ecclesia
1024 4760 1235 4813 dilatata
1264 4765 1344 4812 est
1367 4797 1381 4822 ,
1411 4756 1546 4810 sicut
1573 4753 1640 4809 de

109 4862 181 4916 illa
204 4864 495 4933 pricdictum
516 4866 647 4915 erat.
674 4856 805 4912 Nam
828 4854 949 4909 etin
972 4850 1143 4919 capite
1164 4846 1479 4902 sacrosancti
1498 4845 1641 4899 Psal-

111 4953 206 5007 terii
228 4953 473 5022 scriptum
499 4960 577 5008 est
602 4949 669 5004 de
699 4948 831 5002 Filio
860 4945 950 4999 Dei
975 4961 987 4994 :
1014 4941 1256 4994 Dominus
1285 4937 1409 4991 dixit
1430 4936 1495 4989 ad
1523 4950 1641 4991 me:

113 5041 150 5095 Ρ
154 5042 253 5099 ilius
278 5062 409 5099 meus
434 5060 486 5096 es
508 5054 579 5107 tu,
609 5056 699 5110 ego
725 5036 869 5091 hodie
896 5034 1041 5105 genui
1072 5042 1133 5086 te.
1170 5029 1379 5083 Postulo
1409 5045 1440 5081 α
1459 5043 1535 5081 me
1552 5067 1567 5092 ,
1593 5035 1641 5081 et

116 5133 226 5186 dabo
249 5136 323 5187 tibi
348 5145 515 5205 gentes
534 5131 865 5187 [nereditatem
888 5136 1043 5190 tuam,
1062 5133 1105 5176 et
1129 5120 1482 5192 possessionem
1507 5129 1642 5173 tuam

164 5224 176 5258 ί
198 5232 243 5277 ιιι
254 5226 380 5287 εὐεξίη
392 5223 673 5276 East/latius.
688 5228 743 5273 At
750 5222 799 5270 in
812 5215 1101 5269 membranis
1116 5214 1336 5264 scribitur
1351 5217 1641 5270 constanter,

92 5292 802 5413 ρατειε
825 5337 1047 5413 biecit“?
1069 5334 1329 5413 εαιξέοὲξςσὲ
1353 5341 1517 5413 suos.
1528 5347 1646 5413 PP?

178 5398 301 5461 abeat
316 5423 346 5473 7a
362 5398 825 5473 iis's.,qiiam'vocei_n
847 5402 1064 5473 Erclesia:
1081 5398 1330 5473 catholica:
1344 5410 1447 5473 «non
1468 5410 1642 5473 conve-

88 5460 96 5527 ἱ
115 5468 219 5531 nire,
230 5480 279 5522 et
296 5472 362 5522 illi
385 5475 449 5519 ab
469 5460 722 5534 litigusdno
745 5466 887 5516 tribui
912 5477 1006 5513 non
1026 5460 1185 5512 solere
1201 5460 1512 5509 observarunt
1534 5467 1646 5507 Ver-

118 5527 222 5577 l'ntlt
238 5542 289 5577 at
308 5532 581 5577 ﬁndimus.

132 5532 222 5583 iam
238 5542 289 5584 et
308 5532 564 5595 Vindmgus’
536 5532 549 5534 '
570 5568 581 5581 .

167 5592 266 5651 iste
286 5608 348 5645 ex
496 5603 546 5646 At
566 5593 697 5651 add,
721 5596 920 5641 Erotem.
948 5585 1189 5648 [Erotem]

169 5643 319 5705 'ltanc
357 5643 720 5717 recognovimus
757 5651 820 5717 ad
863 5664 907 5699 a.
1048 5660 1090 5717 ρ.
1117 5643 1187 5717 oc:
1210 5643 1261 5694 π.
1286 5658 1334 5709 g.
1360 5657 1439 5708 gv.
1463 5654 1513 5691 ιι.
1536 5655 1578 5691 r.
1603 5656 1643 5694 ο.

120 5711 232 5778 ‘th
252 5730 323 5778 να-
346 5711 544 5778 quatior
567 5732 613 5767 v.
640 5714 768 5767 etad
791 5724 889 5763 Am.
915 5713 1021 5778 ψ.
1046 5715 1117 5778 Et.
1143 5715 1249 5757 ων.

154 5774 232 5845 ,(⁸)
272 5768 390 5829 Alia;
432 5774 685 5842 “liniue
727 5784 891 5831 sum
932 5773 1148 5833 49cm,
1183 5780 1310 5823 nam
1344 5768 1648 5833 tanaim

131 5847 370 5893 Μίαν
399 5846 599 5903 tm

3178 399 3281 459 {90

1720 506 1951 561 terminos
1978 515 2123 563 teme
2159 505 2323 581 (Psal.
2355 523 2410 571 ιι.
2443 509 2497 578 7,
2517 510 2591 582 8).
2622 510 2689 570 Et
2708 511 2822 585 ipsa
2850 514 3101 573 Dominus
3126 515 3281 577 Jesus

1714 594 1953 655 Christus
1981 600 2105 655 dicit
2136 602 2471 674 Evangelium
2502 619 2651 661 suum
2692 607 2743 664 in
2769 608 3013 663 omnibus
3038 610 3281 679 gentibus

1718 690 1948 749 futurum
1978 691 2184 765 (Matth.
2212 711 2357 760 mv,
2381 698 2491 765 14).
2520 698 2584 754 Ει
2608 701 2878 769 apostolus
2899 701 3107 767 Paulus,
3129 713 3280 760 ante-

1718 796 1872 853 quam
1902 798 2077 840 sermo
2108 784 2200 840 Dei
2231 786 2281 841 in
2310 785 2537 842 Africam
2580 791 2938 860 pervenisset,
2967 792 3018 846 in
3049 794 3162 863 ipso
3188 810 3280 851 ca—

1716 873 1824 945 pi'e
1855 875 2101 945 Epistolas
2132 892 2286 949 quam
2326 879 2535 948 scripsit
2568 878 2641 947 ad,
2678 880 2979 938 Romanos:
3011 884 3107 940 Per
3140 902 3281 956 quem

1718 968 2016 1037 accepimus,
2048 968 2234 1039 inquit,
2262 971 2473 1041 gratiam
2498 981 2542 1024 et
2569 973 2919 1042 apostolalum,
2953 976 3019 1029 ad
3046 976 3279 1032 obedien-

1718 1057 1837 1111 dum
1865 1057 2007 1120 ﬁdei.
2036 1061 2087 1114 in
2114 1060 2340 1116 onmibus
2363 1064 2587 1130 gentibus
2614 1081 2706 1133 pro
2733 1067 2929 1120 nomine
2969 1070 3078 1140 ejus
3105 1070 3278 1138 (Rom.

1717 1163 1754 1215 ι,
1786 1148 1859 1219 5).
1892 1149 2087 1207 Deinde
2113 1151 2221 1221 ipse
2250 1167 2279 1207 a
2304 1152 2593 1209 Jerusalem
2618 1154 2669 1211 in
2693 1156 2971 1211 circumitu
2998 1174 3090 1228 per
3116 1169 3277 1217 totam

1720 1241 1897 1297 Asiam
1919 1257 2083 1314 usque
2103 1244 2154 1300 in
2186 1242 2447 1315 Illyricum
2473 1246 2807 1315 Evangelium
2837 1249 3159 1317 praedicavit,
3181 1251 3280 1306 Ec~

1721 1331 1911 1386 clesias
1939 1334 2210 1388 constituit
2233 1344 2390 1406 atque
2419 1336 2685 1403 fundavit;
2713 1352 2815 1393 non
2847 1337 2977 1407 ipse,
3007 1340 3097 1396 sed
3118 1342 3283 1411 gratia

1719 1421 1812 1476 Dei
1842 1437 1959 1478 cum
1989 1439 2054 1478 eo
2080 1418 2272 1493 (lCor.
2302 1440 2386 1490 xv,
2416 1426 2499 1497 10)
2527 1468 2541 1492 ,
2567 1427 2701 1481 sicut
2738 1429 2846 1499 ipse
2875 1438 3109 1485 testatur.
3150 1430 3283 1496 Quid

1718 1526 1893 1570 autem
1914 1513 2204 1571 evidentius
2250 1530 2504 1587 apparere
2534 1529 2739 1590 potest,
2768 1535 2921 1592 quam
2950 1538 3066 1577 cum
3096 1523 3145 1578 in
3171 1524 3284 1593 ejus

1721 1603 1970 1676 Epistolis
2010 1609 2218 1664 nomina
2246 1611 2403 1665 etiam
2432 1613 2702 1682 regionum
2733 1614 2814 1669 vel
2841 1615 3103 1671 civitatum
3137 1616 3283 1672 inve-

1721 1696 1937 1752 nimus?
1967 1698 2046 1753 Ad
2080 1699 2345 1755 Romanos
2364 1744 2378 1769 ,
2408 1702 2473 1757 ad
2504 1703 2831 1770 Corinthios,
2859 1705 2923 1761 ad
2955 1705 3189 1775 Galatas,
3220 1707 3287 1763 ad

1721 1784 1976 1857 Ephesios
1994 1831 2007 1857 ,
2036 1788 2101 1843 ad
2124 1788 2483 1861 Philippenses
2502 1833 2516 1860 ,
2555 1793 2620 1848 ad
2662 1794 3155 1852 Thessalonieenses
3179 1838 3191 1861 ,
3220 1796 3287 1854 ad

1720 1878 2057 1935 Colossenses
2084 1880 2318 1936 seribit‘.
2342 1882 2568 1937 Joannes
2600 1885 2754 1939 etiam
2788 1887 2967 1942 scribit
2994 1887 3058 1941 ad
3086 1899 3288 1959 septem

1721 1966 2007 2037 Ecclesias,
2037 1986 2167 2041 quas
2189 1983 2564 2027 commemorat
2599 1974 2652 2028 in
2695 1976 2797 2029 illis
2826 1977 3058 2046 partibus
3089 1978 3287 2034 consti—

1723 2066 1879 2125 lutas,
1903 2059 1953 2115 in
1977 2060 2163 2132 quibus
2185 2063 2342 2117 etiam
2368 2063 2661 2118 universam
2684 2064 2970 2119 Ecclesium
2992 2068 3286 2139 septenario

1723 2165 1941 2207 numero
1981 2150 2313 2222 intelligimus
2349 2154 2736 2221 commendari,
2767 2156 3061 2225 Ephesum,
3104 2158 3287 2231 Smyr-

1724 2258 1843 2297 nam
1863 2283 1878 2308 ,
1910 2242 2107 2297 Sardos
2127 2246 2147 2275 ’
2178 2284 2193 2309 ,
2240 2244 2653 2315 Philadelphiam
2676 2287 2688 2309 ,
2731 2246 3026 2301 Laodiciam
3056 2291 3069 2314 ,
3100 2246 3290 2319 Perga-

1724 2351 1866 2391 mum
1888 2377 1901 2400 ,
1929 2336 2230 2408 Thiatyram
2262 2336 2443 2408 (Apoc.
2466 2355 2504 2401 ι.
2540 2340 2645 2411 ll).
2687 2340 2885 2407 Quibus
2915 2343 3154 2397 omnibus
3190 2344 3291 2397 Ec-

1724 2429 1898 2487 clesiis
1923 2444 2020 2488 nos
2049 2429 2207 2487 hodie
2235 2435 2627 2489 communicare
2659 2434 2991 2489 manifestum
3019 2444 3131 2501 est,
3158 2435 3295 2490 sicut

1724 2520 2062 2578 manifestum
2091 2532 2171 2578 est
2195 2537 2291 2579 vos
2320 2523 2434 2578 istis
2462 2524 2716 2581 Ecclesiis
2748 2540 2854 2581 non
2883 2526 3272 2582 communicare

1797 2612 1847 2665 5.
1888 2610 2184 2677 Ouzerimus
2212 2630 2340 2685 ergo
2368 2624 2424 2697 ut
2449 2616 2599 2670 nobis
2629 2618 2950 2688 respondere
2977 2634 3079 2672 non
3112 2633 3297 2689 grava-

1727 2703 1801 2760 ris
1825 2746 1840 2772 ,
1867 2719 2023 2776 quam
2064 2720 2276 2763 causam
2310 2706 2441 2763 forte
2486 2710 2732 2774 noveris,
2757 2725 2858 2778 qua
2889 2709 3078 2765 factum
3119 2720 3198 2765 est
3240 2720 3297 2766 ut

1726 2799 1970 2861 Christus
2002 2804 2267 2860 amitteret
2295 2804 2652 2861 hmreditalem
2691 2822 2839 2862 suam
2864 2823 2958 2878 per
2984 2809 3164 2864 orbem
3193 2817 3272 2863 ter

1727 2910 1909 2953 rarum
1956 2894 2232 2965 dill‘usam,
2273 2906 2326 2952 et
2362 2899 2534 2953 subito
2578 2899 2631 2955 in
2676 2900 2802 2957 solis
2826 2900 2966 2955 Afris
2990 2940 3004 2964 ,
3034 2917 3130 2956 nec
3165 2885 3293 2971 ipsis

1728 2989 1973 3045 omnibus
2017 2998 2330 3046 remaneret.
2382 2991 2587 3047 Etenim
2633 2992 2868 3048 Ecclesia
2914 2992 3169 3049 catholica
3217 3002 3303 3049 est

1728 3082 1886 3137 etiam
1914 3082 1969 3139 in
1994 3082 2189 3150 Africa,
2217 3085 2335 3155 quia
2363 3099 2456 3153 per
2482 3100 2665 3141 omnes
2691 3096 2857 3142 terras
2877 3102 2991 3142 eam
3021 3087 3157 3140 Deus
3182 3099 3303 3141 esse

1730 3170 1894 3226 voluit
1922 3181 1974 3228 et
2004 3172 2262 3244 praedixit.
2296 3173 2423 3228 Pars
2448 3185 2621 3230 autem
2653 3187 2845 3241 vestra,
2873 3191 2992 3245 qua:
3021 3176 3203 3231 Donati
3225 3174 3303 3230 di-

1730 3262 1882 3328 citur,
1916 3278 2021 3321 non
2047 3272 2127 3320 est
2156 3263 2205 3319 in
2233 3266 2474 3320 omnibus
2499 3266 2603 3322 illis
2633 3267 2781 3330 locis,
2812 3268 2862 3323 in
2891 3267 3081 3336 quibus
3108 3276 3160 3323 et
3189 3268 3300 3323 Lit-

1732 3362 1859 3408 tera:
1885 3361 1936 3409 et
1964 3368 2139 3410 sermo
2168 3364 2221 3411 et
2252 3356 2384 3411 facta
2407 3358 2690 3429 apostolica
2716 3368 3077 3413 cucurrerunt.
3108 3357 3211 3413 Sed
3236 3374 3303 3416 no

1732 3444 1937 3511 dicatis,
1963 3460 2065 3501 non
2084 3448 2260 3502 vocari
2288 3448 2575 3504 Ecclesium
2604 3457 2834 3505 nostram
2861 3449 3304 3515 catholicam,sed

1734 3540 2079 3597 Macarianam
2101 3583 2117 3611 ,
2140 3541 2289 3597 sicuti
2318 3557 2433 3621 eam
2470 3557 2563 3595 vos
2605 3542 2909 3613 appellatis;
2938 3557 3093 3598 nosse
3120 3543 3301 3606 debes.

1735 3633 1874 3706 quod
1905 3633 2153 3691 facillime
2181 3642 2372 3705 potest,
2405 3635 2454 3688 in
2487 3634 2588 3689 illis
2614 3634 2857 3690 onmibus
2884 3634 3134 3704 partibus.
3166 3635 3306 3692 unde

1735 3729 1864 3786 istas
1905 3738 2073 3787 terras
2101 3730 2438 3799 Evangelium
2478 3728 2672 3785 Christi
2707 3728 2961 3799 perfudit,
2988 3743 3085 3783 nec
3113 3743 3306 3785 nomen

1742 3820 1926 3877 Donati
1955 3822 2115 3889 sciri,
2144 3837 2243 3878 nec
2281 3837 2472 3877 nomen
2508 3821 2737 3876 Macarii.
2774 3820 2956 3877 Vestra
2986 3831 3158 3877 autem
3187 3823 3307 3891 quia

1739 3913 1923 3969 Donati
1947 3931 2069 3987 pars
2094 3915 2303 3980 dicitur,
2331 3932 2427 3971 nec
2453 3931 2547 3969 vos
2569 3931 2759 3985 negare
2788 3916 3023 3984 potestis.
3055 3925 3109 3970 et
3132 3916 3307 3972 omni-

1738 4003 1836 4059 bus
1865 4014 2048 4061 notum
2090 4018 2167 4060 εει
2200 4006 2513 4075 ubicumque
2540 4015 2621 4063 est
2652 4016 2825 4060 vestra
2854 4006 3171 4060 communio.
3216 4007 3307 4060 Di-

1738 4110 1902 4167 gnaro
1924 4110 2050 4166 ergo
2076 4098 2369 4152 rescribere
2394 4097 2564 4154 nobis.
2588 4105 2643 4149 ut
2665 4096 2890 4149 sciamus
2909 4094 3173 4163 quomodo
3194 4095 3308 4149 ﬁeri

1739 4185 1908 4258 possit
1936 4195 1992 4242 ut
2020 4187 2305 4242 Ecclesium
2336 4202 2483 4241 suam
2510 4186 2747 4240 Christus
2769 4185 2836 4240 de
2858 4194 2966 4239 toto
2983 4184 3110 4239 orbe
3136 4184 3310 4254 perdi-

1741 4277 1895 4346 derit,
1920 4288 1975 4334 et
2003 4279 2057 4334 in
2079 4277 2227 4333 vobis
2253 4278 2380 4333 solis
2406 4277 2598 4333 habere
2625 4277 2847 4345 cmperit
2873 4294 2887 4331 :
2912 4285 3141 4332 vestrum
3167 4277 3309 4333 enim

1740 4378 1823 4425 est
1851 4370 1963 4424 haec
1992 4368 2301 4428 ostendere;
2334 4384 2452 4423 nam
2485 4368 2635 4423 nobis
2663 4368 2853 4424 sullicit
2879 4368 2943 4423 ad
2971 4383 3182 4425 causam
3211 4383 3308 4423 nec

1741 4468 1903 4516 stram
1926 4459 2068 4531 quod
2087 4460 2340 4531 compleri
2365 4460 2687 4531 prophetiam
2713 4468 2766 4515 et
2784 4459 3083 4530 Scriptores
3101 4468 3312 4517 sanctas

1744 4568 1839 4624 per
1879 4552 2060 4608 orbem
2102 4562 2361 4609 terrarum
2389 4554 2643 4608 videmus.
2673 4552 2781 4608 Hoc
2805 4563 2978 4608 autem
3008 4568 3107 4623 ego
3132 4556 3312 4624 Augu-

1743 4646 1916 4701 stinus
1939 4646 2153 4710 dictavi,
2179 4646 2299 4715 quia
2329 4646 2452 4700 olim
2479 4645 2600 4699 volo
2626 4645 2762 4715 loqui
2791 4645 2912 4699 inde
2938 4655 3127 4699 tecum.
3159 4645 3297 4701 Vide

1744 4744 1830 4789 tur
1858 4738 1998 4790 enim
2027 4734 2151 4790 mihi
2173 4775 2188 4801 ,
2220 4736 2296 4788 vel
2324 4745 2535 4805 promer
2567 4736 2729 4804 ipsam
2769 4734 3089 4789 vicinitatem
3110 4775 3125 4801 ,
3156 4748 3314 4802 posse

1744 4842 1841 4884 nos
1870 4842 1965 4897 per
1992 4825 2195 4880 litteras
2224 4826 2288 4880 dc
2319 4824 2416 4879 hac
2443 4840 2499 4879 re
2524 4826 2754 4895 colloqui
2781 4825 2893 4879 sine
2922 4826 3097 4894 aliquo
3124 4825 3316 4880 tumul-

1745 4927 1820 4983 tu,
1849 4917 2126 4986 adjuvante
2158 4918 2266 4972 Deo
2285 4960 2299 4982 ,
2326 4932 2574 4987 quantum
2609 4918 2718 4986 ipsa
2753 4916 3037 4972 necessitas
3065 4920 3314 4986 postulat.

2221 5008 2542 5064 EPISTOLA
2588 5008 2628 5063 L
2658 5014 2673 5031 -
2699 5006 2799 5080 (α),

1747 5099 2055 5174 Augustinus
2082 5100 2388 5167 Su/fectanis
2413 5100 2733 5171 expostulatis
2754 5100 2814 5154 de
2831 5115 2894 5155 ιι
2925 5098 3321 5156 Christianorum

1814 5209 1949 5257 nece,
1982 5192 2320 5262 pollicensqne
2345 5207 2485 5244 suum
2507 5190 2607 5245 illis
2634 5191 2940 5246 reddendum
2974 5192 3255 5247 Herculem.

1746 5284 2058 5341 Auctoribus
2083 5300 2141 5339 ac
2164 5283 2485 5354 principibus
2512 5282 2593 5337 vel
2623 5284 2915 5338 senioribus
2943 5284 3169 5339 Colonia:
3197 5280 3318 5336 Suf-

2078 5377 2316 5442 fectanze,
2356 5389 2675 5431 Al‘GUS’l‘lNUS
2704 5378 2999 5446 eplswpus.

1823 5468 2163 5527 lmmanitatis
2190 5478 2376 5523 vestrae
2416 5467 2821 5523 famosissimum
2850 5466 3037 5527 scelus,
3070 5471 3123 5519 et
3147 5463 3323 5533 inopi-

1813 5584 1829 5615 ³
1856 5588 1981 5644 Mss,
2004 5581 2197 5648 scripta.
2223 5590 2317 5648 Non
2338 5585 2480 5648 male,
2506 5585 2545 5635 si
2570 5590 2781 5648 mutetur
2802 5589 2962 5631 nostra
2984 5578 3320 5644 laterptnictio-

1813 5648 1833 5679 ³
1854 5651 1985 5703 Lov.,
2009 5644 2195 5695 Sardes.
2222 5644 2304 5693 Alii
2319 5644 2450 5705 uid,
2468 5645 2657 5695 sardos.

1815 5708 1832 5727 '
1857 5714 1952 5755 Non
1974 5714 2170 5769 reperta
2188 5709 2369 5757 estnisi
2394 5710 2440 5754 in
2468 5708 2683 5769 vaticano
2706 5705 2989 5769 exemplari.

1817 5763 2139 5881 (nausiam
2163 5784 2174 5823 τ
2201 5779 2310 5832 quin
2325 5777 2477 5819 auten
2502 5767 2562 5815 ειη
2592 5772 2708 5825 ,‘rat,
2733 5763 2866 5815 nunc
2882 5767 2986 5821 105.
3003 5766 3183 5833 scripta
3201 5763 3331 5823 torto
