3962 6398
606 413 701 472 l9t
1834 423 1889 479 s.
1933 408 2294 476 Ancos‘mt
2337 413 2640 471 EPISCOPI
3744 429 3830 490 ωε

585 550 712 599 nats
741 532 1026 597 crudelitas
1066 531 1263 596 terram
1312 540 1565 603 concutit,
1612 548 1667 595 et
1696 538 1925 610 percutit
1949 537 2164 600 caelum,

582 643 645 692 ct
675 635 726 688 lu
755 633 941 704 plateis
957 648 1020 689 ac
1047 633 1279 689 delubris
1304 634 1496 689 vestris
1519 634 1723 689 eluceat
1741 632 1973 700 sanguis.
1998 641 2048 683 et
2081 645 2165 684 re-

585 736 740 783 sonet
766 725 1129 782 homicidium.
1175 726 1327 796 Apud
1375 743 1470 782 vos
1500 727 1750 782 Romana:
1799 726 2019 796 sepulta:
2047 731 2171 777 sunt

587 817 752 890 leges,
776 819 1096 890 iudiciorum
1123 829 1386 875 rectorum
1409 818 1646 874 calcatus
1669 828 1750 872 est
1776 827 1963 873 terror.
1995 817 2166 885 Impe-

587 921 822 967 ratornm
844 922 991 967 certe
1015 913 1155 967 nulla
1183 912 1454 968 veneratio
1481 927 1579 968 nec
1599 913 1774 967 timor.
1801 912 1951 980 Apud
1977 927 2069 964 vos
2098 927 2165 964 ιχ

588 1017 810 1058 numero
861 1001 1083 1058 fratrum
1136 1004 1393 1060 innocens
1422 1003 1622 1060 effusus
1650 1014 1732 1060 est
1757 1005 1969 1072 sanguis
1992 1003 2092 1072 (a),
2113 1010 2167 1058 et

590 1093 634 1148 si
665 1095 784 1163 quis
807 1093 988 1162 plures
1013 1093 1225 1162 occidit,
1256 1093 1469 1152 functus
1494 1105 1576 1151 est
1601 1095 1865 1161 laudibus,
1894 1105 1950 1150 et
1994 1095 2044 1148 in
2075 1111 2167 1150 ve-

583 1193 746 1238 stram
770 1185 968 1239 curiam
997 1187 1166 1240 tenuit
1191 1187 1562 1258 principatum.
1583 1190 1714 1260 Age,
1741 1204 1879 1243 nunc
1896 1189 2165 1259 principa-

583 1274 686 1331 lem
716 1276 989 1332 veniamus
1019 1277 1086 1332 ad
1115 1293 1349 1334 causam.
1379 1280 1435 1335 Si
1459 1281 1739 1336 llerculem
1763 1290 1995 1335 vestrum
2026 1279 2170 1335 dixe-

583 1369 721 1434 ritis,
751 1384 913 1438 porro
945 1370 1229 1427 reddemus
1258 1391 1270 1426 :
1302 1373 1497 1428 adsunt
1520 1374 1752 1437 metalla,
1788 1388 1912 1427 saxa
1944 1388 2041 1427 nec
2068 1372 2166 1427 de-

580 1469 734 1523 sunt;
766 1460 1024 1516 accedunt
1055 1479 1376 1517 marmorum
1411 1480 1630 1536 genera,
1651 1465 1882 1534 suppetit
1905 1465 2167 1520 artilicum

581 1551 753 1620 Copia.
785 1551 1048 1608 (la-terum
1076 1553 1206 1608 deus
1231 1565 1407 1610 vester
1431 1571 1550 1611 cum
1589 1557 1856 1624 diligentia
1885 1558 2164 1630 sculpitur,

584 1650 824 1697 tornatur
849 1653 902 1700 et
928 1657 1168 1701 ornatur.
1203 1648 1462 1704 Addimus
1483 1662 1537 1704 et
1566 1649 1829 1705 rubricam
1861 1668 1979 1721 qua}
2002 1651 2168 1722 pingit

582 1735 852 1802 ruborem,
887 1753 993 1806 quo
1015 1739 1217 1808 possint
1247 1750 1365 1795 vota
1397 1754 1572 1798 vestra
1603 1758 1752 1798 sacra
1790 1758 2001 1799 sonare.
2036 1743 2167 1799 Nam

583 1826 628 1881 si
654 1837 888 1883 vestrum
923 1829 1202 1886 Herculem
1229 1832 1490 1900 dixeritis,
1519 1835 1731 1890 collatis
1757 1836 1979 1907 singulis
2015 1853 2168 1892 num-

587 1920 691 1974 mis
743 1920 810 1974 ab
855 1920 1061 1977 artifice
1090 1934 1268 1980 vestro
1299 1925 1448 1980 vobis
1477 1927 1702 1981 emimus
1732 1928 1908 1982 deum.
1942 1928 2167 1985 Reddite

579 2010 740 2081 igitur
764 2013 986 2080 animas,
1015 2030 1145 2086 quas
1169 2032 1355 2071 manus
1378 2026 1552 2073 vestra
1578 2020 1853 2086 contorsit,
1887 2030 1936 2076 et
1960 2021 2114 2077 sicuti
2135 2035 2164 2076 a

580 2105 738 2161 nobis
766 2115 943 2163 vester
970 2108 1225 2166 Hercules
1269 2111 1597 2181 redhibetur,
1645 2112 1723 2169 sic
1770 2115 1929 2169 etiam
1955 2130 1984 2169 a
2015 2115 2166 2174 vobis

577 2205 844 2256 tantorum
873 2203 1064 2258 anima:
1094 2203 1404 2260 reddantur.

1073 2316 1402 2373 EPISTOLA
1442 2318 1507 2375 ιι
1529 2322 1546 2342 ⁸
1577 2320 1673 2393 (b).

582 2422 893 2494 Augustinus
937 2425 1226 2499 Crispinum
1270 2431 1617 2489 Calamensem
1653 2435 1961 2494 Donatianw
2007 2443 2164 2509 partis

653 2519 1039 2593 episcopatui“)
1076 2534 1216 2594 urget
1254 2528 1526 2596 prepositis
1553 2530 1761 2585 breviter
1789 2533 1994 2604 aliquod
2013 2553 2165 2607 argu-

646 2611 844 2676 mentis,
871 2613 940 2667 ad
965 2630 1028 2669 ea
1045 2615 1092 2670 si
1108 2627 1268 2686 potest
1283 2621 1580 2690 respondeat
1607 2640 1699 2691 per
1715 2625 1920 2680 litteras.

658 2720 709 2775 1.
733 2721 864 2791 Quia
897 2725 1248 2784 humilitatem
1277 2741 1513 2788 nostram
1541 2737 1700 2790 vestri
1741 2739 2157 2808 reprehendunt,

575 2812 698 2869 ideo
718 2818 794 2872 sic
823 2819 1099 2888 epistolam
1124 2827 1448 2893 praenotavi;
1483 2829 1619 2898 quod
1639 2830 1689 2884 in
1715 2841 1854 2885 tuam
1880 2845 2160 2891 contume-

574 2904 699 2962 liam
727 2906 913 2966 fecisse
941 2912 1140 2978 videar,
1165 2916 1207 2969 si
1231 2932 1335 2971 non
1367 2918 1436 2972 ita
1466 2919 1592 2974 mihi
1619 2921 1713 2974 abs
1740 2933 1790 2977 te
1815 2933 1871 2978 ut
1897 2927 2161 2981 rescriba-

577 3006 666 3053 tur
696 3011 964 3072 exspecto.
1002 3004 1074 3060 De
1127 3007 1528 3081 Carthaginensi
1579 3016 1933 3083 promissione
1961 3028 2045 3072 tun
2075 3021 2158 3075 vel

577 3101 758 3145 nostra
786 3092 1053 3162 instantia,
1085 3098 1210 3167 quid
1240 3101 1404 3156 multa
1434 3110 1894 3162 commemorem?
1919 3111 2155 3178 Quomo-

573 3181 776 3238 dolibet
799 3201 861 3240 ea
888 3191 1228 3257 gesserimus,
1256 3196 1578 3258 transierint,
1614 3217 1677 3253 ne
1702 3203 1841 3271 quod
1862 3215 2025 3260 restat
2055 3208 2159 3261 im-

576 3276 810 3347 pediant.
863 3279 1011 3337 Nunc
1037 3288 1327 3354 excusatio,
1377 3289 1478 3344 nisi
1509 3289 1680 3357 fallor,
1731 3297 1871 3351 nulla
1901 3310 1982 3353 est
2011 3301 2160 3372 adju-

574 3377 730 3424 vante
753 3371 1005 3440 Domino;
1029 3377 1187 3432 ambo
1211 3379 1261 3433 in
1289 3379 1534 3437 Numidia
1554 3401 1757 3454 sumus,
1783 3400 1837 3444 et
1857 3391 2010 3446 nobis
2039 3371 2158 3450 luco

572 3468 836 3518 terrarum
885 3465 1109 3523 invicem
1146 3471 1579 3544 prepinquamos.
1616 3477 1815 3534 Rumor
1842 3483 1907 3537 ad
1955 3501 2038 3539 me
2063 3486 2157 3542 de-

575 3554 713 3622 tulit,
742 3556 917 3613 adlmc
962 3567 1015 3614 te
1056 3562 1193 3617 velle
1239 3580 1446 3622 mecum
1495 3569 1814 3639 disputando
1842 3578 2069 3645 experiri
2092 3579 2159 3636 de

575 3649 886 3718 quaestione,
910 3668 1028 3722 qua:
1058 3665 1290 3710 nostram
1322 3658 1524 3714 dirimit
1546 3665 1995 3721 communionem.
2027 3669 2159 3728 Vide

574 3753 735 3809 quam
777 3741 1008 3799 breviter
1053 3762 1239 3804 onmes
1268 3751 1572 3808 auferantur
1604 3757 1873 3829 ambages,
1911 3762 1976 3816 ad
2023 3763 2158 3821 hanc

571 3829 850 3898 epistolam
871 3838 1154 3906 rcSponde,
1180 3842 1221 3894 si
1245 3842 1432 3911 placet,
1460 3855 1512 3899 et
1539 3846 1760 3904 fortasse
1777 3853 2022 3920 sufficiet,
2053 3871 2158 3912 non

573 3921 745 3977 solum
780 3925 951 3993 nobis,
981 3929 1073 3984 sed
1125 3941 1177 3986 et
1225 3936 1302 3987 eis
1347 3936 1434 4003 qui
1478 3953 1573 3992 nos
1603 3940 1786 3996 audire
1814 3943 2154 4016 desiderant;

574 4023 668 4067 aut
695 4013 738 4068 si
761 4030 865 4070 non
893 4017 1138 4087 sufliciet,
1164 4025 1358 4094 scripta
1383 4037 1541 4097 atque
1566 4033 2030 4103 rescripta,donec
2051 4041 2153 4094 suf-

569 4104 767 4171 ﬁciant,
793 4120 1116 4178 repetantur.
1140 4115 1275 4182 Quid
1300 4118 1440 4172 enim
1473 4121 1623 4175 nobis
1651 4128 1982 4185 commodius
2007 4141 2154 4201 pote-

567 4195 639 4251 rit
681 4198 933 4256 exhibere
961 4205 1191 4269 urbium,
1225 4223 1354 4277 quas
1381 4211 1680 4280 incolimus,
1707 4225 1848 4272 tanta
1874 4221 2157 4280 vicinitas?

569 4285 683 4356 Ego
711 4290 853 4343 enim
885 4295 1042 4348 statui
1076 4298 1202 4350 nihil
1232 4301 1298 4353 de
1323 4300 1423 4356 hac
1446 4320 1503 4357 re
1531 4321 1689 4374 agere
1729 4312 2018 4376 vobiscum,
2053 4318 2155 4372 nisi

570 4393 668 4449 per
693 4381 911 4447 litteras,
936 4388 1015 4439 vel
1044 4404 1110 4442 ne
1137 4391 1221 4443 cui
1254 4405 1492 4448 nostrum
1518 4397 1583 4452 de
1609 4406 1882 4470 memoria,
1911 4409 2050 4476 quod
2072 4410 2154 4464 di-

569 4471 708 4526 citur
733 4473 994 4541 elabatnr,
1029 4480 1111 4534 vel
1139 4497 1207 4535 ne
1231 4483 1542 4542 fraudentur
1574 4493 1757 4547 talium
1789 4471 2031 4563 studiosi,
2063 4505 2153 4572 qui

570 4560 708 4617 forte
733 4564 991 4624 interesse
1014 4586 1118 4626 non
1153 4587 1389 4642 possunt.
1421 4579 1614 4636 Soletis
1649 4585 1715 4638 de
1742 4560 2028 4655 prayteritis
2066 4560 2153 4650 re-

566 4653 670 4710 bus
694 4659 879 4727 gestis,
909 4677 1026 4730 qua:
1049 4665 1227 4732 vultis,
1273 4667 1397 4722 falsa
1420 4671 1641 4739 jactare,
1677 4676 1812 4733 forte
1852 4697 1956 4737 non
2009 4702 2154 4742 men-

569 4749 730 4804 tiendi
759 4753 957 4821 studio,
1005 4757 1098 4811 sed
1129 4774 1327 4814 errore.
1366 4762 1612 4826 Proinde.
1643 4769 1686 4822 si
1715 4773 1902 4840 placet,
1926 4777 1991 4831 de
2016 4797 2150 4848 prte-

568 4843 808 4898 sentibus
829 4846 916 4901 illa
942 4848 1240 4905 metiamur.
1264 4853 1452 4909 Procul
1472 4857 1631 4913 dubio
1657 4871 1706 4915 te
1733 4881 1835 4919 non
1861 4868 1990 4940 fugit
2016 4843 2151 4940 prio~

567 4931 642 4986 ris
669 4937 842 5004 populi
863 4942 1188 5008 temporibus
1210 4953 1262 4997 et
1284 4943 1599 5003 idololatria:
1627 4931 1959 5028 sacrilegium
1987 4962 2150 5021 fui~se

564 5025 930 5096 commissmn,
957 5039 1010 5085 et
1048 5049 1077 5086 a
1106 5049 1228 5104 rege
1269 5046 1632 5109 contemplere
1660 5025 1849 5102 librum
1884 5054 2152 5121 propheti-

565 5129 686 5168 cum
715 5115 986 5174 incensum
1005 5122 1023 5190 (
1044 5122 1233 5178 Jerem.
1268 5143 1458 5196 xxxw,
1486 5132 1588 5205 25)
1614 5151 1626 5198 ς
1661 5154 1764 5205 quo
1795 5149 2014 5211 utroque
2042 5148 2148 5201 cri-

563 5205 710 5261 mine
739 5208 1038 5267 schismatis
1068 5217 1260 5272 malum
1294 5236 1396 5274 non
1427 5224 1703 5293 puniretur
1742 5233 1996 5297 atrocius,
2048 5239 2148 5294 nisi

621 5342 996 5424 "Castigataest
1009 5347 1135 5424 acia.
1161 5351 1243 5424 bg.
1270 5353 1336 5401 bl.
1365 5368 1506 5424 c._ce.
1529 5357 1580 5406 if.
1600 5374 1647 5421 g.
1675 5375 1756 5424 gv.
1774 5376 1822 5412 n.
1842 5378 1882 5414 r.
1909 5380 1948 5416 s.
1974 5370 2047 5417 sb.
2074 5386 2147 5422 ve.

557 5403 680 5454 duos
703 5411 739 5454 t.
767 5403 973 5469 quatuor
991 5423 1018 5458 v
1059 5419 1109 5460 et
1131 5403 1311 5462 adUAm.
1337 5403 1682 5470 tua."r;.~1'i.‘3li

715 5497 1180 5582 mqa‘rtgum
1205 5497 1482 5551 celebratur
1519 5509 1750 5557 memoria
1774 5510 1821 5558 in
1847 5516 2147 5582 Martyrolog.

559 5555 688 5621 80m.
712 5551 778 5621 ad
796 5553 1009 5621 dictum
1031 5551 1143 5621 aug.

551 5611 948 5727 ωδὺζξἹὶ
972 5633 985 5668 :
1013 5611 1123 5683 quae
1147 5630 1310 5674 autem
1332 5626 1389 5675 51
1431 5636 1552 5689 erat,
1582 5644 1713 5683 nunc
1870 5639 2048 5701 Scripta
2069 5654 2147 5693 an.

617 5734 690 5820 te)
718 5741 1013 5820 Ee’gispino
1036 5747 1261 5820 quieti-am
1294 5750 1514 5820 in__epist.
1545 5754 1650 5816 103,
1687 5772 1734 5806 n.
1763 5759 1810 5820 4,
1839 5769 1890 5811 et
1915 5763 1961 5812 in
1987 5765 2073 5816 lib.
2119 5769 2153 5818 5

549 5805 1031 5917 .Crfspgnium
1048 5805 1068 5864 ζ
1085 5820 1128 5855 c.
1157 5809 1234 5869 46,
1264 5823 1311 5860 η.
1343 5805 1417 5862 εὖθ’
1429 5823 1480 5865 et
1519 5805 1650 5882 seq,
1678 5805 2149 5887 tiéchbii'aiiiuﬁos:

731 5893 746 5917 ,
804 5897 816 5910 .
909 5903 917 5912 .

731 5893 746 5920 ς
770 5893 816 5910 \us
848 5893 917 5913 ‘6-

2276 529 2488 597 gravins
2518 528 2855 598 penderetur.
2888 531 3133 588 Profecto
3162 533 3304 590 enim
3334 537 3630 596 recordaris
3667 557 3826 614 quem-

2275 620 2556 675 admodum
2593 622 2899 680 schismatis
2920 618 3168 680 auctores
3215 629 3364 684 vivos
3409 629 3688 690 dehiscens
3713 645 3828 696 terra

2275 714 2557 776 sorboerit,
2587 723 2640 769 et
2666 731 2758 770 eos
2788 717 2876 787 qui
2906 731 3308 787 consenserant,
3333 723 3467 778 (ιωῖο
3495 724 3698 781 irruens
3722 729 3829 800 ignis

2274 805 2665 875 absumpserit(
2692 807 2976 872 Nummvr,
3007 811 3067 866 51
3104 811 3224 884 55).
3273 813 3360 870 Sic
3411 832 3511 872 nec
3550 817 3828 882 fabricatum

2274 905 2325 950 et
2353 897 2630 952 adoratum
2659 897 2878 968 idolum,
2930 917 3029 958 nec
3054 917 3206 959 sacer
3236 904 3396 961 Liber
3421 921 3641 964 exu5tus
3671 917 3829 971 meruit

2274 987 2548 1043 vindicari.

2343 1079 2398 1133 2.
2416 1079 2523 1136 Cur
2547 1099 2694 1154 ergo,
2715 1085 2802 1154 qui
2828 1085 3015 1141 soletis
3037 1088 3188 1143 nobis
3213 1090 3464 1160 objicere,
3487 1110 3594 1148 non
3623 1097 3775 1153 solum
3792 1100 3829 1156 in

2232 1201 2240 1214 -
2274 1173 2469 1227 nostris
2490 1190 2592 1227 non
2624 1175 2863 1246 probata,
2891 1178 2986 1232 sed
3012 1181 3183 1248 potius
3211 1182 3260 1236 in
3291 1186 3478 1240 vestris
3509 1187 3724 1256 probata
3749 1191 3830 1245 cri-

2273 1265 2415 1320 mina
2445 1283 2629 1322 eorum
2657 1270 2746 1340 qui
2772 1268 3056 1328 formidine
3083 1277 3468 1345 persecutionis
3513 1278 3724 1350 impulsi
3753 1282 3830 1337 do-

2275 1357 2498 1412 minicos
2550 1360 2713 1416 libros
2760 1366 3179 1419 concremaudos
3236 1367 3441 1436 ignibus
3511 1371 3831 1442 tradiderunt,

2275 1464 2371 1503 vos
2402 1465 2494 1504 eos
2523 1467 2656 1521 quos
2685 1470 2779 1523 pro
2805 1454 3005 1510 scelere
3031 1455 3353 1520 schismatis.
3405 1461 3632 1530 plennrii
3665 1465 3831 1519 concilii

2279 1544 2441 1598 vestri
2473 1545 2548 1612 (a)
2579 1545 2813 1612 veridico,
2838 1549 2973 1604 sicut
3002 1551 3072 1605 ibi
3116 1553 3371 1623 scriptum
3398 1565 3502 1617 est,
3532 1573 3627 1610 ore
3652 1557 3833 1616 damna-

2273 1633 2390 1697 stis,
2412 1634 2461 1687 in
2483 1635 2670 1690 eodem
2695 1637 2808 1706 ipso
2827 1641 3132 1710 episcopatu
3160 1645 3435 1713 recepistis
3461 1647 3643 1718 inquo
3660 1650 3837 1706 damna-

2273 1725 2409 1791 stis;
2465 1725 2786 1782 Feliciauum
2838 1731 2955 1784 dico
2996 1732 3357 1804 Mustitauum,
3382 1746 3436 1792 et
3487 1739 3832 1800 Prwtextatum

2277 1815 2685 1872 Assuritanum?
2707 1819 2887 1891 Neque
2912 1823 3073 1890 enirn,
3106 1825 3244 1880 sicut
3271 1827 3645 1898 ignorantibus
3675 1834 3833 1904 dicitis,

2274 1921 2340 1960 ex
2370 1921 2434 1960 eo
2461 1922 2683 1963 numero
2701 1910 2914 1967 fuerunt
2945 1915 3052 1982 isti,
3094 1918 3285 1986 quibus
3317 1932 3550 1977 vestrum
3581 1927 3836 1984 concilium

2275 1997 2415 2054 diem
2446 2014 2826 2072 prorogaverat
2868 2016 2921 2061 et
2963 2010 3282 2080 prmiixerat,
3318 2013 3453 2069 intra
3483 2034 3654 2087 quem
3681 2023 3766 2075 nisi
3785 2022 3838 2077 ad

2275 2101 2506 2148 vestram
2533 2099 2960 2156 communionem
2985 2105 3381 2171 remeavissent,
3410 2108 3606 2165 eadem
3643 2121 3828 2168 senten-

2273 2185 2342 2238 tia
2373 2192 2719 2253 tenerentur;
2752 2191 2847 2246 sed
2893 2191 2959 2247 de
2987 2193 3077 2248 illo
3103 2211 3326 2250 numero
3350 2198 3434 2253 isti
3460 2198 3705 2271 fuerunt,
3731 2219 3838 2275 quos

2271 2290 2336 2329 eo
2364 2275 2450 2330 die
2479 2276 2596 2333 sine
2623 2279 2875 2338 dilatione
2913 2283 3224 2353 damnastis,
3271 2305 3377 2359 quo
3403 2290 3508 2345 illis
3553 2292 3836 2352 dilationem

2271 2365 2512 2422 dediStis.
2547 2369 2811 2439 Probabo,
2861 2376 2904 2430 si
2931 2380 3206 2448 negaveris
3241 2399 3253 2433 :
3286 2383 3575 2440 concilium
3632 2400 3836 2446 vestrum

2269 2457 2534 2527 loquitur;
2569 2467 2967 2532 proconsularia
3011 2469 3170 2525 Gesta
3216 2472 3475 2532 habemus
3504 2478 3559 2532 in
3595 2484 3832 2549 manibus,

2269 2551 2460 2620 quibus
2482 2554 2532 2608 id
2566 2570 2670 2610 non
2699 2559 2862 2614 semel
2893 2560 3179 2633 allegastis.
3208 2565 3378 2622 Aliam
3421 2585 3551 2642 ergo
3599 2573 3838 2633 defensio-

2270 2661 2392 2701 nem
2417 2664 2562 2718 para,
2598 2650 2641 2704 si
2685 2664 2854 2722 potes,
2887 2672 2952 2710 ne
2981 2656 3106 2712 dum
3150 2676 3310 2730 negas
3357 2665 3496 2734 quod
3520 2671 3835 2739 convincam,

2268 2755 2446 2796 moras
2488 2741 2761 2801 faciamus.
2807 2747 3106 2806 Felicianus
3149 2752 3310 2823 igitur
3335 2769 3388 2811 et
3425 2757 3776 2818 Praetextatus
3804 2765 3839 2821 si

2267 2832 2579 2889 innocentes
2603 2846 2774 2903 erant,
2802 2856 2966 2910 quare
2994 2842 3070 2896 sic
3099 2843 3330 2900 damnati
3359 2850 3518 2904 sunt?
3543 2851 3606 2907 Si
3638 2856 3840 2911 scelera-

2270 2925 2340 2989 ti,
2373 2941 2536 2996 quare
2567 2928 2643 2981 sic
2684 2931 2878 3000 recepti
2912 2935 3078 2988 sunt?
3105 2935 3161 2990 Si
3191 2938 3490 3005 probaveris
3523 2943 3838 3014 innocentes,

2267 3030 2363 3069 cur
2390 3032 2496 3072 non
2523 3018 2801 3075 credamus
2829 3039 2858 3076 a
2889 3026 3053 3080 multo
3085 3028 3422 3096 paucioribus
3449 3035 3750 3106 majoribus
3772 3056 3843 3093 ve-

2267 3110 2394 3163 stris
2421 3111 2553 3166 falso
2575 3112 2797 3169 crimine
2822 3117 3124 3174 traditionis
3151 3122 3457 3182 innocentes
3486 3130 3734 3198 potuisse
3767 3132 3842 3187 da-

2266 3204 2460 3261 mnari.
2489 3204 2538 3259 si
2581 3221 2610 3259 a
2660 3211 2913 3265 trecentis
2960 3212 3146 3269 decem
3201 3221 3605 3278 successoribus
3653 3240 3837 3291 conlo,

2267 3295 2353 3350 ubi
2394 3298 2552 3351 etiam
2604 3315 2698 3369 pro
2745 3317 2937 3374 magno
2983 3309 3237 3378 scriptum
3281 3323 3382 3380 est,
3409 3315 3629 3384 plenurii
3665 3321 3840 3375 concilii

2266 3403 2353 3440 ore
2383 3389 2619 3454 veridico,
2672 3391 2728 3445 in
2768 3393 2902 3449 falso
2947 3398 3171 3455 crimine
3210 3401 3512 3462 schismatis
3547 3407 3841 3467 innocentes

2265 3476 2507 3532 damnari
2528 3490 2814 3549 potuerunt
2839 3485 2862 3538 ?
2894 3485 2948 3540 Si
2979 3499 3154 3543 autem
3188 3492 3493 3560 probaveris
3521 3510 3677 3556 recte
3703 3501 3844 3558 fuisse

2265 3567 2566 3637 damnatos,
2597 3588 2718 3642 quae
2746 3586 2910 3631 restat
2951 3579 3190 3636 defensuo
3219 3599 3315 3640 cur
3339 3585 3392 3640 in
3424 3589 3615 3646 eodetn
3641 3596 3840 3664 episco-

2267 3669 2388 3729 patu
2411 3669 2610 3734 recepti
2629 3666 2754 3733 sint,
2780 3669 2877 3724 nisi
2904 3681 2960 3724 ut
2981 3687 3307 3745 exaggerans
3328 3681 3610 3742 utilitatem
3631 3689 3843 3746 salubri.

2266 3761 2533 3826 tatemque
2578 3760 2742 3828 pacis.
2773 3765 3024 3819 ostendas
3049 3767 3208 3823 etiam
3239 3771 3336 3826 ista
3366 3789 3463 3844 pro
3493 3781 3719 3838 unitatis
3744 3784 3842 3838 vin-

2264 3845 2382 3898 culo
2415 3848 2732 3906 toleranda?
2768 3853 2920 3920 Quod
2959 3859 3159 3914 utinam
3206 3877 3309 3918 non
3361 3867 3490 3934 oris,
3535 3871 3630 3926 sed
3682 3875 3843 3930 cordis

2263 3938 2463 3994 viribus
2483 3957 2667 4012 ageres
2693 3945 2704 3997 Ξ
2737 3946 2972 4014 profecto
2997 3953 3329 4022 perspiceres
3349 3974 3506 4028 quam
3529 3965 3697 4021 nullis
3713 3969 3843 4023 calu-

2263 4033 2422 4087 mniis
2450 4049 2542 4104 per
2565 4037 2748 4092 orbem
2772 4053 3032 4096 terrarum
3059 4058 3200 4101 esset
3240 4050 3480 4106 violanda
3506 4071 3608 4124 pax
3629 4056 3840 4130 Christi,

2263 4123 2307 4176 si
2331 4123 2454 4179 licet
2481 4126 2531 4179 in
2563 4126 2742 4184 Africa
2765 4132 2922 4186 etiam
2952 4136 3005 4188 in
3036 4138 3292 4211 sacrilego
3319 4123 3607 4203 schismate
3630 4151 3844 4208 damna~

2265 4224 2369 4281 tos,
2404 4216 2454 4270 in
2483 4218 2670 4274 eodem
2705 4222 2819 4291 ipso
2841 4225 3146 4296 episcopatu
3170 4235 3331 4302 recipi
3358 4249 3455 4304 pro
3484 4253 3615 4307 pace
3638 4242 3838 4300 Donati.

2335 4309 2385 4361 '5.
2415 4307 2544 4363 Item
2569 4311 2749 4366 soletis
2777 4316 2927 4370 nobis
2951 4319 3185 4388 objieere
3207 4325 3346 4392 quod
3373 4344 3464 4382 vos
3484 4346 3586 4401 per
3614 4346 3844 4404 potesta-

2263 4405 2342 4450 tes
2369 4406 2604 4454 terrenas
2636 4419 3032 4475 persequamur.
3055 4411 3168 4478 Qua
3194 4416 3244 4468 in
3273 4433 3329 4471 re
3360 4435 3462 4473 non
3491 4421 3734 4496 disputo,
3765 4431 3838 4485 vel

2261 4489 2385 4559 quid
2434 4507 2526 4546 vos
2555 4509 2649 4562 pro
2673 4496 3000 4557 inunanitate
3047 4507 3174 4559 tanti
3219 4513 3479 4584 sacrilegii
3509 4523 3840 4588 mereamini,

2261 4586 2340 4636 vel
2371 4597 2624 4653 amantum
2672 4607 2770 4645 nos
2799 4593 3083 4652 christiana
3141 4611 3400 4673 temperet
3449 4618 3838 4681 mansuetudo;

2261 4673 2387 4730 illud
2413 4676 2532 4731 dico
2565 4697 2578 4733 :
2611 4680 2653 4734 si
2678 4681 2778 4737 hoe
2804 4687 3008 4742 crimen
3033 4701 3135 4757 est,
3160 4709 3254 4748 cur
3273 4698 3486 4756 eosdem
3515 4703 3846 4763 Maximianiv

2259 4775 2370 4821 stas
2418 4784 2510 4837 per
2547 4769 2761 4840 judices
2808 4779 2875 4831 ab
2905 4779 2982 4833 eis
3012 4781 3416 4852 imperatoribus
3459 4795 3670 4864 missos,
3716 4816 3845 4871 quos

2261 4874 2357 4927 per
2405 4861 2750 4933 Evangelium
2803 4874 2989 4939 genuit
3039 4887 3218 4932 nostra
3262 4889 3584 4954 communio,
3615 4861 3848 4962 graviter

2260 4951 2519 5020 insectati,
2543 4957 2610 5012 de
2640 4959 2869 5019 basilicis
2895 4980 3025 5034 quas
3057 4972 3324 5038 tenebant,
3355 4976 3405 5031 in
3431 4981 3619 5048 quibus
3643 5001 3738 5039 eos
3767 4987 3845 5042 in-

2259 5046 2403 5099 venit
2451 5047 2560 5116 ipsa
2610 5054 2922 5123 conscissio,
2957 5067 3009 5112 et
3036 5069 3515 5124 controversiarum
3543 5077 3769 5146 strepitu
3795 5089 3846 5134 et

2993 5170 3193 5247 iudicat,
3209 5188 3236 5224 a
3258 5177 3350 5228 510
3365 5183 3542 5247 cp‘isoo;
3560 5188 3602 5236 is
3614 5188 3848 5242 adversm

2257 5219 3006 5314 crassustamse
3030 5219 3243 5314 usus»

2309 5341 2318 5350 .
2424 5338 2437 5340 _
2488 5345 2496 5354 .
2533 5347 2541 5354 .
2896 5338 2991 5341 ,__.“
3040 5338 3145 5344 -_-_
3172 5338 3376 5351 mum-nu.-
3424 5338 3625 5361 -υιοοςιιι
3664 5338 3846 5375 νηπια-

2258 5338 2381 5390 alios
2404 5341 2668 5415 Felietanus
2705 5359 2756 5398 et
2784 5357 3131 5426 Prtcterttatus,
3159 5363 3301 5410 ambo
3347 5379 3410 5414 ex
3442 5368 3733 5423 duodenario
3761 5375 3847 5426 illo

2260 5415 2464 5492 munero
2487 5408 2820 5492 episcoporutn
2844 5417 2925 5492 qtti
2949 5408 3733 5492 Maximianumordina-ra‘ni:
3745 5408 3847 5488 ὦῖ

2259 5467 2414 5526 potuit
2439 5467 2727 5538 unquan't'ut
2769 5467 2971 5526 sedibus
3015 5481 3117 5530 suis
3139 5467 3729 5591 ἇ›θῖι”έιῖιὲἱὶἱίἰῖ-“,“ἓῇἶῖὦέἷ“ε

2259 5535 2386 5591 mota
2412 5536 2558 5578 etiam
2581 5540 2745 5584 contra
2772 5550 2859 5586 eos
2883 5538 2967 5589 lite
2990 5543 3114 5591 apud
3171 5559 3259 5591 uos
3299 5550 3376 5591 vel
3405 5561 3509 5591 ιι-μςι
3533 5561 3843 5591 Πιιηηηηοηιω

2258 5535 2386 5611 mota
2412 5535 2745 5611 etiamejutta
2772 5550 2859 5586 eos
2883 5538 2967 5589 lite
2990 5543 3114 5604 apud
3134 5535 3259 5611 duos
3299 5535 3846 5611 vel'tres

2258 5653 2412 5724 0.0"“?
2437 5653 2537 5726 δίυὲ
2583 5656 2792 5718 ίι›δοιίιιιι
2837 5653 3097 5716 θειίἰινδίιιτίί
3125 5653 3246 5753 τέιῆ
3267 5653 3845 5753 ῐιὶέῖἱιῖιέυ“ἧ)δῖἐζ¹ἲῶἓῖὶδ

2259 5709 2375 5753 Ιιηρι
2398 5727 2488 5753 tam
2514 5729 2560 5753 In
2589 5725 2859 5753 tuumtuum:
2908 5722 3061 5753 Imm...
3109 5743 3162 5753 Α..
3198 5734 3240 5753 ,η
3261 5742 3319 5753 _._
3385 5738 3422 5753 ,γ
3582 5745 3592 5753 _

2258 5709 2288 5758 ι.
2398 5715 2407 5724 .
2516 5716 2526 5726 .
2602 5709 2614 5718 -
3199 5709 3467 5748 :"""“'.‘“"
3494 5709 3672 5753 Ψουθν·
3758 5709 3845 5734 “tu

2258 5721 2562 5797 “licetqammtn
2589 5725 2861 5797 ljrteltextatt
2907 5722 3062 5797 locum
3091 5709 3356 5797 prditum,
3385 5751 3432 5788 tn
3453 5753 3558 5792 sms
3580 5709 3846 5797 hortans

2257 5785 2654 5867 {eaeaeae
2678 5779 3368 5867 '19;!_£99l-.G?!den1ijuﬁi§_c’-
3385 5779 3708 5867 ’έθῑῖῖέιῖῖῖ

2259 5833 2400 5948 locissl’;
2427 5833 2640 5951 cogentg
2683 5833 3472 5927 nimirum

2263 5911 2340 5959 ομ
2393 5934 2402 5946 .
2430 5917 2506 5959 ω,
2534 5916 2580 5950 n.
2646 5941 2655 5952 .

2263 5911 2402 5959 eptSL.
2430 5911 2506 5961 ὃς),
2534 5916 2580 5950 ιι.
2610 5911 2655 5952 ϋ.
