3962 6378
110 386 182 450 Μ

105 499 350 574 iussionum
391 497 653 563 potentatu
678 497 730 545 et
759 487 1068 544 auxiliorum
1115 487 1310 555 impetu
1339 485 1611 556 perturba-

108 593 207 652 stis?
232 590 278 644 In
298 603 386 658 qua
400 585 782 641 conﬂictatione
808 600 926 654 qua:
949 582 1084 652 passi
1117 583 1224 637 sint
1251 595 1344 650 per
1365 581 1478 634 loca
1505 578 1612 631 sin-

105 690 213 762 gula,
242 683 443 740 recentia
473 696 646 736 rerum
667 679 882 748 vestigia
904 685 1300 740 contestantur;
1334 689 1448 743 qtae
1467 673 1612 740 jussa

106 784 188 838 sint
205 781 372 833 charta:
399 773 648 829 indicant.
669 789 785 841 qum
813 770 944 826 facta
972 772 1077 824 sint
1102 778 1257 823 terrm
1283 768 1534 828 clamant,
1561 764 1612 816 in

106 872 254 944 quibus
271 867 409 922 etiam
442 865 615 935 Optati
638 860 710 934 (α)
735 863 875 917 illius
902 861 1094 916 tribuni
1126 859 1282 914 vestri
1305 866 1483 911 sancta
1506 869 1617 908 me-

104 963 232 1018 moria
252 956 556 1028 praedicatur.

156 1055 196 1110 i.
225 1052 333 1107 item
363 1048 533 1102 dicere
559 1045 741 1099 soletis
778 1043 917 1112 quod
947 1058 1044 1096 nos
1065 1040 1260 1096 Christi
1297 1037 1615 1107 baptismum

108 1159 188 1200 non
232 1140 520 1200 habeamus.
571 1147 626 1191 et
663 1145 854 1203 pra-ter
904 1143 1136 1189 vestram
1190 1129 1616 1186 communionem

105 1248 308 1305 nusquam
327 1231 403 1285 sit.
426 1229 641 1283 Possem
669 1226 790 1280 hinc
815 1225 1026 1280 uberius
1043 1225 1309 1293 aliquanto
1335 1221 1614 1274 dis-Serere.

106 1325 182 1382 Sed
203 1333 356 1380 contra
385 1335 474 1374 vos
499 1318 609 1388 jam
644 1316 770 1370 nihil
797 1329 929 1384 opus
954 1325 1057 1377 est,
1089 1313 1176 1382 qui
1203 1326 1322 1364 cum
1352 1306 1620 1362 Feliciano

104 1428 146 1474 et
188 1417 460 1471 Pnetestato
524 1410 687 1464 etiam
751 1405 1250 1460 Maxiinianistarnm
1301 1399 1620 1467 baptismum

105 1507 353 1577 recepistis.
374 1504 632 1570 Quotquot
648 1499 788 1556 enim
812 1497 1206 1566 baptizaverunt
1226 1490 1435 1561 quando
1461 1488 1624 1542 Maxi-

108 1601 261 1656 miano
297 1593 755 1652 communicabant,
780 1605 898 1643 eum
919 1588 1076 1642 etiam
1122 1587 1266 1654 ipsos
1289 1579 1618 1642 nominatim,

105 1689 148 1744 id
165 1698 230 1742 est
255 1686 552 1741 Felicianum
576 1691 631 1736 et
660 1682 1031 1736 Prattextalum
1073 1676 1136 1729 de
1161 1672 1393 1727 basilicis
1413 1683 1619 1734 eorum,

105 1782 215 1836 sicut
238 1787 358 1848 gesta
404 1784 685 1836 testantur,
716 1773 963 1826 diuturno
1013 1765 1262 1822 conﬂictu
1301 1762 1622 1831 judiciorum

104 1871 318 1939 expellere
356 1863 675 1922 conaremini
700 1880 714 1925 ;
737 1868 993 1931 quotquot
1033 1870 1159 1924 ergo
1183 1869 1248 1909 eo
1273 1862 1508 1920 tempore
1534 1849 1624 1904 ba-

105 1963 391 2034 ptizaverunt,
423 1973 564 2013 nunc
603 1968 790 2011 secum
832 1959 887 2007 et
923 1951 1198 2005 vobiscum
1238 1945 1462 2007 habent,
1516 1956 1624 1994 non

105 2032 234 2110 solum
259 2068 341 2122 per
363 2047 730 2121 a'gritudinum
775 2042 1025 2113 pericula,
1051 2038 1144 2094 sed
1179 2037 1342 2092 e’liam
1375 2049 1466 2102 per
1488 2032 1628 2085 sole-

105 2145 303 2198 mnitates
323 2140 592 2196 Paschales
605 2138 657 2192 in
681 2145 756 2190 tot
775 2131 1013 2189 ecclesiis
1033 2129 1097 2183 ad
1116 2143 1239 2182 suas
1259 2126 1497 2180 civitates
1515 2137 1628 2190 per-

107 2235 362 2299 tinentibus,
387 2242 440 2287 et
462 2233 514 2285 in
556 2229 684 2298 ipsis
727 2239 832 2281 tam
863 2222 1066 2293 magnis
1094 2218 1392 2275 civitatibus
1421 2215 1546 2268 loris
1574 2215 1625 2266 in

109 2329 268 2383 scelere
294 2322 584 2381 schismatis
607 2321 920 2390 baptizatos,
953 2329 1177 2385 quorum
1209 2310 1334 2364 nulli
1360 2306 1624 2376 Baptisma

103 2417 335 2486 repetitum
375 2423 473 2470 est.
526 2416 700 2482 Atque
738 2411 936 2464 utinam
987 2405 1212 2476 probare
1261 2400 1506 2470 possetis,
1536 2410 1630 2450 eos

107 2525 221 2581 quos
243 2509 351 2564 loris
381 2509 432 2562 in
471 2506 678 2562 scelere
707 2501 1008 2558 schismatis
1061 2495 1356 2550 Feliciauus
1397 2499 1451 2545 et
1484 2490 1628 2543 Prte-

107 2612 296 2657 textatus
315 2610 549 2670 tanquam
580 2595 807 2651 inaniter
832 2589 1246 2660 baptizavcrant,
1270 2584 1335 2638 ab
1364 2582 1442 2636 eis
1470 2594 1623 2634 rece—

105 2693 188 2764 ptis
210 2694 332 2747 intus
356 2691 503 2762 quasi
557 2689 760 2743 utiliter
806 2685 981 2740 denuo
1022 2681 1333 2750 baptizatos.
1383 2674 1437 2730 Si
1486 2673 1628 2728 enim

102 2799 257 2838 rursus
278 2780 558 2853 baptizandi
585 2787 739 2834 erant
787 2777 892 2840 isti,
925 2787 1110 2827 rursus
1159 2765 1437 2823 ordinandi
1478 2771 1632 2818 erant

103 2874 184 2930 illi.
203 2876 472 2928 Amiserant
495 2871 638 2927 enim
673 2869 1032 2940 episcopatum
1059 2861 1370 2916 recedentes
1397 2872 1426 2910 a
1454 2855 1629 2921 vobis,

103 2967 137 3021 si
157 2977 278 3022 extra
303 2963 726 3020 communionem
754 2967 984 3012 vestram
1034 2953 1303 3022 baptizare
1333 2964 1436 3003 non
1486 2954 1635 3015 pote-

103 3069 211 3112 rant.
231 3057 342 3112 Nam
367 3057 410 3111 si
445 3052 778 3110 discedentes
798 3048 1158 3118 episcopatum
1190 3057 1292 3096 non
1321 3039 1629 3101 amiserant,

102 3149 322 3218 baptizare
344 3149 528 3218 utique
554 3150 816 3214 poterant.
869 3139 925 3194 Si
967 3148 1144 3192 autem
1172 3133 1479 3194 amiserant,
1511 3142 1637 3198 ergo

105 3251 149 3296 ut
172 3243 235 3296 eis
253 3241 378 3313 quod
405 3238 699 3294 arniserant
731 3232 1060 3291 redderetur,
1083 3226 1365 3282 redeuntes
1391 3219 1630 3276 ordinari

101 3333 333 3389 debebant.
361 3330 470 3388 Sed
491 3330 597 3385 noli
629 3330 817 3382 timere
847 3342 860 3378 :
893 3324 1031 3378 sicut
1050 3329 1256 3374 certum
1283 3324 1364 3369 est
1384 3328 1506 3368 cum
1537 3327 1629 3366 eo-

103 3424 321 3478 détnillos
345 3424 657 3494 episc0pattt
681 3432 800 3472 cum
845 3429 950 3485 quo
994 3411 1232 3467 exierant
1255 3419 1543 3462 remeasse.
1567 3403 1638 3457 ita

106 3525 270 3571 certum
286 3526 362 3572 est
386 3528 580 3572 omnes
599 3526 731 3582 quos
753 3509 802 3564 in
827 3504 1125 3563 Maximiani
1154 3502 1438 3557 schismate
1459 3496 1630 3565 bapti-

107 3620 276 3675 zarunt,
311 3609 420 3664 sine
450 3607 558 3662 ulla
607 3602 860 3672 Baptismi
897 3597 1215 3669 repetitione
1242 3607 1422 3648 secum
1452 3598 1640 3646 vestrae

109 3701 420 3755 communioni
442 3694 841 3754 reconciliasso.

166 3790 210 3844 5.
227 3790 404 3858 Quibus
427 3791 594 3861 igitur
621 3785 912 3842 sufﬁcimus
935 3777 1181 3850 lacrymis
1205 3776 1453 3846 plangere
1472 3769 1638 3840 recipi

107 3881 380 3954 baptismum
400 3881 930 3940 Maximianistartlm,
949 3881 1004 3929 et
1026 3869 1293 3927 exsufﬂari
1314 3867 1641 3936 Baptismum

107 3975 225 4028 orbis
245 3973 532 4032 terrarum?
557 3972 681 4028 Sive
705 3969 910 4022 auditos
936 3964 1046 4018 sive
1069 3961 1350 4025 inauditos,
1373 3959 1485 4012 sive
1500 3955 1644 4026 juste

107 4064 198 4120 sive
219 4065 392 4136 injuste
409 4063 706 4122 damnastis
727 4058 1071 4115 Felicianum,
1095 4051 1385 4108 damnastis
1414 4049 1643 4102 l’rmtett-

113 4166 249 4212 latum
271 4176 285 4223 ;
309 4158 390 4214 dic
409 4156 540 4212 mihi
567 4173 579 4208 :
607 4169 762 4222 quem
783 4146 1181 4204 Corinthiorum
1208 4144 1516 4212 episcopum
1543 4151 1641 4190 au-

113 4248 238 4314 divit,
265 4258 348 4304 aut
372 4246 641 4305 damnavit
689 4242 879 4311 aliquis
932 4233 1226 4293 vestrum?‘
1251 4247 1406 4302 quem
1433 4228 1644 4284 Galata-

113 4354 229 4404 rum,
257 4356 398 4410 quem
450 4337 826 4409 Ephesiorum,
873 4345 1029 4401 quem
1067 4322 1482 4388 Colossensiuni,
1524 4318 1647 4372 Phi-

115 4430 406 4500 iippcnsium,
454 4422 1040 4486 Thessalunicensium,
1080 4427 1494 4480 cmlerartunqttc
1528 4428 1646 4466 0m-

117 4522 240 4577 nium
267 4525 540 4585 civitatum,
573 4521 641 4576 de
669 4517 856 4589 quibus
901 4514 1097 4569 dictum
1125 4519 1242 4564 est:
1270 4506 1557 4562 Adornbunt
1595 4505 1647 4558 in

116 4626 340 4685 conspectu
361 4617 467 4687 ejus
485 4614 728 4667 universa:
742 4608 919 4682 putria:
935 4605 1190 4678 gentium?
1213 4599 1508 4671 (Psal.xx1,
1531 4597 1648 4667 9.8.)

122 4705 234 4776 Ergo
255 4711 461 4763 istorum
489 4706 779 4776 baptismns
806 4707 1130 4768 acceptatnr,
1157 4704 1210 4748 et
1239 4694 1444 4747 illorum
1475 4688 1652 4746 exsuf-

122 4795 277 4863 ﬂatur;
306 4802 392 4872 qui
419 4816 518 4856 nec
540 4800 762 4854 istorum
787 4805 868 4850 est
895 4808 991 4846 nec
1037 4790 1264 4854 illorum,
1309 4785 1401 4839 sed
1430 4785 1563 4838 illius
1586 4783 1653 4837 de

119 4901 208 4956 quo
228 4891 414 4946 dictum
439 4901 522 4946 est
552 4910 565 4943 :
602 4887 700 4942 Hic
743 4894 813 4939 est
858 4885 942 4955 qui
990 4881 1204 4953 boptizat
1227 4879 1244 4946 (
1264 4875 1417 4930 Joan.
1450 4892 1486 4939 ι,
1519 4875 1586 4929 ’53
1607 4874 1648 4945 ).

123 4978 318 5037 Sednon
338 4982 460 5037 hinc
483 4997 580 5052 ago
603 4997 617 5044 ;
647 4978 713 5033 ad
743 4977 830 5031 illa
866 4991 984 5046 qua:
1009 4981 1204 5044 prmsto
1231 4977 1370 5031 sunt,
1415 4967 1650 5029 adverte.

125 5083 175 5122 ea
195 5086 296 5140 qua:
320 5074 503 5129 oculos
516 5072 677 5126 etiam
707 5083 876 5123 cmcos
899 5064 1114 5129 feriunt,
1138 5063 1344 5115 intuere
1374 5078 1388 5114 :
1420 5055 1655 5112 damnati

128 5157 289 5219 habent
310 5165 628 5235 baptismum
650 5179 666 5227 ;
689 5171 742 5216 et
768 5158 985 5214 inauditi
1011 5172 1116 5210 non
1146 5154 1342 5209 habent
1364 5154 1377 5206 ι
1406 5151 1658 5206 Nomina-

127 5252 202 5308 tim
222 5259 265 5310 in
287 5260 490 5314 scelere
509 5255 808 5312 schismatis
838 5252 1071 5322 expressi
1099 5260 1151 5306 et
1168 5249 1320 5320 ejecti
1344 5247 1537 5301 habent
1561 5260 1576 5308 ;
1606 5251 1659 5297 et

129 5341 285 5414 ignoti,
312 5348 467 5420 longe
499 5347 779 5417 peregrini,
811 5359 1076 5414 nunquam
1105 5341 1354 5403 accusati,
1389 5351 1654 5406 nunquam

127 5433 310 5500 iudicati
333 5455 435 5493 non
459 5441 653 5495 habent
677 5439 690 5493 !
723 5438 822 5505 Qui
840 5437 906 5489 de
933 5434 1146 5504 przccisa
1170 5440 1314 5502 parte
1343 5430 1530 5484 Africae
1553 5443 1661 5481 rur-

131 5537 204 5582 Ius
223 5530 417 5599 prmcisi
447 5540 591 5598 sunt,
619 5530 810 5585 habent
834 5545 848 5589 ;
877 5536 930 5581 et
960 5526 1097 5579 ttnde
1117 5525 1284 5593 ipsum
1318 5521 1660 5590 Evangelium

134 5616 177 5674 in
195 5621 405 5679 “ricam
442 5626 586 5680 venit
632 5639 734 5678 non
763 5620 990 5677 habent!
1017 5617 1151 5686 Quid
1180 5616 1414 5686 pluribus
1440 5612 1642 5668 onero?

185 5750 248 5826 (tt)
265 5755 677 5826 jl'hamugadensis
685 5756 898 5820 episcopi
936 5767 966 5805 e
998 5752 1347 5806 Donatistarum
1381 5747 1664 5812 schismate,

138 5818 307 5880 ιηπῦ
321 5818 573 5872 Maioris

1233 365 1705 431 EPISTOLARUM
1743 366 2016 425 CLASSIS
2055 367 2114 424 il.
2317 390 2348 402 -

3183 363 3285 424 ιω

1719 482 1784 538 ad
1817 483 1913 537 ista
1937 480 2215 552 responde.
2266 478 2491 534 Attende
2519 477 2848 550 sacrilegium
2877 475 3174 534 schismatis
3196 494 3289 534 ve-

1719 585 1831 630 stro
1852 576 2078 631 concilio
2097 574 2492 629 Maximianistis
2507 583 2912 644 exaggeratam;
2935 571 3151 627 attende
3168 586 3290 641 per-

1719 669 2020 721 socutioaes
2052 682 2144 735 per
2159 666 2466 736 jutliciarias
2489 674 2795 735 potestates,
2821 677 2952 734 quas
2971 663 3050 718 eis
3087 661 3288 733 irroga-

1721 757 1854 822 stis;
1886 758 2100 812 attende
2123 757 2440 828 baptismum
2473 772 2677 822 eorum,
2709 772 2864 827 quem
2898 770 3018 811 ettm
3055 755 3134 810 eis
3159 769 3294 824 quos

1721 848 2015 904 damnastis
2055 851 2369 919 recepistis;
2402 857 2456 904 et
2504 849 2788 918 responde,
2821 849 2867 904 si
2915 857 3086 920 potes,
3112 855 3293 902 utrum

1723 940 1963 995 habeatis
1991 943 2184 1012 aliquid
2215 944 2351 996 unde
2379 942 2624 1011 injiciatis
2653 942 2870 997 nebulas
2897 941 3176 1011 imperitis,
3197 956 3297 997 cur

1723 1033 1789 1087 ab
1825 1035 1956 1089 orbe
2002 1045 2260 1090 terrarum
2303 1037 2456 1105 longe
2505 1035 2706 1104 majore
2747 1035 2949 1090 scelere
2992 1033 3296 1090 schismatis

1724 1125 2072 1191 separemini,
2100 1141 2256 1194 quam
2281 1126 2420 1196 quod
2445 1125 2495 1179 in
2513 1123 2907 1180 Maximianistis
2929 1140 3024 1180 vos
3043 1124 3296 1180 damnas-

1725 1224 1785 1266 se
1833 1213 2156 1280 gloriamini.
2235 1216 2340 1271 Pax
2382 1215 2581 1271 Christi
2627 1216 2805 1270 vincat
2849 1216 2901 1272 in
2964 1215 3126 1271 corde
3178 1225 3292 1271 tuo.

1724 1309 2020 1357 ΕΪΤΥΧΩΣ
2040 1306 2078 1358 ⁸.

2219 1419 2548 1475 EPISTOLA
2590 1419 2718 1475 LII‘
2750 1415 2847 1492 (α).

1728 1531 2038 1603 Augustinus
2067 1532 2303 1588 Seuerino
2328 1534 2696 1604 consanguineo
2717 1548 2806 1587 suo
2827 1529 3110 1597 donatistce,
3132 1537 3185 1583 ut
3205 1528 3298 1584 de-

1993 1635 2122 1680 serat
2149 1627 2364 1679 schisma
2390 1626 2653 1680 scelestum
2681 1635 2727 1680 et
2766 1625 3047 1695 impudens.

1730 1738 1955 1794 Domino
1981 1740 2202 1794 multum
2233 1740 2569 1796 desiderabili
2591 1751 2647 1798 et
2683 1741 2834 1797 valde
2859 1743 3169 1802 charissima
3196 1747 3304 1803 ira.

2136 1833 2199 1885 tri
2239 1833 2525 1897 SEVERINO,
2553 1833 2904 1891 AUGUSTINUS.

1802 1925 1852 1978 1.
1913 1924 2144 1979 Litteras
2188 1924 2560 1979 Fraternitatis
2588 1936 2689 1980 tum
2714 1926 2812 1982 etsi
2845 1927 2993 1982 valde
3035 1944 3176 1994 sero,
3203 1928 3305 1988 etsi

1731 2025 1922 2083 praeter
1949 2014 2089 2084 quod
2118 2030 2476 2081 speraveram,
2503 2024 2678 2070 tamen
2708 2017 2859 2072 letus
2887 2020 3087 2087 acoepi,
3131 2020 3304 2074 maxi-

1732 2119 1922 2174 meque
1951 2104 2190 2169 ampliori
2216 2105 2410 2173 gaudio
2443 2104 2681 2174 perfusus
2711 2122 2846 2167 sunt,
2882 2123 2998 2161 euut
3025 2109 3306 2178 cognovis-

1733 2210 1843 2250 sent
1893 2195 2160 2250 hominem
2208 2207 2441 2249 vestrum
2489 2197 2589 2250 hac
2633 2197 2742 2265 ipsa
2768 2197 2879 2250 sola
2907 2213 3064 2252 causa
3097 2199 3310 2257 venisse

1735 2287 2047 2357 Hipponem,
2069 2300 2122 2340 ut
2145 2287 2207 2340 ad
2232 2304 2314 2340 me
2336 2287 2541 2342 litteras
2563 2298 2664 2341 tum
2689 2287 3055 2343 Fraternitatis
3073 2289 3307 2346 allerret.

1733 2378 1967 2447 Cogitavi
2013 2378 2154 2432 enim
2199 2393 2302 2431 non
2345 2379 2459 2432 sine
2497 2393 2657 2432 causa
2706 2378 2806 2433 hoc
2825 2390 3070 2434 exortum
3108 2396 3228 2436 esse
3256 2381 3310 2437 in

1735 2471 1914 2524 animo
1943 2480 2031 2524 tuo
2082 2479 2137 2522 nt
2180 2469 2447 2524 recoleres
2484 2471 2997 2539 consanguinitatem
3043 2481 3311 2539 nostram;

1737 2564 1834 2616 nisi
1859 2563 1974 2630 quia
1997 2562 2216 2615 fortasse
2235 2561 2512 2630 perSpicis,
2534 2561 2670 2616 sicut
2691 2561 2810 2614 novi
2834 2578 2938 2616 non
2967 2562 3082 2616 leve
3110 2580 3155 2631 px
3179 2563 3314 2617 udus

1736 2653 2029 2725 prudentie
2059 2661 2181 2718 tum,
2211 2669 2365 2723 quam
2391 2654 2461 2706 sit
2488 2651 2795 2719 dolendum,
2822 2653 2985 2722 utqui
3015 2653 3312 2710 secundum

1738 2760 1948 2799 carnem
2005 2744 2196 2799 fratres
2247 2759 2449 2810 sumus,
2473 2743 2528 2798 in
2576 2742 2770 2798 Christi
2821 2757 3043 2813 corpore
3070 2759 3178 2798 non
3211 2760 3313 2799 una

1739 2840 1990 2892 societate
2019 2837 2275 2899 vivamus,
2295 2833 2586 2904 praesertim
2610 2833 2728 2904 quia
2753 2833 2905 2888 facile
2925 2835 3017 2889 tibi
3034 2841 3117 2889 est
3139 2844 3314 2890 atten-

1740 2927 1869 2982 dere
1895 2936 1950 2982 et
1979 2927 2159 2981 videre
2187 2927 2454 2981 civitatem
2501 2940 2661 2996 super
2693 2933 2925 2980 montem
2952 2934 3313 2992 constitutam,

1741 3019 1808 3074 de
1821 3035 1920 3089 qua
1937 3020 2186 3072 Dominus
2199 3017 2272 3072 ait
2289 3017 2340 3071 in
2358 3016 2643 3086 Evangelia
2659 3015 2798 3087 quod
2810 3015 3059 3071 abscondi
3075 3033 3178 3070 non
3198 3033 3320 3085 pos-

1741 3111 1844 3182 sit(
1869 3109 2052 3163 Matth.
2083 3110 2134 3172 5,
2167 3110 2293 3179 14).
2322 3107 2436 3180 Ipsa
2482 3107 2714 3162 estenitn
2750 3106 2985 3162 Ecclesia
3017 3107 3272 3162 catholica
3301 3122 3316 3168 ;

1742 3203 1880 3258 unde
1908 3211 2131 3263 καθολική
2151 3216 2324 3271 grzece
2345 3200 2660 3270 appellatur,
2679 3197 2818 3270 quod
2839 3214 2931 3269 per
2951 3207 3115 3254 totum
3133 3199 3318 3254 orbem

1743 3304 1998 3351 terrarum
2013 3293 2339 3348 dilfunditur.
2356 3293 2502 3348 Hanc
2514 3293 2758 3362 ignorare
2773 3291 2902 3346 nulli
2922 3291 3073 3356 licet;
3099 3291 3216 3346 ideo
3234 3305 3322 3346 se-

1743 3389 1972 3444 cundum
2001 3386 2218 3442 verbum
2244 3383 2456 3440 Domini
2484 3384 2652 3439 nostri
2675 3383 2803 3439 Jesu
2848 3383 3066 3450 Christi,
3091 3383 3318 3438 abscon-

1743 3482 1794 3537 di
1818 3497 1920 3537 non
1949 3487 2140 3551 potest.

1814 3573 1867 3626 2.
1900 3573 2029 3627 Pars
2055 3581 2230 3626 autem
2252 3569 2441 3625 Donati
2472 3569 2524 3623 in
2544 3567 2671 3624 solis
2697 3566 2835 3622 Afris
2861 3565 3209 3624 calumniatur
3229 3582 3320 3622 or-

1744 3664 1796 3719 bi
1827 3672 2104 3728 terrarum,
2133 3671 2310 3716 etnon
2341 3659 2643 3716 considerat
2665 3674 2725 3714 ea
2753 3658 3050 3726 sterilitate,
3080 3675 3182 3728 qua
3207 3658 3320 3714 fru-

1744 3767 1861 3816 ctus
1904 3762 2048 3832 pacis
2094 3770 2146 3815 et
2182 3759 2454 3814 eharitatis
2504 3754 2672 3811 noluit
2702 3754 2910 3820 achrrc,
2939 3753 3007 3808 ab
3032 3753 3119 3808 illa
3149 3754 3324 3808 radice

1745 3850 2091 3908 Orientalium
2143 3851 2496 3906 Ecclesiarum
2546 3863 2603 3902 se
2653 3861 2772 3901 esse
2822 3844 3118 3916 praecisum,
3184 3845 3324 3900 unde

1748 3942 2090 4014 Evangelium
2124 3943 2174 3996 in
2197 3942 2425 3998 AlriCam
2455 3940 2596 3994 venit
2625 3956 2637 3992 :
2666 3937 2805 3992 unde
2837 3945 2978 3992 terra
3015 3938 3058 3991 si
3089 3937 3168 3991 eis
3187 3936 3318 3991 all'e-

1748 4046 1914 4097 ratur,
1939 4036 2195 4099 adorant;
2225 4035 2396 4089 ﬁdelis
2415 4043 2591 4087 autem
2613 4031 2655 4084 si
2676 4028 2798 4084 inde
2819 4028 3015 4090 veniat,
3041 4027 3325 4082 exsuﬂlant

1749 4127 1907 4182 etiam
1941 4134 1997 4180 et.
2024 4125 2367 4193 rebaptizant.
2399 4122 2508 4176 liae
2537 4119 2677 4173 enim
2705 4118 2863 4173 etiam
2891 4115 3134 4186 prmdixit
3159 4115 3323 4171 Filius

1752 4217 1876 4283 Dei,
1916 4217 2003 4286 qui
2032 4218 2225 4271 veritas
2255 4222 2355 4275 est.
2388 4227 2448 4268 se
2473 4225 2593 4266 esse
2619 4211 2802 4275 vitem,
2829 4221 2954 4264 suos
2987 4216 3164 4262 autem
3190 4207 3326 4262 ﬁlios

1752 4322 1872 4364 esse
1901 4317 2184 4370 sarmenta,
2215 4314 2269 4360 et
2300 4304 2510 4358 Patrem
2536 4317 2689 4356 suum
2728 4300 3012 4371 agricolam
3041 4316 3054 4352 :
3083 4297 3330 4353 Sarmen-

1754 4408 1879 4460 tum.
1914 4398 2099 4467 inquit,
2129 4396 2263 4466 quod
2285 4396 2338 4450 in
2380 4411 2458 4449 me
2503 4409 2603 4447 non
2627 4392 2712 4445 dat
2743 4391 2981 4461 fructum,
3010 4387 3167 4445 Pater
3189 4407 3329 4448 metu

1755 4491 1893 4544 tollet
1923 4489 2050 4542 illud
2079 4505 2092 4552 ;
2125 4496 2429 4542 sarmentum
2450 4494 2615 4538 autem
2640 4483 2774 4552 quod
2801 4482 2853 4536 in
2877 4497 2955 4535 me
2981 4481 3067 4534 dat
3085 4483 3326 4553 fructum,

1756 4592 1935 4654 purgat
1961 4581 2112 4646 illud,
2134 4590 2188 4635 ut
2214 4581 2454 4650 majorem
2481 4581 2699 4650 fructum
2727 4574 2907 4643 aﬂ'erat
2927 4576 2946 4646 (
2965 4573 3120 4629 Joan.
3155 4590 3247 4637 xv,
3275 4577 3328 4640 i,

1755 4675 1788 4726 2
1808 4675 1846 4743 ).
1888 4674 2005 4728 Non
2035 4686 2160 4741 ergo
2183 4672 2373 4724 mirum
2397 4677 2498 4732 est,
2525 4669 2569 4723 si
2598 4667 2665 4722 de
2688 4667 2776 4721 illa
2808 4666 2911 4721 vite
2935 4680 3054 4736 quae
3081 4668 3252 4721 crevit
3271 4676 3331 4722 et

1758 4782 1942 4821 omnes
1972 4761 2429 4832 terrasimplevit,
2485 4759 2688 4830 prmcisi
2717 4765 2842 4812 sunt
2882 4757 2958 4811 illi
2977 4756 3068 4827 qui
3092 4755 3322 4813 fructum

1737 4857 2025 4913 'cbaritatis
2045 4856 2234 4909 ali'erre
2254 4854 2556 4908 noluerunt.

1829 4954 1882 5007 5.
1909 4949 2006 5017 Qui
2029 4949 2072 5002 si
2100 4962 2222 5002 vera
2249 4947 2468 5002 crimina
2496 4945 2812 5014 obiecissent
2829 4943 3045 5014 collegis
3063 4943 3194 5008 suis,
3221 4960 3333 5000 ma-

1755 5045 1900 5114 jores
1945 5057 2128 5096 eorum
2167 5039 2380 5110 quando
2409 5039 2638 5094 schisma
2668 5037 2924 5098 fecerunt,
2953 5037 3051 5107 ipsi
3077 5038 3334 5094 obtinuis-

1760 5145 1878 5190 sent
1924 5148 2134 5189 cansam
2187 5147 2336 5186 suam
2381 5129 2518 5200 apud
2573 5129 2863 5184 Ecclesiam
2903 5128 3330 5194 transmarinam,

1763 5227 1902 5283 unde
1925 5227 1988 5280 ad
2020 5227 2146 5280 istas
2170 5233 2342 5294 partes
2365 5224 2668 5277 christiana:
2695 5221 2812 5277 iidei
2843 5223 3074 5278 manavit
3099 5225 3332 5279 auctori-

1765 5330 1864 5387 tas,
1898 5329 1955 5372 ιιι
1981 5318 2053 5372 illi
2079 5327 2257 5371 essent
2285 5315 2410 5370 l'oris
2435 5313 2626 5385 quibus
2662 5313 2846 5368 eadem
2873 5313 3093 5369 crimina
3117 5311 3333 5381 objicie-

1828 5501 1843 5532 ί
1869 5507 1916 5575 tu
1932 5497 2156 5575 epistolae
2178 5496 2274 5546 ﬁne
2295 5495 2605 5558 apposuimus
2625 5507 2687 5544 ex
2710 5500 2815 5544 Mss.
2831 5488 3052 5542 eutucltds
3068 5525 3082 5550 ,
3107 5501 3216 5553 quae
3237 5499 3335 5541 vox

1764 5561 1908 5611 deest
1932 5560 1986 5608 in’
2000 5560 2110 5608 add.

1829 5625 1842 5640 ‘
1865 5623 2040 5672 (uitiata
2060 5634 2168 5671 cum
2203 5632 2249 5669 a.
2271 5619 2354 5682 bg.
2391 5617 2460 5668 bl.
2487 5617 2534 5668 θ’.
2573 5632 2622 5682 g.
2661 5631 2742 5679 gv.
2768 5629 2817 5664 n.
2839 5628 2879 5664 r.
2909 5626 2951 5664 s.
2975 5618 3013 5662 t.
3042 5625 3116 5664 vc.
3140 5611 3335 5666 duobus

1767 5691 1803 5736 t.
1825 5693 2026 5736 quatuor
2047 5699 2092 5733 v.
2118 5691 2216 5731 Am.
2237 5687 2343 5731 Bad.
2368 5687 2443 5730 Er.
2463 5688 2569 5729 nov.

1851 5735 1902 5809 'a)
1922 5746 2043 5795 Alias
2065 5745 2149 5795 170
2167 5759 2178 5792 :
2199 5756 2308 5807 qua:
2325 5749 2488 5792 autem
2509 5741 2572 5790 52
2599 5745 2720 5798 erat,
2745 5752 2870 5788 nunc
3018 5739 3194 5802 Scripta
3210 5735 3340 5793 forte

1771 5809 1894 5861 circa
1911 5809 2040 5856 idem
2058 5815 2263 5869 tempus.

3353 5893 3364 5918 1
