3962 6390
650 470 799 526 bant.
825 466 976 523 Nunc
999 470 1178 521 autem
1206 476 1328 520 cum
1357 461 1430 517 illi
1457 459 1790 515 inveniantur
1815 456 1955 512 intus
1986 468 2231 511 commu-

652 562 833 618 nicare
856 558 1112 615 Ecclesiis
1137 554 1462 628 apostolicis,
1490 567 1711 623 quarum
1739 549 1950 605 nomina
1976 548 2029 605 in
2056 544 2231 601 Libris

654 652 848 709 sanctis
868 650 1062 706 habent
1084 659 1139 704 et
1166 648 1412 713 recitauit,
1438 646 1521 701 isti
1538 654 1715 701 autem
1745 642 1874 698 foris
1896 639 2051 712 positi
2072 648 2126 694 et
2166 637 2235 694 ab

652 744 739 800 illa
766 744 1137 801 communione
1166 740 1395 811 separati
1422 738 1552 800 sint.
1583 736 1702 807 quis
1729 750 1835 791 non
1858 732 2113 802 intelligat
2139 744 2235 786 eos

651 835 900 893 habuisse
935 851 1149 892 causam
1182 833 1397 896 bonam,
1435 832 1526 902 qui
1554 845 1673 885 eam
1698 827 1839 899 apud
1865 825 2067 883 medios
2088 823 2232 894 judi-

652 942 743 983 eos
765 927 1007 983 obtinere
1032 925 1354 997 potuerunt?
1407 925 1514 979 Aut
1536 923 1581 977 si
1606 936 1819 979 causam
1847 920 2039 976 bonam
2065 915 2230 971 babe—

650 1019 802 1085 bant,
835 1027 892 1074 et
920 1034 1037 1075 earn
1066 999 1432 1073 transmarinis
1474 1012 1727 1071 Ecclesiis
1756 1011 1977 1082 probare
2007 1024 2113 1065 non
2138 1023 2234 1077 po-

650 1120 885 1175 tuerunt,
911 1110 1036 1182 quid
1080 1110 1199 1165 illos
1229 1107 1363 1165 laesit
1389 1107 1534 1163 orbis
1561 1118 1842 1168 terrarum,
1884 1101 1972 1157 ubi
1996 1099 2231 1171 episcopi

647 1209 879 1278 collegas
903 1222 1048 1271 suos,
1080 1207 1170 1277 qui
1194 1204 1333 1274 apud
1355 1218 1448 1259 eos
1461 1200 1685 1270 objectis
1708 1196 2020 1255 criminibus
2042 1193 2228 1251 convi-

644 1304 714 1360 cti
745 1317 849 1358 non
878 1310 1050 1365 erant,
1095 1309 1296 1353 temere
1336 1296 1587 1351 damnare
1628 1308 1731 1347 non
1768 1287 2022 1362 possent?
2049 1286 2231 1356 itaque

646 1396 959 1451 innocentes
989 1389 1408 1461 rebaptisantur,
1432 1396 1487 1442 et
1509 1386 1753 1441 Christus
1775 1385 1828 1438 in
1863 1380 2229 1437 innocentibus

644 1491 977 1549 exsoluatur.
1004 1489 1060 1545 Si
1084 1497 1258 1543 autem
1291 1486 1448 1540 iidem
1481 1483 1766 1537 Donatista:
1788 1479 2036 1535 Afrorum
2060 1474 2227 1531 colle-

644 1597 830 1652 garum
860 1596 1075 1635 suorum
1103 1594 1227 1636 vera
1249 1576 1472 1633 crimina
1499 1583 1776 1639 noverant,
1806 1580 1858 1627 et
1880 1568 2228 1641 neglexerunt

642 1687 705 1729 ea
754 1672 1123 1727 demonstrare
1171 1676 1225 1724 et
1273 1667 1498 1739 probare
1560 1662 1925 1718 transmarinis
1952 1660 2224 1726 Ecclesiis,

641 1764 742 1835 ipsi
771 1779 827 1819 se
846 1764 912 1818 ab
926 1763 1123 1818 unitate
1142 1760 1338 1817 Christi
1360 1758 1770 1815 sceleratissimo
1787 1756 2072 1812 schismate
2094 1769 2230 1824 ιιι-εε-

640 1855 904 1921 ciderunt,
936 1871 1039 1909 non
1069 1855 1264 1908 habent
1298 1852 1443 1924 quod
1486 1859 1762 1916 excusent,
1789 1858 1843 1904 et
1885 1864 1983 1903 vos
2012 1847 2217 1911 nostis;

639 1948 868 2003 maxime
913 1947 1031 2017 quia
1077 1954 1182 2000 tam
1230 1944 1382 2000 multi
1422 1943 1665 2000 scelerati
1692 1940 1829 2013 apud
1856 1954 1949 1996 eos
1978 1953 2217 1995 emerse-

637 2046 784 2100 runt,
819 2047 871 2093 et
899 2038 1257 2093 toleraverunt
1301 2036 1421 2092 illos
1447 2052 1545 2106 per
1580 2044 1659 2090 tot
1709 2048 1898 2097 annos,
1930 2047 1997 2087 ne
2026 2039 2226 2102 partem

638 2128 831 2185 Donati
876 2129 1305 2197 conscinderent,
1333 2138 1387 2183 et
1430 2144 1535 2182 non
1567 2126 1939 2182 dubitaverunt
1968 2123 2059 2179 illo
2089 2131 2226 2178 tem-

642 2235 773 2291 pore
822 2221 983 2277 falsas
1004 2221 1333 2291 suspiciones
1360 2235 1486 2275 suas
1508 2219 1844 2290 objicientes,
1868 2232 2053 2288 pacem
2079 2215 2229 2272 Chri-

640 2310 709 2367 sti
741 2312 1101 2382 unitatemque
1120 2312 1474 2381 disrumpere,
1506 2321 1559 2365 et
1585 2325 1680 2365 vos
1708 2309 1915 2366 videtis.

708 2401 765 2456 4.
790 2400 895 2457 Sed
934 2402 1115 2456 nescio
1144 2418 1263 2471 qua:
1309 2402 1536 2456 carnalis
1569 2399 1914 2467 consuetudo,
1943 2398 2108 2454 frater
2132 2396 2228 2454 Se—

637 2492 840 2557 verine,
874 2490 945 2548 ibi
972 2506 1067 2546 vos
1109 2499 1287 2557 tenet;
1316 2502 1370 2547 et
1393 2491 1520 2545 olim
1548 2490 1723 2558 doleo,
1756 2490 1884 2545 olim
1911 2504 2083 2561 gemo,
2110 2504 2225 2543 ma-

639 2582 784 2639 xime
828 2584 1162 2654 prndentiant
1218 2592 1360 2637 tuam
1400 2581 1661 2652 cogitans,
1708 2590 1763 2636 et
1808 2581 1934 2634 olim
1966 2589 2016 2635 te
2044 2580 2227 2634 videre

633 2674 901 2745 desidero,
952 2684 1008 2731 ut
1047 2677 1112 2731 de
1138 2674 1238 2730 hac
1284 2691 1344 2731 re
1399 2686 1570 2730 tecum
1607 2675 1871 2744 loquerer.
1901 2672 2033 2742 Quid
2083 2674 2225 2728 enim

631 2772 851 2844 prodest
897 2771 980 2827 vel
1033 2769 1181 2825 salus
1225 2771 1304 2826 vel
1351 2768 1782 2838 consanguinitas
1813 2766 2138 2836 temporalis,
2180 2764 2227 2819 si

631 2872 885 2919 aternnm
922 2861 1121 2917 Christi
1162 2860 1529 2915 hereditatem
1559 2858 1888 2928 salutemque
1913 2865 2223 2928 perpetuam

632 2955 688 3010 in
730 2963 913 3010 nostra
941 2953 1255 3023 cognatione
1280 2948 1712 3007 contemnimus?
1743 2947 1869 3002 [hec
1894 2962 1980 3002 me
2007 2946 2217 3001 interim

632 3047 911 3117 scripsisse
937 3046 1224 3109 suil'eCerit,
1259 3060 1378 3116 qua:
1431 3043 1578 3099 duris
1600 3042 1852 3098 cordibus
1878 3040 2031 3095 valde
2061 3055 2225 3111 pauca

631 3148 758 3193 sunt
782 3148 835 3193 et
861 3151 1025 3207 prope
1054 3136 1197 3190 nulla
1226 3152 1241 3202 ;
1270 3136 1450 3189 animo
1469 3144 1647 3189 autem
1670 3142 1759 3188 tuo
1784 3147 1942 3203 quem
1965 3130 2100 3185 bene
2126 3144 2228 3183 no-

630 3231 705 3298 vi,
737 3229 888 3284 valde
915 3228 1078 3282 multa
1108 3235 1235 3281 sunt
1281 3236 1335 3281 et
1379 3226 1534 3280 valde
1561 3240 1769 3294 magna.
1797 3222 1913 3278 Non
1935 3220 2075 3276 enim
2106 3234 2225 3274 mea

637 3328 783 3388 sunt,
812 3319 901 3391 qui
924 3317 1055 3375 nihil
1079 3332 1219 3383 sum,
1252 3316 1351 3372 nisi
1380 3315 1521 3387 quod
1538 3324 1788 3386 exspecto
1805 3311 2222 3367 misericordiam

632 3411 763 3477 Dei;
797 3410 890 3465 sed
920 3409 1084 3480 ipsius
1129 3408 1223 3463 Dei
1252 3407 1651 3477 omnipotentis,
1694 3419 1852 3476 quem
1904 3402 2144 3475 quisquis
2170 3402 2222 3456 in

630 3504 732 3559 hoc
761 3505 940 3559 seculo
984 3501 1391 3573 comtempserit
1435 3510 1661 3573 patrem,
1690 3497 1924 3554 inveniet
1950 3496 2003 3552 in
2047 3494 2224 3550 futuro

627 3596 879 3669 judicem.

1092 3708 1420 3767 EPISTOLA
1461 3708 1612 3766 Llll‘
1643 3708 1742 3781 (a).

634 3802 935 3876 Confutatur
979 3802 1191 3875 epistola
1230 3804 1509 3876 presbyteri
1554 3802 1821 3873 cujusdam
1848 3796 2115 3854 donatisttc
2137 3794 2223 3868 qui

706 3896 1016 3953 Generosum
1042 3895 1350 3952 catholicum
1372 3894 1835 3953 Constantinensem
1853 3892 2088 3948 seducere
2114 3905 2224 3943 mo-

707 3990 938 4056 liebatur,
968 3987 1216 4044 simulans
1243 3988 1305 4044 ab
1334 3988 1514 4061 angelo
1541 4004 1596 4042 se
1624 3986 1865 4041 monitum
1892 3991 1948 4037 ut
1966 3981 2133 4053 ipsum
2155 3979 2223 4034 ad

706 4081 1089 4137 Donatistarum
1119 4090 1287 4152 partes
1314 4079 1607 4135 adduceret.

629 4194 983 4251 Dilectissimo
1009 4202 1063 4249 et
1089 4192 1388 4249 honorabili
1416 4190 1570 4248 fratri
1606 4190 1911 4258 Gsusaoso,
1938 4192 2221 4252 Fontius-

697 4300 818 4349 'rus,
847 4286 1078 4339 Aunus
1103 4293 1160 4340 et
1195 4285 1552 4350 Aucusnnus,
1584 4284 1640 4339 in
1668 4284 1892 4341 Domino
1917 4285 2163 4342 salutem.

629 4396 855 4454 CAPUT
884 4395 1169 4453 PRIMUM.
1183 4426 1254 4438 --
1268 4398 1319 4452 ι.
1338 4398 1599 4465 Quoniam
1622 4398 1776 4455 nobis
1794 4409 1973 4455 notam
1993 4415 2111 4457 esse
2135 4416 2221 4456 vo-

629 4486 773 4542 luisti
795 4487 1070 4558 epistolam
1104 4502 1263 4557 qnam
1279 4486 1344 4543 ad
1365 4496 1415 4541 te
1439 4488 1829 4543 Donatistarum
1844 4491 2119 4561 presbyter
2132 4491 2221 4547 de-

628 4576 724 4644 dit,
739 4593 1038 4650 quanquam
1057 4593 1174 4635 eam
1192 4587 1245 4635 tu
1260 4594 1471 4649 quoque
1484 4579 1746 4636 catholico
1756 4579 2214 4637 animoderiseris:

627 4676 805 4725 tamen
837 4680 891 4725 nt
917 4671 965 4725 ei
998 4671 1175 4742 potius
1200 4671 1244 4726 si
1273 4686 1378 4726 non
1403 4670 1686 4741 desperate
1709 4671 1921 4741 desipit,
1945 4674 2214 4738 consulas,

628 4761 744 4816 haec
768 4760 834 4815 ad
860 4777 982 4817 eum
1007 4762 1260 4831 rescripta
1284 4762 1511 4831 petimus
1557 4761 1811 4831 perferas.
1837 4762 1935 4818 lllo
1961 4762 2103 4818 enim
2128 4778 2217 4819 or-

628 4848 804 4906 dinem
830 4852 1241 4908 ChriStianitatis
1275 4852 1503 4908 civitatis
1547 4864 1737 4908 vestra:
1766 4852 1861 4909 tibi
1889 4863 1947 4909 ut
1974 4854 2214 4911 insinua-

630 4952 733 5007 ret,
776 4944 997 5013 iussisse
1043 4946 1143 4999 sibi
1196 4945 1443 5016 angelum
1492 4945 1728 5017 scripsit,
1782 4960 1903 5001 cum
1945 4958 2000 5003 tu
2031 4957 2214 5003 teneas

629 5036 1097 5104 Christianitatem,
1118 5052 1224 5092 non
1252 5038 1484 5093 civitatis
1506 5047 1609 5093 tuae
1628 5046 1853 5104 tantum,
1886 5054 1985 5095 nec
2010 5051 2213 5097 tantum

629 5128 821 5183 Africae
866 5128 947 5183 vel
992 5128 1267 5197 Afrorum,
1319 5130 1417 5185 sed
1474 5130 1637 5185 totius
1679 5130 1823 5185 orbis
1866 5141 2041 5198 teme,
2093 5147 2213 5202 quae

630 5218 939 5275 annuntiata
964 5227 1047 5273 est
1070 5228 1127 5274 et
1161 5222 1504 5275 annuntiatnr
1530 5220 1779 5276 omnibus
1805 5222 2072 5292 gentibus.
2097 5221 2209 5277 Un-

628 5311 698 5369 de
727 5312 828 5367 illis
855 5326 1035 5381 parnm
1049 5322 1150 5378 est,
1171 5313 1309 5380 quod
1339 5314 1589 5383 praecisos
1615 5328 1733 5369 esse
1761 5328 1865 5368 non
1897 5314 2081 5384 pudet,
2108 5329 2205 5369 nec

624 5405 725 5461 sibi
754 5404 1089 5467 subveniunt,
1113 5411 1310 5459 ntcum
1340 5415 1576 5474 possunt,
1602 5406 1824 5461 redeant
1851 5406 1917 5461 ad
1948 5408 2204 5470 radicem,

624 5497 724 5553 nisi
745 5497 902 5552 etiam
930 5511 1112 5552 secum
1135 5496 1267 5551 alios
1289 5498 1596 5566 praecidere,
1622 5510 1677 5553 et
1706 5500 1846 5555 sicut
1875 5500 2011 5569 ligna
2058 5499 2207 5554 arida

686 5628 705 5648 ‘
728 5627 906 5697 collata
924 5643 1034 5681 cum
1053 5643 1101 5681 a.
1126 5632 1210 5697 bg.
1236 5627 1305 5680 bl.
1331 5644 1376 5680 c.
1402 5644 1471 5682 cc.
1493 5631 1543 5681 il‘.
1563 5647 1613 5697 ε.
1630 5647 1713 5697 gv.
1736 5647 1787 5684 n.
1821 5646 1864 5685 r.
1893 5644 1935 5682 s.
1972 5634 2047 5683 sb.
2071 5640 2108 5685 t.
2129 5647 2203 5684 vc.

629 5696 837 5753 (tumo!
864 5706 913 5740 νο
940 5692 1262 5743 Αω.Βθάῐει·.
1288 5701 1398 5743 Lov.
1564 5692 1589 5697 '
1633 5692 1659 5697 '
1756 5718 1759 5721 -

622 5750 915 5870 ὲςαὶοοιιξὶθε
936 5754 1027 5806 165
1046 5768 1059 5806 :
1078 5769 1189 5819 qua:
1204 5763 1369 5809 autem
1390 5756 1452 5807 53
1475 5764 1598 5819 erat,
1616 5769 1745 5808 nunc
1764 5757 1866 5809 132.
1886 5764 2067 5824 Scripta
2083 5758 2208 5811 circa

1883 336 1939 394 S.
1979 332 2222 395 AUGUST

2327 330 2346 389 ι
2383 330 2682 395 EPISCOPI
3335 349 3337 352 ‘
3741 346 3813 409 ηδ

2346 451 2397 506 in
2426 451 2601 522 ignem
2628 452 2897 509 destinare
2934 458 3213 508 conentur.
3267 449 3570 525 Quapropter
3593 455 3631 511 si
3650 458 3722 515 tibi
3746 461 3814 529 ipsi

2340 544 2558 615 angelus
2582 545 2857 609 astitisset,
2887 560 3043 615 quem
3073 543 3174 598 sibi
3220 543 3305 598 ille
3331 553 3533 613 propter
3562 556 3604 601 te
3628 550 3809 619 astitisse,

2340 640 2592 706 quantum
2654 636 2992 703 arbitramur,
3047 643 3220 691 astuta
3272 635 3489 691 vanitate
3528 638 3811 710 conﬁngit,et

2340 724 2454 781 haec
2476 728 2583 795 ipsa
2610 727 2698 782 tibi
2730 727 2973 791 dixisset,
3023 741 3143 796 qua:
3174 725 3270 779 iste
3295 724 3528 780 mandato
3556 727 3673 781 illius
3689 731 3755 784 tibi
3775 748 3812 789 se

2338 816 2604 873 insinuare
2633 817 2780 886 dicit,
2799 826 3062 888 oporteret
3094 824 3142 870 te
3168 816 3461 886 apestolicae
3479 819 3710 872 sententiae
3741 838 3813 877 me.

2338 925 2539 964 morem
2573 909 2710 974 lieri,
2742 910 2830 979 qui
2857 910 2931 963 ait
2958 927 2970 962 :
3001 906 3144 961 Licet
3173 908 3217 960 si
3243 923 3357 970 nos,
3382 917 3465 961 aut
3486 910 3665 980 angelus
3688 910 3733 965 de
3752 930 3815 967 co:-

2337 1003 2386 1057 lo
2411 1004 2545 1059 vobis
2568 1002 2995 1073 evangelizaverit,
3027 1011 3208 1071 prmter
3230 1000 3280 1053 id
3304 999 3432 1069 quod
3462 1003 3814 1073 wangelizannm

2336 1096 2489 1160 vobis,
2539 1096 2807 1148 anathema
2858 1091 3091 1162 sit(Gal.
3123 1108 3161 1155 ι,
3194 1091 3286 1163 8).
3355 1092 3731 1161 Evangelizatnm
3760 1107 3816 1151 est

2335 1188 2476 1243 enim
2507 1188 2596 1243 tibi
2628 1203 2722 1256 per
2750 1202 2933 1241 vocem
2963 1185 3128 1257 ipsius
3149 1182 3351 1239 Domini
3376 1183 3492 1239 Jesu
3513 1183 3699 1248 Christi,
3719 1185 3814 1254 quod

2334 1282 2579 1338 omnibus
2617 1280 2862 1351 gentibus
2887 1278 3283 1334 annuntiabitur
3321 1275 3631 1346 Evangeliunt
3664 1277 3763 1345 ejus,
3784 1286 3819 1337 et

2335 1383 2461 1429 tunc
2508 1374 2626 1428 linis
2656 1372 2794 1441 erit(
2815 1370 2999 1427 Matth.
3030 1386 3177 1437 xxxv,
3208 1369 3329 1441 M).
3360 1368 3733 1440 Evangelizatum
3756 1368 3817 1424 tibi

2334 1478 2419 1525 est
2442 1485 2535 1539 per
2561 1468 2896 1539 propheticus
2915 1476 2970 1525 et
2984 1467 3298 1537 apostolicas
3316 1466 3551 1527 Litteras,
3568 1465 3684 1535 quod
3703 1464 3817 1519 Abra-

2334 1562 2417 1617 hm
2445 1562 2599 1617 dictae
2647 1571 2774 1617 sunt
2802 1561 3182 1633 promissiones
3229 1569 3284 1616 et
3311 1558 3497 1616 semini
3521 1557 3623 1626 ejus
3644 1556 3750 1626 quod
3768 1564 3818 1612 est

2334 1652 2739 1726 Christus(Gal.
2764 1668 2838 1716 ιιι,
2868 1652 2994 1722 l6),
3024 1667 3145 1707 cum
3174 1651 3225 1707 ei
3253 1651 3453 1706 diceret
3484 1646 3820 1704 Deus:lntemi-

2334 1761 2396 1799 tre
2428 1753 2513 1798 tuo
2548 1744 2897 1799 benedicentur
2934 1759 3104 1798 omnes
3141 1751 3310 1814 gentes
3350 1738 3507 1813 (Gen.
3550 1735 3724 1811 xu,3).
3751 1736 3819 1791 llas

2334 1851 2463 1906 ergo
2480 1835 2856 1905 promissiones
2872 1833 3095 1899 tenenti,
3112 1832 3159 1889 si
3180 1832 3272 1887 tibi
3295 1831 3507 1902 angelus
3525 1829 3583 1884 de
3599 1828 3709 1884 coelo
3725 1826 3821 1881 dice-

2332 1940 2439 1993 ret,
2472 1929 2685 1985 Dimitte
2710 1927 3160 1984 Christianitateut
3188 1925 3336 1982 orbis
3375 1935 3540 1990 terrai,
3570 1932 3616 1979 et
3637 1933 3821 1991 tenebar-

2334 2023 2405 2077 tis
2425 2023 2443 2055 ¹
2463 2022 2672 2089 Donati,
2705 2020 2858 2091 cujus
2879 2020 3011 2076 ordo
3031 2020 3123 2076 tibi
3151 2021 3435 2089 exponitur
3464 2018 3513 2072 in
3540 2015 3726 2087 epistola
3741 2013 3820 2083 epi-

2333 2115 2481 2185 scopi
2506 2124 2609 2169 tuae
2634 2114 2883 2180 civitatis,
2929 2111 3213 2169 anathema
3243 2127 3363 2167 esse
3386 2109 3620 2175 deberet;
3641 2107 3728 2177 quia
3744 2114 3780 2160 te
3797 2119 3819 2161 a

2334 2213 2447 2260 toto
2476 2204 2792 2276 prmcidere,
2834 2214 2887 2261 et
2918 2204 2971 2260 in
3022 2212 3227 2275 partem
3272 2202 3578 2261 contrudere
3598 2206 3818 2262 cenarem,

2333 2305 2389 2353 et
2412 2297 2644 2353 alienare
2671 2312 2701 2351 a
2725 2296 3001 2368 promissis
3024 2296 3137 2352 Dei.

2403 2391 2460 2445 2.
2486 2391 2542 2447 Si
2584 2392 2727 2446 enim
2773 2390 2907 2446 ordo
2944 2390 3314 2461 episcoporum
3364 2388 3462 2446 sibi
3512 2382 3819 2445 succedentium

2339 2482 2762 2540 considerandus
2786 2491 2888 2547 est,
2916 2492 3114 2553 quanto
3137 2482 3342 2537 certius
3370 2489 3424 2538 et
3461 2493 3576 2535 vere
3615 2474 3819 2532 salubriter

2332 2579 2399 2632 ab
2427 2577 2541 2647 ipso
2584 2577 2742 2631 Petro
2778 2589 3135 2637 numeramus,
3174 2575 3261 2629 cui
3297 2572 3454 2629 totius
3489 2568 3707 2625 Ecclesia:
3738 2564 3821 2632 ligu-

2333 2683 2447 2722 ram
2473 2667 2674 2737 gerenti
2702 2666 2955 2721 Dominus
2980 2664 3054 2721 ait
3088 2682 3101 2718 :
3133 2663 3305 2731 Super
3349 2662 3474 2717 hanc
3504 2669 3673 2732 petram
3710 2653 3821 2723 ediﬁ-

2332 2758 2453 2811 cabo
2487 2757 2765 2810 Ecclesium
2794 2772 2975 2817 meam,
3007 2764 3053 2808 et
3100 2764 3261 2825 porta:
3287 2755 3559 2824 inferorum
3588 2766 3674 2803 non
3694 2747 3824 2801 uincent

2332 2864 2441 2902 eam
2466 2852 2484 2918 (
2510 2845 2693 2900 Matth.
2745 2862 2851 2910 xvi,
2915 2845 3041 2916 18).
3080 2845 3237 2901 Petro
3266 2845 3416 2902 enim
3443 2841 3673 2899 successit
3694 2837 3827 2897 Linus;

2331 2937 2485 3002 Lino,
2505 2937 2752 2992 Cicinens
2772 2939 2824 3002 ²;
2847 2936 3130 3003 Clementi,
3150 2937 3447 2993 Anacletus
3464 2950 3480 3001 ;
3498 2931 3731 2996 Anaclcto,
3744 2926 3833 2983 Ett-
3904 2926 3927 3003 Ιχ

2333 3033 2496 3082 rlstus
2514 3043 2528 3093 ;
2555 3027 2812 3092 Evaristo,
2835 3027 3160 3094 Alexander;
3183 3027 3514 3093 Alexandro,
3528 3024 3701 3085 Sixtus;
3716 3018 3830 3083 Sixto.

2333 3118 2728 3187 Telesphorus;
2761 3117 3110 3187 Telesphoro,
3150 3117 3378 3188 lgintas;
3412 3118 3551 3188 lgino
3571 3157 3585 3181 ,
3623 3111 3829 3169 Anicetus;

2332 3212 2574 3277 Anieeto,
2594 3211 2745 3275 Pius;
2762 3212 2876 3277 Pio,
2889 3212 3062 3276 Soter;
3078 3211 3273 3277 Soteri,
3288 3210 3625 3268 Eleutherius
3639 3225 3650 3273 ;
3665 3201 3835 3261 Eleuthe-

2331 3301 2433 3366 rio,
2462 3302 2673 3367 Victor;
2695 3302 2913 3367 Victori,
2936 3301 3285 3371 Zephirinus;
3323 3302 3612 3373 Zephirino,
3634 3296 3828 3354 Caldius:

2330 3393 2557 3460 Calixto,
2593 3394 2841 3449 Urbanus
2865 3412 2878 3458 ;
2904 3393 3140 3460 Urbano,
3163 3394 3486 3462 Pontianus;
3507 3391 3747 3450 Pontiano,
3762 3386 3829 3441 Au.

2333 3485 2547 3552 therus;
2572 3486 2831 3552 Anthero,
2852 3486 3147 3551 Fabianus;
3188 3485 3444 3553 Fabiano,
3459 3484 3728 3544 Cornelius;
3742 3479 3827 3533 Cor-

2328 3580 2491 3644 nelio,
2520 3579 2745 3645 Lucius;
2774 3580 2961 3646 Lucio,
2994 3580 3333 3649 Stephanus;
3357 3579 3633 3649 Stephano,
3656 3573 3826 3643 Xystus;

2328 3672 2520 3744 Xysto,
2556 3673 2866 3745 Dionysius;
2896 3673 3163 3743 Dionysio,
3191 3672 3381 3739 Felix;
3410 3672 3590 3738 Felici,
3613 3661 3828 3737 Eutycbia-

2328 3780 2462 3830 nus;
2494 3765 2839 3837 Eutychiano,
2869 3765 3065 3833 Gaius;
3092 3765 3245 3829 Caio,
3272 3753 3828 3829 Marcellinumblarcclli'

2327 3871 2419 3919 ’δον
2448 3856 2766 3921 “Nullus;
2799 3856 3070 3922 Marcello,
3104 3856 3409 3925 Eusebius;
3442 3854 3674 3920 Eusebio,
3699 3844 3831 3905 lliltia-

2327 3949 2453 4015 des;
2479 3949 2717 4015 Miltiadi,
2760 3948 3067 4021 Sylvester;
3098 3948 3406 4021 Sylvestro,
3440 3949 3663 4009 Marcus;
3688 3940 3828 3998 Marco.

2328 4041 2534 4107 Julius;
2566 4040 2723 4104 Julio,
2770 4040 3042 4107 Liberius;
3069 4040 3307 4106 Liberio,
3347 4042 3621 4103 Damasus;
3646 4034 3829 4091 Datum

2328 4134 2588 4200 Siricins;
2632 4133 2854 4199 Siricio,
2893 4135 3224 4189 Anastasius.
3256 4134 3313 4190 In
3356 4134 3457 4189 hoc
3481 4130 3655 4188 ordine
3675 4130 3831 4180 sucosi-

2325 4226 2496 4283 sionis
2522 4225 2696 4281 nullus
2734 4223 3000 4280 'donatista
3042 4224 3326 4295 episcopus
3375 4223 3647 4281 invenitur.
3691 4211 3831 4271 Sede!

2325 4329 2634 4376 transverso
2672 4333 2741 4374 ex
2768 4317 2947 4373 Africa
2975 4317 3277 4374 ordinatqu
3309 4318 3583 4378 miserunt,
3610 4310 3687 4381 qui
3706 4299 3833 4377 Ιηυώ

2322 4411 2619 4483 prtesidens
2644 4408 2791 4465 Afris
2816 4410 2868 4464 in
2892 4410 3020 4465 urbe
3045 4409 3211 4464 Roma
3232 4408 3583 4465 Montensium
3603 4402 3678 4459 vel
3693 4398 3833 4456 Cultu-

2323 4505 2549 4575 pitarum
2570 4501 2883 4557 vocabulum
2911 4502 3219 4573 propagavit
3245 4502 3342 4575 (α).

2387 4640 2404 4671 ι
2425 4646 2560 4710 _qu.,
2570 4642 2758 4710 partes.
2785 4633 2871 4685 Alii
2894 4634 3028 4697 Edd.,
3053 4642 3255 4702 partem.
3281 4643 3337 4688 At
3362 4642 3491 4697 Mss,
3514 4624 3669 4699 partis.
3690 4616 3833 4687 Subiit,

2322 4697 2742 4751 Christiwtilatem.
3054 4697 3063 4702 ⁷
3515 4697 3523 4699 “
3827 4740 3833 4748 .

2384 4765 2404 4795 ³
2428 4770 2477 4813 In
2511 4775 2608 4812 uno
2632 4774 2663 4812 e
2694 4761 2837 4823 t’atic.
2861 4759 2994 4821 Cdd.,
3036 4769 3054 4809 1
3062 4756 3146 4823 ina
3167 4761 3343 4823 (Mus,
3388 4758 3516 4823 (fleto
3551 4752 3834 4823 (Ιρρηεζηιρξξὶξ

2320 4826 2484 4875 caeteri
2510 4833 2612 4873 Mss.
2631 4821 2949 4885 refragantur.
2969 4813 3109 4870 Paulo
3130 4830 3235 4885 post
3249 4813 3342 4884 pro
3360 4856 3364 4859 -
3385 4819 3603 4885 indctus,
3626 4813 3837 4885 habetle

2319 4870 3060 4950 pler—isiluemtttsslfneqcletus.
3109 4870 3292 4950 Deinde
3316 4870 3355 4931 ί.
3376 4870 3605 4950 (exundet;
3653 4885 3737 4950 nol}

2319 4929 2602 5008 mustis,
2619 4929 2773 5015 “(an
2926 4929 3057 5015 eis,
3076 4929 3347 5015 itaque
3374 4929 3536 5015 intui.
3549 4929 3599 5012 _"3
3613 4952 3626 4999 ;
3642 4929 3836 5015 ξιξέηίςὲ

2318 4980 3497 5069 :.:t:'.::.:‘,"a.:i;;;[mammasaeuas,
3520 5003 3588 5052 είς

2319 5047 2821 5131 ἰιῗᾌῦὂὶἰεῶἱῖῐέεῗ
2834 5047 3101 5131 {agebat};
3106 5047 3688 5131 emissaemissa
3693 5091 3715 5131 ,⁸
3726 5047 3836 5131 reti"

2318 5115 2614 5193 ἓὶεῶᾱτῑᾶἑῖζ
2623 5115 2907 5193 Jews
2924 5115 3353 5193 signiferisque
3365 5115 3428 5179 in
3450 5115 3616 5177 iisdem
3636 5118 3730 5169 odd.
3743 5115 3836 5164 dest-

2316 5167 2665 5246 eamme;
2672 5167 2995 5243 Ὲῖιῗὲᾜιῦιιὶεῖ

2380 5258 2451 5319 (α)
2491 5265 2616 5319 [latio
2649 5252 3021 5319 appellationem
3060 5253 3213 5319 sortiti
3252 5259 3366 5303 ut
3402 5250 3672 5319 Donatista.
3710 5245 3835 5319 αξξ-ξεί)
3926 5245 3927 5301 l

2315 5304 2448 5385 quini
2478 5304 2734 5385 ecclesiam
2752 5324 2909 5385 Itonia;
2918 5331 2946 5385 _j
2965 5317 3131 5385 rimam
3150 5316 3198 5364 in
3230 5324 3397 5385 monte
3412 5314 3593 5385 habere
3615 5304 3833 5385 comedat;

2317 5369 2448 5443 ijuxta
2468 5383 2805 5443 Hieronymum
2822 5379 2869 5443 in
2886 5369 3054 5426 Clit-on.
3076 5378 3133 5426 ad
3256 5375 3365 5435 360,
3384 5376 3509 5443 sive,
3530 5374 3606 5443 uti
3625 5369 3836 5443 Ophias"?

2335 5398 2448 5432 uxw
2470 5398 2805 5443 Hieronymum
2822 5398 2869 5425 Ill
2886 5398 3054 5426 utruu.
3076 5398 3133 5426 itu
3160 5398 3237 5425 au.
3256 5398 3365 5435 ouu,
3384 5398 3509 5434 alvu,
3532 5398 3596 5421 utt
3625 5398 3789 5431 υιιιαμυ
3802 5398 3835 5425 1"

2310 5398 2400 5493 iii).
2427 5443 2642 5499 Sreiert,
2677 5454 2704 5488 a
2737 5439 2984 5502 spelunca,
3003 5453 3147 5502 quam
3172 5439 3268 5490 illic
3298 5446 3442 5487 extra
3456 5437 3689 5502 civitatem
3714 5420 3835 5502 ετὲξξζ

2430 5490 2732 5566 sepsera'ut,
2766 5490 2860 5550 .ubi
2903 5490 3222 5566 celebrabant
3270 5490 3835 5566 conventiculasuathttf

2313 5548 2860 5625 agmineagmine
2900 5548 2959 5612 iii
2974 5548 3308 5625 e'di’tidré’iccb
3326 5559 3589 5625 adjaeehat.
3616 5555 3717 5625 Hinc
3736 5548 3835 5625 tot}:

2346 5613 2580 5680 {dictum
2610 5613 2755 5675 etiam
2789 5638 2964 5674 nomen
3003 5613 3401 5684 cutzupt'tarum;
3423 5619 3551 5684 quod

2335 5674 2495 5754 ééiiu}
2506 5674 2826 5754 inpleri-isque
2843 5695 2946 5736 MSS.
2966 5693 3021 5736 At
3043 5687 3091 5735 in
3111 5674 3252 5736 editis
3267 5674 3458 5754 sublato
3473 5688 3507 5744 t,
3528 5674 3833 5754 t‘uitqﬂsrjtfl'f:

2313 5736 2896 5813 maestus
2929 5755 3034 5798 Mss.
3053 5745 3463 5813 εᾳιι-ωφίιωοωη.
3494 5736 3835 5813 ᾉῃνᾳλοῆςξξξξ

2316 5794 2451 5867 dum"
2461 5794 3351 5877 ιῖίὲἇῖιῷίιὰῆἦιῖέεῆιιῇὼῖατιὲἡ.
3368 5794 3432 5859 ut
3448 5808 3500 5861 in
3514 5794 3595 5860 lib.
3613 5802 3672 5855 de
3688 5794 3833 5850 enim
