3962 6392
615 383 720 446 199

616 513 722 560 tam
744 542 759 566 ,
789 495 1000 568 quando
1029 508 1089 550 se
1117 491 1303 548 uolunt
1345 489 1549 546 deletos
1577 493 1632 543 et
1659 485 1948 541 maculatos
1994 480 2196 544 videri,

615 594 744 650 dum
771 593 848 646 eis
868 586 1300 650 communicant,
1327 596 1548 654 quorum
1576 579 1797 635 crimina
1827 575 2033 648 cognita
2057 572 2199 644 judi-

619 693 827 740 carunt.

689 775 740 831 7.
781 774 1114 841 Quapropter
1147 783 1267 824 cum
1291 766 1483 822 Paulus
1512 763 1785 834 apostolus
1828 761 2016 815 iterum
2060 757 2202 812 dicat

619 867 740 940 quia
771 869 883 936 ipse
912 874 1124 920 satanas
1169 861 1503 928 transﬁgurat
1547 873 1606 911 se
1651 856 1703 910 iu
1747 853 1992 925 angelum
2032 849 2199 915 lucis,

618 962 760 1020 unde
786 976 888 1017 non
921 973 1040 1015 esse
1066 958 1255 1013 mirum
1279 954 1322 1008 si
1344 950 1571 1008 ministri
1601 949 1718 1018 ejus
1743 947 2119 1015 transﬁgurth
2145 957 2204 997 se

619 1055 756 1112 sicut
798 1053 1068 1108 ministros
1099 1046 1320 1116 iustitia:
1350 1044 1414 1114 (ll
1443 1042 1560 1097 Cor.
1587 1058 1673 1108 xi,
1720 1039 1938 1109 1345);
1989 1037 2032 1091 si
2079 1050 2203 1090 vere

620 1146 720 1203 iste
743 1145 968 1214 aliquem
994 1141 1238 1212 angelum
1264 1136 1392 1192 vidit
1413 1134 1610 1190 erroris
1637 1133 1902 1194 nuntium,
1927 1139 1980 1185 et
1998 1129 2066 1185 de
2087 1127 2203 1182 uui-

621 1247 729 1294 tate
771 1235 1030 1291 catholica
1059 1230 1388 1286 Christianus
1427 1241 1679 1296 separare
1724 1225 2056 1293 cupientem,
2091 1219 2204 1290 ipse

620 1346 809 1403 passus
839 1338 919 1385 est
949 1325 1191 1396 angelum
1229 1331 1431 1378 satana:
1474 1317 1933 1388 transﬁgurantem
1972 1328 2030 1368 se
2061 1313 2204 1366 velut

619 1421 866 1491 angelum
895 1418 1046 1473 lucis.
1078 1415 1133 1470 Si
1164 1422 1341 1469 autem
1381 1413 1653 1475 mentitur,
1683 1417 1737 1465 et
1764 1408 1894 1464 nihil
1923 1408 2026 1462 tale
2051 1404 2198 1491 vidit,

623 1488 737 1588 ipse
766 1522 850 1572 est
877 1512 1117 1568 minister
1143 1518 1362 1572 satanas,
1393 1507 1774 1577 transﬁgurans
1799 1519 1857 1559 se
1881 1505 2021 1558 velut
2042 1488 2202 1558 mini-

622 1618 790 1666 strum
826 1604 1066 1676 justitizc.
1104 1602 1169 1657 Et
1210 1609 1386 1656 tamen
1414 1598 1513 1653 ista
1543 1597 1718 1652 omnia
1746 1595 2118 1658 considerans,
2160 1595 2205 1649 si

626 1701 846 1757 nimium
887 1712 1169 1769 perversus
1203 1703 1258 1749 et
1295 1695 1535 1764 pertinax
1565 1704 1683 1746 esse
1723 1690 1979 1753 uoluerit,
2016 1689 2208 1759 poterit

623 1791 692 1848 ab
718 1789 862 1846 omni
903 1789 983 1843 vel
1029 1787 1199 1843 aliena
1233 1784 1317 1839 vel
1357 1799 1452 1839 sua
1490 1781 1798 1838 seductione
1836 1780 2068 1835 liberari.
2100 1778 2206 1834 Nos

624 1883 766 1940 enim
799 1899 892 1955 per
919 1881 1254 1936 occasionem
1289 1888 1429 1932 tuam
1457 1876 1570 1931 sine
1598 1875 1774 1946 aliquo
1804 1875 1926 1932 odio
1951 1875 2205 1931 conwni-

625 1990 745 2033 mus
765 2017 780 2041 ,
807 1973 906 2030 hoc
931 1973 1070 2028 circa
1098 1988 1218 2027 eum
1247 1979 1526 2026 servantes
1554 1969 1692 2039 quod
1724 1969 2009 2037 Apostolus
2045 1966 2200 2022 dicit:

632 2068 847 2126 Servum
871 2076 1034 2121 autem
1066 2064 1270 2119 Domini
1295 2064 1492 2134 litigare
1530 2080 1628 2116 non
1667 2071 1890 2132 oportet,
1927 2061 2011 2115 sed
2040 2061 2206 2114 mitem

625 2177 732 2216 esse
757 2158 824 2214 ad
853 2175 1044 2221 omnes,
1069 2155 1353 2220 docibilem,
1377 2155 1666 2227 patientem,
1699 2156 1751 2207 in
1781 2153 2019 2233 modestia
2045 2157 2205 2206 corri—

626 2255 841 2326 pientem
869 2253 1064 2307 diversa
1083 2251 1382 2313 sentientes;
1411 2265 1475 2303 ne
1501 2251 1626 2320 forte
1656 2248 1735 2302 det
1762 2247 1862 2301 illis
1889 2246 2025 2300 Deus
2047 2247 2206 2317 pteui-

627 2347 834 2401 tentiam
878 2344 946 2398 ad
986 2341 1382 2416 cognoscendam
1410 2342 1694 2403 veritatem,
1736 2350 1781 2394 et
1816 2341 2110 2410 resipiscam
2146 2338 2207 2392 de

628 2436 817 2491 diaboli
851 2436 1062 2506 laqueis,
1089 2433 1324 2505 captivati
1370 2431 1430 2486 ab
1470 2433 1579 2503 ipso
1618 2433 1668 2486 in
1709 2432 1864 2501 ipsius
1906 2431 2206 2485 voluntatem

627 2526 705 2600 (ll
742 2527 874 2582 Tim.
911 2542 977 2590 ιι,
1016 2524 1176 2580 24-26
1200 2524 1239 2595 ).
1274 2525 1328 2580 Si
1355 2539 1482 2596 ergo
1507 2524 1702 2594 aliquid
1728 2539 1914 2593 aspere
1942 2524 2167 2577 diximus
2187 2565 2203 2590 ,

627 2635 733 2677 non
759 2619 824 2675 ad
849 2617 1256 2674 amaritudinem
1286 2616 1648 2681 dissensionis,
1683 2616 1776 2672 Sed
1817 2616 1880 2670 ad
1921 2617 2202 2672 correctio-

627 2728 748 2769 nem
776 2711 1073 2766 dilectiouis
1098 2711 1278 2766 valere
1301 2719 1606 2781 cognoscat.
1652 2707 1939 2765 Incolumis
1967 2709 2110 2765 vivas
2153 2709 2204 2764 in

625 2803 857 2870 Christo,
881 2802 1227 2860 dilectissime
1251 2811 1304 2859 et
1334 2801 1661 2858 honorabilis
1687 2801 1867 2858 frater.

627 2917 714 2974 DE
737 2916 1004 2974 DUABUS
1023 2915 1368 2972 EPISTOLIS
1388 2914 1692 2972 PROXIME
1713 2913 2202 2982 SEQUENTIBUS.

1047 3009 1170 3081 (un.
1199 3025 1236 3063 ιι
1264 3025 1524 3064 nsrnscr.
1554 3025 1671 3064 cur.
1700 3009 1817 3079 xx.)

697 3122 837 3178 Libri
871 3124 972 3178 duo
1007 3140 1220 3196 quorum
1263 3132 1336 3176 est
1376 3123 1548 3178 titulus
1579 3141 1597 3175 ι
1629 3124 1706 3176 Ad
1742 3124 2086 3197 inquisitiones
2111 3123 2206 3179 Ja-

631 3215 834 3282 nuarii,
867 3236 886 3268 ι
931 3216 1090 3269 multa
1127 3216 1190 3270 de
1230 3213 1569 3270 Sacramentis
1613 3217 1864 3270 continent
1915 3217 2202 3286 disputata,

628 3309 730 3365 sive
770 3324 882 3380 qua
923 3307 1286 3370 universaliter.
1311 3307 1411 3362 sive
1437 3322 1549 3377 quae
1588 3308 1855 3377 partiliter,
1902 3309 1955 3362 id
1993 3318 2067 3362 est
2105 3325 2206 3363 non

628 3415 858 3471 peraque
879 3399 932 3453 in
966 3398 1193 3452 omnibus
1221 3397 1343 3452 locis
1366 3396 1587 3452 observat
1617 3397 1869 3463 Ecclesia,
1917 3415 2005 3453 nec
2043 3409 2207 3453 tamen

627 3491 1010 3547 conmnntorari
1032 3491 1201 3545 omnia
1235 3499 1498 3560 potuerunt
1518 3533 1533 3557 ,
1577 3490 1663 3545 sed
1701 3492 1822 3544 satis
1860 3490 1928 3544 ad
1972 3491 2208 3560 inquisita

628 3602 924 3654 responsum
968 3595 1084 3640 est:
1107 3599 1318 3649 quorum
1363 3582 1602 3638 librorum
1645 3585 1802 3654 prior,
1846 3583 2058 3655 epistola
2095 3593 2202 3653 est,

629 3675 776 3730 habet
817 3677 1000 3746 quippe
1043 3676 1095 3729 in
1137 3676 1300 3744 capite
1323 3675 1433 3744 quis
1461 3675 1528 3728 ad
1555 3691 1700 3744 quem
1737 3678 1954 3738 scribat;
1980 3676 2067 3729 sed
2095 3676 2207 3730 ideo

629 3768 759 3823 inter
781 3768 933 3822 libros
961 3777 1318 3822 annumeratur
1345 3768 1442 3822 hoc
1470 3785 1615 3837 apus,
1642 3771 1875 3838 quoniam
1895 3785 2101 3839 sequens
2123 3770 2208 3838 qui

629 3858 834 3913 nomina
863 3868 1033 3912 nostra
1057 3875 1158 3913 non
1186 3859 1364 3925 habet,
1393 3858 1552 3914 multo
1577 3868 1650 3914 est
1679 3859 1942 3928 prolixior.
1983 3870 2029 3914 et
2063 3863 2115 3914 in
2149 3879 2207 3917 eo

633 3950 791 4004 multa
811 3950 959 4019 plura
990 3960 1290 4006 tractantur.
1325 3949 1390 4004 In
1417 3951 1577 4021 primo
1595 3951 1750 4022 igitur
1775 3951 1909 4020 quod
1934 3953 1996 4005 de
2023 3968 2208 4005 manna

629 4041 769 4108 dixi,
803 4061 820 4094 ι
845 4044 961 4111 quia
1001 4043 1266 4115 unicuique
1302 4044 1573 4098 secundum
1619 4044 1875 4113 prapriam
1904 4045 2209 4098 voluntatem

627 4132 680 4187 in
707 4149 793 4188 ore
818 4135 1059 4202 sapiebat,
1087 4153 1106 4187 ι
1136 4151 1238 4190 non
1265 4135 1386 4190 mihi
1410 4136 1623 4189 occurrit
1648 4135 1781 4188 unde
1800 4136 1954 4206 possit
1985 4134 2203 4205 probari,

628 4223 727 4278 nisi
749 4240 814 4278 ea:
838 4223 964 4279 libro
987 4225 1268 4295 Sapientia:
1293 4225 1446 4300 (Sap.
1471 4243 1582 4292 xvr,
1611 4225 1724 4298 2i).
1755 4244 1900 4300 quem
1919 4227 2091 4282 Judaei
2109 4245 2211 4282 non

629 4315 875 4385 recipiunt
903 4317 956 4370 in
983 4319 1328 4372 auctoritatem
1367 4321 1694 4380 canonicam:
1725 4321 1858 4388 quod
1886 4329 2050 4374 tamen
2077 4319 2204 4388 ﬁde-

631 4406 761 4461 libus
785 4408 944 4474 potuit
971 4409 1250 4477 provenire,
1278 4426 1379 4462 non
1402 4408 1504 4463 illis
1528 4411 1766 4463 adversus
1794 4408 1956 4463 Deum
1982 4428 2208 4466 murmuo

631 4497 907 4563 rtttoribus,
935 4498 1020 4567 qui
1060 4502 1280 4570 profecto
1319 4499 1447 4553 alias
1473 4516 1608 4553 escas
1635 4517 1735 4553 non
1772 4500 2137 4569 desiderarent,
2169 4503 2210 4557 si

634 4588 728 4643 hoc
753 4589 824 4643 eis
848 4603 1042 4658 saperet
1068 4607 1254 4644 manna
1278 4591 1412 4661 quod
1441 4591 1598 4645 vellcn
1672 4590 1780 4645 Hoc
1819 4608 1944 4662 opus
1972 4594 2045 4646 sic
2082 4594 2210 4648 inci-

636 4683 745 4753 pit:
772 4699 790 4734 ι
817 4680 896 4735 Ad
913 4699 974 4737 ea
999 4699 1113 4752 quae
1137 4699 1214 4736 me
1232 4683 1566 4756 interrogasti.
1589 4701 1607 4735 ι

946 4874 1036 4928 AD
1073 4872 1566 4942 INQUISITIONES
1601 4873 1912 4932 JANUARll

1239 4961 1391 5000 uasa
1431 4961 1616 5001 PRIMUS
1632 4987 1646 5011 ,

1384 5032 1479 5071 SEU

1108 5103 1436 5165 EPISTULA
1475 5105 1585 5161 LIV
1617 5111 1634 5130 ·
1663 5105 1758 5180 (a).

644 5227 945 5299 Augustinus
971 5224 1221 5278 Januario
1247 5222 1544 5296 respondet,
1587 5221 1770 5276 docens
1809 5222 1932 5294 quid
1971 5220 2218 5295 agendum

710 5322 775 5378 sit
804 5321 856 5375 in
879 5321 940 5375 iis
965 5321 1016 5374 in
1044 5319 1222 5389 quibus
1247 5319 1507 5389 regionum
1537 5329 1621 5372 aut
1648 5318 1988 5373 Ecclesiarum
2013 5335 2218 5374 consue-

713 5415 910 5471 tudines
953 5413 1180 5480 uariant,
1220 5422 1266 5466 et
1299 5414 1350 5465 in
1391 5413 1568 5482 quibus
1611 5414 1960 5476 consentiunt;
2000 5424 2120 5482 puta
2157 5411 2220 5465 de

715 5506 1057 5563 Sacramentis
1075 5545 1090 5572 ,
1120 5504 1258 5575 festis
1281 5504 1454 5558 diebus
1473 5545 1488 5569 ,
1511 5504 1709 5576 jejunio
1738 5514 1784 5557 et
1809 5502 2146 5556 Eucltaristia.

708 5645 726 5664 °
751 5643 832 5693 uis
852 5641 1168 5693 emendandis
1198 5640 1396 5692 adhibiti
1419 5646 1531 5690 sunt
1550 5639 1620 5689 bl.
1642 5639 1726 5702 ιω.
1743 5653 1814 5689 cc.
1850 5637 1912 5688 cl.
1947 5637 1982 5687 f.
2008 5639 2047 5702 j.
2071 5651 2113 5688 r.
2139 5653 2218 5689 vv.

642 5704 742 5756 duo
757 5705 833 5754 sb.
860 5705 958 5754 duo
981 5713 1017 5754 t.
1043 5711 1148 5754 tres
1168 5716 1244 5753 vc.
1271 5710 1375 5752 tres
1395 5717 1444 5752 v.
1467 5711 1566 5750 Am.
1591 5700 1702 5750 uad.
1723 5707 1795 5749 Er.
1827 5707 1936 5751 ιον.

706 5766 782 5829 (a)
804 5763 944 5830 alias,
970 5765 1084 5824 “8;
1106 5778 1219 5830 quae
1240 5772 1406 5816 autem
1425 5762 1490 5812 54
1513 5769 1635 5823 erat,
1652 5775 1781 5812 nunc
1804 5763 1908 5814 153.
1932 5764 2112 5827 scripta
2133 5765 2224 5814 cir-

641 5826 934 5880 casamo.

1842 368 1899 424 s.
1940 361 2303 424 AUGUS’I‘INI
2343 362 2641 419 EPISCOPl
3721 371 3795 430 πο

2310 477 2662 533 Dilectissimo
2693 475 2801 530 tilio
2830 474 3087 529 ,ΙΑΝυΑιιιο
3115 475 3156 540 ι,
3197 473 3538 547 Accusamus,
3564 479 3611 536 in
3633 481 3801 543 Domino

2959 569 3226 639 salutem.

2377 660 2601 718 CAPUT
2638 658 3068 715 PRIMUM—1.
3088 658 3168 712 Ad
3191 673 3250 714 ea
3275 675 3389 729 quae
3414 676 3496 716 me
3521 662 3800 736 interrogasti,

2309 753 2523 807 mallem
2544 752 2687 822 prius
2707 765 2860 804 nosse
2876 749 3000 820 quid
3018 749 3365 819 interrogatus
3380 751 3485 819 ipse
3499 755 3801 822 responderes-

2309 845 2379 899 ita
2406 845 2544 899 enim
2569 845 2651 900 vel
2677 843 3021 914 approbando
3051 842 3130 896 vel
3160 842 3483 898 emendando
3508 847 3803 914 responsiones

2310 947 2427 990 tuas
2456 936 2619 988 multo
2647 935 2858 989 brevius
2885 949 3096 1005 possem
3125 933 3458 1002 respondere,
3487 943 3537 987 ct
3559 943 3603 990 te
3622 936 3805 994 facillime

2308 1037 2399 1082 aut
2427 1026 2764 1087 conﬁrmare.
2796 1035 2888 1079 aut
2909 1024 3177 1094 corrigere
3198 1026 3240 1076 ³.
3274 1023 3382 1078 Hoc
3406 1024 3629 1093 quidem,
3653 1036 3697 1080 ut
3715 1028 3806 1094 dixi,

2309 1119 2541 1174 mallem.
2573 1117 2678 1173 Sed
2707 1127 2883 1172 tamen
2911 1125 2969 1170 ut
2997 1131 3139 1171 nunc
3169 1115 3552 1185 reSponderem,
3577 1117 3709 1171 malui
3728 1118 3808 1172 lon-

2307 1211 2508 1281 giorem
2556 1209 2730 1264 facere
2774 1223 3107 1274 sermonem,
3153 1222 3308 1277 quam
3350 1205 3650 1261 dilationem.
3684 1206 3808 1261 Primo

2311 1303 2488 1374 itaque
2519 1312 2700 1359 tenere
2740 1311 2792 1357 te
2835 1302 2992 1368 volo,
3041 1299 3180 1370 quod
3227 1309 3309 1354 est
3344 1298 3494 1368 hujus
3519 1298 3810 1368 disputatimis

2308 1407 2486 1466 caput,
2521 1396 2800 1450 Dominum
2829 1404 3066 1449 nostrum
3096 1392 3276 1446 Jesum
3302 1390 3582 1455 Christum,
3606 1391 3718 1445 sicut
3733 1391 3811 1459 ipse

2317 1489 2368 1545 in
2401 1488 2688 1558 Evangelia
2714 1487 2945 1556 loquitur
2966 1526 2979 1549 ,
3012 1484 3116 1539 leni
3151 1483 3280 1554 jugo
3325 1497 3419 1537 suo
3462 1495 3552 1536 nos
3584 1481 3812 1537 subdidisse

2310 1591 2364 1636 et
2409 1580 2630 1635 sarcina:
2673 1579 2774 1634 levi
2821 1576 3033 1647 (Matth.
3066 1591 3156 1638 xl,
3188 1572 3278 1647 30)
3322 1591 3335 1627 :
3376 1577 3511 1628 unde
3535 1572 3811 1628 Sacramentis

2311 1690 2533 1729 numero
2564 1672 2895 1744 paucissimis
2915 1713 2930 1738 ,
2969 1668 3344 1726 observatione
3375 1665 3646 1730 facillimis,
3671 1663 3812 1733 signiﬁ-

2310 1767 2516 1822 catione
2544 1764 3024 1836 praestantissimis,
3052 1761 3360 1816 societatem
3389 1757 3502 1813 novi
3531 1756 3684 1828 populi
3707 1755 3812 1810 colli-

2309 1862 2480 1931 gavit,
2524 1859 2676 1914 sicuti
2717 1868 2798 1913 est
2826 1857 3125 1926 Baptismus
3155 1853 3429 1908 Trinitatis
3455 1850 3648 1905 nomine
3675 1863 3811 1904 conse-

2310 1961 2487 2008 cratus
2505 1995 2517 2017 ,
2554 1949 2962 2006 communicatio
2987 1947 3226 2018 corporis
3253 1957 3306 2002 et
3334 1943 3589 2015 sanguinis
3615 1943 3758 2012 ipsius,
3777 1949 3813 1996 et

2311 2046 2358 2100 si
2400 2043 2524 2114 quid
2567 2043 2705 2098 aliud
2751 2043 2801 2097 in
2841 2041 3129 2111 Scripturis
3174 2038 3442 2094 canonicis
3475 2034 3809 2098 commendatis,

2311 2136 2544 2204 exceptis
2591 2135 2656 2188 iis
2699 2150 2818 2203 qua:
2863 2131 3169 2187 servitutem
3209 2129 3387 2200 populi
3422 2127 3603 2183 veteris
3630 2140 3700 2195 pro
3718 2139 3812 2179 con-

2309 2227 2553 2298 gruentia
2584 2225 2758 2280 cordis
2792 2225 3001 2278 illorum
3031 2230 3084 2277 et
3111 2221 3402 2292 pr0phetici
3427 2218 3657 2289 temporis
3677 2231 3812 2272 onera-

2309 2319 2470 2386 bant,
2503 2334 2620 2388 qua}
2646 2325 2700 2372 et
2737 2318 2787 2370 in
2827 2316 3061 2386 quinque
3101 2314 3251 2369 libris
3289 2311 3453 2382 Moysi
3496 2310 3723 2380 leguntur.
3752 2305 3814 2360 Illa

2309 2422 2483 2467 autem
2512 2427 2628 2482 quae
2659 2426 2767 2466 non
2796 2411 3026 2479 scripta,
3059 2407 3150 2464 sed
3183 2407 3374 2462 tradita
3404 2404 3712 2467 custodimus,
3737 2413 3815 2469 qua

2312 2505 2527 2574 quidem
2559 2513 2672 2558 toto
2699 2511 2960 2558 terrarum
2990 2501 3119 2555 orbe
3148 2509 3457 2566 servantur,
3486 2497 3628 2553 datur
3660 2491 3815 2560 intelligi

2311 2598 2393 2653 vel
2420 2598 2486 2652 ab
2514 2597 2642 2666 ipsis
2668 2595 2937 2665 Apostolis
2957 2636 2971 2661 ,
3003 2593 3087 2648 vel
3117 2593 3368 2663 plcnariis
3392 2589 3632 2653 conciliis,
3654 2597 3815 2656 quorum

2310 2698 2393 2744 est
2428 2689 2478 2743 in
2518 2687 2756 2743 Ecclesia
2797 2686 3143 2742 saluberrima
3179 2684 3495 2746 auctoritas,
3527 2673 3815 2735 commendata

2309 2793 2466 2854 atque
2503 2791 2697 2837 statuta
2727 2780 2980 2845 retineri,
3015 2779 3168 2834 sicuti
3206 2777 3349 2848 quod
3394 2773 3589 2830 Domini
3623 2767 3762 2841 passio
3781 2773 3816 2819 et

2309 2875 2632 2930 resurrectio
2658 2883 2710 2928 et
2735 2873 2976 2928 ascensio
3002 2871 3053 2926 in
3081 2871 3300 2935 coelum,
3323 2879 3373 2926 et
3399 2867 3637 2922 adventus
3657 2861 3711 2916 de
3724 2856 3816 2912 uelo

2310 2965 2538 3036 Spiritus
2565 2964 2762 3028 sancti,
2793 2963 3155 3018 anniversaria
3181 2959 3514 3016 solemnitate
3538 2953 3818 3012 celebrantur.

2310 3064 2364 3111 et
2391 3057 2433 3110 si
2472 3055 2594 3125 quid
2636 3053 2778 3108 aliud
2823 3054 2926 3109 tale
2967 3053 3198 3108 occurrit
3244 3051 3394 3122 quod
3421 3055 3646 3105 servatur
3669 3042 3723 3097 ab
3741 3036 3822 3095 uni-

2310 3162 2484 3213 versa,
2515 3161 2846 3216 quacumque
2875 3159 2933 3200 se
2959 3143 3232 3207 dill'undit,
3261 3141 3522 3199 Ecclesia.

2381 3239 2606 3295 CAPUT
2636 3237 2699 3292 ll.
2734 3267 2799 3278 —-
2828 3238 2883 3291 2.
2914 3237 3028 3291 Alia
3063 3252 3192 3291 vero
3223 3253 3353 3307 qua:
3389 3251 3480 3306 per
3503 3234 3608 3288 loca
3634 3237 3824 3285 terrarum

2310 3332 2661 3402 regionesque
2701 3331 3004 3396 variantur,
3052 3328 3206 3384 sicuti
3245 3339 3340 3384 est
3377 3325 3512 3399 quod
3549 3323 3629 3379 alii
3650 3319 3827 3391 jejunant

2310 3425 2549 3490 sabbato,
2578 3424 2666 3478 alii
2693 3439 2833 3490 non;
2861 3424 2947 3478 alii
2987 3422 3220 3494 quotidie
3254 3420 3640 3478 communicant
3674 3405 3827 3482 corpori

2311 3527 2365 3572 et
2391 3517 2633 3587 sanguini
2661 3517 2906 3584 Domini,
2933 3517 3023 3572 alii
3048 3518 3208 3573 certis
3235 3517 3430 3573 diebus
3454 3515 3718 3585 accipiunt;
3741 3502 3827 3560 alilii

2310 3609 2486 3664 nullus
2520 3609 2632 3663 dies
2660 3609 3119 3679 praetermittitur,
3160 3623 3267 3679 quo
3309 3626 3412 3665 non
3447 3607 3704 3663 oll'eratur.
3735 3590 3824 3650 alili

2312 3701 2532 3755 sabbato
2564 3711 2764 3755 tantum
2797 3710 2850 3755 ct
2879 3701 3179 3766 dominico,
3209 3703 3334 3758 alihi
3365 3711 3557 3758 tantum
3592 3691 3823 3753 dominico:

2311 3799 2363 3846 et
2394 3791 2436 3844 si
2464 3791 2586 3860 quid
2614 3791 2754 3845 aliud
2784 3791 3081 3860 huiusmodi
3113 3792 3463 3848 animadverti
3491 3795 3677 3862 potest,
3705 3790 3823 3836 totum
3909 3773 3912 3776 ’

2312 3880 2414 3936 hoc
2446 3897 2611 3952 genus
2659 3896 2833 3936 rerum
2885 3882 3078 3938 liberas
3123 3882 3284 3938 habet
3329 3881 3728 3939 observationes;
3761 3881 3827 3923 "9°

2311 3973 2585 4042 disciplina
2631 3974 2731 4027 ulla
2781 3982 2859 4028 cst
2908 3974 2960 4029 in
3001 3973 3084 4028 his
3132 3974 3323 4030 melior
3364 3974 3506 4045 gravi
3548 3963 3826 4042 prudentique

2311 4064 2600 4118 christiano
2619 4105 2633 4131 ,
2664 4080 2820 4134 quam
2847 4073 2908 4118 ut
2931 4079 2996 4118 eo
3021 4065 3179 4119 modo
3209 4074 3335 4136 agat
3373 4080 3476 4136 quo
3515 4075 3660 4134 agere
3689 4049 3830 4110 viderit

2313 4155 2601 4210 Ecclesium
2627 4154 2692 4209 ad
2716 4171 2871 4226 quam
2901 4154 3035 4211 forte
3055 4155 3353 4212 devenerit.
3382 4155 3531 4222 Quod
3558 4152 3684 4207 enim
3706 4152 3829 4212 neque

2312 4257 2495 4300 contra
2527 4245 2716 4312 ﬁdem,
2761 4262 2933 4316 neque
2971 4255 3153 4302 contra
3197 4247 3369 4302 bonos
3407 4261 3577 4302 mores
3613 4255 3715 4298 esse
3739 4248 3829 4291 con-

2314 4340 2538 4394 vincitur
2571 4339 2624 4407 ³,
2673 4339 3037 4394 indifferenter
3077 4350 3160 4394 est
3209 4340 3542 4402 habendum,
3586 4344 3636 4390 et
3671 4333 3831 4404 ΡΓοΡίθτ

2314 4446 2496 4486 eorum
2526 4431 2663 4487 inter
2687 4447 2820 4500 quos
2848 4431 3039 4486 vivitur
3063 4432 3375 4488 societatem
3403 4428 3702 4488 servandum
3725 4428 3802 4476 esl-

2386 4523 2435 4577 ’5.
2479 4522 2649 4578 Credo
2681 4531 2730 4577 te
2756 4522 3036 4592 aliquando
3073 4539 3135 4579 ex
3177 4539 3262 4579 me
3303 4524 3544 4588 audisse,
3586 4517 3670 4574 sed
3707 4522 3832 4568 tamen

2317 4615 2474 4670 etiam
2503 4631 2641 4670 nunc
2667 4630 3046 4673 commemoro.
3088 4616 3256 4673 Mater
3291 4632 3411 4674 mea
3443 4613 3759 4671 Mediolanum
3779 4613 3838 4656 me

2317 4717 2632 4771 consecuta,
2668 4707 2868 4762 invenit
2913 4708 3206 4784 Ecclesium
3251 4711 3474 4764 sabbato
3514 4723 3612 4762 nou
3648 4701 3837 4773 jejutmn'

2319 4809 2460 4866 tem;
2505 4813 2739 4871 coeperat
2784 4801 3076 4871 perturbari
3123 4811 3177 4858 et
3218 4801 3475 4858 ﬂuctuare
3519 4797 3640 4871 quid
3677 4795 3838 4863 agere“

2317 4909 2437 4949 cum
2468 4910 2566 4965 ego
2593 4893 2714 4948 talia
2747 4909 2850 4947 non
2877 4893 3122 4948 curabam
3143 4934 3160 4961 ,
3191 4894 3284 4950 sed
3323 4903 3538 4964 propter
3574 4891 3721 4959 ipsam
3750 4893 3841 4934 cons

2318 4987 2454 5042 sului
2480 4986 2545 5041 de
2573 4987 2670 5040 hac
2700 5001 2755 5039 rc
2797 4985 3112 5040 beatissima:
3153 4986 3428 5041 memorize
3466 4984 3627 5038 virum
3664 4971 3841 5032 Ambro-

2319 5078 2489 5140 sium;
2528 5077 2801 5147 respondit
2835 5076 2964 5131 mihi
2995 5076 3124 5132 nihil
3155 5092 3212 5133 se
3243 5077 3436 5133 docere
3466 5091 3550 5131 me
3581 5083 3748 5144 posse.
3772 5057 3842 5115 niSi

2321 5171 2460 5244 quod
2506 5171 2618 5242 ipse
2663 5170 2890 5236 faceret,
2920 5171 3039 5241 quia
3085 5171 3130 5224 si
3173 5172 3362 5227 melius
3403 5175 3614 5225 nosset.
3644 5160 3690 5218 id
3715 5154 3844 5230 poti"S

2321 5266 2650 5322 observaret.
2677 5265 2916 5335 Cumque
2950 5281 3050 5335 ego
3079 5273 3343 5336 putassem
3364 5306 3379 5331 ,
3422 5263 3559 5318 nulla
3589 5254 3764 5314 reddita
3786 5258 3846 5298 τε·

2324 5359 2466 5415 tione
2485 5401 2500 5426 ,
2530 5358 2839 5414 auctoritate
2870 5359 2983 5413 sola
3010 5374 3104 5414 sua
3135 5374 3231 5415 nos
3259 5357 3492 5414 voluisse
3523 5353 3779 5410 admonere
3797 5349 3846 5393 υο
3926 5373 3927 5402 ι

2389 5518 2406 5550 ι
2434 5524 2483 5566 In
2505 5523 2587 5567 Ms.
2608 5515 2894 5567 Floriacensi
2918 5517 3214 5575 inscribitur,
3250 5513 3315 5565 ad
3337 5509 3620 5564 Jamtarium
3639 5495 3845 5558 Ναωὶωηε

2325 5580 2407 5629 Cui
2424 5580 2716 5643 suli'ragatur
2739 5592 2865 5628 unus
2887 5591 2917 5627 e
2956 5579 3224 5643 sorlionicis
3248 5586 3352 5643 tv-ss.

2387 5624 3228 5712 ξἰἧῖᾁᾷίόῐίῑὲεῖὲἑδροἱιὶιένὶέξ’ὲὶ
3249 5624 3397 5704 paulo
3419 5643 3548 5700 post,
3575 5624 3851 5695 conﬁan

2326 5709 2409 5755 aut
2443 5709 2748 5768 corrigerem.
3786 5744 3791 5748 .

2369 5767 2414 5829 A3
2437 5768 2510 5815 sic
2531 5775 2634 5817 Mss.
2667 5765 2910 5829 plerique.
2938 5772 2989 5814 At
3024 5763 3156 5825 add,
3198 5771 3375 5816 contra
3398 5759 3537 5813 bonos
3569 5764 3711 5808 utam
3734 5743 3856 5806 ἂνω·

2331 5824 2475 5893 gitur.
