3962 6392
521 266 628 326 907

522 392 649 438 ante
674 380 892 451 Legem,
941 378 1228 435 secundum
1259 378 1358 434 sub
1385 376 1547 449 Lege,
1583 378 1791 433 tertium
1834 379 1932 434 sub
1961 382 2095 435 Gra-

524 475 621 541 tia,
650 473 736 529 ubi
755 474 866 542 jam
898 471 1253 526 manifestatio
1288 480 1370 525 est
1398 471 1711 525 sacramenti
1741 472 1885 539 prius
1904 472 2095 527 occulti

524 581 582 620 in
610 562 924 635 prophetico
939 561 1240 633 amigmate.
1271 561 1382 617 Hoc
1400 577 1526 632 ergo
1546 570 1599 617 et
1632 562 1683 616 in
1710 561 1881 616 lunari
1907 578 2094 618 nume-

519 672 586 714 ro
606 658 965 727 significatur;
993 655 1115 726 quia
1140 655 1280 711 enim
1316 654 1643 724 septenarius
1680 670 1933 710 numerus
1960 654 2097 710 solet

522 750 578 805 in
608 748 895 819 Scripturis
915 747 982 801 ad
1005 745 1285 817 quamdam
1304 744 1679 816 perfectionem
1716 745 1975 815 mysticus
1998 761 2094 815 ap-

522 856 733 911 parere,
763 840 917 897 tertia
938 838 1266 897 hebdomada
1294 838 1429 892 lunae
1446 838 1646 893 Pascha
1672 838 1989 903 celebratur,
2008 838 2095 908 qui

523 933 642 989 dies
664 931 894 987 occurrit
914 948 944 987 a
970 939 1154 1001 quarta
1176 930 1379 985 decima
1424 928 1476 983 in
1507 928 1813 983 vicesimam
1848 929 2091 998 primam.

595 1022 823 1079 CAPUT
845 1020 1195 1077 lV.—6.Est
1242 1020 1349 1075 illic
1381 1028 1435 1075 et
1480 1019 1622 1074 aliud
1665 1019 2091 1087 Saeramentum,

521 1116 667 1188 quod
697 1116 742 1170 si
772 1114 861 1169 tibi
890 1113 1175 1168 obscurum
1219 1111 1394 1177 fuerit,
1419 1110 1539 1182 quia
1572 1110 1623 1166 in
1654 1110 1844 1165 talibus
1871 1110 2094 1180 inquisi-

517 1208 752 1264 tionibus
777 1208 952 1261 minus
979 1203 1218 1260 eruditus
1238 1220 1316 1270 es,
1348 1220 1451 1258 non
1472 1204 1832 1269 contristeris;
1866 1218 1962 1258 nec
1976 1202 2095 1258 ideo

516 1314 605 1354 me
634 1307 784 1369 putes
807 1295 1242 1365 meliorem,quia
1267 1295 1447 1350 luecin
1480 1295 1665 1350 studiis
1697 1294 1983 1364 puerilibus
2013 1295 2095 1349 di-

516 1390 661 1446 dici:
695 1390 795 1455 Qui
821 1389 962 1443 enim
991 1388 1257 1459 gloriatur,
1294 1386 1347 1439 in
1377 1401 1433 1440 eo
1452 1387 1712 1457 glorietur,
1752 1387 1939 1456 inquit,
1971 1387 2097 1442 scire

514 1489 565 1534 et
586 1480 862 1550 intelligere
885 1479 1123 1548 quoniam
1165 1492 1254 1548 ego
1298 1492 1409 1529 sum
1438 1475 1683 1529 Dominus
1709 1475 1838 1548 (Jer.
1878 1493 1956 1542 rx,
1979 1476 2092 1549 24).

514 1571 769 1627 Nonnulli
789 1586 915 1641 ergo
929 1568 1155 1625 studiosi
1173 1568 1352 1623 talium
1370 1583 1545 1623 rerum
1563 1569 1917 1638 quaesiverunt
1935 1570 2095 1625 multa

513 1662 585 1718 de
611 1664 846 1716 numeris
871 1662 889 1693 ¹
917 1670 972 1716 et
995 1659 1227 1715 motibus
1251 1658 1502 1714 siderum.
1530 1659 1595 1712 Et
1615 1658 1703 1729 qui
1731 1659 1974 1714 subtilius
1997 1661 2095 1716 ista

513 1754 736 1808 scrutati
774 1759 915 1817 sunt,
945 1752 1270 1806 incrementa
1317 1760 1370 1806 et
1397 1750 1737 1806 decrementa
1784 1752 1984 1806 lunaria
2029 1770 2093 1808 ex

515 1844 868 1900 conversione
890 1842 1030 1912 globi
1058 1842 1174 1911 ejus
1202 1842 1562 1911 conjecerunt,
1596 1858 1697 1897 non
1720 1842 1861 1913 quod
1898 1843 2093 1914 aliquid

512 1935 825 1991 substantiae
854 1933 935 1988 vel
978 1933 1195 1988 accedat
1218 1933 1268 1988 ei
1305 1946 1424 1988 eum
1467 1943 1708 2004 augetur,
1748 1934 1829 1989 vel
1872 1934 2095 1991 decedat

514 2038 639 2080 cum
669 2023 941 2089 tninnitur,
979 2022 1120 2094 quod
1142 2022 1307 2077 delira
1352 2022 1616 2093 imperitia
1638 2026 1658 2056 ²
1682 2023 1954 2080 Manichaei
1979 2025 2095 2096 opi-

512 2123 729 2178 nantes,
753 2113 947 2185 repleri
972 2128 1089 2168 eam
1118 2113 1385 2182 dixerunt,
1417 2116 1550 2170 sicut
1574 2116 1808 2187 repletur
1832 2119 2000 2186 navis,
2025 2135 2092 2173 ex

510 2205 728 2278 fugitiva
757 2206 846 2261 Dei
872 2214 1041 2277 parte,
1064 2221 1223 2276 quam
1275 2207 1616 2261 commixtam
1663 2208 1985 2278 principibus
2015 2219 2093 2264 te-

517 2297 808 2352 nebrarum
834 2305 1096 2351 eteorum
1122 2296 1365 2351 sordibus
1383 2296 1729 2367 inquinatam,
1747 2297 1907 2353 corde
1935 2309 2093 2370 atque

512 2401 612 2443 ore
637 2388 892 2457 sacrilego
920 2396 974 2442 et
1012 2387 1235 2443 credere
1276 2396 1327 2443 et
1355 2387 1498 2458 loqui
1530 2404 1633 2443 non
1671 2388 1930 2444 dubitant.
1958 2390 2091 2446 Hinc

512 2494 641 2550 ergo
666 2479 874 2548 impleri
898 2479 1074 2535 lunam
1096 2479 1297 2546 dicunt,
1327 2495 1449 2535 cum
1482 2480 1665 2536 eadem
1709 2496 1831 2551 pars
1860 2483 1952 2538 Dei
1980 2499 2095 2539 ma-

510 2571 634 2640 gnis
664 2569 931 2625 laboribus
947 2570 1014 2625 ab
1045 2570 1446 2641 inquinamento
1464 2581 1701 2642 purgata,
1720 2571 1785 2628 de
1812 2582 1921 2628 toto
1938 2591 2093 2630 mun-

508 2661 579 2717 do
621 2670 777 2730 atque
806 2661 1050 2715 omnibus
1079 2661 1273 2716 cloacis
1322 2661 1543 2732 fugiens,
1585 2662 1824 2718 redditur
1865 2664 1974 2721 Deo
2004 2666 2089 2721 lu-

506 2751 653 2822 genti
705 2749 831 2806 dum
884 2749 1099 2811 redeat;
1146 2751 1341 2821 repleri
1374 2766 1498 2806 vero
1526 2768 1622 2823 per
1648 2769 1884 2810 mensem
1931 2756 2089 2811 dimi-

507 2842 741 2908 dium,et
772 2841 876 2896 alio
902 2841 1123 2896 dimidio
1154 2842 1207 2896 in
1232 2843 1398 2897 solem
1426 2842 1655 2911 refundi,
1681 2846 1826 2900 velut
1854 2847 1904 2901 in
1926 2849 2087 2905 aliam

504 2946 717 2988 navem.
759 2929 868 2987 Nec
898 2942 1073 2985 tamen
1105 2932 1243 2987 inter
1268 2932 1397 2987 istas
1425 2933 1946 2991 anathematizaudas
1976 2940 2089 2993 bla-

503 3020 775 3091 sphemias
802 3020 1001 3092 aliquid
1030 3037 1257 3092 unquam
1288 3022 1486 3092 ﬁngere
1513 3034 1816 3094 potuerunt,
1859 3042 1955 3082 cur
2000 3030 2086 3085 vel

503 3112 764 3182 incipiens
792 3112 969 3168 lucere
995 3113 1074 3167 vel
1105 3112 1375 3179 desinens,
1399 3116 1724 3172 corniculato
1767 3118 1964 3174 lumine
1985 3120 2088 3175 ful-

503 3214 646 3274 gcat,
674 3212 766 3259 aut
789 3219 883 3258 cur
909 3219 941 3258 a
979 3203 1201 3258 dimidio
1232 3220 1415 3260 mense
1445 3207 1659 3277 incipiat
1685 3210 1872 3278 minui,
1900 3221 2084 3268 etnon

503 3293 572 3351 ad
602 3294 984 3351 refundendnm
1009 3296 1030 3327 ³
1056 3297 1205 3366 plena
1229 3299 1519 3367 perveniat.

577 3389 630 3443 7.
672 3386 753 3443 llli
782 3397 958 3442 autem
1002 3387 1090 3459 qui
1118 3388 1234 3444 ha-c
1262 3390 1424 3445 certis
1471 3392 1705 3448 numeris
1752 3394 2081 3467 indagarunt,

504 3482 579 3536 ita
598 3488 655 3535 ut
679 3489 731 3535 et
752 3478 992 3535 defectus
1019 3478 1148 3536 solis
1174 3491 1228 3536 et
1260 3480 1399 3536 luna:
1419 3497 1526 3536 non
1564 3484 1732 3538 solum
1758 3501 1855 3540 cur
1874 3489 2081 3556 tierent,

502 3570 600 3627 sed
629 3571 786 3626 etiam
829 3569 1041 3641 quando
1079 3570 1239 3625 futuri
1282 3582 1461 3626 essent
1492 3573 1651 3644 longe
1680 3586 1800 3631 ante
1827 3578 2084 3646 praedice-

504 3670 660 3727 rent,
702 3671 756 3716 et
798 3675 893 3716 eos
930 3660 1295 3716 determinetis
1330 3662 1619 3718 intervallis
1652 3675 1948 3736 temporum
1985 3686 2084 3725 ca-

503 3750 693 3819 nonica
735 3750 1105 3821 supputatione
1146 3755 1496 3823 praetigerent,
1528 3756 1823 3826 llllCl‘lStIlle
1857 3760 2080 3816 manda-

502 3852 644 3908 rent,
684 3859 815 3913 quas
838 3842 997 3897 modo
1013 3844 1099 3912 qui
1128 3844 1309 3914 legunt
1347 3855 1506 3917 atque
1539 3848 1855 3918 intelligunt,
1879 3852 2076 3908 nihilo-

500 3935 678 3990 minus
702 3948 797 3991 eos
831 3933 1153 4004 prtedicunt,
1202 3952 1301 3991 nec
1326 3938 1480 3993 aliter
1521 3948 1610 3992 aut
1655 3940 1784 3995 alias
1832 3943 2083 4000 accidunt

500 4041 657 4098 quam
707 4027 1018 4098 praedicunt.
1054 4028 1211 4083 Tales
1246 4044 1372 4099 ergo
1399 4031 1610 4102 (quibus
1640 4047 1745 4087 non
1796 4045 1879 4089 est.
1923 4036 2078 4106 igno—

498 4118 773 4184 scendum,
804 4120 943 4173 sicut
966 4128 1145 4174 sancta
1181 4118 1449 4190 Scriptura
1482 4122 1641 4187 dicit;
1666 4124 1787 4194 quia
1815 4142 1929 4180 cum
1955 4135 2075 4182 tan-

498 4222 604 4263 tum
637 4210 854 4263 ualerent
884 4218 938 4263 ut
969 4220 1168 4279 possent
1210 4212 1460 4266 wstimare
1505 4214 1767 4275 steculum.
1801 4215 2075 4272 Dominum

496 4299 625 4368 ejus,
665 4313 821 4367 quem
847 4298 1067 4367 supplici
1095 4299 1287 4368 pietate
1314 4313 1547 4371 possent,
1581 4321 1680 4357 non
1707 4306 1907 4376 [acilius
1937 4308 2074 4364 inve-

498 4401 677 4443 nerunt
693 4389 846 4461 [ευρ.
868 4405 980 4455 xui,
1000 4390 1103 4462 9]),
1122 4407 1186 4445 ex
1205 4392 1332 4460 ipsis
1347 4396 1593 4448 cornibus
1615 4396 1749 4450 luna:
1774 4413 1892 4468 qua:
1910 4415 1939 4454 a
1956 4404 2072 4458 sole

494 4496 681 4537 mersa
708 4490 853 4547 sunt,
894 4482 1004 4537 sive
1036 4484 1326 4538 crescentis
1349 4486 1460 4540 sive
1485 4484 1859 4556 decrescentis,
1890 4492 2071 4562 conje-

495 4581 686 4627 cernnt
713 4588 829 4628 eam
855 4573 939 4628 vel
978 4588 1008 4627 a
1034 4575 1145 4629 sole
1175 4574 1449 4639 illustrari,
1502 4586 1552 4631 et
1575 4587 1770 4647 quanto
1794 4581 1964 4651 magis
2000 4584 2071 4641 ab

493 4680 560 4721 eo
607 4665 896 4731 recederet,
927 4675 1070 4721 tanto
1094 4668 1261 4737 magis
1286 4667 1352 4722 ab
1377 4684 1437 4723 ea
1469 4679 1615 4739 parte
1639 4687 1755 4742 qum
1782 4675 1936 4730 terris
1967 4692 2068 4747 ap-

493 4766 663 4826 paret,
707 4756 884 4813 radios
920 4757 1036 4827 ejus
1067 4760 1347 4828 excipere;
1387 4772 1586 4831 quanto
1628 4773 1804 4818 autem
1832 4764 1897 4819 ad
1942 4783 2069 4823 eum

490 4849 658 4918 magis
678 4858 796 4920 post
818 4850 1093 4905 dimidium
1117 4866 1352 4907 mensem
1375 4867 1440 4907 ex
1459 4853 1561 4907 alio
1582 4855 1916 4913 semicirculo
1937 4875 2062 4928 pro-

489 4942 787 5012 pinquaret,
817 4951 964 4998 tanto
993 4944 1159 5013 magis
1197 4960 1227 4997 a
1257 4944 1513 5013 superiori
1558 4956 1703 5015 parte
1730 4947 2068 5017 illustratum,

438 5077 449 5083 .
490 5032 559 5088 ab
577 5048 641 5089 ea
668 5042 814 5104 parte
834 5051 988 5105 quam
1011 5038 1166 5092 terris
1194 5036 1494 5093 adverteret
1519 5053 1623 5093 non
1644 5053 1797 5109 posse
1819 5045 2071 5115 excipere

488 5126 686 5191 radios,
717 5134 771 5182 et
793 5136 1070 5197 propterea
1097 5128 1257 5184 videri
1277 5129 1620 5186 decrescere:
1650 5130 1733 5185 vel
1770 5134 1814 5186 si
1846 5133 2072 5191 haberet

490 5231 644 5273 suum
664 5217 863 5284 lumen,
895 5217 945 5273 id
974 5218 1165 5275 habere
1194 5236 1258 5276 ex
1283 5238 1384 5277 una
1412 5234 1558 5292 parte
1585 5224 1637 5278 in
1667 5224 2061 5294 hemisphaerio,

549 5375 567 5405 ι
607 5373 682 5437 sic
715 5378 824 5423 Mss.
870 5375 1247 5437 praestantiorem
1274 5382 1327 5437 At
1352 5383 1483 5437 l.ov.,
1504 5377 1661 5428 studio
1700 5376 1869 5428 talium
1899 5392 2070 5432 rerum

484 5433 804 5495 ηυωεὲινενωιι
826 5433 977 5486 multa
1000 5437 1061 5485 de
1083 5436 1373 5496 muneribus,
1399 5433 1495 5490 etc.

548 5498 569 5527 ⁸
592 5496 702 5545 Edd.
718 5496 884 5566 ,9!th
910 5496 1275 5566 tlclirmngntum
1294 5498 1433 5566 imper
1448 5499 1505 5566 iti
1524 5500 1791 5566 Arcuit-limi.
1808 5509 1922 5566 rise.
1945 5516 2064 5566 qua-

482 5556 755 5668 ;gmuod
771 5556 947 5609 delirat
970 5556 1213 5623 imperitia
1233 5556 1502 5612 Mani'cluci.
1526 5562 1611 5611 Alii
1632 5563 1747 5625 duo,
1780 5564 1936 5616 delira
1962 5556 2064 5618 ’ἰηι-

485 5628 710 5737 “iuga.
734 5694 952 5751 septem,
974 5689 1041 5741 ad
1062 5686 1328 5755 finiendtmt
1362 5689 1503 5754 plena
1523 5686 1780 5753 perueniat.

2065 5755 2130 5777 μοι,

2112 5781 2133 5797 γ

1748 262 1804 322 S.
1847 262 2205 325 AUGUSTINI
2245 267 2547 327 EPISCOPl

3656 284 3748 345 ξοδ

2203 396 2359 451 quam
2385 392 2582 451 partem
2604 397 2724 437 cum
2750 383 3005 442 recedens
3030 400 3062 442 a
3082 386 3195 444 sole
3225 388 3466 459 paulatim
3486 393 3642 452 terris
3666 412 3747 453 os-

2206 470 2505 539 tenderet‘,
2551 473 2721 530 donec
2748 486 2908 530 totam
2939 480 3259 547 ostenderet,
3306 486 3450 552 quasi
3484 500 3748 557 augmenta

2204 574 2520 621 monstrare.
2544 563 2667 620 dum
2696 582 2797 621 non
2823 566 3045 637 addatur
3066 570 3203 639 quod
3230 570 3427 638 deerat,
3449 576 3542 629 sed
3578 578 3751 646 proda-

2206 662 2294 707 tur
2317 654 2458 724 qnod
2496 654 2694 723 inerat;
2713 673 2774 712 ac
2804 675 2983 714 rursus
3012 661 3260 728 paulatim
3286 662 3607 721 abscondere
3630 671 3754 738 quod

2205 746 2454 815 patebat,
2510 758 2565 803 et
2598 747 2715 804 ideo
2766 750 2930 806 videri
2977 751 3305 809 decrescere.
3356 754 3459 811 Sed
3504 759 3755 827 quodlibet

2205 836 2395 892 horum
2439 840 2507 894 sit
2553 841 2798 908 duorum,
2833 844 2959 899 illud
3012 854 3157 901 certe
3207 848 3542 904 manifestum
3572 861 3669 918 est,
3708 864 3755 909 et

2206 932 2374 988 Cuivis
2417 934 2710 991 advertenti
2757 938 2907 994 facile
2942 940 3244 1010 cognitum,
3304 942 3447 1013 quod
3492 944 3615 999 luna
3664 962 3755 1003 non

2201 1034 2451 1093 augeatur
2470 1026 2535 1081 ad
2553 1028 2735 1083 oculos
2748 1044 2980 1097 nosrros,
2994 1032 3094 1087 nisi
3105 1047 3135 1087 a
3150 1033 3262 1089 sole
3273 1034 3590 1103 recedendo,
3605 1052 3755 1109 neque

2201 1115 2490 1182 minuatur,
2528 1118 2631 1173 nisi
2666 1120 2734 1174 ad
2771 1121 2937 1176 solem
2962 1138 3029 1179 ex
3055 1133 3205 1192 parte
3221 1125 3323 1180 alia
3350 1126 3752 1197 propinquando.

2270 1209 2498 1266 CAPUT
2539 1211 2742 1268 V.—8.
2767 1214 2991 1271 Attende
3030 1232 3168 1273 nunc
3196 1218 3337 1288 quod
3377 1220 3431 1274 in
3475 1220 3756 1277 Proverbiis

2201 1303 2395 1374 legitur
2418 1322 2430 1357 :
2455 1303 2672 1375 Sapiens
2699 1307 2827 1361 sicut
2856 1308 2934 1362 sol
2965 1320 3255 1379 permanet;
3277 1311 3460 1367 stultus
3485 1312 3757 1368 aiuntsic-

2200 1407 2256 1451 ut
2277 1398 2398 1451 luna
2420 1407 2642 1451 mutatur
2664 1397 2849 1470 (Eccli.
2876 1415 3051 1465 xxvu,
3082 1400 3193 1474 t2).
3222 1402 3287 1457 Et
3315 1404 3434 1473 quis
3456 1413 3545 1459 est
3569 1404 3758 1477 sapiens

2201 1488 2289 1559 qui
2312 1498 2604 1559 permanet,
2629 1489 2727 1543 nisi
2758 1490 2943 1546 solille
2965 1492 3183 1561 jnstitiae
3210 1492 3277 1549 de
3304 1509 3408 1564 quo
3435 1495 3652 1561 dicitur,
3676 1496 3758 1550 0r-

2201 1590 2281 1634 tus
2309 1591 2379 1636 est
2403 1582 2526 1636 mihi
2549 1583 2625 1637 sol
2642 1584 2879 1653 justitiw,
2897 1593 2951 1640 et
2977 1601 3133 1654 quem
3164 1586 3263 1642 sibi
3292 1602 3397 1642 non
3419 1586 3591 1643 fuisse
3604 1598 3761 1645 ortum

2200 1672 2253 1725 in
2274 1671 2362 1727 die
2390 1672 2669 1728 novissima
2699 1674 3005 1745 plangentes
3025 1675 3172 1746 impii
3200 1677 3389 1733 dicturi
3415 1688 3547 1733 sunt
3570 1698 3582 1733 :
3603 1678 3667 1734 Et
3684 1683 3761 1750 ju-

2198 1763 2349 1818 stitia:
2367 1763 2533 1818 lumen
2560 1781 2659 1818 non
2678 1764 2805 1818 luxit
2825 1766 2981 1830 nobis,
3001 1776 3045 1820 et
3072 1768 3148 1821 sol
3167 1769 3187 1798 ²
3209 1783 3310 1822 non
3332 1778 3468 1823 ortus
3501 1778 3575 1823 est
3602 1770 3759 1827 nobis?

2203 1853 2355 1926 (Sap.
2390 1872 2443 1922 v,
2472 1857 2550 1929 6.)
2591 1856 2724 1912 Nam
2750 1857 2906 1912 istum
2922 1858 3096 1912 carnis
3115 1858 3283 1914 oculis
3314 1858 3581 1916 visibilem
3612 1862 3761 1919 solem

2199 1948 2327 2004 oriri
2349 1948 2471 2004 facit
2496 1965 2659 2020 super
2686 1951 2852 2005 bonos
2877 1958 2932 2005 et
2954 1950 3123 2006 malos
3150 1950 3312 2018 Deus,
3347 1954 3435 2022 qui
3454 1952 3621 2008 etiam
3649 1955 3762 2023 pluit

2200 2043 2547 2114 superjustos
2568 2054 2621 2099 et
2658 2043 2881 2114 injustos
2913 2042 3124 2116 (Matth.
3149 2060 3204 2110 v,
3252 2044 3368 2115 45).
3398 2045 3763 2103 Ducunturau—

2200 2148 2307 2195 tem
2329 2154 2471 2210 saepe
2496 2154 2562 2195 ex
2582 2139 2742 2194 rebus
2770 2139 3064 2194 visibilibus
3096 2140 3164 2195 ad
3207 2139 3487 2197 invisibilia
3536 2158 3763 2213 congrum

2199 2230 2743 2299 similitudines.Quis
2771 2241 2854 2286 est
2879 2246 3008 2302 ergo
3055 2232 3139 2287 ille
3168 2233 3378 2300 stultus,
3407 2234 3500 2305 qui
3536 2243 3760 2306 tanquam

2199 2321 2320 2375 luna
2343 2329 2592 2387 mutatur,
2621 2321 2723 2375 nisi
2758 2320 2926 2376 Adam
2962 2322 3014 2376 in
3043 2336 3149 2393 quo
3177 2337 3364 2377 omnes
3382 2324 3759 2394 peccaverunt?

2198 2412 2389 2467 Anima
2418 2412 2611 2483 quippe
2627 2410 2854 2466 humana
2876 2411 3134 2467 recedens
3154 2429 3183 2467 a
3207 2413 3319 2467 sole
3334 2413 3588 2482 jnstitiae,
3607 2415 3671 2470 ab
3690 2415 3763 2471 illa

2199 2506 2406 2561 scilicet
2435 2504 2640 2559 interna
2674 2504 3120 2575 contemplatione
3162 2503 3617 2562 incommutabilis
3641 2506 3765 2561 veri-

2200 2596 2343 2660 tatis,
2373 2610 2559 2651 omnes
2582 2597 2721 2651 vires
2742 2610 2867 2651 suas
2887 2595 2938 2650 in
2962 2604 3181 2650 externa
3207 2598 3489 2662 convertit,
3505 2606 3645 2653 eteo
3669 2612 3767 2652 rna-

2198 2689 2277 2758 gis
2304 2689 2576 2759 magisque
2613 2687 2927 2743 obscuratur
2951 2687 3003 2741 in
3031 2686 3370 2741 interioribus
3392 2703 3456 2743 ac
3483 2688 3766 2761 superiori-

2198 2777 2299 2832 bus
2326 2778 2436 2832 suis
2466 2796 2479 2832 :
2511 2777 2606 2835 sed
2621 2794 2742 2833 cum
2770 2777 2947 2834 redire
2972 2780 3194 2849 coeperit
3216 2778 3282 2834 ad
3305 2779 3446 2834 illam
3479 2780 3766 2835 incommu-

2198 2868 2412 2923 tabilem
2440 2869 2773 2940 sapientiam.
2802 2879 3001 2940 quanto
3023 2871 3188 2940 magis
3213 2871 3262 2924 ei
3290 2872 3683 2942 appropinquat
3701 2871 3767 2927 al.

2200 2959 2340 3014 fectu
2358 2960 2589 3030 pietatis,
2605 2969 2751 3014 tanto
2774 2962 2943 3031 magis
2961 2962 3197 3016 exterior
3218 2962 3376 3017 homo
3390 2964 3764 3033 corrumpitur,

2196 3052 2290 3107 sed
2320 3051 2540 3107 interior
2568 3062 2852 3108 renovatur
2871 3053 2937 3108 de
2974 3053 3060 3108 die
3088 3054 3141 3108 in
3175 3054 3335 3121 diem,
3381 3055 3669 3126 omnisque
3693 3056 3767 3109 lus

2194 3141 2283 3196 illa
2324 3142 2540 3213 ingenii,
2566 3160 2685 3215 qua:
2718 3143 2785 3198 ad
2818 3143 3066 3200 inferiora
3093 3145 3363 3215 vergebat,
3401 3145 3471 3200 ad
3498 3148 3771 3217 superiora

2194 3235 2544 3299 convertitur,
2585 3243 2694 3290 eta
2735 3236 2957 3291 terrenis
2991 3236 3382 3307 quodammodo
3409 3237 3679 3307 aufertur,
3720 3250 3770 3295 ut

2195 3326 2365 3398 magis
2390 3327 2658 3397 magisque
2676 3326 2798 3382 huic
2810 3328 3005 3382 saeculo
3023 3329 3295 3397 moriatur,
3317 3340 3371 3385 et
3389 3330 3497 3385 vita
3529 3330 3649 3403 ejus
3660 3331 3770 3389 abs-

2194 3420 2454 3475 condatnr
2482 3435 2602 3474 eum
2632 3417 2841 3476 Christo
2868 3421 2916 3475 in
2950 3421 3077 3475 Deo.

2263 3511 2316 3565 9.
2360 3510 2588 3565 Mutatur
2611 3526 2738 3581 ergo
2768 3511 2822 3566 in
2866 3510 3099 3567 deterius
3128 3511 3194 3567 ad
3246 3514 3509 3570 exteriora
3565 3532 3770 3589 progre~

2193 3600 2366 3667 diens,
2400 3610 2451 3655 et
2476 3601 2527 3654 in
2550 3601 2651 3655 vita
2678 3616 2767 3655 sua
2798 3601 3083 3672 projicieus
3105 3603 3287 3658 intima
3314 3619 3439 3669 sua;
3464 3616 3521 3661 et
3550 3606 3654 3663 hoc
3672 3618 3765 3662 ter-

2190 3709 2287 3758 rae,
2319 3692 2369 3747 id
2385 3701 2466 3747 est
2480 3692 2557 3748 eis
2584 3693 2672 3763 qui
2700 3701 2905 3748 terrena
2926 3693 3159 3762 sapiunt,
3189 3695 3375 3750 melius
3395 3695 3631 3765 videtur,
3654 3712 3764 3752 cum

2190 3784 2434 3841 laudatur
2452 3795 2697 3855 peccator
2725 3784 2775 3839 iu
2804 3784 3084 3839 desideriis
3100 3786 3289 3840 animzc
3317 3801 3450 3854 suae,
3475 3797 3532 3842 et
3553 3790 3641 3859 qui
3674 3788 3765 3843 ini-

2192 3892 2296 3946 qua
2325 3877 2480 3947 gerit,
2522 3876 2850 3932 benedicitnr
2879 3874 3049 3949 (Psal.
3102 3892 3176 3942 ιχ,
3205 3874 3282 3950 3).
3331 3876 3565 3933 Mutatur
3594 3892 3767 3935 autem

2192 3971 2245 4024 in
2275 3970 2487 4036 melius,
2517 3986 2635 4024 cum
2668 3969 3011 4023 intentionem
3034 3984 3183 4023 suam
3211 3980 3264 4024 et
3288 3969 3510 4040 gloriam
3541 3987 3573 4025 a
3605 3982 3766 4028 terre-
3834 4008 3842 4018 ο

2189 4062 2295 4124 nis,
2317 4078 2433 4132 quae
2464 4062 2514 4116 in
2541 4060 2643 4116 hoc
2672 4061 2865 4116 saeculo
2885 4072 3160 4132 apparent,
3195 4062 3441 4132 paulatim
3470 4065 3689 4130 avertit,
3720 4072 3767 4119 et

2188 4152 2255 4207 ad
2284 4154 2556 4223 superiora
2581 4162 2736 4224 atque
2766 4154 3013 4209 interiora
3046 4154 3065 4185 '
3085 4153 3374 4220 convertit;
3404 4166 3457 4209 et
3485 4154 3586 4210 hoc
3616 4166 3765 4210 terra:

2186 4243 2240 4298 id
2271 4254 2351 4298 est
2379 4245 2455 4298 eis
2484 4244 2570 4315 qui
2604 4254 2810 4299 terrena
2842 4244 3072 4313 sapiunt,
3103 4244 3338 4299 deterius
3366 4244 3595 4301 videtur.
3625 4244 3766 4302 Unde

2186 4338 2259 4394 illi
2308 4337 2451 4406 impii
2493 4345 2760 4406 postremo
2816 4335 3193 4391 infructuosam
3243 4346 3459 4408 agentes
3506 4339 3765 4407 paeniten-

2191 4433 2351 4497 tiam,
2393 4431 2549 4484 etiam
2583 4430 2681 4483 hoc
2726 4430 2864 4484 inter
2911 4430 3075 4486 multa
3107 4431 3296 4485 dicturi
3331 4440 3452 4486 sunt
3494 4449 3506 4484 :
3556 4429 3610 4485 Ii
3654 4438 3767 4485 sunt

2185 4541 2309 4595 quos
2330 4524 2600 4593 aliquando
2628 4521 2895 4577 habuimus
2921 4524 2972 4577 in
2998 4524 3217 4577 derisum
3241 4533 3287 4577 et
3307 4523 3359 4577 in
3387 4524 3765 4579 similitudinem

2185 4617 2478 4687 improperii
2512 4632 2530 4669 :
2556 4633 2645 4670 nos
2688 4615 2926 4669 insensati
2958 4615 3109 4668 vitam
3149 4614 3351 4669 illorum
3395 4613 3765 4669 mstimabamus

2185 4708 2432 4762 insaniam
2454 4706 2606 4778 (Sap.
2634 4723 2686 4771 v,
2719 4707 2772 4771 '5,
2811 4707 2889 4774 4).
2925 4709 2998 4760 Ac
3027 4721 3122 4777 per
3148 4706 3247 4762 hoc
3280 4704 3507 4776 Spiritus
3549 4716 3765 4760 sanctus

2184 4799 2253 4854 de
2274 4798 2564 4854 visibilibus
2589 4798 2653 4852 ad
2683 4797 3055 4861 invisibilia,et
3082 4797 3147 4853 de
3176 4798 3536 4866 corporalibus
3556 4797 3625 4852 ad
3654 4798 3763 4867 spi-

2184 4890 2391 4945 ritualia
2433 4898 2765 4947 sacramenta
2793 4889 3190 4943 similitudinem
3229 4889 3450 4955 ducens,
3484 4891 3763 4944 transitum

2186 4983 2329 5037 illum
2358 4983 2424 5037 de
2451 4983 2549 5036 alia
2580 4983 2684 5037 vita
2708 4982 2759 5036 in
2798 4983 2950 5036 aliam
2975 4982 3158 5043 vitam.
3189 4981 3329 5052 quod
3368 4983 3565 5039 Pascha
3588 4986 3764 5039 nomi-

2184 5090 2363 5143 natur,
2386 5095 2416 5133 a
2446 5090 2633 5149 quarta
2662 5079 2867 5133 decima
2895 5078 3017 5132 luna
3047 5078 3210 5132 voluit
3237 5077 3530 5144 observari,
3558 5088 3615 5132 ut
3656 5095 3763 5135 non

2248 5194 2265 5224 ί
2291 5198 2397 5240 Mss.
2432 5198 2625 5255 septem
2646 5226 2661 5251 ,
2682 5204 2826 5255 quam
2858 5197 3042 5255 partem
3084 5202 3195 5241 cum
3233 5190 3479 5242 recederet
3510 5206 3541 5241 a

2178 5260 2327 5306 totam
2362 5249 2525 5301 ostenil
2541 5260 2644 5302 ret.

2250 5318 2270 5348 ²
2295 5322 2422 5372 Lov.,
2438 5321 2481 5363 ct
2500 5312 2781 5375 soljustitite
2798 5326 2889 5364 non
2912 5320 3042 5364 ortus
3060 5320 3145 5373 est,
3173 5322 3268 5364 etc.
3294 5314 3441 5365 Abest
3460 5323 3620 5365 autem
3645 5328 3763 5373 vox,

2171 5375 2394 5441 jnstitiw,
2422 5391 2447 5423 ιι
2467 5383 2576 5424 Mss.
2603 5384 2654 5426 et
2673 5378 3027 5439 antiquioribus
3049 5376 3183 5433 Edd.,
3208 5389 3396 5441 necnon
3412 5390 3441 5425 a
3462 5389 3616 5441 graeca
3658 5388 3763 5425 ver-

2184 5438 2322 5490 Sioue
2348 5452 2462 5495 Lxx,
2482 5450 2624 5499 quam
2647 5438 2914 5499 sequuntur
2938 5442 3335 5495 Ambros.,serm.
3356 5438 3388 5487 3
3410 5446 3461 5488 et
3472 5438 3558 5496 ⁷16,
3574 5445 3630 5499 et
3650 5444 3765 5499 αρ-

2185 5515 2312 5572 gor.,_
2341 5500 2424 5548 lib.
2449 5495 2512 5548 54
2532 5495 2778 5559 ωοηιιηὶξ.
2803 5500 2851 5558 6,
2878 5505 2974 5550 etc.
3000 5508 3056 5550 At
3077 5500 3273 5563 Vulgata
3291 5501 3464 5561 habet,
3484 5499 3551 5551 sol
3578 5495 3763 5549 intelli-

2178 5576 2233 5613 ea;
2244 5570 2372 5613 ntitv.

2400 5630 2506 5673 Mss.
2544 5623 2602 5688 {Id
2632 5637 2754 5688 (lues
2789 5623 3234 5688 απεάιωιμιιεμάκει
3254 5632 3353 5674 Αῐηο
3390 5631 3444 5675 At
3464 5633 3566 5688 [ω’
3596 5629 3652 5672 et
3679 5627 3757 5670 En

2183 5686 2388 5751 habent,
2414 5694 2458 5739 et
2498 5686 2562 5738 ad
2586 5686 2714 5750 super
2730 5686 2834 5738 ioru
2855 5686 2915 5736 ab
2951 5686 3257 5749 inferioribus
3279 5687 3517 5739 convertit.
