3962 6378
196 543 340 597 solum
361 541 554 606 propter
597 535 811 598 tempus
839 524 1073 590 tertium,
1114 523 1254 594 quod
1293 536 1452 592 supra
1499 537 1731 587 comme—

201 626 390 689 moravi,
412 623 522 693 quia
534 618 657 674 inde
673 617 858 686 incipit
877 614 1206 671 hebdomada
1236 614 1388 668 tertia
1411 631 1424 677 ;
1455 614 1549 668 sed
1570 614 1729 669 etiam

198 728 383 793 propter
410 716 567 783 ipsam
604 709 1002 765 conversionem
1031 706 1097 761 ab
1122 704 1475 760 exterioribus
1499 704 1565 759 ad
1593 705 1729 760 inte-

199 814 332 872 riora,
362 806 422 861 de
450 806 564 858 luna
590 800 881 856 similitudo
924 806 1288 854 assumeretur
1317 816 1331 851 :
1363 812 1532 868 usque
1561 797 1626 852 ad
1651 797 1732 852 vi.

196 902 410 958 cesimam
439 908 562 949 vero
601 901 653 947 et
708 892 955 962 primam,
987 898 1203 963 propter
1242 889 1414 958 ipsum
1448 904 1728 945 numerum

196 990 531 1064 srptenarium,
568 1001 669 1055 quo
697 984 1057 1039 univcrsitatis
1081 982 1394 1052 signiﬁcatio
1422 997 1564 1052 saepe
1594 980 1727 1052 (igu-

193 1093 330 1147 ratnr,
348 1079 427 1150 qui
454 1078 606 1133 etiam
635 1076 735 1147 ipsi
758 1075 1005 1131 Ecclesia:
1028 1073 1292 1140 tribuitur,
1316 1083 1534 1144 prapter
1560 1073 1729 1129 instar

195 1171 522 1229 universitatis.

251 1263 447 1321 CM‘U‘I‘
479 1260 723 1317 Vl.-—10.
751 1260 875 1315 Ideo
893 1258 1126 1314 Joannes
1151 1258 1422 1327 apostolus
1443 1258 1494 1311 in
1518 1257 1725 1328 Apoca-

192 1361 320 1431 lypsi,
346 1357 404 1412 ad
430 1367 625 1425 septem
656 1355 845 1409 scribit
886 1353 1168 1409 Ecclesias.
1210 1352 1447 1407 Ecclesia
1477 1367 1605 1406 vero
1631 1352 1726 1405 ad-

194 1452 280 1506 huc
302 1451 345 1505 in
369 1450 454 1504 ista
481 1447 803 1503 mortalitate
848 1446 1026 1501 carnis
1052 1446 1362 1511 constituta,
1396 1454 1613 1515 propter
1647 1444 1726 1514 ip-

196 1557 289 1598 sam
319 1540 711 1602 mutabilitatem,
742 1539 879 1593 luum
910 1536 1124 1592 nomine
1163 1536 1215 1590 iu
1239 1536 1526 1605 Scripturis
1550 1536 1725 1605 signa-

193 1643 277 1689 tur.
304 1632 429 1689 Unde
467 1642 545 1686 est
577 1631 706 1685 illud
738 1647 749 1683 :
787 1629 1101 1683 Paraverunt
1128 1629 1336 1696 sagittas
1361 1644 1480 1681 suas
1508 1628 1561 1680 in
1597 1626 1726 1696 pha-

190 1735 321 1789 retra,
358 1731 406 1776 ut
428 1723 659 1793 sagittent
688 1723 741 1775 in
773 1720 979 1775 obscura
1008 1719 1128 1773 luna
1170 1727 1331 1773 rectos
1369 1718 1519 1771 corde
1552 1715 1721 1789 (Psal.

189 1832 235 1881 κ,
258 1818 299 1882 3,
324 1816 576 1870 secundum
596 1812 781 1885 LXX).
801 1814 952 1868 Prius
978 1812 1119 1868 enim
1148 1826 1305 1881 quam
1323 1809 1412 1864 fiat
1436 1808 1562 1864 illud
1582 1808 1724 1879 quod

182 1909 286 1965 dicit
319 1909 610 1978 Apostolus,
642 1907 771 1964 Cum
798 1906 1025 1962 Christus
1053 1904 1346 1975 apparuerit
1384 1903 1487 1956 rita
1525 1912 1719 1968 vestra,

182 2010 277 2054 tunc
295 2011 335 2055 et
350 2017 427 2055 vos
445 1999 750 2071 apparebitis
772 2016 883 2052 cum
910 1999 1019 2070 ipso
1039 1998 1091 2050 in
1114 1995 1276 2067 gloria
1305 1992 1519 2066 (Coloss.
1539 2009 1618 2059 ιιι,
1640 1991 1720 2065 4),

181 2094 367 2149 obscura
394 2094 593 2149 videtur
624 2093 860 2148 Ecclesia
910 2092 962 2145 in
1015 2099 1254 2160 tempore
1281 2085 1722 2158 peregrinationis

180 2201 284 2251 sum,
301 2186 428 2242 inter
445 2186 639 2240 multas
669 2184 970 2255 iniquitates
993 2195 1241 2253 gemens;
1272 2188 1326 2234 et
1351 2188 1476 2233 tunc
1500 2187 1622 2233 sunt
1653 2176 1722 2231 ti-

179 2275 352 2330 mendae
369 2276 562 2330 insidia:
587 2274 850 2329 l'allacium
878 2272 1217 2328 seductorum
1246 2285 1376 2341 quas
1402 2270 1618 2323 nomine
1639 2283 1725 2323 sa-

178 2370 387 2437 gittarum
414 2368 635 2440 intelligi
665 2367 853 2422 voluit.
885 2364 1038 2422 Unde
1064 2366 1168 2419 alio
1198 2364 1314 2419 loco
1344 2371 1560 2433 propter
1590 2379 1725 2417 nun-

184 2459 271 2511 tios
292 2458 598 2515 ﬁdelissimos
628 2458 886 2523 veritatis,
915 2472 1049 2527 quos
1078 2455 1271 2526 ubique
1299 2453 1437 2524 parit
1465 2453 1719 2519 Ecclesia,

183 2538 541 2606 dicitur:l.una
595 2551 735 2605 testis
773 2550 827 2604 in
859 2548 985 2603 cmlo
1011 2547 1175 2617 ﬁdelis
1227 2544 1399 2610 (Psal.
1446 2560 1720 2612 Lxxxvm,

174 2639 267 2713 58).
296 2642 351 2696 Et
385 2659 493 2698 cum
548 2642 622 2698 de
670 2655 835 2712 regno
864 2638 1073 2695 Domini
1128 2637 1407 2693 Psalmista
1458 2646 1718 2703 cantaret,

176 2729 361 2799 Orictur,
390 2734 583 2805 inquit,
600 2733 652 2787 in
674 2732 848 2787 diebus
873 2736 982 2801 ejus
994 2730 1199 2801 justitia
1226 2739 1272 2783 et
1298 2728 1610 2782 abundantia
1625 2746 1722 2800 pa-

177 2824 253 2891 cis,
276 2826 405 2880 donec
423 2825 770 2896 interﬁciatur
800 2826 920 2879 (una
941 2821 1107 2891 (Psal.
1140 2821 1358 2890 LXXI,7)
1383 2839 1395 2875 :
1420 2820 1469 2875 id
1494 2830 1573 2875 est
1592 2861 1607 2885 ,
1630 2820 1724 2874 ab-

173 2918 378 2972 undantia
397 2920 550 2989 pacis
577 2920 630 2973 in
648 2926 850 2972 tantum
880 2915 1289 2979 crescet,donec
1313 2930 1522 2969 omnem
1554 2924 1725 2969 muta-

169 3008 386 3066 bilitatem
404 3011 753 3068 mortalitatis
764 3010 1027 3064 absumat.
1045 3008 1195 3064 Tunc
1213 3009 1496 3062 novissima
1511 3009 1723 3063 inimica

171 3101 434 3160 destruetur
458 3119 637 3169 mors,
667 3113 721 3161 et
748 3102 1002 3175 quidquid
1022 3102 1174 3158 nobis
1190 3102 1388 3158 resistit
1414 3118 1478 3156 ex
1510 3102 1727 3156 inlimi-

171 3202 259 3251 tate
282 3199 457 3263 carnis,
483 3197 638 3253 unde
653 3196 806 3251 nobis
820 3195 1053 3267 perfecta
1077 3211 1176 3265 pax
1198 3195 1433 3250 nondum
1460 3205 1561 3263 est,
1591 3211 1721 3250 con—

169 3296 376 3346 sumetur
387 3290 634 3355 omnino,
663 3303 785 3345 cum
802 3286 1147 3357 corruptibile
1172 3285 1275 3341 hoc
1302 3285 1530 3341 induerit
1551 3285 1725 3340 incor-

171 3382 428 3449 ruptionem
454 3423 469 3446 ,
497 3391 565 3437 et
603 3366 831 3435 miirtale
876 3378 980 3434 hoc
1019 3377 1249 3433 induerit
1275 3376 1725 3432 immortalitatem

171 3466 414 3540 (lCor.xv,
431 3472 528 3535 26,
557 3471 772 3543 55,54).
792 3468 1403 3527 Undeetilliuscivitatis
1422 3469 1581 3537 muri,
1608 3485 1726 3541 quae

172 3558 351 3616 Jericho
371 3563 691 3634 appellatur,
716 3577 835 3634 quae
854 3560 906 3616 in
943 3560 1156 3616 hebrmo
1171 3562 1383 3632 eloquio
1395 3562 1542 3617 Luna
1566 3565 1727 3618 inter-

175 3656 339 3723 pretari
380 3656 598 3721 dicitur,
632 3656 864 3725 septimo
892 3654 1116 3709 circuitu
1169 3655 1488 3709 circumacta
1537 3655 1727 3709 Testa-

176 3749 312 3801 menti
326 3766 436 3805 arca
452 3756 783 3805 corruerunt
804 3746 984 3818 (Iosue
1007 3763 1080 3811 vt,
1109 3747 1225 3819 20).
1257 3746 1394 3814 Quid
1422 3748 1564 3803 enim
1589 3765 1729 3804 nunc

175 3834 295 3891 aliud
318 3841 412 3907 agit
438 3836 780 3895 annuntiatio
809 3839 953 3909 regni
982 3838 1238 3893 caelorum
1257 3879 1271 3900 ,
1301 3854 1458 3908 quam
1502 3838 1729 3894 circum-

172 3930 289 3985 actio
311 3948 435 3987 arczr.
450 3930 795 4004 signiﬁcavit,
820 3930 917 3985 nisi
946 3939 1004 3983 ut
1030 3929 1206 3984 omnia
1225 3930 1550 3985 munimenta
1582 3945 1729 3985 mor-

175 4023 274 4077 talis
291 4026 420 4094 vitm,
450 4028 502 4081 id
537 4033 641 4089 est,
671 4024 847 4079 omnis
872 4038 997 4094 spes
1035 4022 1190 4093 hujus
1218 4022 1416 4088 saeculi,
1450 4038 1568 4093 quze
1595 4024 1730 4079 resi-

173 4116 247 4170 stit
280 4119 381 4186 spei
422 4117 587 4173 futuri
613 4116 813 4177 saeculi.
866 4115 918 4171 iu
969 4115 1112 4171 dono
1156 4115 1457 4185 septenario
1502 4115 1731 4185 Spiritus

174 4212 315 4263 sancti
333 4227 418 4280 per
445 4212 675 4267 liberum
702 4208 977 4263 arbitrium
1001 4206 1341 4264 destruatur?
1361 4206 1441 4262 0b
1462 4206 1562 4261 hoc
1588 4206 1729 4261 enim

173 4299 505 4358 circumeunte
535 4313 798 4365 arca,uon
829 4297 1055 4369 impulsu
1072 4297 1304 4352 violento
1331 4297 1405 4351 illi
1428 4296 1563 4351 muri
1593 4296 1733 4351 ccci-

178 4390 359 4457 derunt,
382 4395 471 4451 sed
500 4403 714 4465 sponte.
742 4391 876 4447 Sunt
896 4400 950 4446 et
976 4391 1075 4445 alia
1106 4390 1407 4445 testimonia
1434 4388 1732 4459 Scriptura-

176 4496 300 4548 rum,
325 4501 427 4556 qua:
453 4487 611 4543 nobis
628 4486 872 4556 ingerunt
895 4482 1562 4554 percommemorationem
1588 4480 1730 4535 luna:

174 4570 397 4631 Ecclesia:
424 4577 899 4648 signiﬁcationem,
933 4590 1050 4645 quae
1093 4575 1145 4628 in
1178 4574 1275 4628 ista
1303 4572 1621 4627 mortalitate
1664 4572 1732 4626 ab

174 4664 250 4721 illa
270 4666 575 4736 Jerusalem,
595 4669 747 4739 cujus
766 4669 910 4722 cives
929 4665 1097 4720 sancti
1120 4664 1308 4734 Angcli
1352 4672 1494 4730 sunt,
1525 4664 1576 4718 in
1595 4679 1731 4719 atru-

173 4758 295 4813 mnis
319 4772 369 4814 et
388 4762 662 4816 laboribus
690 4760 1075 4831 peregrinatur.

234 4852 314 4906 ll.
338 4851 453 4907 Non
483 4854 601 4909 ideo
630 4861 805 4907 tamen
835 4860 1021 4922 putare
1041 4848 1237 4904 debent
1256 4848 1417 4913 stulti,
1440 4848 1526 4919 qui
1548 4847 1735 4905 nolunt

174 4941 219 4995 in
242 4945 421 5001 melius
448 4944 786 5006 commutari,
814 4941 1079 4998 adoranda
1124 4957 1244 4997 esse
1297 4942 1381 4995 illa
1429 4941 1730 5008 luminaria,

174 5037 276 5103 quia
301 5037 509 5093 ducitur
529 5054 593 5094 ex
615 5040 692 5093 eis
712 5034 994 5106 aliquando
1021 5032 1311 5089 similitudo
1334 5033 1400 5088 ad
1424 5033 1603 5088 divina
1626 5050 1734 5106 my-

178 5126 314 5183 steria
333 5130 604 5202 ligurunda
624 5147 640 5197 ;
664 5144 729 5185 ex
759 5128 905 5184 omni
933 5126 1075 5183 enim
1104 5134 1349 5181 creatura
1373 5125 1605 5181 ducitur.
1628 5123 1737 5181 Nec

172 5216 279 5289 ideo
294 5220 550 5279 debemus
571 5223 621 5277 in
640 5220 958 5277 sententiam
985 5220 1339 5274 damnationis
1366 5219 1591 5282 irruere,
1616 5233 1734 5289 quae

170 5324 255 5368 ore
270 5316 557 5386 apostolico
580 5316 647 5373 de
666 5312 981 5386 quibusdam
1000 5311 1287 5384 profertur,
1314 5312 1403 5382 qui
1430 5312 1732 5377 coluerunt,

168 5413 217 5458 et
239 5407 533 5463 servierunt
576 5417 834 5464 creatum
867 5406 1040 5477 potius
1067 5421 1222 5477 quam
1248 5404 1507 5470 Creatori,
1539 5405 1629 5475 qui
1654 5413 1739 5460 est

169 5490 468 5555 benedictus
500 5499 550 5557 in
569 5499 760 5556 smcula
787 5497 960 5573 (Rom.
985 5516 1023 5563 I,
1044 5497 1157 5569 25).
1180 5496 1328 5554 Sit-ut
1361 5496 1502 5553 enim
1526 5510 1629 5552 non
1653 5495 1739 5551 ad-

170 5599 371 5646 oramus
397 5606 606 5663 pecora,
632 5592 876 5665 quamvis
907 5590 1082 5648 dictus
1107 5591 1173 5647 sit
1213 5590 1455 5646 Christus
1492 5600 1546 5646 et
1571 5604 1738 5663 agnus

173 5675 339 5746 (Joon.
370 5699 413 5749 ι,
440 5682 528 5757 29)
551 5696 605 5742 et
640 5686 836 5741 vitulus
864 5683 1078 5755 (Ezech.
1106 5699 1251 5749 xuu,
1285 5682 1397 5755 19);
1426 5698 1525 5738 nec
1548 5682 1735 5750 feram,

170 5769 280 5836 (mia
304 5771 484 5832 dictus
501 5785 581 5833 est
607 5777 693 5834 leo
722 5776 790 5833 de
818 5777 957 5832 tribu
984 5775 1116 5832 Juda
1150 5774 1330 5847 (Apoc.
1359 5790 1415 5841 v,
1441 5774 1521 5842 5);
1548 5774 1741 5831 necla-

170 5861 356 5933 eidem.
401 5869 521 5938 quia
568 5879 714 5943 petra
753 5878 868 5927 erat
902 5869 1141 5928 Christus
1168 5865 1219 5941 (l
1249 5865 1365 5924 Cor.
1404 5883 1473 5933 χ,
1505 5866 1606 5938 ι);
1638 5883 1736 5926 nec

1334 401 1809 461 EPISTOLMiUM
1846 402 2120 462 CLASSIS
2157 406 2218 463 Ii.

3252 418 3259 429 ’
3314 421 3423 480 210

1836 533 2073 580 montem
2101 526 2248 592 Sion,
2282 528 2403 598 quia
2430 527 2482 582 in
2508 528 2625 599 ipso
2649 529 2906 601 ﬁguratur
2927 531 3168 592 Ecclesia
3193 537 3245 607 (l
3271 537 3418 595 Pctr.

1834 632 1894 683 ιι,
1922 617 2011 690 4);
2043 620 2120 673 sic
2148 634 2245 675 nec
2266 622 2432 677 solem
2456 638 2555 678 nec
2584 624 2787 692 lunam,
2810 628 3053 697 quamvis
3080 643 3148 683 ex
3175 645 3236 685 ea
3264 632 3420 689 cmic-

1836 712 1903 766 sti
1924 722 2186 780 creatura,
2211 715 2347 770 sicut
2371 732 2435 771 ex
2464 717 2645 773 multis
2665 720 3028 788 terreSIribus,
3060 733 3422 781 sacramento-

1834 820 1953 859 rum
1983 806 2161 877 ﬁgura!
2185 807 2251 861 ad
2280 808 2684 865 iul'ormationes
2710 813 2961 882 mysticus
2985 824 3343 870 assumantur.

1904 896 2057 953 CAP.
2085 898 2192 953 VII.
2215 930 2287 939 —
2306 900 2392 954 12.
2420 899 2754 970 Quapropter
2789 902 3283 961 mathematicorum
3322 904 3421 962 de-

1834 990 2113 1045 liramenta
2134 1007 2251 1046 eum
2271 991 2902 1066 detestationeitridenda
2921 1004 3073 1061 sunt;
3087 996 3277 1067 quibus
3296 1012 3421 1053 cum

1833 1084 2186 1154 objecerimus
2210 1101 2342 1139 vana
2372 1095 2702 1153 commenta,
2731 1086 2871 1142 unde
2899 1086 3145 1144 homines
3183 1089 3236 1145 in
3268 1106 3420 1146 erro-

1833 1190 1944 1229 rem
1984 1176 2333 1245 praecipitant,
2364 1192 2468 1246 quo
2510 1178 2657 1247 prius
2698 1179 3008 1248 praecipitati
3050 1190 3193 1245 sunt,
3218 1183 3421 1251 garruli

1832 1266 1931 1320 sibi
1962 1267 2226 1332 videntur,
2264 1284 2385 1323 cum
2435 1268 2619 1324 dicunt
2653 1269 2807 1324 nobis
2830 1288 2843 1324 :
2867 1270 2973 1326 Cur
2996 1280 3053 1327 et
3077 1288 3172 1327 vos
3193 1273 3260 1328 ad
3290 1274 3419 1329 solis

1832 1369 1888 1412 et
1912 1359 2049 1413 lunze
2075 1360 2525 1431 computationem
2566 1360 2767 1417 Pascha
2794 1362 3113 1418 celebratis?
3138 1366 3290 1435 quasi
3317 1381 3420 1421 nos

1832 1449 2049 1505 ordines
2077 1450 2332 1515 siderum,
2351 1460 2445 1505 aut
2469 1451 2860 1508 vicissitudines
2889 1463 3185 1524 temporum
3211 1471 3240 1509 a
3274 1473 3421 1512 sum-

1831 1557 1921 1596 mo
1947 1551 2107 1613 atque
2132 1543 2336 1613 optimo
2368 1544 2478 1599 Deo
2503 1544 2744 1599 conditas
2772 1560 3079 1617 arguamus,
3109 1555 3164 1602 et
3189 1563 3293 1603 nou
3320 1564 3419 1604 eo-

1833 1650 1953 1689 rum
1994 1637 2419 1705 perversitatem,
2447 1653 2567 1708 qurc
2592 1638 2751 1692 rebus
2777 1639 3168 1708 sapientissime
3192 1642 3423 1697 conditis

1831 1728 1898 1781 ad
1929 1726 2269 1783 stultiSsimas
2291 1728 2572 1798 opiniones
2590 1729 2608 1760 ¹
2626 1729 2879 1784 abutitur.
2899 1730 3029 1785 Nam
3056 1731 3101 1786 si
3125 1732 3421 1789 mathema-

1832 1816 1968 1870 ticus
1997 1816 2153 1871 nobis
2171 1818 2603 1874 'eontradicturus
2631 1819 2804 1875 estde
2830 1820 3093 1877 sideribus
3114 1831 3169 1878 et
3194 1824 3420 1879 lumina-

1832 1905 1981 1961 ribus
2016 1906 2139 1962 caeli
2166 1906 2231 1961 ad
2266 1917 2598 1963 sacramenta
2626 1911 2849 1981 mystice
2877 1913 3145 1981 liguranda
3169 1913 3420 1971 similitu-

1829 1996 1982 2051 dines
2034 1998 2249 2065 ducere,
2304 2001 2672 2056 contradicaut
2721 2011 2775 2057 et
2824 2018 3052 2075 augures
3092 2022 3162 2062 ne
3209 2006 3419 2064 dicatur

1829 2089 2003 2155 nobis,
2042 2088 2217 2145 Estote
2258 2092 2511 2162 simplices
2553 2103 2608 2147 ut
2643 2094 2929 2150 columbaz:
2952 2097 3319 2153 contradicaut
3362 2109 3422 2156 et

1829 2179 2005 2244 Marsi,
2038 2196 2105 2235 ne
2130 2182 2337 2237 dicatur
2363 2183 2538 2250 nobis,
2572 2185 2734 2240 Astuti
2760 2187 2889 2241 sicut
2925 2199 3177 2258 serpentes
3200 2189 3414 2259 (Matth.

1830 2274 2422 2345 1,16):contradieant
2450 2275 2759 2341 histriones,
2794 2293 2863 2334 ne
2901 2279 2953 2333 in
2993 2279 3219 2336 Psalmis
3255 2282 3419 2337 citha-

1828 2380 1943 2420 ram
1976 2366 2330 2422 nominemus.
2355 2368 2462 2423 Aut
2498 2369 2621 2439 quia
2654 2384 2718 2425 ex
2750 2368 2833 2423 his
2858 2369 3021 2425 rebus
3059 2370 3124 2425 ad
3163 2374 3419 2444 mysteria

1829 2458 2144 2522 verbi’Dei,
2172 2457 2577 2514 similitudinum
2616 2460 2765 2530 signa
2808 2470 3112 2529 sumuntur,
3145 2463 3344 2531 dicant,
3371 2467 3420 2522 si

1832 2548 2024 2618 placet,
2049 2548 2131 2603 vel
2160 2548 2394 2618 auspicia
2424 2563 2523 2605 nos
2543 2560 2775 2621 captare,
2794 2552 2882 2606 vel
2903 2566 3106 2608 venena
3127 2556 3415 2621 coniicere.

1827 2640 1914 2696 vel
1941 2641 2226 2696 theatricas
2252 2641 2502 2700 atl‘ectare
2522 2644 2777 2712 luxurias,
2797 2646 2939 2716 quod
2954 2646 3415 2706 dementissimum

1830 2741 1913 2787 est
1935 2733 2131 2788 dicere.

1905 2825 1989 2879 15.
2022 2823 2137 2878 Νοη
2165 2824 2327 2895 igitur
2361 2838 2461 2881 nos
2507 2825 2576 2882 de
2616 2827 2733 2884 sole
2772 2836 2827 2884 et
2874 2829 3020 2896 luna,
3047 2833 3237 2888 annuis
3273 2848 3418 2890 men-

1830 2917 2058 2973 struisve
2086 2917 2410 2987 temporibus
2442 2919 2711 2976 actionum
2745 2931 3048 2978 nostrarum
3072 2934 3259 2981 eventa
3286 2942 3417 2983 con-

1825 3008 2057 3078 jicimus,
2085 3025 2153 3064 ne
2195 3009 2247 3063 in
2288 3008 2409 3065 vita“:
2439 3010 2685 3068 humana:
2726 3015 3419 3090 periculosissimistempe-

1832 3102 2058 3157 statibus
2083 3111 2331 3174 tanquam
2371 3104 2422 3158 in
2455 3107 2703 3177 scopulos
2731 3108 2940 3164 misera:
2969 3112 3241 3168 servitutis
3267 3113 3413 3179 illisi,

1830 3207 1860 3245 a
1884 3192 2052 3248 libero
2070 3194 2290 3250 arbitrio
2314 3194 2686 3267 naufragemus
2721 3215 2735 3253 :
2764 3198 2859 3254 sed
2889 3199 2954 3255 ad
2977 3217 3091 3257 rem
3113 3213 3318 3260 sacrate
3340 3207 3416 3261 si—

1830 3285 2183 3357 gniﬁcandam
2214 3288 2590 3345 similitudines
2631 3298 2784 3363 aptas
2819 3291 3220 3365 religiosissima
3249 3295 3419 3352 devo-

1832 3378 1978 3435 tione
2005 3379 2343 3451 suscipimus.
2362 3381 2501 3438 sicut
2518 3381 2587 3438 de
2612 3392 2807 3439 caetera
2833 3393 3101 3452 creatura,
3129 3387 3197 3443 de
3219 3388 3415 3453 ventis,

1832 3470 1898 3527 de
1926 3471 2081 3541 mari,
2105 3472 2172 3528 de
2196 3484 2357 3537 terra,
2394 3473 2462 3529 de
2491 3474 2811 3543 volatilibus,
2839 3475 2909 3532 de
2935 3478 3189 3548 piscibus,
3228 3478 3296 3535 de
3324 3496 3420 3551 pe-

1832 3563 2068 3629 coribus,
2099 3563 2165 3619 de
2203 3564 2502 3630 arboribus,
2544 3564 2612 3621 de
2654 3563 2978 3631 hominibus,
3007 3568 3074 3622 ad
3113 3564 3417 3627 sermOuem

1833 3656 2047 3725 quidem
2093 3656 2475 3727 multipliciter,
2517 3656 2583 3711 ad
2626 3658 3038 3714 celebrationem
3066 3674 3194 3715 vero
3221 3661 3419 3717 Sacra-

1833 3759 2135 3804 mentorum
2156 3748 2265 3818 jam
2304 3749 2593 3805 christiana
2630 3749 2875 3806 libertate
2918 3751 3257 3823 parcissime;
3285 3754 3425 3809 sicut

1835 3840 1902 3894 de
1927 3855 2085 3910 aqua,
2120 3840 2188 3894 de
2226 3839 2514 3905 frumento,
2546 3839 2616 3895 de
2642 3841 2787 3906 vino,
2814 3840 2881 3896 de
2909 3842 3049 3897 oleo.
3082 3841 3138 3897 In
3166 3842 3423 3900 servitute

1835 3940 2012 3988 autem
2040 3932 2238 3987 veteris
2268 3931 2448 4003 pepuli
2487 3932 2648 3987 etiam
2676 3933 2840 3987 multa
2874 3932 3133 3995 celebrari
3160 3932 3423 4003 imperata

1836 4031 1980 4088 sunt,
2012 4038 2130 4093 qua:
2158 4022 2311 4078 nobis
2337 4023 2707 4077 tantummodo
2751 4022 3090 4092 intelligenda
3120 4021 3421 4079 traduntur.

1836 4112 1950 4166 Non
1981 4112 2160 4184 itaque
2184 4111 2301 4167 dies
2328 4113 2673 4165 observamus
2713 4121 2769 4166 et
2803 4124 2974 4165 annos
3017 4118 3073 4165 et
3110 4124 3323 4167 menses
3367 4126 3425 4170 et

1837 4211 2106 4272 tempora,
2148 4218 2217 4257 ne
2264 4200 2541 4256 audiamus
2588 4200 2654 4255 ab
2694 4199 2952 4270 Apostulo
2982 4217 2996 4254 :
3027 4199 3203 4256 Timeo
3237 4217 3324 4257 vos
3362 4220 3425 4259 ne

1837 4297 1967 4367 forte
2007 4295 2113 4349 sine
2152 4310 2307 4348 causa
2335 4292 2665 4347 laboraverim
2690 4294 2743 4347 in
2768 4290 3045 4364 ros'(Gal.
3074 4309 3146 4362 tv,
3179 4294 3289 4366 Η).
3314 4296 3425 4353 Eos

1838 4388 1982 4444 enim
2004 4386 2183 4456 culpat
2212 4386 2300 4457 qui
2328 4384 2512 4439 dicunt
2543 4402 2556 4438 :
2586 4384 2703 4440 Non
2751 4385 3062 4454 proficiscar
3086 4385 3266 4451 hodie,
3297 4388 3424 4457 quia

1838 4489 2081 4553 posterus
2110 4478 2226 4533 dies
2252 4487 2350 4541 est,
2382 4487 2472 4531 aut
2497 4477 2620 4547 quia
2648 4476 2771 4531 luna
2795 4477 2873 4531 sic
2906 4476 3104 4544 fertur;
3148 4478 3257 4545 vel,
3286 4479 3423 4535 Pro-

1838 4574 2045 4630 liciscar
2086 4582 2141 4627 ut
2186 4586 2440 4642 prospera
2468 4571 2679 4636 cedant,
2708 4571 2826 4642 quia
2857 4571 2928 4626 ita
2953 4586 3013 4627 se
3037 4572 3203 4628 habet
3232 4575 3426 4645 positio

1838 4667 2105 4722 siderum:
2131 4665 2243 4719 Non
2286 4679 2437 4734 agam
2483 4663 2584 4717 hoc
2623 4678 2807 4718 mense
2847 4666 3249 4729 commercium,
3300 4666 3425 4737 quia
3490 4663 3499 4727 ξ’

1840 4760 1926 4814 illa
1958 4759 2108 4814 stella
2136 4756 2263 4811 mihi
2286 4757 2394 4826 agit
2422 4771 2694 4822 mensem;
2724 4756 2829 4822 vel,
2856 4754 3046 4825 Agam,
3082 4755 3206 4825 quia
3240 4771 3424 4813 susce-

1838 4855 1916 4925 pit
1939 4866 2178 4907 mensem
2204 4868 2215 4903 :
2240 4849 2353 4904 Non
2378 4848 2609 4918 plantem
2633 4849 2734 4904 hoc
2762 4862 2902 4902 anno
2924 4846 3157 4915 vineam,
3183 4848 3305 4917 quia
3324 4849 3427 4905 bis.

1840 4955 2021 5000 sextus
2063 4952 2164 4997 est.
2193 4940 2308 4996 Non
2353 4949 2527 4995 autem
2570 4940 2847 5012 quisquam
2891 4938 3105 5009 sapiens
3138 4940 3426 4997 arbitretur

1839 5037 2211 5091 observatores
2241 5044 2536 5105 temporum
2579 5030 3067 5104 reprehendendos,
3099 5033 3187 5104 qui
3216 5033 3420 5100 dicunt,

1839 5131 1955 5187 Non
1982 5130 2289 5202 proﬁciscar
2313 5126 2491 5191 hodie,
2511 5127 2630 5198 quia
2661 5135 2951 5196 tempestas
2976 5136 3158 5181 exorta
3175 5134 3285 5191 est;
3307 5135 3421 5192 aut,

1840 5228 1955 5284 Non
1978 5228 2239 5298 navigem,
2256 5225 2379 5296 quia
2397 5224 2572 5281 adhuc
2600 5232 2725 5279 sunt
2753 5224 2989 5281 hiberna:
3018 5225 3283 5297 reliquias;
3306 5231 3418 5289 aut,

1843 5324 2073 5395 Tempus
2108 5319 2403 5377 seminandi
2441 5329 2543 5386 est,
2586 5320 2710 5391 quia
2749 5318 3006 5376 imbribus
3029 5315 3423 5374 autumnalibus

1844 5425 1984 5474 terra
2012 5416 2200 5473 satiata
2226 5424 2337 5480 est;
2365 5414 2449 5469 vel
2472 5413 2629 5485 siqui
2658 5413 2795 5470 forte
2813 5412 2901 5469 alii
2918 5409 3183 5467 naturales
3203 5408 3424 5464 ell’ectus

1842 5511 1985 5568 circa
2028 5518 2229 5566 motum
2257 5509 2399 5564 aeris
2440 5515 2495 5563 et
2532 5507 2784 5563 humores
2811 5505 2877 5561 ad
2906 5501 3184 5559 variandas
3212 5508 3449 5589 tempe-7

1906 5626 1925 5659 ¹
1948 5632 2057 5676 Mss.
2081 5622 2255 5672 decem
2278 5656 2293 5682 ,
2309 5621 2375 5671 ad
2394 5619 2608 5683 stultitia
2624 5631 2729 5670 suta
2745 5613 3024 5683 omissirnas
3038 5610 3298 5683 optationes.
3331 5676 3343 5683 _
3439 5673 3447 5683 '

1905 5684 2174 5757 {Eddq'ad
2208 5675 2438 5749 mysteria
2482 5682 2733 5733 verborum
2772 5675 2879 5729 Dei.
2923 5684 2981 5729 At
3014 5675 3121 5728 Mss.
3144 5675 3433 5738 duodecim,

1844 5748 2169 5871 malatia
2202 5806 2408 5861 vobisut
2439 5816 2545 5859 Mss.
2567 5804 2785 5862 habent,
2815 5802 2868 5854 in
2899 5816 3011 5865 uos;
3044 5802 3185 5867 juxta
3213 5812 3427 5867 gramm

1802 5898 1821 5915 ρ
1844 5880 2067 5933 textilia,
2100 5874 2342 5923 cusanus.
