3962 6436
554 331 662 392 215

551 450 746 519 gurate
766 441 819 499 in
841 439 1131 513 Seripturis
1150 436 1432 502 dicuntur;
1458 430 1884 507 quandoquidem
1904 429 1956 485 id
1974 429 2148 484 solum

560 538 618 593 in
648 537 912 607 Dccalogo
941 536 1161 605 figurate
1181 531 1503 603 prmcipitur,
1533 526 1619 582 ubi
1641 524 1856 595 requies
1877 536 2149 577 commen-

563 626 721 683 datur
743 668 760 693 ,
796 643 914 698 qua:
952 626 1147 696 ubique
1184 630 1410 688 amatur,
1441 618 1531 675 sed
1566 618 1620 672 in
1646 615 1764 672 solo
1789 615 1900 669 Deo
1923 622 2068 669 certa
2095 620 2151 667 et

561 730 745 776 sancta
778 719 1063 774 invenitur.

639 811 863 868 CAPUT
891 808 1100 866 Xlll.—
1112 808 1202 864 9.5.
1232 807 1356 862 Dies
1382 814 1557 862 tamen
1587 801 1885 859 dominicus
1921 814 2027 858 non
2053 798 2148 854 Ju-

566 903 721 972 dtcis,
752 904 845 959 sed
866 902 1181 959 Christianis
1200 898 1589 954 resurrectione
1616 894 1825 950 Domini
1852 892 2151 948 declaratus

565 1006 669 1063 est,
695 1005 749 1051 et
774 1011 841 1052 ex
860 994 951 1049 illo
976 993 1171 1049 habere
1195 991 1357 1061 erepit
1386 988 1721 1043 festivitatem
1742 1000 1914 1039 suam.
1943 982 2152 1038 Anima:

566 1089 765 1160 quippe
793 1088 1026 1141 onmium
1058 1094 1361 1138 sanctorum
1391 1090 1517 1136 ante
1554 1077 1999 1135 resurrectionem
2027 1088 2150 1128 cor-

565 1181 713 1251 poris
742 1189 866 1235 sunt
894 1178 1108 1249 quidem
1133 1177 1183 1231 iu
1212 1176 1417 1245 requie.
1448 1173 1541 1229 sed
1564 1174 1616 1226 in
1634 1187 1695 1227 ea
1720 1187 1826 1227 non
1854 1167 2155 1223 suntactio-

564 1290 634 1330 ne
675 1290 774 1344 qua
827 1287 1055 1342 corpora
1098 1276 1312 1339 recepta
1355 1276 1686 1338 vegetamur.
1734 1264 1919 1320 Talem
1959 1262 2156 1333 quippe

564 1369 829 1424 actionem
860 1364 1121 1435 signiﬁcat
1146 1362 1263 1416 dies
1288 1368 1528 1425 octavus,
1570 1358 1658 1428 qui
1688 1365 1741 1411 et
1768 1356 1968 1426 primus
1990 1395 2005 1419 ,
2032 1353 2156 1423 quia

563 1476 671 1517 non
702 1456 877 1513 aufert
906 1457 1047 1510 illam
1080 1454 1353 1522 requiem,
1401 1450 1495 1506 sed
1533 1449 1812 1520 glorificat.
1854 1446 1970 1501 Non
2015 1445 2156 1498 enim

564 1551 708 1607 redit
731 1565 851 1604 cum
875 1561 1099 1616 corpore
1118 1544 1405 1599 difﬁcultas
1426 1558 1489 1597 ex
1514 1555 1759 1610 corpore,
1785 1538 1905 1607 quia
1927 1551 2027 1592 nec
2040 1552 2160 1591 cor-

567 1659 631 1697 ru
640 1642 749 1711 ptio
772 1658 784 1693 :
814 1639 1021 1710 Oportet
1047 1637 1179 1692 enim
1195 1632 1517 1705 corruptibile
1536 1634 1630 1687 hoc
1652 1630 1797 1685 indui
1818 1628 2158 1697 incorruptio-

568 1750 705 1797 nem,
729 1742 773 1786 et
796 1732 1006 1786 mortale
1019 1730 1113 1784 hoc
1134 1729 1274 1783 indui
1295 1726 1718 1781 immortalitatem
1740 1724 1779 1796 (1
1799 1723 1917 1778 Cor.
1938 1739 2026 1788 xv,
2044 1718 2158 1794 55).

568 1825 903 1894 Quapropter
923 1832 1045 1876 ante
1064 1822 1505 1876 resurrectionem
1530 1816 1762 1878 Domini,
1785 1815 2027 1886 quamvis
2047 1828 2163 1868 san-

568 1926 686 1973 ctos
709 1926 883 1987 patres
910 1915 1091 1985 plenos
1119 1913 1427 1983 prephetico
1448 1910 1636 1980 spiritu
1660 1907 1832 1964 octavi
1855 1922 2164 1962 sacramen-

568 2018 683 2066 tum
717 2022 1050 2079 nequaquam
1083 2006 1307 2068 lateret,
1347 2019 1453 2073 quo
1478 2001 1803 2071 significatur
1842 1998 2163 2055 resurrectio

570 2102 715 2173 (nam
738 2109 792 2156 et
818 2115 913 2170 pro
935 2107 1123 2152 octavo
1141 2096 1382 2151 Psalmus
1404 2092 1708 2147 inscribitur
1730 2090 1901 2163 [l’sal.
1926 2106 1977 2145 vt
1996 2100 2041 2143 et
2062 2088 2161 2160 XI].

568 2204 624 2250 et
653 2204 840 2247 octavo
865 2192 950 2245 die
976 2187 1495 2245 circumcidcbautur
1524 2183 1775 2246 infantes,
1808 2192 1863 2236 ct
1894 2182 1947 2236 in
1978 2180 2163 2235 Eccle-

570 2286 735 2339 siaste
764 2281 830 2336 ad
861 2281 1085 2335 duorum
1116 2279 1579 2333 Testamentorum
1611 2274 2052 2343 significationem
2080 2270 2162 2325 di-

574 2375 750 2437 citur,
784 2371 864 2424 Da
906 2370 1010 2424 illis
1058 2379 1278 2439 septem,
1319 2376 1365 2421 et
1408 2366 1513 2421 illis
1558 2374 1667 2419 octo
1704 2363 1897 2437 (Eafa.
1934 2379 2016 2427 χι,
2052 2361 2164 2434 2]);

570 2472 906 2521 reservatum
937 2470 1015 2516 est
1059 2471 1235 2514 tamen
1276 2469 1330 2513 et
1368 2458 1713 2519 occultatum,
1740 2465 1796 2511 et
1822 2456 1994 2509 solum
2024 2456 2167 2510 cele-

575 2555 843 2611 brandum
870 2552 1146 2607 sabbatum
1178 2551 1425 2605 traditum
1458 2559 1539 2605 est
1567 2566 1580 2602 :
1613 2549 1736 2619 quia
1764 2558 1878 2603 erat
1903 2558 2056 2604 antea
2082 2564 2167 2604 re-

574 2646 726 2717 quies
767 2653 1136 2707 mortuorum;
1183 2642 1505 2697 resurrectio
1539 2650 1715 2695 autem
1755 2640 1952 2695 nullius
1977 2649 2093 2696 erat
2122 2644 2163 2705 ί,

574 2738 665 2809 qui
692 2750 974 2806 resurgens
994 2750 1056 2789 ex
1081 2734 1323 2799 mortuis,
1340 2733 1450 2802 jam
1475 2748 1580 2787 non
1600 2743 1919 2797 moreretur,
1949 2742 2002 2787 et
2022 2748 2167 2789 mors

574 2828 651 2884 illi
681 2830 815 2883 ultra
847 2843 950 2881 non
982 2826 1381 2889 dominaretur;
1415 2833 1472 2879 ut
1493 2833 1771 2894 postquam
1796 2823 1930 2878 facta
1946 2833 2028 2879 est
2051 2824 2170 2879 talis

574 2920 899 2975 resurrectio
935 2919 987 2972 in
1023 2932 1246 2987 corpore
1276 2915 1484 2970 Domini
1528 2914 1609 2983 (ut
1650 2915 1859 2983 praeiret
1905 2915 1956 2969 in
1997 2914 2170 2984 capite

576 3012 850 3095 Ecclesiae,
875 3010 1015 3081 quod
1045 3023 1239 3079 corpus
1266 3006 1521 3062 Ecclesia:
1545 3016 1786 3078 speraret
1812 3006 1864 3061 iu
1887 3006 2040 3075 fine),
2056 3006 2169 3077 jam

574 3108 736 3163 etiam
766 3106 881 3160 dies
906 3104 1231 3166 dominicus,
1264 3101 1317 3157 id
1343 3110 1426 3156 est
1451 3111 1672 3156 octavus
1692 3142 1705 3165 ,
1746 3099 1839 3171 qui
1863 3111 1917 3155 ct
1946 3101 2167 3170 primus,

579 3198 841 3266 inciperet
870 3195 1148 3250 celebrari.
1180 3192 1299 3263 Ipsa
1340 3194 1500 3247 etiam
1530 3208 1686 3247 causa
1715 3191 2045 3261 intelligitur,
2075 3206 2172 3245 cur

580 3289 973 3345 observandum
1005 3286 1205 3342 Pascha
1226 3327 1241 3349 ,
1288 3285 1377 3340 ubi
1406 3301 1558 3339 ovem
1586 3287 1607 3317 ’
1633 3286 1878 3339 occidere
1904 3294 1957 3339 et
1989 3300 2171 3340 come-

583 3382 712 3438 dere
731 3381 1003 3450 jubcutur,
1028 3379 1167 3449 quod
1188 3376 1620 3433 manifestissime
1643 3377 1940 3447 passionem
1965 3377 2170 3431 Domini

584 3471 907 3544 prtcfigurat,
943 3486 1047 3524 non
1073 3471 1150 3524 eis
1174 3470 1243 3523 ita
1276 3476 1596 3538 prtcceptum
1629 3476 1730 3533 est,
1757 3475 1815 3521 ut
1838 3468 2172 3524 attenderent

585 3578 868 3619 occurrere
897 3561 1173 3617 sabbatum
1192 3601 1206 3627 ,
1237 3569 1291 3615 et
1318 3575 1439 3615 cum
1468 3573 1649 3614 mense
1675 3574 1932 3613 novormn
1962 3558 2029 3614 ad
2061 3568 2172 3615 ter-

586 3659 714 3713 tiam
747 3658 883 3711 qua:
908 3656 1292 3711 hebdomadam
1321 3670 1662 3720 concurrere,
1685 3662 1744 3709 ut
1770 3653 2015 3710 eumdem
2044 3670 2174 3725 quo-

590 3766 694 3821 que
723 3750 861 3805 diem
898 3750 1153 3803 Dominus
1184 3750 1360 3818 potius
1391 3764 1485 3803 sua
1517 3749 1759 3817 passione
1788 3749 2053 3818 signaret,
2083 3750 2172 3819 qui

588 3852 749 3899 etiam
771 3843 1116 3907 dominicum,
1141 3842 1191 3897 id
1218 3851 1318 3906 est,
1344 3850 1609 3908 octavum,
1641 3841 1732 3912 qui
1759 3851 1812 3895 et
1843 3842 2041 3911 primus
2070 3855 2171 3909 csr,

588 3934 954 3989 declaraturus
984 3933 1289 3987 advenerat.

662 4024 889 4080 CAPUT
918 4024 1056 4080 XIV.
1081 4025 1255 4079 —24.
1290 4024 1518 4081 Attende
1564 4024 1718 4095 igitur
1761 4025 2173 4081 sacratissimum

589 4117 818 4172 triduum
861 4117 1135 4183 crucifixi,
1190 4116 1420 4187 sepulti,
1463 4118 1719 4173 suscitati.
1769 4117 1968 4171 llorum
2019 4118 2177 4172 trium

588 4208 730 4277 quod
769 4208 1030 4278 signiﬁcat
1053 4224 1178 4263 crux
1202 4249 1218 4275 ,
1261 4208 1313 4263 in
1354 4209 1599 4279 praesenti
1630 4209 1835 4279 agimus
1861 4209 1962 4263 vita
1991 4228 2006 4263 :
2036 4209 2177 4280 quod

587 4310 767 4353 autem
804 4301 1064 4369 significat
1105 4302 1375 4370 sepultura
1406 4311 1460 4355 et
1488 4303 1830 4365 resurrectio,
1862 4301 1963 4357 fide
1992 4318 2053 4357 ac
2082 4318 2178 4373 spe

587 4393 842 4462 gerimus.
889 4391 1039 4446 Nune
1084 4393 1223 4446 enim
1267 4392 1459 4446 dicitur
1509 4394 1709 4447 homini
1747 4411 1758 4444 :
1802 4395 1947 4449 Tolle
1984 4412 2179 4449 crucem

589 4491 730 4535 tuam
756 4490 801 4534 et
826 4497 1028 4551 sequere
1057 4498 1134 4535 me
1158 4481 1372 4551 (.lfuttlt.
1402 4498 1517 4546 xvi,
1547 4482 1659 4553 24).
1696 4484 1971 4538 Cruciatur
2000 4493 2176 4540 autem

590 4588 739 4637 caro,
764 4588 883 4627 cum
914 4572 1298 4627 mortificamur
1321 4574 1554 4627 membra
1587 4584 1786 4635 nostra,
1818 4591 1934 4642 quae
1955 4586 2181 4630 Suntsu—

593 4679 692 4736 pcr
717 4672 935 4729 terram,
970 4664 1268 4731 foroicatio,
1299 4665 1649 4728 imtnuuditia,
1680 4665 1907 4733 luxuria,
1938 4669 2176 4736 avaritia,

593 4768 649 4813 et
668 4769 857 4813 caetera
888 4758 1216 4828 itttjttsmodi,
1244 4759 1313 4813 de
1338 4759 1529 4828 quibus
1552 4760 1689 4815 idem
1714 4760 1842 4817 dicit
1868 4780 1879 4815 :
1908 4762 1969 4817 Si
1997 4780 2177 4818 secun-

593 4850 715 4903 dum
741 4868 939 4904 carnem
966 4852 1206 4911 viceritis,
1236 4851 1554 4917 moriemini;
1582 4855 1625 4907 si
1653 4864 1819 4907 autem
1838 4854 2017 4924 spiritu
2045 4858 2180 4928 facta

592 4942 761 4995 carnis
800 4944 1267 5011 ntorti/icaveritis,’
1303 4944 1470 4997 viretis
1517 4943 1690 5018 (llam.
1744 4963 1833 5002 γιιι
1855 4990 1870 5013 ,
1906 4949 2015 5016 15).
2047 4950 2181 5005 llinc

592 5034 754 5089 etiam
785 5034 850 5088 de
879 5036 1053 5103 seipse
1079 5036 1203 5090 dicit
1238 5054 1252 5088 :
1300 5035 1527 5091 Mundus
1553 5038 1675 5091 mihi
1698 5041 1970 5109 cruciﬁxus
2000 5052 2104 5108 est,
2133 5054 2181 5098 et

592 5142 686 5197 ego
712 5125 898 5178 mundo
926 5124 1069 5195 (Gal.
1094 5143 1164 5192 γι,
1188 5124 1295 5198 id).
1326 5129 1388 5182 Et
1411 5129 1513 5182 alio
1536 5130 1652 5184 loco
1676 5149 1688 5183 :
1723 5130 1965 5196 Scientes,
1991 5134 2177 5202 inquit,

592 5233 712 5286 quta
742 5226 877 5269 vetus
902 5216 1050 5269 homo
1077 5228 1243 5272 noster
1268 5220 1418 5274 simul
1451 5222 1723 5291 cruciﬁxus
1748 5234 1824 5277 est
1851 5240 1964 5277 cum
1989 5225 2097 5289 illo,
2128 5236 2181 5279 ut

593 5316 860 5362 evacuetur
883 5324 1065 5379 corpus
1092 5311 1298 5377 peccati,
1330 5320 1386 5364 ut
1413 5313 1546 5366 ultra
1567 5331 1666 5366 non
1687 5317 1959 5369 serviamus
1980 5328 2180 5387 peccato

659 5461 677 5538 ἶ
702 5458 1042 5538 Ψδετηυίφέξ
1055 5459 1346 5538 βῖίῐίεκάοηθς
1366 5464 1789 5538 Ρεπίῖείσίινίδίέιδ»
1804 5467 1889 5538 ηυξ
1909 5481 2179 5538 tamam,

594 5528 910 5593 etg._A_t_Mss.
936 5530 1107 5573 carent
1130 5524 1206 5593 his
1241 5527 1425 5586 verbis,
1450 5528 1601 5580 donec
1621 5524 2054 5593 ueniret'christus.‘

655 5584 1028 5663 {ffdaaqnum
1048 5584 1288 5663 occidere.
1310 5584 1419 5663 Mss.
1442 5598 1606 5663 autem
1628 5591 1827 5663 habent,
1851 5607 1982 5663 ouem
2006 5584 2027 5647 ἐ
2038 5610 2181 5663 quam

590 5646 948 5725 1930933103"
965 5661 1040 5725 ξεί
1052 5647 1294 5725 ίςεέςιιβξξξ
1307 5659 1509 5725 temet
1530 5646 1825 5725 eversum
1839 5691 1865 5725 ν.
1885 5646 2026 5720 tum

518 5716 543 5739 ο
586 5710 1043 5828 ἓξὲἳυὶ
1068 5709 1299 5772 probator:
1320 5709 1488 5773 habet,
1510 5714 1581 5764 uti
1600 5709 1833 5768 observat
1842 5709 1904 5769 ’ίιὶ
1923 5709 2104 5785 quasi);
2121 5709 2183 5773 12

1776 319 1835 376 s.
1876 262 2238 376 incusarat
2279 311 2579 372 EPISCOPI
3695 324 3775 388 ,η

2263 426 2439 498 (Rom.
2469 442 2541 493 rt,
2570 422 2648 498 6).
2674 422 2922 494 Quamdiu
2947 436 3077 496 ergo
3097 424 3150 481 id
3176 430 3343 496 agunt
3370 439 3523 499 opera
3546 440 3714 501 nostra,
3732 450 3777 498 ut

2260 527 2548 574 evacuetur
2567 533 2765 589 corpus
2789 518 3015 590 peccati,
3043 519 3276 589 quandiu
3300 523 3525 579 exterior
3541 524 3678 584 homo
3690 544 3777 587 απ.

2254 611 2540 681 rumpitur,
2570 618 2630 665 ut
2654 609 2877 667 interior
2900 620 3187 667 renovetur
3206 612 3277 667 de
3298 612 3388 669 die
3416 614 3467 671 in
3494 615 3642 685 diem,
3678 629 3777 679 tem-

2256 717 2355 772 pus
2381 714 2464 758 est
2491 704 2685 758 crucis.

2327 794 2419 851 25.
2462 795 2589 851 llaec
2626 803 2752 850 sunt
2800 796 2966 851 etiam
3008 796 3147 851 bona
3189 810 3352 868 opera
3389 799 3610 871 quidem,
3644 810 3776 864 tamen

2257 888 2434 946 adhuc
2467 889 2730 946 laboriosa
2753 929 2770 954 ,
2813 903 3039 959 quorum
3086 904 3296 947 merces
3337 899 3420 947 est
3456 894 3683 964 requies:
3712 900 3778 956 sed

2259 982 2383 1039 ideo
2411 982 2627 1050 dicitur,
2668 984 2778 1054 Spe
2818 984 3121 1056 gaudentes,
3170 992 3232 1039 ut
3271 984 3559 1056 cogitantes
3596 991 3779 1059 requiem

2260 1074 2517 1142 futuram,
2539 1091 2661 1132 cum
2689 1076 2954 1133 hilaritate
2982 1077 3034 1131 in
3066 1076 3338 1132 laboribus
3361 1092 3645 1150 operemur.
3675 1082 3780 1140 lianc

2262 1167 2582 1222 hilaritatem
2648 1167 2911 1238 significat
2956 1169 3129 1223 crucis
3173 1167 3397 1224 latitudo
3440 1169 3491 1223 in
3543 1178 3781 1230 transverso

2259 1258 2427 1327 ligno,
2460 1258 2548 1312 ubi
2570 1259 2800 1328 figuntur
2824 1274 3033 1314 manus.
3065 1260 3167 1315 Per
3186 1266 3377 1315 manus
3399 1260 3535 1316 enim
3564 1278 3700 1333 opera
3720 1266 3779 1320 in-

2260 1351 2574 1420 telligimus;
2625 1366 2719 1421 per
2763 1350 3133 1417 latitudinem,
3180 1350 3499 1408 hilaritatem
3533 1357 3780 1426 operantis,

2261 1443 2383 1513 quia
2410 1442 2622 1497 tristitia
2658 1441 2785 1499 facit
2816 1444 3119 1515 angustias;
3143 1459 3243 1516 per
3265 1444 3585 1501 altitudinem
3607 1462 3712 1502 vero
3724 1452 3783 1505 cui

2262 1545 2423 1607 caput
2446 1537 2770 1607 adiungitur,
2802 1539 3262 1609 exspectationem
3287 1539 3631 1595 retributionis
3650 1540 3705 1595 de
3724 1556 3784 1596 su-

2263 1630 2412 1686 blimi
2449 1630 2653 1701 iustitia
2708 1632 2822 1697 Dei,
2872 1632 2961 1702 qui
3011 1631 3202 1688 reddet
3247 1632 3526 1702 unicuique
3553 1634 3783 1690 secundum

2264 1736 2427 1793 Opera
2454 1738 2570 1789 sua,
2598 1723 2663 1778 iis
2688 1722 2900 1793 quidem
2923 1723 3016 1793 qui
3044 1722 3341 1779 secundum
3367 1724 3674 1779 tolerantiam
3695 1726 3782 1781 boni

2265 1815 2446 1884 operis
2470 1815 2718 1885 gloriam,
2747 1823 2803 1871 et
2834 1816 3114 1881 honorem,
3146 1825 3205 1871 et
3232 1816 3661 1887 incorruptioan
3680 1832 3786 1887 qua-

2266 1906 2507 1961 rentibus
2548 1905 2711 1961 vitam
2757 1915 3009 1962 aeternam
3041 1906 3154 1972 (Id.
3191 1922 3252 1973 tt,
3285 1908 3341 1967 6.
3369 1908 3448 1975 7).
3483 1907 3644 1977 Itaque
3662 1909 3787 1979 longi-

2266 1996 2416 2059 tudo,
2438 2012 2543 2069 qua
2567 2007 2735 2053 totum
2752 2012 2948 2068 corpus
2966 1998 3293 2063 extenditur,
3326 2000 3491 2069 ipsam
3520 1999 3785 2055 tolerantiam

2268 2090 2563 2162 signiﬁcat,
2602 2091 2746 2147 unde
2790 2090 3129 2159 longanimes
3184 2091 3438 2148 dicuntur
3474 2092 3558 2161 qui
3601 2091 3784 2146 tolerant.

2268 2183 2596 2239 Profundum
2622 2194 2798 2239 autem
2825 2184 2967 2254 quod
3004 2192 3161 2239 terra:
3193 2184 3418 2239 infixum
3449 2191 3555 2249 est,
3587 2190 3786 2239 secretum

2269 2278 2588 2332 sacramenti
2627 2277 2951 2346 praefigunt.
2988 2274 3313 2331 Recordaris
3345 2275 3520 2339 enim,
3560 2274 3644 2328 nisi
3662 2271 3782 2339 fallor,

2270 2385 2390 2439 qua:
2416 2370 2575 2426 verba
2608 2370 2845 2440 Apostoli
2887 2370 2938 2425 in
2971 2370 3071 2424 ista
3108 2368 3478 2439 designatione
3500 2368 3655 2424 crucis
3672 2382 3787 2437 expc.

2271 2461 2434 2527 diam,
2468 2461 2557 2516 ubi
2595 2461 2669 2517 ait
2714 2479 2728 2516 :
2766 2461 2833 2516 In
2859 2462 3106 2515 charitate
3128 2462 3351 2515 radicati
3376 2470 3521 2531 atque
3547 2458 3729 2529 fundati,
3752 2464 3790 2509 rt

2273 2553 2475 2625 possitis
2519 2552 2941 2622 comprehendere
2980 2569 3092 2606 cum
3133 2552 3368 2606 omnibus
3424 2551 3600 2606 sanctis
3629 2562 3721 2619 qna
3746 2546 3789 2601 sit

2272 2646 2550 2717 longitudo,
2599 2645 2833 2711 latitudo,
2882 2644 3096 2698 altitudo
3132 2652 3181 2697 et
3224 2641 3529 2714 profundum
3568 2638 3704 2711 (Eph.
3729 2652 3781 2699 ιιι,

2273 2738 2361 2801 17,
2385 2736 2495 2807 18).
2527 2736 2601 2790 Ea
2632 2752 2758 2791 vero
2790 2750 2911 2805 qua:
2943 2733 3180 2790 nondum
3219 2733 3461 2788 videmus
3482 2771 3497 2794 ,
3530 2738 3580 2785 et
3613 2726 3788 2783 nondum

2277 2838 2517 2884 tenemus
2538 2868 2551 2891 ,
2581 2828 2675 2882 sed
2708 2826 2811 2881 ﬁde
2838 2835 2889 2882 et
2923 2842 3019 2897 spe
3044 2826 3314 2897 gerimus,
3343 2826 3394 2879 in
3416 2822 3518 2879 alio
3542 2821 3682 2876 biduo
3701 2818 3790 2888 figu-

2273 2931 2389 2976 rata
2432 2929 2574 2976 sunt.
2625 2920 2749 2975 llaec
2787 2921 2928 2975 enim
2981 2935 3099 2991 quae
3147 2935 3294 2975 nunc
3340 2919 3559 2990 agimus,
3601 2924 3788 2983 tanquam

2273 3016 2438 3072 clavis
2464 3024 2853 3087 praeceptorum
2890 3016 2942 3068 in
2975 3013 3067 3069 Dei
3096 3013 3293 3069 timore
3318 3010 3527 3076 conﬁxi,
3563 3009 3682 3063 sicut
3700 3002 3789 3059 scri-

2276 3118 2424 3180 ptum
2475 3117 2584 3172 est,
2634 3107 2843 3176 Conﬁge
2887 3105 3042 3160 clavis
3083 3122 3116 3158 a
3160 3106 3344 3160 timore
3378 3114 3463 3157 tuo
3496 3115 3655 3157 carnes
3696 3108 3792 3149 meat

2278 3200 2452 3272 (Psaf.
2484 3198 2844 3268 cxvru,120),
2884 3199 2937 3252 in
2980 3197 3300 3253 necessariis
3321 3197 3637 3266 deputantur,
3658 3203 3739 3244 non
3758 3186 3790 3239 in

2275 3294 2354 3346 eis
2378 3307 2496 3362 quae
2536 3305 2630 3361 per
2654 3290 2827 3359 scipsa
2853 3288 3150 3359 appetenda
3180 3298 3239 3344 et
3270 3280 3663 3355 concupiscean
3687 3284 3790 3333 sunt.

2278 3380 2429 3437 Unde
2460 3381 2586 3436 illud
2609 3381 2864 3445 Optimum
2892 3396 2951 3436 se
2979 3380 3106 3435 dicit
3134 3379 3528 3449 concupiscere,
3559 3368 3791 3429 dissolvm:

2278 3489 2383 3527 esse
2404 3489 2519 3525 cum
2543 3471 2743 3526 Christo
2768 3486 2787 3525 :
2812 3488 3016 3525 manere
3054 3480 3224 3524 autent
3254 3472 3309 3523 in
3334 3482 3483 3522 carne
3506 3458 3788 3518 necessarium.

2278 3565 2464 3634 inquit,
2494 3574 2696 3635 propter
2720 3581 2805 3619 vos
2834 3563 3091 3637 (Philipp.
3123 3579 3159 3625 ι,
3190 3562 3287 3631 23,
3312 3562 3427 3631 Si).
3466 3556 3604 3627 Quod
3622 3550 3793 3623 εποίη-

2278 3658 2412 3729 quit,
2445 3659 2668 3722 dissolvi,
2692 3668 2739 3712 et
2766 3675 2872 3713 esse
2893 3675 3008 3712 cum
3036 3657 3257 3725 Christo,
3287 3657 3407 3712 inde
3428 3654 3597 3723 incipit
3615 3645 3790 3716 requies.

2279 3764 2397 3820 qua:
2418 3764 2522 3804 non
2545 3750 2948 3819 interrumpitur
2965 3750 3379 3812 resurrectione,
3405 3745 3495 3800 sed
3511 3740 3790 3798 clarificatur;

2281 3856 2398 3910 qum
2422 3850 2601 3896 tamen
2631 3856 2771 3895 nunc
2803 3840 2903 3895 fide
2930 3841 3204 3903 retinetur,
3241 3840 3533 3909 quiajustus
3550 3850 3605 3887 ex
3617 3830 3699 3900 ﬁde
3711 3823 3793 3879 ririf

2282 3929 2507 3998 (Hahae.
2538 3946 2596 3997 tl,
2621 3929 2700 3999 4).
2723 3930 2802 3984 An
2822 3930 3086 4001 ignoratis,
3110 3931 3303 4001 inquit,
3326 3927 3550 4000 quoniam
3565 3920 3796 3993 quicum?“

2283 4024 2524 4092 baptizati
2548 4041 2722 4080 sumus
2743 4025 2797 4078 in
2823 4022 3025 4080 Christo
3050 4022 3198 4086 Jesu,
3228 4024 3283 4077 in
3312 4030 3466 4075 morte
3500 4016 3644 4089 ipsius
3671 4006 3794 4078 bard"

2282 4118 2385 4171 sati
2411 4117 2623 4171 sumus?
2648 4115 2942 4186 Consepulti
2965 4131 3085 4185 ergo
3110 4115 3187 4169 illi
3226 4129 3399 4169 sumus
3434 4126 3518 4180 per
3557 4102 3795 4173 baptismum

2282 4210 2335 4263 in
2380 4218 2589 4264 mortem
2619 4207 2795 4277 (Rom.
2833 4222 2905 4275 vr,
2937 4208 2991 4272 3,
3023 4207 3100 4276 4).
3137 4204 3316 4272 Unde,
3348 4204 3448 4260 nisi
3489 4196 3622 4256 fide?
3662 4190 3796 4259 Ναιυε

2282 4301 2426 4357 enim
2450 4302 2560 4371 jam
2588 4301 2639 4356 in
2668 4300 2822 4355 nobis
2851 4300 3139 4368 perfectura
3166 4306 3269 4365 est,
3302 4297 3473 4351 adhuc
3494 4292 3545 4347 in
3564 4284 3796 4343 nobismet-

2284 4394 2413 4463 ipsis
2440 4392 2930 4463 ingemisceutibus,
2955 4399 3010 4446 et
3036 4389 3378 4460 adoptionem
3406 4371 3798 4466 εκερθθωηιίιῗυδτ

2284 4462 2707 4554 redemptionem
2736 4481 2979 4553 corporis
3005 4481 3170 4537 nostri
3202 4497 3217 4535 :
3253 4481 3360 4552 Spe
3407 4476 3537 4533 enim
3569 4465 3679 4525 salvi
3710 4462 3798 4554 (“"1

2282 4544 2490 4639 sumus;
2532 4589 2647 4644 spes
2691 4544 2860 4627 autem
2899 4587 3013 4643 quae
3052 4572 3266 4636 videtur,
3296 4544 3398 4624 non
3433 4574 3501 4621 est
3534 4575 3638 4630 spes
3665 4544 3801 4649 ἔφιίξά

2284 4666 2416 4720 enim
2457 4666 2590 4720 videt
2615 4666 2743 4737 quis,
2786 4664 2909 4737 quid
2944 4665 3151 4736 sperat?
3185 4665 3232 4718 si
3261 4671 3427 4718 autem
3468 4652 3594 4728 quod
3632 4661 3717 4702 non
3747 4655 3801 4693 υτ·

2286 4758 2462 4811 demus
2480 4773 2764 4827 speramus,
2792 4773 2882 4827 per
2908 4756 3201 4827 patientiam
3224 4761 3558 4826 exspectamus
3583 4738 3689 4817 (Id.
3712 4742 3798 4791 vut.

2282 4849 2372 4913 at,
2404 4847 2514 4919 25).

2354 4941 2445 4997 26.
2475 4940 2630 5010 Quod
2660 4948 2929 4998 memento
2957 4954 3116 5012 quam
3146 4955 3291 5013 sarpe
3316 4938 3728 5013 commemorem;
3750 4927 3801 4970 ηθ

2278 5035 2389 5104 jam
2417 5049 2560 5089 nunc
2597 5035 2649 5089 in
2687 5033 2785 5088 ista
2807 5035 2913 5088 vita
2948 5046 3048 5087 nos
3079 5012 3263 5089 beatus
3288 5030 3398 5088 fieri
3419 5028 3603 5083 debere
3618 5012 3799 5107 arbitr?

2282 5103 2423 5193 mur,
2451 5136 2506 5181 et
2533 5126 2601 5181 ab
2624 5126 2871 5181 omnibus
2897 5124 3297 5181 difficultatibus
3332 5123 3555 5181 liberos;
3591 5124 3647 5165 ac
3675 5103 3737 5160 sic
3762 5103 3800 5150 in

2283 5220 2540 5292 angustiis
2567 5234 2741 5275 rerum
2767 5219 3141 5289 temporalium
3174 5218 3426 5275 adversus
3450 5213 3602 5267 Deum
3628 5211 3707 5292 ore
3731 5202 3798 5244 ⁸³·

2283 5289 2484 5383 erilcgo
2509 5325 2929 5378 murmuremus,
2973 5311 3124 5381 quasi
3167 5324 3272 5366 non
3302 5304 3542 5365 exhibeat
3562 5289 3685 5367 quod
3708 5293 3801 5384 Pfo'

2283 5405 2450 5461 misit.
2491 5403 2745 5459 Promisit
2779 5402 2995 5473 quidem
3023 5402 3184 5458 etiam
3228 5400 3353 5457 huic
3374 5397 3491 5452 vitae
3521 5383 3796 5446 necessarii;

2284 5499 2381 5556 sed
2402 5498 2503 5555 alia
2534 5507 2659 5553 sunt
2683 5497 2869 5553 solatia
2888 5497 3338 5565 miserorum,alia
3358 5489 3536 5567 gaudia
3557 5479 3796 5541 beatorum

2286 5591 2522 5657 Domine,
2554 5590 2744 5662 inquit,
2772 5590 3054 5646 secundum
3076 5588 3439 5646 multitudinem
3467 5577 3676 5662 dolorum
3691 5570 3795 5662 ’κως

2285 5696 2401 5739 rum
2443 5683 2498 5739 in
2536 5650 2690 5739 corde
2728 5698 2839 5739 meo
2856 5724 2872 5749 ,
2918 5683 3289 5739 exhortationes
3325 5688 3423 5734 tua
3454 5650 3800 5745 jWWM

2285 5777 2510 5832 animum
2535 5792 2699 5832 meam
2726 5773 2899 5848 (Psal.
2931 5791 3081 5840 scut,
3125 5774 3239 5849 l9).
3268 5772 3381 5832 Non
3408 5776 3529 5835 ergo
3552 5749 3797 5813 ωυτωπθ·

3915 626 3917 659 l

3916 668 3917 705 l

3915 2998 3917 3027 ι

3914 3090 3917 3123 1

3915 3182 3917 3209 ι

3915 3362 3917 3396 1
