3962 6374
144 294 234 355 ω
1233 274 1715 337 EPISTOLARUM
1752 279 2027 343 CLASSIS
2061 282 2127 342 ll.

146 426 248 471 inus
270 407 320 463 in
344 396 747 465 difﬁcultatibus,
774 407 847 452 ne
873 393 1160 467 perdamus
1184 392 1518 451 latitudinem
1544 394 1679 450 hila-

148 502 309 566 ritatis,
340 497 403 554 de
435 509 532 566 qua
559 492 771 556 dicitur,
800 489 909 562 Spe
926 488 1232 561 gaudentes;
1258 489 1381 559 quia
1407 489 1678 559 sequitur,

1786 398 1961 455 sioni?
1987 400 2120 469 Quia
2147 402 2200 458 in
2226 414 2289 461 ea
2326 403 2653 478 signiﬁcatur
2681 407 2798 465 haec
2819 409 2924 466 vita
2952 408 3212 470 laboriosa
3236 455 3253 481 ,
3279 414 3371 473 cui

1787 506 1923 562 opus
1947 503 2029 549 est
2052 496 2377 553 continentia
2397 540 2411 563 ,
2443 507 2501 555 nt
2526 498 2595 554 ah
2621 500 2788 571 ipsius
2814 501 2995 559 mundi
3025 503 3255 561 amicitia
3289 506 3373 577 je-

145 604 186 656 in
210 590 503 652 tribulatione
523 585 767 658 patientes
788 584 963 656 (Rom.
988 598 1087 649 xu,
1114 581 1228 652 η).
1256 581 1399 638 Nova
1426 597 1554 654 ergo
1574 584 1679 639 vita
1780 584 2031 657 junetur;
2061 603 2181 659 qua:
2208 590 2390 662 utique
2425 590 2684 650 fallaciter
2716 594 2964 659 blandiri,
3004 605 3059 653 et
3102 595 3375 654 illecebra-

145 688 297 749 inﬁde
314 699 443 741 nunc
470 679 764 743 inchoatur,
792 686 847 733 et
875 692 970 747 spe
990 677 1195 749 geritur
1221 694 1234 731 :
1260 692 1380 732 nam
1409 685 1537 734 tunc
1561 693 1683 750 per-

145 785 256 842 fecta
302 779 415 842 erit,
458 789 574 830 cum
614 770 986 828 absorbebitur
1031 769 1254 826 mortale
1296 785 1325 823 a
1378 769 1519 837 vita,
1558 785 1680 827 cum

146 869 467 931 absorbehitur
498 878 641 919 mors
684 863 735 918 in
778 861 1077 923 victoriam,
1108 875 1230 915 cum
1278 860 1365 916 illa
1393 860 1680 916 novissima

146 967 320 1024 inimica
346 962 643 1017 destruetur
667 971 831 1021 mors,
858 968 981 1009 cum
1016 952 1277 1009 immutati
1307 952 1564 1008 fuerimus
1583 993 1600 1017 ,
1627 961 1683 1009 et

145 1058 338 1130 mqtmles
371 1050 581 1123 Angelis
609 1046 781 1104 ell‘ecti
811 1064 825 1101 :
859 1044 1046 1101 Omnes
1088 1044 1240 1110 enim,
1286 1044 1478 1115 inquit,
1506 1061 1680 1100 resur-

144 1166 315 1225 gentes;
356 1148 438 1203 sed
478 1160 575 1197 non
614 1157 786 1196 omnes
811 1138 1192 1194 immutabinmr
1222 1136 1281 1207 (ι
1310 1136 1427 1191 Cor.
1451 1153 1539 1201 xv,
1568 1138 1639 1194 54
1662 1180 1679 1206 ,

142 1240 330 1309 26,5I).
362 1238 423 1293 Et
451 1234 705 1291 Dominus
733 1250 746 1287 :
777 1232 961 1297 Erunt,
1000 1230 1188 1301 inquit,
1222 1230 1439 1299 mquales
1479 1229 1684 1302 Angelis

144 1336 222 1391 Dei
244 1333 371 1405 (Luc.
398 1344 489 1394 xx,
518 1327 631 1394 56).
662 1324 994 1395 Appreliensi
1038 1322 1179 1379 enim
1221 1336 1406 1377 sumus
1432 1322 1590 1377 modo
1630 1322 1681 1377 in

144 1428 306 1481 timore
330 1437 413 1493 per
443 1419 622 1484 ﬁdem,
674 1424 799 1471 tunc
845 1425 1021 1470 autem
1071 1412 1536 1484 apprelteudemus
1576 1414 1592 1447 ⁸
1630 1414 1682 1469 in

146 1517 366 1574 clmritate
390 1528 470 1583 per
495 1508 751 1581 speciem.
775 1507 1013 1574 Quandiu
1035 1506 1167 1560 enim
1186 1522 1359 1562 sumus
1380 1506 1431 1559 in
1450 1521 1679 1575 corpore,

145 1607 467 1679 peregrinantur
485 1619 520 1655 a
546 1600 769 1655 Domino
810 1614 829 1652 :
868 1614 957 1670 per
984 1597 1139 1668 ﬁdem
1163 1597 1297 1651 enim
1324 1597 1641 1651 ambulamus
1662 1638 1676 1662 ,

142 1720 229 1757 non
253 1717 327 1772 per
362 1698 572 1769 speciem
601 1692 682 1766 (Il
708 1693 825 1749 Cor.
854 1709 907 1760 v,
934 1690 1015 1765 6).
1046 1689 1163 1761 Ipse
1192 1690 1369 1761 itaque
1399 1690 1683 1759 Apostolus

141 1796 214 1867 qui
254 1792 389 1852 dicit,
426 1800 477 1844 ut
520 1786 900 1860 appro/tendant
923 1825 938 1847 ,
978 1782 1107 1837 sicut
1153 1780 1498 1854 apprehensus
1544 1797 1679 1847 sum,

138 1894 287 1959 aperte
305 1901 356 1937 se
383 1897 484 1936 tum
514 1877 935 1951 apprehendisse
966 1877 1253 1931 conﬁtetur
1284 1892 1299 1931 :
1332 1873 1563 1939 Fratres,
1604 1873 1684 1929 in-

136 1979 245 2050 quit.
268 1992 349 2048 ego
372 1990 447 2029 me
473 1990 578 2027 non
604 1971 822 2025 arbitror
858 1967 1250 2040 apprehendisse
1281 1965 1546 2040 (Philipp.
1592 1982 1680 2032 ιιι,

140 2071 208 2136 l2,
238 2070 334 2140 l3).
359 2066 459 2124 Sed
488 2076 667 2121 tamen
688 2063 809 2134 quia
838 2063 950 2132 ipsa
980 2076 1103 2131 spes
1128 2076 1193 2116 ex
1221 2060 1573 2129 promissione
1594 2075 1685 2115 ve-

136 2159 275 2216 ritatis
295 2170 428 2215 certa
454 2157 613 2213 nobis
649 2163 752 2218 cst,
795 2169 918 2209 cum
954 2152 1175 2216 diceret,
1208 2150 1497 2222 Consepulti
1531 2152 1685 2223 igitur

136 2269 276 2307 sumus
289 2252 358 2305 illi
385 2267 469 2321 per
501 2248 803 2316 baptismum
818 2245 871 2299 in
890 2253 1118 2307 ntortem,
1143 2242 1415 2312 subjunxit
1434 2251 1489 2298 et
1507 2244 1599 2311 ait,
1631 2252 1685 2297 ut

135 2344 345 2415 quomodo
360 2341 575 2396 surrexit
596 2338 825 2393 Christus
846 2353 909 2391 ea:
931 2335 1140 2390 mortuis
1155 2352 1245 2406 per
1264 2337 1478 2406 gloriam
1496 2335 1682 2403 Patris,

138 2438 203 2491 ita
238 2446 276 2489 et
315 2452 394 2488 nos
432 2434 484 2487 in
536 2431 753 2486 novitate
790 2430 904 2483 vita:
930 2424 1244 2481 ambulemus
1274 2424 1449 2498 (Rom.
1489 2442 1562 2491 vt,
1603 2428 1680 2497 4).

139 2527 438 2584 Ambulamus
463 2538 598 2595 ergo
630 2522 682 2577 in
711 2536 769 2577 re
792 2518 1012 2586 laboris,
1046 2517 1139 2573 sed
1173 2519 1225 2572 in
1246 2532 1341 2588 spe
1360 2517 1586 2587 quietis;
1630 2518 1683 2574 in

136 2634 275 2675 carne
303 2616 588 2681 vetustatis,
634 2613 731 2670 sed
779 2611 832 2667 in
877 2610 981 2667 ﬁde
1017 2609 1286 2665 novitatis.
1338 2609 1474 2664 Dicit
1518 2609 1682 2675 enim,

135 2710 303 2780 Corpus
322 2710 515 2780 quidem
551 2715 803 2760 mortuum
829 2712 901 2759 est
928 2711 1133 2775 propter
1158 2710 1454 2772 peccatum;
1478 2702 1685 2773 spiritus

134 2812 279 2856 autem
316 2803 401 2856 vita
438 2809 516 2855 est
552 2800 572 2831 ’
602 2806 808 2869 prapter
840 2796 1111 2866 justitiam.
1154 2792 1215 2849 Si
1253 2801 1420 2847 autem
1461 2794 1686 2863 Spiritus

131 2893 229 2960 ejus
247 2891 323 2963 qui
346 2889 604 2946 suscitavit
631 2888 663 2940 .l
670 2903 808 2942 esum
842 2883 1098 2939 Christum
1124 2901 1156 2937 a
1186 2884 1395 2938 mortuis
1417 2882 1608 2937 habitat
1632 2884 1686 2937 in

129 2982 276 3048 vobis;
311 2983 392 3055 qui
428 2980 694 3037 suscitavit
718 2978 897 3033 desum
925 2976 1178 3031 Christum
1207 2992 1240 3030 a
1268 2975 1494 3042 mortuis,
1526 2977 1687 3037 viviﬁ-

126 3075 237 3130 eabit
258 3085 299 3129 et
322 3075 557 3129 mortalia
581 3088 798 3142 corpora
820 3081 983 3124 vestra
1007 3085 1097 3139 per
1127 3069 1489 3123 iahabitantem
1518 3068 1687 3140 Spiri-

130 3176 216 3218 tum
238 3167 339 3238 ejus
363 3167 415 3221 in
442 3164 588 3220 vobis
609 3161 717 3235 (Id.
746 3178 860 3227 vm,
894 3161 977 3227 l0,
1006 3157 1113 3233 ll).

183 3259 259 3315 27.
292 3258 411 3315 llaec
435 3266 492 3315 et
523 3273 590 3313 ex
635 3255 920 3310 autoritate
953 3255 1250 3309 divinarum
1290 3253 1685 3323 Scripturarum

128 3360 173 3405 et
194 3351 433 3406 universa:
467 3347 748 3413 Ecclesire,
768 3362 886 3417 qum
911 3353 1021 3401 toto
1044 3345 1175 3400 orbe
1200 3345 1531 3411 diﬁ‘unditnr,
1559 3363 1687 3403 con-

127 3442 381 3509 sensione,
429 3457 533 3511 per
581 3437 1003 3493 anniversarium
1049 3435 1251 3491 Pascha
1305 3437 1681 3507 celebrantur,

182 3532 388 3592 CAPUT
414 3529 669 3590 XV.—ln
692 3545 883 3601 magno
906 3526 1086 3598 utique
1111 3527 1242 3583 sicut
1265 3527 1374 3598 jam
1399 3529 1647 3599 intelligis
1664 3571 1681 3599 ,

128 3639 443 3684 sacramento.
508 3627 579 3682 Et
618 3625 670 3680 in
718 3623 1007 3694 Scripturis
1058 3623 1271 3693 quidem
1317 3624 1583 3681 veteribus
1618 3626 1684 3682 ad

127 3721 352 3790 agendum
395 3718 605 3775 Pascha
640 3731 745 3771 non
782 3723 866 3769 est
916 3723 1234 3784 prmceptum
1278 3724 1521 3784 tempus,
1582 3718 1685 3772 nisi

128 3825 189 3865 ex
218 3827 378 3868 menso
407 3824 697 3875 novorum,
722 3824 753 3861 a
782 3807 902 3861 luna
941 3816 1127 3876 quarta
1170 3805 1375 3861 decima
1416 3822 1582 3878 usque
1618 3808 1685 3863 ad

123 3904 394 3959 vicesimam
416 3905 651 3975 primam
679 3915 695 3952 :
721 3913 785 3954 ex
810 3897 1094 3968 Evangelio
1125 3906 1323 3962 tamen,
1351 3898 1473 3969 quia
1516 3899 1687 3955 mani-

124 3991 292 4048 festum
318 4004 397 4049 est
415 4036 430 4059 ,
460 4007 572 4064 quo
596 3976 756 4046 etiam
795 3988 883 4043 die
921 3988 1176 4042 Dominus
1203 3988 1487 4044 cruciﬁxus
1512 3990 1601 4056 sit,
1631 3998 1688 4045 et

125 4083 171 4139 in
193 4088 441 4156 sepultura
469 4084 654 4148 fuerit,
678 4090 731 4136 et
755 4079 1122 4145 resurrexerit,
1154 4079 1399 4150 adjuncta
1420 4090 1501 4135 est
1522 4080 1684 4137 etiam

130 4177 336 4248 ipsonnn
381 4179 593 4235 dierum
626 4172 927 4231 observatio
962 4187 1056 4242 per
1082 4182 1295 4243 patrum
1325 4172 1548 4227 concilia
1570 4214 1585 4239 ,
1632 4181 1688 4229 et

131 4276 228 4331 orbi
248 4278 487 4333 universo
508 4272 802 4329 christiano
832 4283 1142 4341 persuasum
1175 4276 1258 4323 est
1292 4283 1358 4322 eo
1393 4268 1553 4322 modo
1585 4267 1686 4323 Pa-

130 4367 243 4422 scha
266 4366 515 4424 celebrari
539 4373 807 4435 oportere.

197 4458 279 4516 28.
318 4459 724 4530 Quadragesima
759 4471 888 4511 sane
911 4453 1234 4525 jejuniorum
1265 4450 1422 4507 habet
1458 4453 1687 4508 auctori-

137 4560 299 4618 tatem,
336 4563 385 4609 et
409 4554 463 4609 in
487 4548 760 4607 veteribus
783 4546 956 4602 Libris
984 4561 1048 4602 cx
1074 4544 1275 4615 jejunio
1299 4544 1464 4614 Moysi
1488 4543 1684 4614 (Exod.

127 4644 395 4715 “$11.38)
416 4654 474 4701 et
501 4638 745 4712 ElimUll
781 4636 909 4709 Reg.
942 4653 1052 4701 xix,
1086 4635 1178 4708 8);
1209 4643 1264 4690 et
1289 4651 1356 4690 ex
1378 4636 1683 4707 Evangelio,

130 4737 235 4805 quia
258 4737 469 4793 totidem
499 4734 688 4791 diebus
711 4731 964 4786 Dominus
984 4728 1277 4799 jejuuavit(
1297 4728 1481 4782 Matth.
1508 4745 1580 4793 tv,
1602 4730 1683 4801 2),

130 4828 477 4885 demonstrans
523 4825 865 4897 Evangelium
912 4838 1017 4877 non
1062 4820 1344 4875 dissentire
1384 4837 1413 4874 a
1457 4821 1595 4892 Lege
1635 4832 1689 4878 et

133 4918 412 4991 Proplietis.
447 4920 501 4976 In
547 4932 771 4991 persona
821 4915 1019 4986 quippe
1062 4912 1248 4986 Moysi,
1298 4912 1442 4976 Lex;
1484 4914 1533 4966 in
1568 4930 1679 4984 pcr-

134 5024 243 5067 sona
272 5012 425 5080 Elim,
458 5010 737 5082 Propltetm
773 5007 1134 5078 accipiuntur,
1184 5005 1326 5059 inter
1364 5019 1498 5075 quos
1535 5013 1588 5061 et
1635 5006 1688 5060 in

138 5114 293 5163 moute
334 5103 601 5178 gloriosus
646 5102 925 5174 apparuit;
972 5110 1030 5154 ut
1082 5097 1381 5153 evidentius
1432 5098 1691 5152 emineret

132 5198 255 5266 quod
281 5199 349 5256 de
387 5200 481 5254 illo
511 5199 643 5255 dicit
674 5195 959 5267 Apostolus
991 5212 1004 5248 :
1040 5192 1397 5247 Testimonium
1432 5192 1617 5245 habens
1658 5210 1691 5245 a

120 5286 239 5360 Lege
267 5301 317 5346 et
355 5290 645 5364 Prophetis
682 5289 861 5362 (llam.
889 5303 968 5352 ιη,
1001 5284 1116 5357 2|).
1147 5284 1200 5339 In
1230 5300 1335 5356 qua
1380 5300 1509 5356 ergo
1544 5293 1692 5355 parte

113 5380 219 5435 anni
243 5395 408 5455 congr
430 5384 644 5440 uentius
684 5379 985 5435 observatio
1023 5376 1450 5447 Quadragesima:
1487 5375 1689 5430 consti-

114 5476 348 5540 tuerctur,
379 5475 501 5531 nisi
531 5471 727 5529 conﬁni
765 5481 923 5541 atque
952 5468 1196 5538 contigua
1240 5466 1520 5521 dominicm
1568 5481 1690 5537 pas-

170 5586 344 5652 ‘_lov_.,
365 5593 496 5641 ante
516 5595 677 5640 autem
695 5582 1133 5652 apprehendenmr.
1154 5581 1247 5631 Sed
1282 5580 1461 5630 melius
1482 5578 1580 5639 alii,
1607 5592 1691 5643 ap.

332 5645 340 5649 ν
471 5687 483 5701 ⁹
727 5645 738 5652 -
760 5645 771 5651 ⁷
1053 5706 1067 5720 ο
1652 5702 1664 5714 ο

160 5710 208 5772 ,3
222 5710 365 5772 mh.
404 5711 535 5765 vivit.
572 5718 628 5765 At
664 5717 796 5772 ω,
816 5707 913 5762 vita
941 5711 1026 5767 est,
1049 5711 1189 5770 Juxta
1216 5716 1446 5769 grmcum,
1470 5702 1588 5754 dzoé
1611 5702 1693 5752 dia

1787 694 1907 735 rum
1938 680 2087 736 fucos
2125 682 2579 755 circumspargr-re
2612 693 2771 758 atque
2794 687 2999 757 jactare
3042 704 3146 744 non
3175 696 3370 748 cessat.

1786 772 2021 829 Numero
2046 786 2222 832 autem
2258 777 2681 850 quadragenario
2722 781 2881 836 vitam
2911 781 3063 838 istam
3092 793 3373 855 propterea

1788 869 2002 942 ﬁgurari
2045 872 2275 928 arbitror
2297 914 2314 939 ,
2352 873 2473 944 quia
2511 873 2763 930 denarius
2802 875 2854 931 in
2883 893 2989 948 quo
3013 886 3097 933 est
3122 877 3376 948 perfectio

1786 963 2129 1020 beatitudinis
2156 975 2372 1030 nostras.
2400 968 2536 1023 sicut
2572 968 2622 1025 in
2650 971 2956 1039 octonario,
2996 973 3117 1044 quia
3146 974 3283 1029 redit
3307 972 3373 1031 ad

1787 1057 2041 1127 primum,
2070 1058 2139 1113 ita
2165 1058 2218 1113 iu
2250 1058 2351 1115 hoc
2385 1060 2516 1116 mihi
2542 1060 2751 1117 videtur
2778 1064 3002 1133 exprimi
3033 1082 3047 1118 :
3072 1065 3194 1136 quia
3222 1080 3373 1123 erea-

1789 1155 1925 1212 tura,
1956 1164 2073 1219 qum
2098 1152 2402 1219 septenario
2442 1154 2717 1218 ﬁguratur.
2752 1153 2993 1211 adlueret
3013 1153 3253 1212 Creatori
3274 1198 3290 1219 .
3322 1158 3374 1214 iu

1787 1255 1894 1312 quo
1921 1241 2223 1297 declaratur
2251 1243 2423 1299 unitas
2450 1243 2725 1300 Trinitatis
2759 1262 2853 1316 per
2878 1246 3180 1302 universum
3215 1265 3375 1305 mun-

1787 1331 1913 1387 dum
1942 1334 2302 1404 tempora'itcr
2328 1336 2721 1402 aununtianda;
2748 1338 2834 1409 qui
2865 1338 3096 1394 mundus
3120 1348 3175 1395 et
3196 1355 3225 1394 a
3247 1357 3380 1413 qua-

1790 1433 1910 1479 tuor
1944 1425 2114 1480 ventis
2138 1425 2444 1491 delimatur,
2474 1436 2529 1483 et
2558 1436 2787 1498 quatuor
2828 1430 3107 1485 elementis
3134 1432 3372 1503 erigitur,

1788 1524 1843 1571 et
1869 1525 2097 1587 quatuor
2132 1516 2258 1571 anui
2300 1529 2599 1590 temporum
2637 1520 2842 1575 vicibus
2884 1522 3135 1576 variatur.
3183 1522 3378 1580 Decem

1787 1616 1963 1661 autem
1989 1615 2180 1677 quater
2206 1607 2257 1662 in
2285 1608 2631 1680 quadraginta
2668 1619 3125 1678 Consummantur,
3150 1612 3378 1682 quadra-

1787 1696 2036 1768 genarius
2060 1706 2236 1754 autem
2261 1700 2499 1769 partibus
2524 1702 2633 1756 suis
2655 1710 3012 1773 computatus,
3035 1703 3180 1758 addit
3208 1706 3380 1773 ipsum

1788 1789 2065 1845 denarium
2109 1799 2165 1847 et
2211 1791 2340 1847 liunt
2379 1793 2755 1865 quinquaginta
2795 1805 3042 1867 tanquam
3068 1812 3274 1854 merces
3302 1799 3380 1856 la-

1789 1879 1934 1937 boris
1959 1890 2014 1937 et
2035 1883 2395 1940 continentize.
2433 1885 2615 1958 Neque
2640 1888 2782 1942 enim
2810 1886 3004 1943 frustra
3051 1889 3164 1958 ipse
3202 1890 3382 1947 Domi-

1788 1987 1890 2027 nus
1916 1981 1972 2027 et
1997 1973 2342 2045 quadraginta
2380 1975 2497 2032 dies
2536 1987 2661 2046 post
2704 1979 3147 2035 resurrectionem
3188 1982 3239 2037 in
3280 1982 3381 2038 hac

1789 2071 1928 2119 terra
1961 2073 2016 2120 et
2044 2066 2097 2119 in
2125 2064 2225 2120 hac
2250 2066 2355 2120 vita
2380 2082 2500 2121 cum
2528 2067 2808 2138 lliscipulis
2831 2079 3179 2125 conversatus
3199 2081 3304 2139 est,
3325 2081 3382 2129 et

1790 2165 2135 2227 posteaquam
2169 2157 2408 2212 ascendit
2442 2158 2495 2212 in
2529 2158 2745 2223 cmlum,
2774 2160 2958 2215 decem
2989 2160 3177 2216 diebus
3218 2163 3383 2218 inter-

1790 2246 1978 2317 positis
2003 2248 2320 2317 promissum
2356 2249 2500 2303 misit
2535 2248 2792 2317 Spiritum
2818 2259 3088 2318 sanctum,
3112 2253 3381 2323 completo

1791 2338 1879 2394 die
1916 2340 2258 2395 Pentecostes
2288 2359 2303 2396 :
2334 2342 2423 2412 qui
2451 2340 2567 2397 dies
2606 2336 3091 2414 quinquagenarius
3116 2344 3275 2401 habet
3299 2346 3381 2402 al-

1794 2441 1966 2487 terum
2008 2442 2431 2499 sacramentum,
2483 2434 2623 2506 quod
2669 2437 2867 2507 septies
2899 2447 3104 2508 septem
3149 2440 3381 2510 quadra-

1790 2523 1937 2593 ginta
1967 2538 2157 2579 novent
2186 2524 2350 2587 ﬁunt;
2379 2534 2433 2580 et
2457 2542 2579 2581 cum
2610 2527 2812 2582 reditur
2834 2528 2900 2583 ad
2930 2529 3156 2592 initium.
3184 2532 3273 2602 qui
3300 2543 3385 2589 est

1792 2624 2033 2683 octavus,
2065 2618 2155 2687 qui
2189 2628 2246 2673 et
2280 2619 2480 2689 primus
2507 2620 2625 2675 dies
2645 2662 2658 2683 ,
2704 2624 3078 2695 quinquaginta
3106 2626 3383 2697 complen-

1793 2715 1906 2772 tur;
1933 2706 2022 2777 qui
2044 2708 2383 2764 celebrantur
2408 2718 2527 2779 post
2555 2711 2761 2766 Domini
2789 2715 3252 2784 resurrecﬁonem,
3269 2717 3380 2788 jam
3432 2740 3436 2749 ν

1793 2800 1847 2856 in
1876 2801 2042 2874 ﬁgura
2070 2819 2175 2857 non
2204 2802 2424 2867 laboris,
2451 2803 2545 2859 sed
2585 2805 2778 2876 quietis
2806 2814 2861 2861 et
2901 2807 3114 2863 lmtitize.
3158 2810 3383 2884 Propter

1793 2892 1897 2949 hoc
1942 2902 1997 2949 et
2034 2894 2236 2965 jejuuia
2286 2895 2626 2963 relaxantur,
2660 2906 2715 2953 et
2741 2908 2942 2954 stantes
2972 2915 3207 2970 oramus,
3239 2905 3381 2974 quod

1792 2997 1875 3043 est
1907 2988 2116 3059 signum
2156 2989 2583 3045 resurrectionis.
2618 2989 2769 3046 Unde
2807 2993 2966 3047 etiam
2995 2995 3243 3050 omnibus
3270 2996 3385 3054 die-

1791 3079 1893 3135 bus
1921 3079 2203 3135 dominicis
2231 3079 2281 3135 id
2312 3080 2378 3135 ad
2408 3081 2576 3137 altare
2603 3082 2938 3147 observatur,
2966 3095 3021 3139 et
3045 3085 3267 3141 Alleluia
3292 3103 3384 3143 ca.-

1792 3170 1953 3235 nitur,
1987 3172 2127 3242 quod
2156 3171 2413 3242 signiﬁcat
2442 3172 2705 3228 actionem
2746 3183 2982 3229 nostram
3014 3175 3244 3232 futuram
3273 3192 3378 3235 non

1792 3276 1911 3317 esse
1941 3263 2040 3317 nisi
2072 3262 2291 3317 laudare
2334 3264 2530 3329 Deum,
2566 3263 2701 3319 sicut
2739 3264 2995 3333 scriptum
3034 3274 3117 3320 est
3172 3284 3185 3321 :
3238 3265 3383 3323 Beats

1791 3358 1876 3427 qui
1893 3356 2118 3411 habitant
2144 3356 2195 3409 in
2227 3356 2377 3411 domo
2399 3365 2503 3421 tua,
2530 3355 2775 3421 Domine;
2805 3358 2858 3411 ia
2882 3358 3067 3412 saecula
3082 3359 3380 3415 stcculorum

1793 3450 2069 3504 laudabunt
2095 3459 2141 3504 te
2167 3447 2338 3521 (Psal.
2375 3465 2598 3513 Lxxxtu,
2630 3448 2709 3519 5).

1863 3540 2091 3597 CAPUT
2116 3540 2333 3595 XVL—
2355 3539 2446 3595 29.
2472 3540 2577 3595 Sed
2604 3540 2718 3596 dies
2738 3541 3207 3613 quinquagesimus
3245 3552 3301 3600 et
3327 3545 3379 3600 in

1792 3634 2080 3704 Scripturis
2123 3633 2562 3703 commendatur;
2592 3642 2645 3689 et
2674 3649 2779 3688 non
2811 3644 3012 3689 tantum
3049 3635 3100 3690 in
3142 3635 3383 3708 Evange-

1791 3728 1881 3792 lio,
1906 3728 2028 3799 quia
2067 3736 2191 3782 tunc
2234 3726 2464 3796 Spiritus
2510 3734 2725 3781 sanctus
2752 3726 2985 3794 advenit,
3016 3726 3109 3782 sed
3137 3728 3297 3783 ctiam
3328 3729 3381 3784 in

1792 3821 2059 3876 veteribus
2081 3819 2273 3874 Libris.
2301 3818 2431 3873 Nam
2446 3828 2501 3874 et
2520 3819 2590 3872 ibi
2616 3827 2957 3888 posteaquam
2982 3819 3183 3874 Pascha
3203 3821 3381 3876 occiso

1792 3930 1930 3986 agno
1976 3914 2411 3978 celebraverunt,
2473 3911 2588 3968 dies
2631 3911 3005 3983 quinquaginta
3035 3922 3383 3970 nunterantur

1792 4020 1962 4077 usque
1990 4004 2055 4059 ad
2081 4005 2221 4060 diem
2250 4019 2356 4073 quo
2380 4002 2491 4058 Lex
2515 4002 2635 4056 data
2661 4010 2745 4057 est
2768 4003 2817 4055 in
2842 4013 3021 4057 monte
3036 4002 3159 4058 Sina
3182 4005 3381 4060 ﬁuuulo

1793 4099 1886 4155 Dei
1922 4098 2107 4168 Moysi,
2156 4097 2324 4167 digito
2368 4095 2461 4150 Dei
2501 4096 2699 4163 scripta
2731 4093 2923 4161 (Exod.
2971 4110 3082 4158 sn,
3127 4111 3237 4159 six,
3267 4112 3377 4163 xx,

1792 4189 1957 4259 xxxx)
1988 4207 2001 4242 :
2028 4189 2078 4242 in
2112 4187 2260 4242 libris
2303 4196 2478 4240 autem
2526 4184 2793 4254 Evangelii
2824 4183 3158 4253 apertissime
3199 4184 3379 4241 decla-

1791 4290 1958 4346 ratur,
1989 4279 2209 4349 digitum
2244 4277 2334 4332 Dei
2364 4276 2662 4346 signiﬁcare
2683 4272 2935 4344 Spiritum
2967 4273 3380 4332 sanctum.Cum

1790 4371 1932 4429 enim
1979 4386 2118 4425 unus
2162 4369 2487 4439 evangelista
2525 4365 2769 4431 dixisset,
2802 4364 2868 4419 In
2898 4365 3054 4437 digito
3096 4364 3194 4421 Dei
3235 4367 3381 4438 ejicio

1794 4465 2045 4520 danwnia
2070 4462 2224 4534 (an.
2253 4477 2332 4527 x1,
2363 4458 2641 4529 20);alius
2682 4456 2784 4512 hoc
2829 4456 2968 4512 idem
3017 4457 3089 4511 ita
3129 4457 3288 4521 dixit,
3312 4455 3381 4513 In

1792 4558 1975 4627 spiritu
2004 4555 2097 4611 Dei
2122 4554 2268 4625 ejicio
2302 4552 2552 4606 dwmonia
2578 4549 2791 4621 (Matth.
2820 4535 2918 4616 xu,
2950 4549 3067 4621 ea).
3088 4549 3217 4617 Quis
3242 4549 3381 4606 hanc

1794 4653 2032 4708 laetitiam
2081 4650 2378 4704 divinorum
2428 4654 2907 4711 sacramentorum,
2940 4658 3062 4698 cum
3101 4658 3245 4697 same
3281 4643 3381 4698 do-

1793 4747 1978 4803 ctrina:
2003 4745 2119 4800 luce
2142 4740 2501 4806 clarescunt‘,
2525 4754 2630 4794 non
2653 4736 2900 4809 prieferat
2922 4736 3182 4790 universis
3197 4734 3379 4791 mundi

1792 4838 1952 4908 hujus
1998 4835 2274 4905 imperiis,
2323 4834 2483 4890 etiam
2538 4833 2783 4888 inusitata
2838 4830 3088 4886 felicitate
3144 4828 3378 4901 pacatis?

1790 4931 1982 4988 Nonne
2024 4938 2275 4999 tanquam
2318 4927 2424 4983 duo
2465 4925 2741 4997 Serapliim
2787 4926 3017 4980 clamant
3057 4924 3122 4980 ad
3155 4924 3378 4980 invicem

1795 5024 2128 5082 concinentia
2173 5022 2356 5078 laudes
2394 5021 2650 5078 Altissimi
2684 5037 2697 5074 :
2731 5020 2973 5085 Sanctus,
3001 5028 3225 5082 sanctus,
3256 5036 3377 5073 san-

1795 5130 1926 5186 ctus,
1945 5117 2192 5171 Dominus
2204 5115 2341 5169 Deus
2355 5114 2562 5169 sabaoth
2588 5111 2738 5185 (Isai.
2765 5128 2841 5179 γι,
2860 5108 2937 5183 3);
2968 5111 3038 5167 ita
3066 5111 3170 5166 duo
3189 5109 3378 5166 Testa-

1795 5221 1974 5269 menta
2006 5211 2231 5266 ﬁdeliter
2267 5206 2643 5264 concordantia
2680 5213 2941 5261 sacratam
2970 5204 3257 5260 concinnat
3286 5216 3379 5255 ve-

1796 5302 2047 5360 ritatem?
2071 5300 2341 5358 Occiditur
2363 5299 2479 5354 ovis
2497 5340 2511 5363 ,
2540 5298 2840 5354 celebratur
2873 5296 3099 5360 Pascha,
3126 5302 3181 5349 et
3212 5294 3377 5347 inter-

1798 5397 1985 5469 positis
2027 5393 2401 5467 quinquaginta
2443 5390 2633 5446 diebus
2669 5390 2826 5447 datur
2870 5389 2980 5445 Lex
3027 5385 3094 5442 ad
3134 5385 3379 5441 timorem

1796 5489 1992 5561 scripta
2021 5486 2190 5559 digito
2219 5484 2333 5541 Dei.
2375 5482 2647 5539 Occiditur
2686 5482 2951 5546 Christus,
2991 5477 3083 5549 qui
3129 5484 3379 5547 tanquam

1796 5585 1912 5640 ovis
1940 5582 2006 5637 ad
2048 5577 2425 5635 immolandum
2457 5578 2645 5632 ductus
2670 5585 2774 5635 est.
2801 5573 2934 5629 sicut
2964 5570 3127 5627 'saias
3158 5578 3383 5627 tesuttur

1868 5764 1887 5796 ί
1914 5761 2112 5812 Floriac.
2135 5766 2242 5819 Ms.,
2268 5755 2406 5806 litera
2426 5758 2660 5804 eresetmt.
