3962 6386
478 316 588 375 219

483 428 637 505 (nat.
665 432 777 499 tur,
797 428 879 503 7),
899 427 1198 486 celebratur
1212 427 1644 489 verum‘Pascha,
1668 435 1722 481 et
1748 423 2073 495 interpositis

483 525 863 595 quinquaginta
907 522 1094 577 diebus
1136 522 1293 578 datur
1343 519 1408 575 ad
1471 518 1785 573 charitatem
1842 517 2075 587 Spiritus

484 625 719 681 sanctus,
748 615 838 685 qui
862 623 943 670 est
967 614 1160 686 digitus
1182 613 1303 677 Dei,
1333 609 1631 666 contrarius
1654 608 1953 664 hominibus
1978 620 2075 660 sua

482 708 887 778 qumrentibus,
947 714 1003 762 et
1047 706 1165 761 ideo
1210 704 1392 775 jugum
1430 717 1677 773 asperum
1720 710 1775 756 et
1813 701 2075 755 sarcinam

486 813 699 870 gravem
733 798 1098 869 portantibus,
1127 780 1225 851 nec
1252 794 1639 850 invenientibus
1678 793 1913 863 requiem
1958 790 2076 845 ani-

490 894 678 947 mabus
715 894 856 957 suis;
890 893 1011 962 quia
1044 889 1278 946 charitas
1300 903 1407 943 non
1435 888 1626 959 quaerit
1654 903 1773 958 quzc
1813 902 1907 941 sua
1955 891 2079 939 sunt

489 983 544 1057 (Ι
573 983 691 1039 Cor.
721 1001 832 1051 xm,
857 987 934 1055 ες).
968 984 1089 1038 ideo
1114 982 1424 1037 animositas
1453 982 1825 1036 haereticorum
1863 991 2079 1048 semper

491 1076 724 1145 inquieta
748 1084 855 1139 εει,
885 1090 1016 1144 quos
1043 1089 1314 1143 magorum
1358 1073 1654 1127 Pharaonis
1696 1071 1893 1125 habere
1918 1084 2078 1123 cona-

491 1176 602 1222 tum
627 1167 865 1221 declarat
901 1167 1218 1235 Apostolus,
1246 1166 1431 1220 diceus
1462 1181 1475 1217 :
1510 1164 1653 1219 Sicut
1695 1164 1826 1217 enim
1865 1162 2079 1217 Jamnes

488 1270 535 1315 et
563 1259 816 1314 Mambrae
846 1260 1132 1315 restiterunt
1162 1258 1359 1327 Moysi,
1402 1259 1473 1312 sic
1498 1269 1542 1312 et
1568 1257 1652 1311 isti
1681 1258 1917 1310 resistunt
1943 1255 2077 1309 veri-

490 1354 601 1418 tati,
644 1353 868 1406 homines
904 1363 1065 1406 mente
1093 1352 1350 1421 corrupti,
1376 1350 1573 1419 reprobi
1598 1349 1732 1403 circa
1774 1347 1923 1411 [idem
1954 1348 2078 1401 :scd

484 1444 623 1497 ultra
653 1459 753 1496 non
786 1443 1087 1512 proﬁcient;
1132 1442 1380 1495 dementia
1412 1441 1550 1494 enim
1577 1456 1749 1493 eorum
1786 1439 1879 1492 erit
1910 1438 2077 1491 moni-

490 1537 619 1605 festa
647 1536 896 1602 omnibus,
925 1536 1051 1589 sicut
1069 1546 1114 1589 et
1134 1535 1341 1588 illorum
1372 1538 1468 1605 fuit
1495 1533 1565 1606 (ιι
1589 1533 1722 1587 Tim.
1749 1548 1826 1598 ιιι,
1852 1532 1925 1598 8).
1945 1532 2079 1598 Quia

491 1628 633 1682 enim
686 1642 782 1697 per
821 1627 989 1697 ipsam
1020 1627 1416 1696 corruptionem
1468 1625 1660 1679 mentis
1707 1623 2080 1694 iuquietissimi

490 1719 723 1786 fuerunt,
756 1720 807 1773 in
838 1720 988 1789 signo
1017 1719 1174 1773 tertio
1205 1717 1534 1782 defecerunt,
1578 1716 1803 1770 fatentes
1846 1715 1947 1769 sibi
1986 1713 2082 1768 ad-

490 1826 704 1865 versum
748 1825 866 1865 esse
901 1809 1158 1879 Spiritum
1206 1820 1445 1863 sanctum
1491 1809 1577 1879 qui
1628 1816 1742 1861 erat
1787 1807 1837 1860 in
1878 1806 2076 1877 Moyse.

482 1901 627 1955 Nam
657 1902 963 1955 deficientes
990 1901 1236 1954 dixerunt
1271 1899 1517 1971 :Digitus
1552 1899 1646 1952 Dei
1671 1908 1742 1952 est
1776 1899 1856 1952 In'c
1882 1897 2078 1967 (Exod.

493 2010 604 2057 vm,
632 1994 741 2062 19).
770 1991 919 2048 Sicut
957 2002 1132 2046 autem
1170 1992 1483 2045 conciliatus
1510 2000 1561 2045 ct
1589 1990 1828 2060 placatus
1848 1990 2081 2060 Spiritus

480 2096 705 2143 sanctus
731 2085 970 2155 requiem
1005 2093 1219 2155 praestat
1248 2084 1461 2137 mitibus
1495 2092 1548 2137 et
1577 2083 1862 2137 humilibus
1884 2082 2045 2137 corde
2064 2122 2077 2146 ,

486 2181 559 2236 ita
605 2180 904 2235 contrarius
950 2187 1005 2234 et
1046 2180 1303 2233 adversus
1345 2179 1575 2231 immites
1613 2193 1675 2233 ac
1702 2177 1961 2246 superbos
2001 2178 2082 2230 in—

486 2274 797 2346 quietudine
826 2272 1075 2342 exagitat.
1107 2273 1275 2339 Quam
1304 2272 1723 2341 inquietudinem
1750 2286 1948 2325 mnscze
1977 2270 2080 2325 illa:

490 2367 815 2421 brevissima:
846 2366 861 2397 ¹
891 2365 1341 2437 significaverunt,
1393 2365 1493 2419 sub
1522 2366 1711 2434 quibus
1753 2366 1892 2434 magi
1938 2365 2079 2418 Pha-

488 2459 670 2513 raonis
694 2456 1027 2522 defecerunt,
1060 2457 1296 2511 dicentes
1327 2476 1339 2509 :
1379 2455 1579 2525 Digitus
1604 2454 1696 2507 Dei
1719 2466 1788 2509 est
1812 2455 1910 2507 ltic.

559 2552 646 2603 50.
680 2548 915 2604 Exedunt
934 2549 1063 2617 lege,
1094 2557 1144 2601 ct
1168 2546 1285 2600 vide
1308 2547 1393 2601 ubi
1417 2546 1619 2600 Pascha
1642 2545 2078 2610 celebraverunt,

499 2630 617 2711 poSt
642 2650 768 2710 quot
794 2640 909 2694 dies
934 2640 1053 2693 data
1085 2639 1153 2691 sit
1181 2637 1309 2691 Lex.
1328 2636 1588 2706 Loquitur
1611 2636 1838 2690 Deusad
1864 2635 2078 2707 Moysen

492 2734 542 2787 in
598 2748 779 2788 eremo
811 2731 934 2787 Sina
967 2731 1053 2786 die
1097 2733 1269 2800 primo
1293 2732 1313 2761 ³
1341 2730 1541 2783 mensis
1572 2729 1731 2782 tertii.
1782 2728 1914 2782 Nota
1953 2742 2081 2795 ergo

492 2842 653 2881 unum
686 2827 827 2881 diem
864 2840 927 2880 cx
963 2824 1386 2895 iugressuipsius
1425 2822 1564 2875 tertii
1608 2821 1827 2884 mensis,
1872 2828 1926 2875 ct
1964 2810 2081 2875 \ide

482 2920 610 2990 quid
642 2919 784 2974 dicat
812 2919 949 2972 inter
976 2924 1166 2972 cretera
1193 2935 1204 2969 :
1239 2914 1521 2979 Descende,
1554 2912 1740 2983 inquit,
1779 2921 1958 2965 testare
1987 2928 2079 2981 po-

493 3012 637 3082 pulo,
661 3019 705 3063 et
730 3011 945 3079 puriﬁca
969 3007 1083 3061 illos
1115 3006 1263 3060 hodie
1291 3015 1334 3060 et
1362 3023 1491 3065 cras,
1526 3012 1571 3058 et
1601 3005 1764 3058 favent
1789 3004 2081 3057 vestimenta

486 3118 599 3163 sua,
634 3111 679 3155 et
703 3102 801 3155 sint
833 3100 997 3170 parati
1023 3100 1075 3151 in
1100 3098 1231 3151 diem
1265 3099 1483 3149 tertium.
1513 3094 1684 3148 Tertia
1711 3095 1843 3149 eniut
1874 3094 1955 3148 die
1988 3093 2079 3147 de-

489 3191 689 3247 scendet
726 3190 971 3244 Dominus
997 3190 1053 3242 in
1079 3200 1295 3242 montem
1334 3188 1463 3243 Sina
1493 3205 1663 3242 coram
1710 3188 1845 3241 omni
1891 3187 2080 3257 populo

480 3283 604 3357 (Id.
628 3300 742 3349 xu,
780 3281 980 3352 10,11)
1013 3300 1024 3334 :
1061 3292 1186 3337 tunc
1211 3281 1329 3334 data
1356 3280 1558 3335 estLex
1592 3282 1748 3334 tertio
1770 3280 2081 3335 scilicetdie

493 3376 633 3432 tertii
675 3375 894 3429 mensis.
932 3374 1161 3428 Numera
1205 3373 1381 3441 itaque
1418 3387 1447 3425 a
1493 3371 1894 3441 quartodecimo
1926 3372 2081 3440 primi

492 3470 696 3525 mensis
745 3469 853 3531 die,
887 3483 992 3537 quo
1038 3468 1229 3521 factum
1264 3474 1347 3520 est
1380 3465 1602 3529 Pascha,
1629 3480 1797 3535 usque
1835 3464 1899 3519 ad
1939 3465 2079 3519 dicm

489 3560 701 3616 tertium
721 3558 859 3612 tertii
878 3558 1098 3620 mensis,
1125 3565 1177 3610 ct
1204 3556 1442 3611 invenies
1459 3555 1644 3610 decem
1667 3564 1717 3610 et
1740 3566 1941 3625 septem
1966 3556 2081 3611 dies

485 3653 643 3723 primi
699 3652 918 3715 mensis,
964 3650 1175 3727 triginta
1216 3648 1596 3727 secundiutres
1638 3649 1799 3713 tertii,
1831 3650 1917 3720 qui
1951 3651 2081 3704 fiunt

488 3742 884 3813 quinquaginta.
914 3742 1022 3796 Lex
1042 3726 1105 3795 in
1137 3755 1260 3795 area
1288 3750 1369 3794 est
1394 3726 1741 3795 sanctificatio
1770 3741 1820 3794 in
1854 3756 2080 3810 corpore

480 3832 719 3897 Domini,
764 3847 861 3901 per
898 3831 1049 3900 cujus
1091 3832 1537 3886 resurreCtioncm
1568 3833 1720 3886 nobis
1750 3832 1962 3902 requies
1986 3834 2077 3885 to-

489 3934 609 3980 tura
634 3925 977 3995 promittitur,
1011 3924 1074 3978 ad
1101 3939 1257 3994 quam
1282 3925 1678 3995 percipiendam
1710 3925 1909 3994 Spiritu
1949 3940 2076 3979 san-

483 4028 574 4074 cto
612 4017 844 4072 Charitas
876 4016 1183 4086 inspiratur.
1220 4014 1449 4086 Spiritus
1483 4026 1659 4070 autem
1702 4016 1935 4070 nondum
1965 4022 2081 4071 erat

482 4111 661 4171 datus,
684 4110 806 4180 quia
836 4109 991 4163 Jes‘us
1011 4108 1243 4162 nondum
1267 4118 1381 4163 erat
1406 4108 1730 4162 clarilieatus
1760 4107 1938 4180 (.loan.
1979 4122 2074 4173 vn,

486 4204 602 4271 59.)
628 4202 778 4257 [inde
800 4201 1074 4271 prophetia
1094 4201 1181 4254 illa
1200 4208 1407 4254 cantata
1436 4210 1519 4255 est
1538 4219 1551 4255 :
1576 4200 1822 4271 Exsurge,
1844 4200 2075 4266 Donn‘ne,

483 4297 537 4348 in
574 4295 792 4358 requiem
833 4304 995 4355 tuom,
1030 4302 1082 4344 tu
1106 4301 1153 4344 et
1190 4309 1309 4345 arca
1338 4292 1865 4361 sanctiﬁcationistutv
1888 4293 1903 4361 (
1927 4292 2076 4348 Psal.

486 4402 673 4449 exui,
698 4386 771 4453 8).
801 4383 899 4438 Ubi
926 4384 1156 4452 requies,
1188 4383 1261 4436 ibi
1286 4385 1653 4437 sanetilicatin.
1683 4384 1835 4439 Unde
1864 4403 2002 4440 nunc
2024 4395 2080 4441 ut

487 4492 730 4532 amemus
760 4484 813 4530 et
853 4472 1238 4539 desideremus,
1281 4474 1465 4543 pignus
1502 4476 1822 4544 accepimus.
1869 4477 2077 4531 Vocan-

490 4577 574 4623 tur
596 4578 775 4622 autem
810 4566 873 4621 ad
910 4567 1147 4636 requiem
1174 4564 1396 4620 alterius
1420 4566 1562 4629 vitzc,
1592 4580 1699 4636 quo
1730 4567 1798 4621 ab
1832 4567 1929 4621 ista
1971 4570 2079 4622 vita

495 4665 786 4729 transitur,
819 4660 959 4730 quod
1002 4658 1203 4714 Pascha
1247 4658 1531 4729 significat,
1563 4675 1750 4716 omnes
1780 4662 1832 4715 in
1866 4662 2079 4717 nomine

489 4753 685 4817 Patris,
719 4762 772 4813 et
800 4752 939 4813 Filii,
975 4760 1027 4806 et
1046 4751 1283 4820 Spiritus
1308 4740 1496 4805 sancti.

560 4843 712 4899 CAP.
749 4844 913 4900 XVI-l.
936 4874 1008 4886 --
1033 4844 1121 4898 ⁸51.
1154 4843 1440 4914 Propterea
1468 4844 1953 4915 quinquagenarius
1982 4863 2081 4901 nu-

487 4952 672 4993 merus
695 4948 777 4992 ter
806 4936 1209 5008 multiplicatus,
1238 4936 1418 4991 addito
1442 4937 1508 4991 ad
1530 4938 1873 4993 eminentiam
1896 4954 2077 4995 sacra-

490 5030 654 5085 menti
679 5030 794 5097 ipso
811 5031 1063 5095 ternario,
1086 5036 1142 5082 et
1162 5029 1215 5082 in
1244 5028 1346 5081 illis
1381 5028 1588 5097 magnis
1613 5029 1848 5098 piscibus
1876 5031 2080 5086 inveni-

489 5132 596 5185 tur,
630 5136 762 5192 quos
787 5120 892 5189 jam
936 5121 1190 5175 Dominus
1230 5126 1352 5191 post
1390 5119 1839 5174 resnrrectionem
1883 5136 2074 5176 novam

491 5219 654 5269 vitam
676 5213 1068 5275 demonstrans,
1094 5227 1125 5267 a
1152 5212 1369 5267 dextera
1389 5220 1539 5281 parte
1572 5211 1733 5264 levari
1765 5213 2075 5283 imperavit;

488 5322 589 5363 nec
617 5307 749 5362 retia
776 5315 926 5375 rupta
958 5302 1281 5375 sunttloau.
1318 5319 1433 5368 χιι,
1467 5304 1523 5370 6,
1544 5299 1796 5374 H),quia
1824 5313 1950 5359 tunc
1973 5305 2080 5360 hm-

486 5401 777 5456 reticorum
805 5396 1112 5468 inquietudo
1145 5411 1252 5450 non
1289 5397 1410 5451 erit.
1444 5396 1594 5451 Tunc
1620 5396 1781 5451 homo
1802 5396 2077 5467 perfectus

488 5504 544 5549 et
558 5496 791 5563 quietus,
810 5500 1060 5563 purgatus
1080 5491 1137 5544 in
1156 5490 1336 5544 animo
1355 5500 1407 5544 et
1434 5493 1485 5544 tu
1510 5505 1735 5561 corpore
1764 5505 1859 5560 per
1873 5492 2077 5562 eloquia

552 5608 726 5672 ’_F.(l(l.,
745 5605 1057 5672 gratisimw.
1082 5605 1171 5672 Sed
1199 5605 1360 5655 verius
1383 5614 1510 5667 3:55.,
1530 5605 1833 5667 brevissime,
1850 5614 1903 5657 ut
1925 5608 2080 5672 liquet

492 5683 555 5720 ex
581 5669 665 5718 lib.
690 5672 721 5718 5
741 5669 803 5718 de
826 5672 1010 5728 'l’rinit.,
1036 5684 1080 5719 c.
1105 5671 1152 5718 7.

555 5734 731 5803 {Lovw
755 5730 995 5803 (licitatio
1016 5730 1192 5803 mensis
1215 5730 1362 5799 tertii.
1379 5733 1729 5803 fastigavimus
1742 5733 1803 5785 ad
1954 5732 2078 5786 duos

492 5795 741 5845 volitantis
762 5801 815 5844 et
833 5794 1140 5844 Sorbonicum
1162 5794 1329 5854 unum,
1353 5794 1433 5845 die
1469 5794 1639 5860 primo.

1690 284 1751 370 δέ
1791 308 2157 370 AUGUSTINI
2198 308 2496 364 EPISCOH

2181 420 2391 476 Domini
2421 430 2586 490 casta,
2619 431 2897 494 argentum
2917 422 3039 514 igne
3061 425 3423 483 examinatum
3446 433 3625 493 terrm,
3645 442 3769 498 pur-

2178 522 2357 585 gatum
2389 516 2685 586 soptnplmn
2708 516 2969 591 (P8111.XI,
2996 517 3077 590 Ἰ),
3098 518 3321 586 accipiet
3347 519 3649 589 mercedem
3678 520 3768 577 de-

2174 600 2409 673 narium,
2444 621 2498 662 ut
2527 610 2633 664 sint
2657 610 2842 665 decem
2867 621 2915 665 et
2948 608 3322 681 septem.Nam
3351 620 3400 665 et
3442 610 3493 665 iu
3530 611 3635 666 hoc
3671 630 3768 668 nu-

2182 717 2330 757 mero
2368 703 2505 756 sicut
2546 703 2597 757 in
2644 703 2760 757 aliis
2801 703 3119 774 multiplices
3152 704 3346 775 figuras
3376 703 3765 774 exhibentlhus,

2180 804 2573 848 sacramentum
2595 794 2837 849 mirabile
2865 796 3148 865 reperitur.
3183 795 3293 851 Nec
3317 798 3583 851 immerito
3614 800 3767 854 etiam

2176 885 2427 941 'Psalmus
2455 890 2715 958 septimus
2752 889 2989 957 decimus
3017 890 3068 943 in
3113 890 3412 959 Regnorum
3448 892 3599 945 libris
3630 893 3769 948 solus

2178 978 2386 1048 integer
2412 968 2604 1050 legitur
2635 980 2699 1053 (II
2730 980 2858 1052 Reg.
2892 996 3031 1048 xxii,
3051 981 3373 1055 2-51);quia
3402 996 3627 1051 regnum
3651 982 3768 1039 illud

2182 1072 2465 1141 significat,
2509 1073 2594 1126 tibi
2644 1074 3007 1142 adversarium
3051 1092 3154 1129 non
3194 1075 3528 1129 habebimus.
3572 1075 3770 1134 Titulus

2180 1165 2321 1218 cnim
2356 1164 2469 1233 ejus
2497 1174 2609 1218 est:
2642 1164 2706 1219 In
2735 1166 2815 1219 die
2838 1183 2937 1236 qua
2965 1167 3093 1219 eruit
3122 1182 3234 1221 eum
3262 1163 3509 1220 Dominus
3531 1160 3596 1221 de
3625 1184 3770 1223 manu

2183 1256 2407 1309 omnium
2429 1258 2745 1310 inimicorum
2775 1260 2903 1330 ejus,
2934 1269 2981 1313 et
3004 1259 3066 1312 de
3086 1275 3235 1312 manu
3270 1257 3415 1313 Snt’tl.
3450 1260 3583 1325 Quis
3627 1262 3767 1330 enim

2186 1349 2444 1419 figuratur
2472 1351 2519 1402 in
2556 1350 2740 1413 David,
2771 1352 2871 1405 nisi
2914 1352 3000 1405 ille
3040 1353 3127 1420 qui
3158 1350 3300 1405 venit
3328 1351 3626 1405 secundum
3664 1367 3774 1405 car-

2186 1456 2304 1495 nem
2327 1458 2388 1496 ex
2414 1443 2616 1496 semine
2634 1443 2835 1496 David?
2862 1443 3038 1513 (Rom.
3070 1460 3104 1507 t,
3138 1443 3220 1513 5.)
3247 1445 3345 1510 Qui
3370 1446 3550 1515 utique
3582 1445 3634 1497 in
3663 1461 3775 1499 cor-

2185 1550 2314 1603 pore
2343 1550 2459 1597 suo,
2497 1536 2637 1604 quod
2684 1546 2763 1590 est
2791 1537 3026 1591 Ecclesia
3066 1538 3241 1593 adhuc
3276 1540 3478 1609 patitur
3510 1539 3769 1591 inimicos.

2180 1626 2337 1683 Unde
2367 1630 2437 1681 illi
2470 1631 2793 1699 persecutori
2823 1647 2978 1700 quem
3010 1647 3138 1689 voce
3166 1633 3431 1697 mactavit,
3466 1641 3522 1686 ct
3548 1634 3601 1685 in
3627 1649 3771 1687 stium

2184 1720 2664 1789 corpustrajiciens
2697 1721 3085 1788 quodammodo
3120 1724 3473 1784 manducavit,
3506 1724 3768 1778 sonuitde

2184 1812 2320 1864 cmlo
2352 1811 2561 1878 :Sattlc,
2590 1812 2765 1879 Saulc,
2794 1814 2915 1883 quid
2946 1816 3385 1884 uteperscqucris?
3410 1815 3546 1870 (Act.
3580 1831 3661 1875 ιι.
3693 1816 3769 1885 4.)

2184 1901 2405 1969 Quando
2426 1913 2604 1957 autem
2624 1914 2839 1958 eruetur
2863 1904 2961 1958 hoc
2995 1921 3189 1975 corpus
3210 1906 3325 1973 ejus
3356 1907 3421 1959 de
3455 1922 3620 1959 manu
3662 1900 3771 1960 om-

2183 1994 2327 2046 nimn
2362 1994 2696 2047 inimicorum
2722 1997 2857 2061 ejus,
2893 1996 2991 2050 nisi
3016 2013 3133 2050 cum
3164 2006 3216 2051 et
3242 1998 3330 2050 illa
3355 1999 3648 2052 novissima
3673 1998 3766 2051 iui-

2186 2086 2317 2139 mica
2343 2086 2647 2140 destruetur
2675 2087 2857 2141 mors"!
2896 2088 2975 2141 Ad
3010 2090 3110 2143 hoc
3148 2098 3354 2158 tempus
3394 2090 3650 2160 pertinuit
3680 2107 3772 2144 nu-

2186 2194 2367 2233 merus
2392 2180 2482 2235 ille
2514 2190 2726 2233 centum
2755 2181 3131 2252 quinquaginta
3166 2183 3324 2235 trium
3359 2184 3603 2251 piscium.
3649 2180 3772 2238 Nam

2184 2275 2370 2344 etipse
2404 2291 2654 2329 numerus
2686 2276 2942 2344 septimus
2983 2277 3223 2333 decimus
3268 2294 3490 2348 surgens
3526 2280 3575 2333 in
3611 2282 3771 2349 trigo-

2186 2385 2332 2432 num,
2356 2378 2571 2427 centum
2616 2371 2995 2449 quinquaginta
3032 2372 3191 2425 trium
3224 2388 3484 2426 summam
3523 2376 3773 2440 complet.

2184 2460 2266 2513 Ab
2293 2476 2397 2512 uno
2437 2461 2631 2533 quippe
2676 2478 2841 2533 uSque
2878 2464 2942 2521 ad
2974 2463 3159 2527 decem
3198 2475 3252 2523 ct
3282 2473 3483 2534 septem
3523 2482 3766 2539 surgens,

2183 2566 2371 2607 omnes
2396 2555 2596 2607 medios
2622 2554 2783 2622 adde,
2816 2560 2868 2609 et
2891 2555 3128 2619 invenies
3154 2573 3166 2609 :
3200 2554 3263 2608 ad
3288 2572 3449 2609 unum
3469 2557 3778 2612 scilict-tad-

2184 2641 2249 2695 de
2279 2641 2406 2707 duo,
2440 2644 2570 2697 fiunt
2609 2645 2786 2714 utique
2819 2646 2951 2709 tria;
2983 2645 3118 2700 adde
3159 2646 3279 2711 tria,
3312 2646 3443 2701 fiunt
3469 2663 3563 2702 scx
3596 2666 3613 2714 ;
3651 2649 3775 2721 adde

2183 2743 2429 2802 quatuor,
2457 2734 2817 2801 rlllllldt'CClI];
2848 2737 2983 2790 adde
3002 2737 3253 2807 quinque,
3278 2740 3408 2792 fiunt
3433 2740 3767 2812 quindecim;

2182 2824 2319 2879 adde
2348 2841 2458 2887 sex,
2501 2826 2629 2880 {ittut
2671 2828 2851 2897 viginti
2897 2844 3091 2894 unum;
3134 2829 3269 2883 adde
3316 2832 3384 2885 ita
3424 2840 3679 2897 exteros,
3721 2841 3770 2888 et

2185 2916 2355 2987 ipsum
2381 2917 2643 2972 decimum
2667 2920 2969 2992 septimum,
2998 2922 3129 2979 fiunt
3157 2930 3371 2977 centum
3395 2924 3775 3005 quinquaginta

2186 3010 2306 3064 tria.
3638 3010 3645 3015 ⁷⁷

2256 3103 2344 3158 52.
2383 3103 2508 3158 [hec
2537 3103 2602 3159 de
2630 3102 2919 3174 Scripturis
2968 3104 3267 3167 firmissime
3307 3114 3584 3172 tenentur,
3632 3108 3682 3162 id
3710 3118 3781 3163 cst

2184 3193 2385 3249 Pascha
2420 3206 2472 3249 ct
2505 3196 2867 3251 Pentecosles.
2897 3194 3026 3250 Nam
3078 3207 3132 3249 ut
3171 3197 3518 3269 quadraginta
3560 3200 3641 3253 illi
3678 3200 3781 3255 dies

2183 3295 2305 3341 ante
2338 3286 2538 3343 Pascha
2560 3289 2931 3353 observentur,
2961 3289 3210 3343 Ecclesia:
3226 3291 3565 3344 Consuetudo
3591 3293 3607 3323 ⁸
3637 3295 3782 3347 robo-

2184 3378 2349 3441 ravit;
2378 3379 2455 3432 sic
2479 3381 2638 3433 etiam
2660 3389 2716 3435 nt
2740 3388 2861 3439 octo
2888 3378 3001 3434 dies
3024 3365 3423 3453 Ncopbytortnn
3449 3380 3782 3465 distinguan-

2182 3478 2270 3523 tur
2295 3488 2321 3522 a
2352 3472 2581 3533 cmleris.
2625 3471 2675 3524 id
2718 3481 2816 3533 est,
2852 3482 2907 3529 ut
2949 3482 3169 3526 octavus
3212 3476 3384 3544 primo
3420 3478 3695 3539 conciliat.
3722 3478 3783 3534 [ι

2184 3571 2359 3615 autem
2399 3562 2619 3616 Alleluia
2668 3578 2762 3631 per
2794 3565 2908 3623 illos
2952 3565 3096 3620 solos
3127 3565 3241 3625 dies
3293 3568 3680 3637 quinquaginta
3730 3576 3777 3622 in

2178 3654 2422 3719 Ecclesia
2457 3664 2719 3719 cantetur,
2746 3672 2851 3710 non
2877 3673 3252 3728 usquequaque
3279 3660 3596 3714 observatur
3626 3683 3635 3710 τ
3666 3680 3778 3716 nam

2184 3748 2376 3801 ctaliis
2415 3746 2599 3800 diebus
2630 3749 2772 3801 varie
2798 3760 3041 3803 cantatur
3081 3750 3205 3804 alibi
3243 3759 3401 3821 atque
3432 3754 3556 3806 alibi
3591 3772 3605 3813 ;
3658 3756 3779 3824 ipsis

2182 3854 2358 3895 autem
2390 3840 2575 3895 diebus
2604 3840 2815 3912 ubique.
2844 3841 2913 3896 Ut
2937 3853 3113 3921 autem
3145 3851 3345 3896 stantes
3383 3844 3432 3897 in
3460 3845 3562 3897 illis
3593 3846 3781 3902 diebus

2184 3944 2237 3988 et
2266 3934 2512 3988 onmibus
2542 3934 2823 3989 dominicis
2857 3951 3094 4007 oremus,
3123 3945 3299 3989 utrum
3327 3938 3521 4007 ubique
3539 3953 3781 3997 servetur

2184 4025 2407 4096 ignoro:
2444 4036 2621 4081 tamen
2659 4027 2784 4101 quid
2824 4028 2875 4082 in
2905 4044 2969 4083 co
3000 4039 3254 4099 sequatur
3289 4030 3555 4099 Ecclesia,
3584 4034 3699 4087 dixi
3731 4043 3781 4089 ut

2178 4118 2352 4197 potui,
2382 4128 2435 4173 et
2455 4119 2683 4173 arbitror
2709 4136 2828 4174 ρετιο
2861 4122 3217 4175 manifestum.

2252 4209 2404 4283 CAP.
2427 4211 2686 4266 XVlll.—-
2704 4212 2791 4268 53.
2813 4213 2883 4266 De
2900 4213 3135 4266 lavandis
3149 4229 3275 4268 Vero
3292 4213 3530 4283 pedibus,
3548 4232 3675 4272 cum
3694 4220 3783 4271 ilo-

2184 4304 2360 4366 mjnus
2390 4303 2487 4357 hoc
2518 4314 2729 4373 propter
2755 4306 2975 4357 formant
3009 4303 3338 4368 humilitatis,
3380 4320 3597 4376 propzer
3622 4326 3779 4380 quam

2182 4395 2476 4449 docendam
2508 4404 2746 4463 venerat,
2782 4396 3258 4471 commendaret-it,
3293 4400 3426 4453 sicut
3454 4401 3565 4469 ipse
3595 4419 3783 4456 CtmsC-

2183 4497 2408 4569 quenter
2435 4484 2699 4556 exposuit,
2722 4487 2999 4556 qumsilunt
3031 4497 3112 4542 est
3137 4506 3366 4556 quonam
3411 4500 3654 4559 tempore
3688 4510 3781 4564 po-

2176 4580 2444 4634 ‘lissitnum
2492 4596 2575 4633 res
2628 4588 2767 4651 tanta
2811 4580 2969 4633 etiam
3020 4578 3157 4641 facto
3199 4580 3511 4649 doceretur,
3545 4594 3597 4638 et
3643 4585 3775 4638 illud

2182 4678 2392 4740 tempus
2418 4671 2668 4733 occurrit,
2686 4688 2791 4742 quo
2813 4672 2922 4741 ipsa
2942 4673 3333 4728 commendatio
3356 4675 3659 4744 religiosius
3686 4680 3767 4731 in.

2185 4762 2429 4816 ha‘rcrct.
2456 4762 2557 4817 Sed
2579 4764 2717 4821 nead
2735 4765 2902 4835 ipsum
2926 4774 3314 4818 sacramentum
3346 4764 3596 4835 Baptismi
3618 4770 3773 4835 vide-

2185 4864 2329 4908 retur
2359 4854 2641 4934 pertinere,
2672 4856 2819 4911 multi
2852 4856 2950 4909 hoc
2975 4858 3023 4909 in
3058 4858 3496 4921 consuetudinem
3530 4862 3774 4929 recipere

2186 4951 2489 5005 noluerunt.
2527 4950 2774 5005 Nonnulli
2815 4951 2972 5005 etiam
3020 4950 3085 5005 de
3130 4954 3517 5009 censuetudine
3559 4954 3780 5010 auferre

2185 5058 2289 5096 non
2316 5043 2710 5098 dubitaverunt.
2745 5043 2918 5111 Aliqui
2961 5054 3135 5097 autem
3180 5056 3234 5098 ιιι
3275 5046 3375 5100 hoc
3399 5052 3453 5099 et
3488 5028 3780 5103 sacratiorc

2186 5143 2422 5205 tempore
2462 5126 2919 5195 commendarent.
2965 5144 3018 5189 et
3066 5151 3092 5189 a
3130 5136 3389 5206 Baptismi
3440 5150 3779 5209 sacramento

2184 5227 2587 5297 distinguerent,
2607 5228 2684 5281 vel
2713 5225 2850 5282 diem
2879 5228 3088 5282 tertium
3107 5238 3433 5296 ectavarum,
3455 5230 3574 5305 quia
3598 5242 3646 5285 et
3672 5242 3781 5287 ter-

2187 5321 2366 5375 narius
2398 5336 2649 5374 numerus
2674 5320 2725 5374 in
2766 5320 2948 5373 multis
2974 5322 3318 5375 sacramentis
3337 5325 3565 5378 maxime
3596 5324 3775 5378 excel-

2187 5412 2263 5479 lit,
2305 5412 2388 5465 vel
2438 5412 2596 5466 etiam
2645 5412 2814 5491 ipsum
2859 5422 3103 5467 octavum
3142 5422 3199 5468 ut
3243 5413 3342 5468 hoc
3380 5414 3613 5471 facerent
3658 5418 3776 5471 cic-

2183 5513 2393 5574 gerunt.

2255 5596 2342 5650 54.
2373 5594 2532 5649 Miror
2552 5611 2680 5650 sane
2706 5595 2831 5665 quid
2862 5597 2930 5651 ita
2958 5599 3211 5662 volucris,
3232 5609 3287 5652 ut
3310 5599 3376 5654 de
3398 5600 3460 5655 iis
3486 5618 3602 5673 quae
3628 5604 3776 5679 varie

2252 5798 2266 5829 ί
2294 5805 2394 5844 Atn.
2422 5795 2529 5844 Bad.
2555 5803 2629 5844 Er.
2658 5804 2708 5845 et
2730 5804 2835 5847 Mss.
2858 5806 2989 5847 tres:
3019 5798 3241 5851 Ecclesiae
3254 5801 3496 5855 consensio
3519 5802 3775 5861 roboraria,
