3962 6378
1813 385 1872 441 s.
1913 382 2279 441 AliGUSTlNl
2317 384 2618 448 EPISCOP!
3588 382 3605 385 ’“
3763 421 3845 481 ω

612 495 817 552 scientia
837 498 966 553 bona
985 506 1032 555 et
1049 500 1152 566 [ide
1178 516 1280 557 non
1301 502 1420 572 ﬁcta
1442 499 1484 575 (l
1517 500 1648 557 Tim.
1672 516 1712 571 ι,
1736 501 1825 574 5);
1848 512 1902 558 et
1935 502 2195 574 plenitudo

611 591 736 664 legis
761 593 979 648 charitas
1007 594 1183 664 (Rom.
1214 612 1328 662 xm,
1354 594 1465 668 10).

682 684 771 740 59.
815 686 992 757 Itaque
1030 697 1084 742 et
1123 697 1176 743 tu
1197 730 1212 753 ,
1241 690 1551 745 charissime
1570 730 1585 755 ,
1616 692 1728 747 sive
1769 690 1900 753 ista,
1928 691 2041 745 sive
2066 691 2190 757 alia,

611 775 690 833 sic
728 776 842 848 lege
867 818 882 841 ,
914 778 992 832 sic
1020 777 1165 833 disce
1185 820 1197 839 ,
1231 790 1289 833 ιιι
1316 780 1623 836 memineris
1650 782 1923 837 verissime
1947 782 2145 836 dictum
2173 799 2187 837 :

612 864 833 921 Scientia
863 869 1029 939 inﬂat,
1062 870 1281 925 charitas
1307 872 1527 941 a'diﬁcat
1556 873 1614 944 (Ι
1643 874 1760 929 Cor.
1792 891 1907 941 νιιι,
1939 876 1963 931 1
1989 875 2028 946 ).
2058 875 2192 930 Clut-

603 959 732 1013 ritas
758 970 933 1014 autem
964 977 1064 1015 non
1093 962 1381 1028 aniulatur,
1410 980 1509 1018 non
1538 965 1703 1036 inflat.
1728 966 1815 1022 Sic
1844 967 2019 1038 itaque
2043 967 2191 1022 adhi-

610 1048 799 1105 beatur
829 1052 1045 1106 scientia
1078 1062 1325 1123 tauqttam
1353 1056 1591 1112 machina
1618 1059 1879 1128 qumdam.
1910 1076 2003 1129 per
2029 1076 2187 1131 quam

604 1146 866 1193 structura
890 1130 1163 1196 charita‘tis
1187 1154 1427 1215 assurgat
1451 1164 1567 1215 quae
1594 1158 1805 1203 maneat
1829 1148 1880 1203 in
1903 1160 2185 1217 mteruum,

600 1229 758 1284 etiam
788 1245 907 1285 cum
938 1232 1158 1288 scicntia
1200 1233 1505 1291 destruetur
1534 1237 1661 1311 (Id.
1691 1256 1807 1306 xm,
1834 1242 1887 1307 4,
1920 1240 1994 1311 8)
2020 1258 2035 1305 ;
2067 1258 2187 1314 qua:

595 1320 664 1376 ad
712 1322 868 1378 tinem
912 1325 1185 1382 charitatis
1224 1328 1456 1383 adhibita
1495 1331 1717 1386 multum
1756 1343 1840 1387 est
1880 1334 2058 1400 utilis;
2092 1352 2187 1405 per

598 1427 658 1469 se
683 1426 860 1470 autem
889 1416 999 1485 ipsa
1028 1418 1146 1474 sine
1173 1419 1261 1473 tali
1289 1419 1423 1481 line,
1450 1436 1555 1476 non
1584 1423 1744 1477 modo
1772 1426 2061 1496 superﬂua,
2089 1429 2183 1483 sed

600 1504 761 1560 etiam
811 1508 1103 1577 perniciosa
1151 1512 1366 1578 probata
1408 1523 1509 1569 est.
1551 1513 1674 1569 Scio
1712 1524 1889 1571 autem
1929 1534 2085 1590 quam
2129 1529 2184 1577 te

595 1598 848 1666 cogitatio
882 1609 1063 1655 sancta
1088 1602 1351 1657 custodiat
1382 1603 1481 1657 sub
1511 1607 1822 1663 umbraculo
1844 1609 2048 1665 alarum
2080 1612 2183 1667 Do-

595 1688 723 1743 mini
753 1690 843 1745 Dei
875 1692 1061 1746 nostri.
1103 1692 1205 1749 Sed
1238 1694 1358 1750 ideo
1384 1696 1519 1756 haec.
1552 1697 1650 1751 etsi
1677 1698 1942 1765 breviter,
1976 1703 2175 1771 monui,

591 1781 841 1851 quoniam
875 1784 995 1838 novi
1026 1784 1265 1840 eamdem
1311 1786 1479 1855 ipsam
1508 1787 1821 1846 charitatem
1853 1802 1995 1846 tuam
2015 1834 2030 1857 ,
2058 1809 2178 1863 quze

592 1887 697 1928 non
723 1874 1003 1931 aemulatur
1022 1916 1037 1941 ,
1064 1875 1203 1932 hanc
1230 1878 1509 1949 epistolam
1538 1881 1716 1937 multis
1745 1881 1987 1939 daturam
2017 1894 2175 1957 atque

587 1963 862 2021 lecturum.

1064 2061 1391 2119 EPISTOLA
1423 2063 1536 2122 LVI
1564 2068 1583 2089 ο
1608 2065 1707 2139 (a).

585 2148 893 2221 Augustinus
928 2152 996 2206 ad
1029 2152 1267 2217 Celerem,
1302 2156 1488 2226 jubens
1525 2175 1638 2213 eum
1668 2159 1970 2216 Litterarum
1996 2180 2170 2219 sacra-

654 2258 768 2296 rum
793 2245 957 2299 studio
983 2246 1281 2315 incumbere,
1308 2260 1364 2302 ut
1390 2249 1553 2304 discat
1578 2252 1707 2307 hanc
1734 2254 1881 2309 vitam
1901 2257 2171 2314 collatione

655 2345 857 2391 (eterna:
880 2353 984 2392 esse
1005 2342 1200 2410 fumum
1220 2359 1238 2405 ;
1260 2350 1307 2394 et
1328 2340 1709 2399 Donatistarum
1729 2356 1863 2401 secta
1881 2365 1935 2404 se
1952 2349 2163 2406 abdicet.

586 2445 812 2503 Domino
852 2450 1048 2505 eximio
1080 2453 1373 2523 meritoque
1414 2453 1708 2511 honorabili
1743 2468 1798 2513 et
1822 2459 2166 2517 dilectissimo

971 2542 1082 2597 tilio
1105 2541 1305 2598 Cenem
1330 2585 1345 2609 ,
1376 2545 1704 2602 AUGUSTINUS
1732 2550 1770 2603 ⁸.

652 2632 704 2687 1.
744 2632 999 2689 Promissi
1042 2636 1147 2689 mei
1183 2645 1236 2690 et
1265 2644 1367 2691 tua:
1407 2639 1693 2696 voluntatis
1737 2642 2014 2699 immemor
2056 2660 2162 2701 non

578 2740 717 2781 smn.
737 2726 840 2782 Sed
860 2727 1107 2798 quoniam
1128 2728 1511 2787 visitandarum
1534 2733 1877 2789 ecclesiarum
1900 2735 1964 2791 ad
1990 2752 2161 2793 meam

575 2818 954 2887 pertinentium
996 2834 1176 2875 curam
1220 2823 1537 2878 necessitate
1581 2823 1847 2893 profectus
1885 2841 2033 2893 sum,
2062 2844 2163 2884 nec

574 2924 671 2981 per
697 2926 782 2965 me
810 2910 923 2981 ipse
948 2911 1184 2968 dabitum
1213 2915 1467 2970 continuo
1490 2915 1715 2971 reddere
1742 2918 1885 2987 potui
1912 2936 1924 2971 :
1951 2934 2037 2975 me
2065 2920 2159 2975 tibi

576 3012 754 3058 tamen
784 3002 983 3058 diutius
1022 3004 1217 3060 debere
1255 3007 1398 3062 nolui
1419 3049 1435 3072 ,
1462 3008 1600 3078 quod
1632 3017 1813 3080 posset
1848 3019 1901 3065 et
1942 3026 2028 3066 me
2060 3012 2155 3067 ha-

577 3092 738 3147 bente
776 3093 1062 3149 redhiberi.
1092 3096 1322 3152 Proinde
1361 3098 1672 3155 charissimo
1703 3100 1809 3155 lilio
1849 3103 2157 3174 presbytero

583 3182 774 3253 Optato
802 3184 1077 3257 delegavi.
1109 3197 1166 3241 ut
1194 3189 1274 3244 eis
1299 3188 1445 3244 horis
1470 3205 1598 3260 quas
1633 3192 1723 3246 tibi
1751 3195 2155 3261 opportuniores

573 3274 772 3331 videris
793 3318 807 3342 ,
841 3287 1012 3332 tecum
1043 3277 1184 3349 legat
1209 3294 1271 3335 ea
1302 3296 1418 3352 quae
1445 3283 1708 3349 pollicitus
1733 3298 1849 3338 sum
1877 3304 1889 3339 :
1918 3302 2036 3341 cum
2070 3297 2152 3342 to.

569 3378 678 3423 ιιιιιι
706 3368 816 3423 ﬁeri
856 3384 1011 3440 posse
1048 3371 1403 3441 persenserit,
1438 3373 1536 3427 hoc
1562 3374 1721 3429 etiam
1752 3376 2039 3434 Exitnietas
2066 3389 2152 3437 tua

566 3476 725 3531 quam
753 3471 903 3532 grate
941 3465 1235 3536 acceperit,
1268 3472 1373 3519 tam
1402 3464 1624 3536 impigre
1652 3476 1810 3538 atque
1844 3471 2039 3528 acriter
2076 3473 2151 3529 fa-

565 3568 690 3609 cere
719 3555 978 3610 suadebit.
1003 3557 1267 3624 Quantum
1294 3566 1470 3612 autem
1493 3567 1544 3613 te
1564 3559 1802 3631 diligam,
1824 3563 2150 3623 salubribus-

563 3659 667 3713 que
714 3645 900 3700 studiis
940 3647 991 3701 in
1036 3661 1214 3702 rerum
1256 3647 1552 3702 divinarum
1595 3658 1751 3720 atque
1797 3651 2145 3712 humanarum

562 3737 864 3806 cognitione
888 3738 1145 3793 oblectari
1170 3749 1327 3810 atque
1352 3742 1587 3797 exerceri
1614 3743 1794 3811 velim,
1817 3746 1979 3802 credo
2004 3750 2144 3818 quod

561 3829 762 3897 optime
792 3829 1073 3900 intelligas.

629 3919 683 3973 2.
726 3917 1047 3975 Charitatem
1075 3920 1234 3977 ol‘licii
1265 3923 1368 3979 mei
1399 3924 1443 3978 si
1480 3940 1585 3979 non
1623 3930 1946 3998 aspernaris,
1985 3947 2144 4003 spero

558 4011 613 4068 in
644 4011 753 4080 ipsa
788 4012 889 4068 [ide
915 4014 1200 4071 christiana
1221 4058 1237 4081 ,
1265 4024 1322 4071 et
1360 4017 1410 4071 in
1443 4019 1680 4074 moribus
1704 4019 1814 4089 jam
1845 4022 1915 4078 ita
1946 4025 2143 4081 consti-

558 4111 687 4158 tuta:
715 4118 952 4175 personae
980 4115 1082 4161 tua:
1111 4108 1359 4179 congruis
1379 4151 1392 4173 ,
1426 4110 1556 4166 tales
1585 4121 1636 4166 te
1677 4124 1958 4182 provectus
1987 4116 2139 4174 habi-

556 4205 753 4262 turum,
798 4206 856 4252 ut
903 4198 1060 4267 hujus
1107 4200 1236 4256 fumi
1276 4204 1357 4256 vel
1397 4205 1608 4276 vaporis
1653 4210 1979 4276 temporalis,
2022 4229 2139 4282 qua:

554 4286 661 4340 vita
689 4285 914 4341 humana
946 4289 1155 4357 dicitur,
1186 4293 1427 4348 ultimum
1455 4295 1616 4357 diem,
1648 4313 1805 4367 quem
1838 4301 1963 4355 nulli
1991 4318 2136 4358 mor-

556 4381 737 4434 talium
769 4380 969 4435 evitare
996 4383 1335 4447 conceditur,
1367 4387 1448 4441 vel
1479 4388 1665 4441 avidus
1696 4391 1777 4445 vel
1805 4407 2024 4446 securus
2053 4396 2136 4450 vel

555 4482 702 4526 certe
723 4488 828 4525 non
851 4473 1131 4541 desperate
1156 4475 1434 4541 sollicitus,
1458 4493 1561 4530 non
1590 4478 1639 4531 in
1666 4480 1892 4535 vanitate
1915 4486 2132 4552 erroris,

555 4561 647 4618 sed
676 4562 727 4617 in
755 4561 1025 4619 soliditate
1052 4564 1287 4629 veritatis
1310 4576 1606 4635 exspectes.
1630 4566 1797 4636 Quam
1826 4582 2028 4626 certum
2055 4585 2137 4630 est

554 4654 693 4710 enim
723 4654 813 4709 tibi
843 4654 1022 4710 vivere
1054 4664 1105 4711 te
1124 4697 1138 4721 ,
1178 4664 1284 4710 tam
1312 4656 1381 4711 sit
1409 4666 1612 4712 certum
1651 4658 1889 4717 doctrina
1916 4664 2133 4722 salutari

548 4748 705 4803 istam
749 4750 911 4804 vitam
949 4765 1069 4821 qua:
1102 4749 1154 4803 in
1200 4748 1404 4805 deliciis
1443 4752 1822 4823 temporalibus
1858 4757 2047 4826 agitur,
2078 4760 2132 4815 in

549 4842 942 4912 comparatione
981 4843 1103 4897 vita:
1145 4850 1360 4897 mterncc
1398 4859 1515 4914 qua:
1555 4845 1707 4901 nobis
1741 4862 1837 4918 per
1864 4846 2131 4904 Christum

549 4943 705 5004 atque
736 4935 789 4989 in
817 4934 1028 4991 Christo
1069 4936 1393 5005 promittitur
1413 4978 1427 5002 ,
1461 4953 1564 4993 non
1595 4939 1754 4994 vitam
1781 4940 1876 4996 sed
1905 4952 2130 4999 mortem

548 5039 670 5080 esse
693 5025 1067 5095 deputandam.
1097 5028 1253 5085 Nullo
1292 5030 1451 5085 modo
1479 5040 1654 5087 autem
1685 5032 2033 5091 dubitaverim
2063 5036 2131 5093 de

548 5115 727 5172 indole
757 5125 843 5172 tua
869 5160 882 5183 ,
912 5120 1052 5189 quod
1083 5122 1181 5175 ista
1211 5122 1595 5177 consuetudine
1625 5123 2015 5180 Donatistarum
2049 5127 2127 5181 la-

548 5208 746 5264 cillime
774 5219 825 5265 te
853 5211 1130 5277 extrahes,
1161 5213 1203 5267 si
1237 5213 1633 5283 religiosissime
1671 5214 1840 5285 ipsam
1873 5216 2127 5273 christia-

546 5315 668 5355 nam
698 5301 977 5371 puritatem
1008 5318 1111 5357 non
1153 5304 1571 5374 parvipeuderis.
1600 5305 1768 5372 Quam
1799 5307 2127 5367 inconcussis

608 5438 625 5469 ⁸
649 5443 700 5486 ιιι
742 5436 975 5499 Vaticanis
1014 5442 1122 5487 Mss.
1156 5437 1380 5499 additur,
1416 5436 1469 5488 in
1506 5437 1709 5489 Domino
1746 5439 1961 5491 salutem.
1986 5444 2127 5497 Celer

543 5509 688 5575 poer
729 5500 808 5547 cui
988 5497 1489 5575 Διςᾷιιὶδιομι.,εει-ξιξίιιιικ
1525 5500 1916 5575 proconsulatum
1950 5507 2127 5575 Africa

541 5558 698 5630 gessit
719 5558 927 5630 au.42_9,
941 5558 1106 5630 iuti'ex
1139 5563 1267 5612 datis
1285 5563 1345 5612 ad
1367 5558 1742 5630 ipsum'legibus
1755 5563 2060 5630 intelligitur.

607 5622 621 5639 ‘
641 5628 846 5694 tteperta
870 5624 919 5694 in
938 5629 1046 5674 Mss.
1074 5632 1259 5674 tantum
1280 5622 1564 5674 Corbeiensi
1587 5622 1641 5675 ἐι
1662 5625 1853 5676 duobus
1875 5622 2123 5694 Vaticanis,

569 5683 1090 5856 Efﬁ’tetgkgtbihm
1111 5751 1274 5798 autem
1292 5746 1355 5797 56
1376 5754 1502 5809 erat,
1524 5760 1651 5799 nunc
1670 5749 1775 5800 its.
1801 5753 1978 5815 Scripta
2002 5755 2124 5809 forte

2304 499 2448 555 enim
2477 501 2918 564 documentorum
2946 509 3295 573 ﬁrmamentis
3321 532 3473 577 error
3497 519 3585 579 ille
3607 527 3843 588 convitia.

2300 604 2403 663 tur,
2438 615 2540 656 non
2567 618 2816 675 magntnn
2843 619 2924 664 est
2952 613 3109 667 etiam
3146 623 3312 673 tardts
3342 619 3584 690 ingenio,
3612 626 3657 679 si
3682 635 3841 690 tantum

2300 690 2565 758 patienter
2592 707 2751 768 atque
2783 701 2985 759 intente
3026 704 3327 773 audierint,
3356 712 3653 780 pervidere.
3682 717 3771 775 Sed
3793 725 3841 780 ad

2297 785 2603 842 sectandam
2651 792 2914 849 insolitam
2956 798 3323 856 rectitudiuem
3347 844 3362 866 ,
3394 806 3602 862 usitata:
3643 817 3693 864 et
3727 819 3842 883 quasi

2298 871 2575 934 lbmiliaris
2597 887 2957 951 perversitatis
2978 890 3242 946 vinculum
3264 895 3604 967 abrumpere,
3626 902 3798 972 majora
3813 927 3848 964 tn

2293 966 2485 1023 virium
2537 981 2635 1027 est.
2680 974 2746 1030 Et
2790 993 3120 1050 nequaquam
3164 966 3553 1054 desperandum
3601 966 3850 1060 adjuvante

2293 1067 2453 1128 atque
2481 1062 2796 1121 exhortante
2832 1069 2945 1138 ipso
2987 1070 3208 1127 Domino
3236 1076 3343 1131 Deo
3370 1089 3553 1136 nostro
3577 1123 3593 1144 ,
3621 1082 3691 1138 de
3713 1102 3847 1155 gene-

2292 1162 2411 1203 rosa
2440 1150 2704 1218 libertate.
2740 1168 2896 1228 atque
2924 1161 3081 1232 plane
3113 1165 3247 1220 virili
3283 1178 3494 1237 pectore
3524 1181 3635 1228 tuo.
3670 1150 3846 1234 Incolu-

2291 1256 2430 1297 mem
2464 1253 2514 1298 te
2546 1245 2754 1303 Domini
2788 1251 2877 1306 Dei
2907 1256 3074 1310 nostri
3104 1258 3467 1317 misericordia
3500 1274 3741 1336 tueatur,
3764 1271 3837 1327 do-

2288 1332 2432 1390 mine
2451 1336 2645 1395 eximie
2665 1342 2960 1414 meritoque
2987 1346 3312 1406 honorabilis
3336 1363 3389 1407 et
3412 1332 3750 1416 dilectissime
3767 1361 3834 1418 liii.

2748 1454 3078 1514 EPISTULA
3116 1460 3252 1516 Lvu
3286 1467 3303 1487 ·
3329 1464 3427 1536 (a).

2285 1556 2596 1629 Augustinus
2613 1604 2629 1629 ,
2666 1564 2794 1619 libro
2821 1568 3042 1637 quodam
3068 1588 3161 1626 suo
3203 1574 3257 1627 in
3293 1592 3405 1630 eam
3432 1596 3538 1634 rem
3564 1588 3831 1657 conscripto,

2355 1649 2577 1708 Celerem
2613 1655 2953 1725 instruxerat,
2985 1678 3122 1717 mera
3160 1664 3361 1721 leuitate
3396 1668 3694 1729 Donatistas
3725 1649 3769 1733 se
3788 1649 3832 1733 eli

2354 1742 2585 1800 Ecclesia
2611 1750 2860 1805 catholica
2886 1770 3172 1826 segregasse
3193 1775 3213 1812 :
3235 1762 3336 1827 cui,
3367 1764 3413 1817 si
3436 1781 3497 1820 eo
3518 1769 3697 1824 codice
3716 1774 3831 1829 satis-

2350 1840 2542 1906 factum
2569 1857 2669 1895 non
2699 1842 2782 1908 sit,
2806 1846 3048 1913 promittit
3074 1849 3240 1905 adhuc
3267 1854 3477 1925 scripta.
3504 1856 3572 1912 In
3597 1861 3721 1928 fine,
3744 1881 3831 1919 cum

2349 1932 2513 1985 amico
2552 1934 2771 2003 quodam
2816 1937 3104 2011 donatista,
3144 1942 3306 2000 Celeri
3350 1949 3550 2004 subdito
3572 1993 3588 2019 ,
3636 1959 3833 2027 conferre

2348 2025 2504 2096 cupit.

2275 2135 2501 2194 Domino
2528 2139 2877 2200 dilectissimo
2906 2148 3203 2219 meritoque
3244 2150 3538 2211 honorabili
3579 2170 3643 2213 ac
3684 2162 3830 2218 susci-

2344 2229 2538 2297 piendo
2579 2233 2687 2287 lilio
2732 2234 2966 2304 (luent,
2994 2240 3366 2309 Ancus'rnvus,
3410 2244 3462 2300 in
3501 2246 3719 2305 Domino
3752 2267 3829 2307 sa-

2343 2319 2529 2377 lutem.

2345 2432 2396 2487 1.
2437 2432 2646 2491 Nullam
2676 2434 2838 2493 fuisse
2870 2440 3067 2510 justam
3095 2458 3306 2500 causam
3330 2487 3343 2511 ,
3372 2463 3467 2504 cur
3490 2450 3556 2506 ab
3584 2452 3715 2510 orbe
3740 2464 3827 2511 ter-

2269 2540 2469 2593 rarum,
2502 2544 2609 2599 quo
2648 2530 2884 2587 Ecclesia
2925 2535 3184 2592 catholica
3227 2541 3515 2598 secundum
3542 2546 3825 2617 prophetica

2268 2624 2323 2671 et
2364 2619 2668 2688 evangelica
2713 2623 2975 2690 promissa
3017 2624 3351 2693 diﬂ‘unditur,
3397 2647 3455 2687 se
3498 2648 3620 2705 pars
3663 2637 3826 2695 Donati

2266 2709 2562 2777 dirimeret,
2590 2713 2751 2768 credo
2772 2715 2916 2785 quod
2937 2718 3103 2789 magis
3129 2735 3338 2792 quoque
3362 2726 3708 2784 considerans
3728 2747 3824 2801 pru-

2266 2799 2443 2856 dentia
2477 2812 2565 2857 tua
2609 2804 2855 2862 facillime
2900 2809 3166 2881 intelligit.
3195 2813 3271 2869 De
3297 2830 3398 2885 qua
3426 2831 3519 2884 re,
3551 2819 3597 2874 si
3624 2799 3826 2893 diligen-

2265 2894 2368 2948 tior
2393 2894 2679 2965 disputatio
2708 2902 3006 2956 necessaria
3049 2915 3165 2971 est,
3193 2908 3408 2962 memini
3438 2926 3525 2966 me
3562 2913 3631 2967 ad
3666 2915 3824 2986 legen-

2262 2982 2387 3038 dum
2419 2985 2629 3042 dedisse
2669 2988 3057 3047 benevolentia:
3092 3005 3195 3051 tua:
3238 2998 3513 3067 codicem,
3538 3017 3659 3059 cum
3702 2982 3748 3060 id
3784 3014 3825 3062 te

2262 3075 2459 3143 petisse
2488 3077 2834 3136 charissimus
2865 3084 3014 3151 mihi,
3045 3095 3164 3141 tuus
3190 3089 3205 3120 ¹
3236 3089 3393 3157 ﬁlius,
3429 3108 3579 3148 meus
3604 3095 3824 3153 Caecilius

2261 3163 2557 3223 intimasset
2582 3186 2595 3234 ;
2620 3172 2711 3240 qui
2739 3172 2904 3229 codex
2933 3191 3036 3231 non
3064 3179 3247 3248 paucis
3271 3180 3457 3237 diebus
3481 3185 3621 3255 apud
3648 3198 3701 3243 te
3724 3187 3819 3243 luit.

2258 3256 2427 3324 Quem
2471 3260 2517 3315 si
2564 3262 2639 3316 rei
2689 3263 2845 3334 hujus
2891 3271 3274 3339 cognoscenda:
3318 3274 3527 3342 studio,
3576 3279 3657 3335 vel
3707 3269 3823 3337 inter

2258 3350 2633 3418 occupationes
2671 3362 2785 3409 tuas
2829 3356 3007 3429 legere
3048 3360 3161 3416 sive
3192 3362 3401 3420 voluisti
3444 3368 3559 3425 sive
3601 3372 3817 3439 potuisti,

2257 3452 2363 3492 non
2404 3438 2589 3495 dubito
2630 3447 2955 3515 comperisse
2996 3451 3337 3521 prudentiam
3382 3464 3525 3512 tuam
3573 3438 3703 3517 nihil
3742 3438 3819 3518 eos

2254 3526 2451 3585 habere
2480 3533 2619 3602 quod
2648 3535 2990 3604 probabiliter
3028 3544 3413 3602 contradicant.
3444 3549 3510 3605 Et
3548 3551 3592 3606 si
3630 3554 3750 3623 quid
3778 3564 3820 3610 te

2252 3621 2388 3678 forte
2434 3624 2607 3680 adhuc
2653 3640 2855 3698 movet,
2891 3645 3147 3703 quantum
3191 3638 3333 3695 Deus
3378 3641 3543 3698 donat
3586 3621 3657 3701 ac
3684 3647 3814 3713 sinit,

2251 3711 2388 3771 forte
2427 3721 2719 3787 poterimus
2759 3726 3085 3795 respondere
3129 3730 3495 3804 interroganti,
3537 3749 3625 3793 aut
3652 3738 3717 3794 ad
3753 3711 3817 3797 le;

2249 3807 2475 3875 gendum
2504 3810 2684 3868 itidem
2714 3814 2910 3885 aliquid
2940 3817 3087 3884 dare,
3118 3819 3332 3878 domine
3358 3825 3697 3885 dilectissime
3719 3843 3815 3885 me-

2248 3896 2456 3969 ritoque
2486 3900 2810 3959 honorabilis
2839 3921 2901 3961 ac
2928 3907 3265 3980 suscipiende
3294 3914 3385 3968 lili.

2317 3988 2371 4043 2.
2412 3991 2746 4064 Quapmpter
2789 4005 2912 4066 peto
2961 3999 3219 4057 unitatem
3267 4005 3582 4065 catholicam
3630 4011 3811 4082 regioni

2247 4079 2570 4151 Hipponensi
2603 4086 2621 4116 ³
2652 4086 2959 4155 diligentius
2991 4095 3335 4151 commendes
3375 4096 3673 4156 hominibus
3689 4079 3809 4167 tuis,

2247 4174 2475 4228 maxime
2514 4173 2740 4230 Paterno
2776 4187 2830 4232 et
2857 4178 3140 4237 Maurusio.
3176 4183 3515 4256 Vigilantiam
3553 4192 3719 4247 cordis
3742 4192 3808 4247 tui

2243 4263 2386 4328 novi,
2406 4280 2504 4318 nec
2530 4280 2663 4336 opus
2688 4270 3050 4338 est,arbitror,
3067 4274 3213 4343 plura
3238 4278 3504 4344 scribere;
3528 4298 3643 4338 cum
3663 4284 3704 4338 si
3728 4299 3810 4338 vo-

2245 4354 2428 4422 lueris,
2447 4357 2692 4413 l'acillime
2714 4362 2904 4427 possis,
2929 4373 2981 4418 et
3001 4366 3123 4436 quid
3145 4369 3232 4423 alii
3255 4383 3441 4425 curent
3460 4382 3515 4428 et.
3535 4385 3741 4432 caveant
3760 4377 3806 4433 in

2243 4448 2667 4513 possessionibus
2689 4450 2809 4511 tuis,
2834 4462 2887 4506 et
2910 4454 2963 4508 in
2984 4471 3041 4511 rc
3067 4466 3151 4512 tua
3174 4460 3299 4529 quid
3324 4473 3511 4531 agatur
3530 4466 3803 4523 addiscere.

2242 4535 2298 4590 In
2329 4552 2385 4591 re
2416 4548 2500 4591 tua
2529 4554 2647 4595 esse
2670 4583 2685 4607 ,
2719 4543 2844 4597 tuihi
2874 4546 3025 4601 valde
3060 4548 3381 4608 aﬂirmatum
3413 4566 3498 4610 est
3517 4599 3532 4623 ,
3563 4559 3803 4622 anticum,

2239 4640 2360 4681 cum
2387 4645 2492 4699 quo
2517 4633 2671 4699 cupio
2696 4635 3051 4701 concordare;
3083 4650 3204 4709 peto
3228 4643 3403 4699 faveas
3428 4647 3493 4701 ad
3521 4647 3657 4705 hanc
3682 4666 3802 4715 retu,

2238 4727 2299 4772 ut
2330 4729 2383 4774 et
2412 4720 2550 4777 inter
2574 4722 2816 4781 homines
2851 4744 3092 4798 magnam
3123 4732 3334 4790 laudem
3356 4778 3372 4802 ,
3400 4748 3454 4791 et
3481 4740 3621 4808 apud
3655 4742 3799 4795 Deum

2238 4808 2436 4866 habeas
2457 4829 2698 4885 magnam
2726 4819 3024 4874 mercedem
3044 4840 3056 4873 :
3074 4822 3183 4891 jam
3205 4825 3345 4880 enim
3370 4827 3495 4881 mihi
3521 4845 3616 4899 per
3634 4844 3801 4902 quem~

2236 4901 2358 4957 dam
2384 4904 2577 4959 Carum
2604 4905 2624 4936 ³
2652 4908 2921 4978 utriusque
2944 4921 3180 4967 nostrum
3205 4916 3433 4971 medium
3457 4901 3803 4983 mandaverat,

2236 5011 2295 5052 se
2322 4999 2500 5053 nescio
2523 5015 2657 5070 quos
2683 4999 2945 5057 violentos
2973 5019 3098 5059 suos
3122 5007 3309 5063 timere
3340 5025 3407 5065 ne
3437 5010 3651 5074 laceret,
3683 5024 3815 5085 quos

2237 5089 2291 5144 in
2320 5104 2377 5144 re
2408 5098 2492 5144 tua
2520 5099 2575 5145 et
2615 5099 2665 5144 te
2694 5090 2903 5148 favente
2944 5094 3133 5152 timere
3171 5113 3275 5154 non
3304 5102 3535 5171 poterit;
3567 5120 3663 5160 nec
3700 5105 3811 5176 ipse

2237 5179 2290 5234 in
2319 5194 2384 5235 eo
2407 5180 2572 5237 debes
2601 5182 2820 5253 diligere
2844 5198 2950 5239 non
2976 5190 3327 5244 constantiam
3346 5232 3361 5255 ,
3394 5194 3486 5247 sed
3513 5195 3665 5265 plane
3685 5209 3802 5265 per-

2236 5270 2502 5327 tinaciam.
2554 5272 2731 5344 Turpe
2771 5285 2855 5329 est
2896 5276 3036 5333 enim
3082 5287 3287 5335 mutare
3332 5284 3664 5352 sententiam,
3709 5281 3797 5339 sed

2298 5447 2325 5509 ’ί
2342 5453 2391 5496 ιιι
2415 5444 2627 5496 editione
2659 5451 2771 5496 Lov.
2787 5444 2948 5509 deest,
2971 5453 3097 5503 tuus.
3123 5456 3179 5502 At
3198 5451 3381 5505 habent
3399 5460 3508 5506 Mss.
3528 5455 3723 5506 Vaticani
3742 5458 3792 5503 et

2229 5508 2472 5560 Gallicani.

2294 5575 2317 5643 ξ
2340 5580 2467 5643 pnus
2491 5583 2521 5621 e
2543 5572 2686 5643 t'atic.
2709 5578 2839 5634 Mss,
2859 5571 3068 5643 regionis
3090 5576 3421 5643 Hipponensis.

2296 5636 2317 5668 ³
2340 5641 2449 5683 Lov.
2472 5633 2650 5684 omittit
2670 5643 2864 5690 carum.
2886 5633 3017 5693 quod
3039 5633 3217 5689 nomen
3240 5653 3304 5691 ex
3340 5648 3447 5692 Mss.
3487 5642 3778 5693 restitutum.

2296 5699 2314 5770 ξ
2337 5695 2587 5770 accensae
2597 5696 2665 5770 3d
2688 5698 2780 5770 ob.
2802 5695 3092 5770 vc.‘dnos_v.
3118 5708 3171 5751 et
3190 5702 3251 5751 ad
3272 5710 3469 5770 Loth
3603 5766 3612 5770 _
3736 5760 3763 5770 η

2294 5758 2376 5828 (α)Δ
2392 5755 2656 5828 Alias210:
2676 5769 2791 5828 qua!
2808 5764 2980 5814 θείω
2994 5762 3059 5817 ιὶέη
3083 5771 3205 5824 erat,
3233 5777 3360 5815 nunc
3381 5764 3488 5817 187.
3522 5766 3686 5828 Scripta
3710 5760 3786 5811 Ali-

2233 5824 2409 5883 quanu;
2430 5826 2537 5880 post
2558 5821 2877 5881 superiorem.
