3962 6376
96 224 188 282 ω
810 188 836 195 λ’
1248 213 1725 277 EPISTOLARUM
1761 220 2035 284 CLASSIS
2068 224 2126 285 li.

101 351 246 395 ceram
273 342 322 391 et
347 340 581 399 rectam;
612 344 734 388 nam
762 330 975 386 stultam
1004 338 1061 386 et
1082 329 1293 385 noxiam
1313 373 1330 398 ,
1371 342 1427 388 et
1452 332 1636 389 lauda-

100 434 187 490 bile
210 440 256 484 et
287 427 488 483 salubre
526 434 628 479 est.
667 424 815 480 Sicut
842 431 1021 478 autem
1047 424 1346 478 constantia
1375 440 1478 479 nou
1510 426 1638 482 sinit

105 523 229 579 ulmis
249 536 327 575 cm
356 518 654 587 depravari,
686 515 763 571 sic
794 516 1083 587 pertinacia
1111 531 1220 571 non
1249 516 1376 571 sinit
1399 519 1593 588 corrigi
1618 537 1632 574 :

100 612 279 685 prohtde
312 611 442 665 sicut
482 610 568 664 illa
600 607 858 663 laudanda
880 650 895 672 ,
924 607 1003 662 sic
1030 608 1130 662 ista
1159 615 1242 663 est
1279 608 1631 665 emendanda.

96 705 335 777 Presbyter
363 718 520 773 quem
554 702 709 768 misi,
742 699 944 770 reliqua
972 710 1075 755 tuae
1105 701 1399 771 prudentia:
1425 702 1634 771 planius

94 798 329 856 intimabit.
359 794 685 851 incolumem
715 793 1035 865 felicemque
1065 803 1117 849 te
1148 793 1239 849 Dei
1266 794 1633 851 misericordia

94 901 282 956 *ucatur,
304 888 513 943 domine
532 885 883 943 dilectissime
899 884 1198 957 meritoque
1223 884 1551 943 honorabilis
1568 900 1633 943 ac

98 979 379 1054 suscipiende
403 978 498 1035 fili.

470 1135 809 1194 EPISTULA
845 1134 1007 1191 Lvut
1034 1140 1052 1160 -
1084 1136 1190 1207 (α).

100 1274 355 1349 Augustinus
387 1270 717 1327 Pammachio
748 1271 854 1326 uiro
887 1271 1108 1325 senatori
1147 1270 1463 1342 gratulatur,
1494 1268 1630 1341 quod

150 1388 251 1426 suos
269 1368 392 1439 apud
420 1364 720 1421 Numidiam
755 1364 961 1419 colonos
1000 1364 1279 1419 donatislas
1309 1363 1625 1418 adhortatio-

152 1465 280 1518 nibus
304 1461 393 1517 suis
417 1459 683 1514 adduxerit
714 1458 782 1512 ad
816 1456 1097 1511 Ecclesiam
1125 1456 1445 1511 catholicam.

94 1556 291 1611 Domino
308 1554 476 1611 eximio
495 1562 550 1606 et
573 1552 770 1606 merito
794 1548 1152 1619 suscipiendo,
1174 1556 1333 1620 atque
1355 1550 1406 1603 in
1426 1546 1627 1604 Christi

148 1647 405 1703 visceribus
443 1643 791 1700 dilectissimo
837 1642 947 1698 tilio
990 1640 1302 1697 Pauuacato
1348 1643 1402 1709 ³,
1444 1640 1624 1695 Aucu-

156 1755 332 1806 smus,
357 1738 407 1794 in
434 1736 661 1793 Domino
688 1736 938 1792 salutem.

150 1878 193 1930 i.
227 1874 348 1929 Bona
372 1888 530 1944 opera
566 1880 658 1927 tua
696 1869 895 1926 Christi
941 1870 1111 1940 gratia
1152 1869 1538 1940 germinantia,
1569 1878 1625 1925 te

94 1968 280 2023 nobisin
304 1965 547 2020 membris
565 1964 683 2034 ejus
712 1960 1104 2026 honorandum,
1141 1970 1195 2016 et
1226 1962 1377 2030 plane
1404 1961 1623 2016 notissi-

95 2076 206 2113 mqu
226 2057 715 2125 dilectissimumque
753 2052 1013 2109 fecerunt.
1046 2051 1228 2122 Neque
1252 2054 1395 2107 enim
1416 2052 1461 2107 si
1486 2068 1622 2123 quo-

96 2151 192 2205 tidie
216 2150 383 2205 faciem
409 2158 550 2205 tuam
579 2146 837 2210 viderem,
880 2144 1057 2200 notior
1079 2144 1210 2199 mihi
1252 2161 1399 2200 esses
1418 2187 1433 2213 ,
1461 2160 1622 2216 quam

91 2254 186 2294 cum
207 2239 490 2295 interiorem
517 2248 665 2292 tuum
697 2236 841 2306 pacis
868 2233 1066 2291 decore
1092 2236 1112 2266 ³
1141 2234 1416 2305 pulchrum
1440 2250 1505 2290 ac
1529 2251 1623 2291 ve-

87 2330 226 2384 ritatis
248 2330 352 2386 luce
370 2328 684 2390 radiantem,
712 2326 763 2380 iu
795 2326 953 2381 uuius
981 2325 1054 2380 tui
1082 2325 1202 2380 facti
1231 2325 1462 2381 candore
1486 2342 1620 2381 con-

84 2421 232 2490 spesi,
249 2422 478 2491 ωηερειὶ
498 2431 553 2477 et
571 2419 786 2490 agnovi,
815 2418 1005 2488 agnovi
1031 2426 1086 2473 et
1107 2418 1300 2472 amavi.
1327 2418 1461 2473 liuic
1479 2434 1623 2475 nunc

84 2513 267 2583 l0quor,
290 2512 399 2567 huic
419 2512 612 2577 scribo,
638 2511 832 2567 dilecto
862 2511 1036 2565 amico
1062 2524 1204 2575 meo,
1234 2510 1324 2581 qui
1348 2510 1476 2564 mihi
1501 2526 1621 2565 cor-

84 2620 193 2673 pore
215 2604 396 2660 absenti
421 2604 613 2660 absens
641 2603 890 2657 innotuit.
922 2601 1299 2657 Verumtamen
1320 2602 1431 2671 jam
1460 2603 1619 2658 simul

80 2712 293 2761 eramus,
326 2705 376 2753 et
399 2697 665 2768 conjuncti
706 2696 806 2751 sub
836 2711 943 2750 uno
985 2695 1157 2765 capite
1188 2695 1529 2762 vivebamus,
1564 2697 1618 2753 in

80 2787 216 2857 cujus
236 2788 463 2843 citat-italo
487 2787 589 2843 nisi
616 2785 884 2843 radicatus
929 2801 1076 2842 esses
1094 2828 1108 2849 ,
1145 2801 1249 2841 non
1280 2787 1372 2841 tibi
1400 2797 1505 2859 tam
1534 2787 1617 2843 di-

80 2879 195 2934 lecta
223 2879 457 2936 catholica
482 2880 659 2935 unitas
689 2879 827 2934 foret
846 2919 861 2941 ,
894 2892 993 2933 nec
1017 2877 1237 2933 colonos
1275 2886 1393 2932 tuos
1418 2877 1576 2933 Afros
1595 2918 1613 2946 ,

80 2986 131 3025 eo
150 2982 377 3026 terrarum
395 2972 530 3028 unde
554 2972 951 3026 Donatistarum
978 2968 1124 3024 furor
1147 2979 1364 3025 exortus
1388 2977 1489 3036 est,
1515 2969 1617 3027 hoc

81 3065 204 3118 estin
228 3065 382 3119 media
399 3063 663 3119 consulari
689 3061 934 3117 Numidia
962 3062 1299 3127 constitutos,
1325 3062 1412 3115 tali
1429 3062 1617 3117 admo-

81 3172 206 3213 neres
240 3158 491 3230 alloquio,
540 3166 687 3212 tanto
717 3155 928 3212 fervore
958 3156 1173 3226 spiritus
1212 3158 1512 3224 animares,
1558 3167 1617 3212 ut

79 3248 313 3306 devotione
366 3249 759 3320 promptissima
806 3247 875 3302 ad
931 3246 1264 3319 sequendum
1319 3249 1611 3318 eligerent,

79 3340 188 3409 quod
208 3350 252 3395 te
278 3341 428 3396 talem
466 3356 531 3396 ac
569 3349 772 3395 tantum
798 3339 971 3396 virum
1006 3355 1110 3392 non
1138 3339 1237 3394 nisi
1264 3338 1439 3410 agnita
1466 3341 1611 3395 veri-

79 3436 159 3485 tate
171 3430 305 3502 sequi
321 3433 632 3503 cogitarent,
653 3440 708 3484 et
734 3438 837 3484 tam
866 3428 1025 3501 longe
1050 3444 1080 3482 a
1111 3438 1161 3484 te
1186 3429 1424 3484 loeurum
1448 3430 1615 3486 inter-

77 3522 197 3578 vallis
230 3524 441 3591 remoti,
488 3522 628 3576 irent
666 3520 765 3576 sub
807 3520 948 3575 idem
990 3528 1178 3589 caput,
1223 3520 1467 3590 atquein
1496 3521 1612 3591 ejus

77 3614 286 3670 membris
314 3617 363 3671 in
385 3625 646 3670 mternum
675 3622 847 3668 tecum
870 3612 1271 3682 deputareutur,
1301 3611 1451 3682 cujus
1477 3628 1612 3682 pra:-

74 3718 201 3776 cepto
222 3709 305 3765 tibi
332 3708 693 3779 temporalitcr
721 3706 976 3763 serviunt.

127 3797 175 3852 2.
212 3800 260 3855 In
283 3800 373 3856 hoc
397 3814 528 3871 etgo
563 3809 654 3854 tuo
682 3798 821 3854 facto
859 3808 911 3853 te
948 3798 1217 3868 cognitum
1244 3799 1606 3868 amplectens,

73 3892 286 3949 exsultavi
313 3905 367 3949 ut
402 3894 699 3967 gratularer
728 3892 821 3948 tibi
867 3893 922 3947 in
971 3891 1183 3948 Christo
1224 3892 1350 3948 Jesu
1385 3894 1609 3951 Domino

73 3997 243 4054 nostro,
288 3987 481 4059 tibique
531 3987 629 4042 bas
670 3986 1045 4059 gratulatorias
1093 3986 1296 4042 litteras
1341 3988 1606 4043 mitteret:

72 4083 403 4156 qualecumque
423 4084 694 4154 specimen
723 4080 901 4137 cordis
928 4088 983 4136 et
1004 4081 1201 4136 amoris
1236 4096 1359 4151 erga
1392 4092 1443 4137 te
1470 4082 1602 4147 mei;

72 4188 209 4245 neque
227 4178 358 4233 enim
382 4178 612 4248 amplius
637 4174 806 4248 potui.
836 4174 941 4232 Sed
962 4191 1143 4246 quaeso
1172 4191 1239 4231 ne
1265 4185 1320 4230 tu
1350 4175 1606 4231 hactenus

69 4268 281 4340 quidquid
319 4280 367 4328 te
406 4272 569 4343 diligo
608 4271 846 4326 metiaris
881 4288 893 4325 :
928 4270 1212 4340 perlectam
1267 4269 1430 4324 transi
1470 4269 1606 4323 hanc

69 4360 302 4426 epistolam
326 4366 547 4421 transitu
576 4362 825 4418 invisibili
857 4362 943 4432 qui
980 4362 1121 4416 intus
1147 4360 1236 4427 fit,
1264 4370 1317 4417 et
1342 4376 1501 4432 perge
1524 4376 1607 4417 co-

67 4449 255 4517 gitando
271 4451 319 4507 in
338 4466 512 4525 pectus
536 4470 737 4521 meum,
764 4463 817 4509 et
842 4468 1002 4509 cerne
1026 4452 1150 4523 quid
1178 4453 1283 4508 illic
1307 4453 1372 4508 de
1403 4462 1454 4508 te
1476 4468 1601 4524 aga-

68 4551 151 4595 tur.
172 4542 355 4614 Ratcbit
369 4548 506 4604 enim
526 4548 681 4604 oculo
699 4547 973 4602 charitatis
989 4547 1288 4602 cubiculum
1304 4546 1599 4614 eltaritatis,

69 4634 180 4700 quod
206 4635 485 4696 claudimus
525 4639 781 4695 adversus
810 4653 976 4709 nugas
1004 4639 1355 4694 tumultuosas
1384 4638 1563 4694 saeculi
1584 4681 1599 4706 ,

69 4740 162 4782 tum
185 4728 278 4788 illic
299 4732 457 4790 Deum
499 4733 817 4796 adoramus;
846 4740 900 4787 et
925 4731 1129 4786 videbis
1159 4730 1228 4784 ibi
1258 4730 1477 4786 delicias
1507 4730 1602 4785 lae-

71 4815 168 4873 titia;
190 4836 307 4879 mea:
324 4824 389 4882 de
409 4835 518 4880 tam
545 4824 686 4880 bono
709 4838 871 4894 Opere
900 4834 1010 4889 tuo,
1042 4837 1174 4893 quas
1202 4838 1299 4877 nec
1324 4824 1498 4893 lingua
1526 4822 1606 4878 ef-

71 4908 169 4974 ῖπί.
196 4929 282 4972 nec
315 4918 435 4974 stilo
477 4917 787 4988 exprimere
828 4916 1013 4981 valeo,
1044 4916 1280 4970 calentes
1319 4924 1478 4985 atque
1508 4914 1603 4971 flao

71 5014 245 5069 ἓτιιαια
273 5010 327 5067 in
352 5011 615 5069 sacrificio
644 5009 818 5066 laudis
859 5009 1005 5081 ejus,
1037 5023 1144 5081 quo
1181 5007 1474 5081 ittSpiraute
1500 5008 1604 5066 hoc

117 5177 129 5208 ⁸
154 5184 195 5252 lu
212 5187 304 5236 Ias.
324 5196 533 5252 quatuor
554 5186 805 5245 scribitur,
831 5182 1125 5252 Ifalmachio.
1152 5192 1295 5236 Porro
1316 5185 1447 5252 hunc
1468 5183 1601 5252 illum

74 5249 156 5291 esse
173 5246 494 5299 Plumaébium
518 5258 775 5299 nomanqu
818 5247 977 5297 civem
1006 5260 1063 5298 ac
1083 5253 1363 5297 senatorem
1397 5246 1604 5298 clarissi-

292 5311 584 5384 dubitatmts,
607 5312 691 5384 qui
727 5309 998 5384 fuitrgener
1019 5309 1176 5383 paula:
1193 5345 1208 5371 ,
1234 5310 1439 5358 Paulinae
1463 5311 1604 5359 mari-

76 5365 207 5440 ηιξ-ᾳ
224 5371 497 5440 Hieronyth
519 5390 531 5436 ι
550 5365 776 5440 infimum
814 5365 1073 5440 familiaris.

116 5425 321 5502 asiam.
345 5425 404 5486 Αἰ
414 5425 597 5499 vulgati
621 5435 822 5502 habent,
843 5432 977 5502 pacis
1001 5435 1241 5502 decorem.

151 5490 302 5560 Cunila
339 5509 445 5546 cum
467 5490 528 5546 αἶ’
558 5502 641 5560 bg.
666 5496 735 5545 bl.
758 5490 898 5545 c.'ec.
926 5496 972 5544 fl".
999 5510 1049 5560 g_.
1076 5510 1156 5559 gv.
1178 5497 1215 5560 j.
1243 5509 1291 5544 n.
1324 5508 1367 5545 ι’.
1392 5508 1435 5545 s.
1460 5503 1496 5546 t.
1521 5509 1597 5547 vc.

76 5541 222 5603 habits
552 5541 808 5609 suam
828 5541 1061 5607 Ᾰὶέιξῖιεὶῗί.
1076 5541 1156 5606 Er.
1178 5541 1290 5607 inv.

76 5629 453 5754 ωξηὲᾶωδκ
476 5654 587 5708 quze
616 5649 783 5693 autem
802 5640 865 5693 58
886 5651 1011 5706 erat,
1034 5654 1163 5693 nunc
1198 5641 1304 5692 121.
1321 5641 1501 5705 scripta
1517 5656 1598 5696 an.

1744 336 1979 405 voluisti,
2005 348 2061 396 ct
2084 355 2194 413 quo
2211 340 2497 412 adjuvante
2523 346 2762 417 potuisti.
2793 348 3003 408 Gratias
3027 350 3138 410 Deo
3165 368 3328 427 super

1743 428 2086 488 inenarrabili
2116 433 2257 489 dono
2287 435 2422 506 ejus.
2460 436 2545 509 (ii
2584 437 2701 494 Cor.
2734 456 2813 507 ιι,
2846 442 2975 514 15.)

1812 523 1864 577 5.
1905 524 1949 579 0
1984 541 2141 593 quam
2185 528 2475 583 multorum
2530 539 2704 587 tecum
2748 534 2947 604 pariter
2985 546 3329 612 senatorum,

1740 614 2045 686 pariterque
2069 627 2265 674 sancta:
2308 619 2561 676 Ecclesia:
2601 621 2829 679 filiorum
2849 666 2864 691 ,
2899 627 3000 683 tale
3025 643 3159 700 opus
3185 631 3330 688 desi-

1738 707 1992 766 deramus
2020 711 2073 767 in
2115 712 2294 770 Africa
2315 756 2329 779 ,
2370 714 2438 769 de
2476 716 2619 787 quali
2651 728 2741 772 tuo
2772 718 3048 779 laetamur!
3079 723 3181 779 Sed
3214 726 3332 782 illos

1737 802 2094 870 periculosum
2121 814 2204 861 est
2244 807 2544 873 exhortari,
2592 808 2689 864 tibi
2716 826 2962 868 securum
2991 824 3073 869 est
3100 830 3325 887 eongra-

1738 896 1916 951 tulari.
1949 898 2028 954 illi
2054 899 2196 954 enim
2237 899 2373 956 forte
2402 916 2506 956 non
2549 901 2763 969 facient,
2793 915 2846 961 et
2877 916 3123 978 tanquam
3153 926 3249 964 nos
3278 912 3329 966 in

1735 989 1918 1044 animo
1955 1004 2140 1046 eorum
2170 992 2397 1048 vicerint
2437 994 2636 1049 inimici
2681 994 2965 1063 Ecclesim,
2997 998 3328 1072 decipiendis

1736 1081 2125 1138 insidiabuntur
2155 1083 2400 1142 infirmis.
2430 1085 2511 1140 Tu
2542 1087 2798 1157 vero-jam
2832 1087 3022 1157 fecisti,
3056 1093 3196 1147 unde
3225 1093 3329 1148 iui-

1735 1176 1858 1232 mici
1884 1176 2136 1234 Ecclesia:
2162 1177 2394 1234 liberatis
2414 1178 2805 1235 confundantur
2828 1181 3074 1237 infirmis.
3097 1184 3326 1242 Proinde

1735 1268 1981 1325 sufficere
2007 1270 2177 1325 visum
2204 1279 2308 1337 est,
2336 1280 2393 1326 ut
2420 1271 2532 1342 ipse
2556 1273 2749 1343 quibus
2778 1274 3069 1330 christiano
3089 1276 3208 1346 jure
3233 1294 3327 1347 po-

1735 1361 1922 1427 tueris,
1955 1361 2123 1415 amica
2155 1361 2340 1417 fiducia
2370 1362 2524 1417 istam
2557 1364 2836 1432 epistolam
2867 1365 3032 1435 legas.
3061 1368 3151 1423 Sic
3181 1369 3322 1425 enim

1734 1470 1798 1509 ex
1826 1464 1918 1509 tuo
1945 1454 2084 1510 facto
2115 1455 2229 1510 fieri
2258 1471 2414 1526 posse
2454 1456 2505 1510 in
2537 1456 2714 1513 Africa
2743 1458 2996 1525 credent,
3022 1460 3163 1531 quod
3189 1460 3326 1520 forte

1733 1546 1858 1602 dum
1883 1555 2071 1618 putant
2092 1548 2205 1603 fieri
2227 1563 2330 1603 non
2352 1562 2532 1619 posse,
2559 1549 2883 1620 pigresctmt.
2908 1549 3132 1609 insidias
3147 1565 3324 1611 autem

1732 1656 1865 1711 quas
1896 1641 1992 1712 ipsi
2021 1642 2256 1697 lueretici
2286 1641 2514 1698 distorto
2542 1642 2704 1699 corde
2732 1644 3041 1711 moliuntur,
3071 1648 3320 1717 quoniam

1732 1735 1825 1790 risi
1875 1750 1969 1791 eos
2018 1735 2303 1792 arbitratos
2340 1737 2357 1769 ¹
2400 1737 2578 1792 valere
2629 1736 2824 1808 aliquid
2878 1739 2929 1793 iu
2984 1741 3322 1810 possessione

1730 1828 1960 1895 Christi,
1988 1829 2167 1885 animo
2193 1840 2305 1895 tuo,
2332 1846 2432 1887 nec
2470 1829 2707 1887 scribere
2732 1830 2893 1886 volui.
2924 1831 3120 1889 Audies
3148 1843 3322 1889 tamen

1730 1917 1845 1974 haec
1866 1936 1893 1974 a
1920 1919 2173 1978 fratribus
2196 1922 2347 1988 meis,
2377 1936 2510 1993 quos
2534 1921 2821 1992 plurimum
2854 1924 3170 1979 commendo
3194 1924 3321 1980 Exi-

1729 2012 1937 2067 mietati
1963 2021 2087 2080 tute,
2114 2029 2181 2068 ne
2208 2014 2259 2068 in
2283 2022 2388 2067 tam
2416 2028 2604 2083 magna
2629 2023 2841 2083 tamque
2862 2013 3128 2083 inpinata
3150 2015 3321 2071 salute

1730 2105 2030 2175 hominum,
2057 2106 2124 2162 de
2152 2107 2343 2177 quibus
2368 2122 2463 2176 per
2491 2114 2543 2161 te
2573 2105 2844 2161 Catholica
2871 2115 3043 2162 mater
3066 2107 3315 2178 exsultat,

1730 2212 2021 2267 aspernere
2051 2198 2210 2254 etiam
2238 2198 2506 2269 superflua
2534 2207 2850 2255 metuentes.

2191 2311 2520 2369 EPISTOLA
2561 2312 2677 2368 1.1x
2706 2317 2725 2336 ε
2757 2312 2854 2386 (a).

1728 2406 2038 2477 Augustinus
2062 2405 2322 2461 Victorino
2340 2405 2611 2461 concilium
2638 2408 2955 2474 conuocanti,
2981 2410 3314 2479 eacusaloria,

1799 2516 1956 2569 quare
1979 2499 2046 2554 ad
2071 2500 2342 2554 concilium
2373 2516 2473 2553 non
2501 2506 2739 2553 venturus
2767 2500 2832 2554 sit
2856 2515 2874 2553 :
2894 2516 3079 2571 rogans
3100 2511 3153 2554 ut
3177 2502 3321 2572 prius

1725 2592 1739 2643 ἵ
1797 2606 1913 2644 cum
1942 2589 2205 2662 Xantippo
2235 2608 2386 2661 super
2401 2591 2524 2661 jure
2550 2590 2795 2661 primatus
2822 2599 2871 2645 et
2911 2592 3114 2647 concilii
3138 2608 3322 2648 convo-

1797 2683 1951 2737 candi
1979 2683 2176 2751 placide
2204 2691 2493 2752 componat.

1727 2796 1956 2852 Domino
1985 2796 2290 2851 beatissimo
2317 2806 2373 2853 et
2394 2797 2681 2851 venerabili
2709 2796 2844 2865 patri
2870 2806 2922 2854 et
2949 2800 3316 2857 consacerdoti

1861 2887 2173 2955 VICTORINO,
2206 2890 2557 2953 Aceusrtuus,
2591 2889 2642 2944 in
2675 2888 2899 2945 Domino
2925 2890 3172 2947 salutem.

1795 3001 1850 3055 i.
1891 3000 2163 3056 Tractoria
2192 3003 2213 3033 ί
2245 3000 2311 3056 ad
2342 3017 2426 3056 me
2456 3001 2640 3070 quinto
2667 3000 2787 3058 idus
2815 3004 3120 3060 novembris
3149 3007 3312 3074 venit,

1718 3092 1827 3161 jam
1860 3092 2006 3146 finito
2034 3090 2153 3157 die,
2182 3100 2236 3147 et
2274 3108 2361 3147 me
2392 3091 2547 3147 valde
2591 3092 2961 3163 indispositum
2993 3095 3225 3162 invenit,
3259 3108 3318 3152 ut

1723 3198 2006 3239 occurrere
2057 3183 2275 3238 omnino
2337 3198 2444 3238 nou
2501 3198 2735 3253 possem.
2789 3184 3161 3242 Vertuutamen
3203 3188 3316 3245 sive

1723 3274 2042 3342 imperitiam
2072 3290 2245 3329 meam
2275 3274 2521 3339 moverit,
2552 3275 2663 3330 sive
2686 3276 2830 3346 juste
2855 3287 3030 3332 motus
3058 3280 3180 3345 sim,
3213 3288 3316 3337 tute

1722 3364 2032 3420 Sauctitatis
2056 3373 2110 3420 et
2148 3363 2434 3420 Gravitatis
2474 3374 2557 3421 est
2582 3365 2851 3421 arbitrari.
2882 3366 3007 3438 Legi
3047 3368 3099 3423 in
3124 3369 3314 3426 eadem

1722 3456 1969 3510 tractoria
2009 3455 2173 3510 etiam
2212 3454 2280 3509 ad
2310 3454 2653 3510 Mauritanias
2690 3470 2811 3512 esse
2848 3457 3104 3527 scriptum
3126 3499 3140 3522 ,
3182 3475 3314 3529 quas

1720 3547 2024 3616 provincias
2058 3546 2257 3601 scimus
2298 3561 2425 3601 suos
2457 3545 2655 3601 habere
2686 3547 2959 3617 primates.
2992 3549 3144 3616 Quod
3174 3551 3218 3605 si
3258 3559 3314 3607 et

1718 3653 1785 3693 ex
1814 3638 1891 3693 eis
1929 3637 1995 3691 ad
2036 3636 2336 3691 Numidiam
2377 3635 2779 3692 convocaudum
2819 3648 2963 3694 esset
2987 3639 3307 3709 concilium,

1718 3728 1952 3798 Oportuit
1974 3726 2153 3797 utique
2182 3736 2239 3781 ut
2265 3727 2563 3798 aliquorum
2594 3726 2895 3784 Maurorum
2915 3730 3307 3801 episc0porum,

1717 3820 1807 3889 qui
1836 3819 1941 3874 illic
1963 3819 2166 3888 priores
2186 3829 2330 3886 sunt,
2359 3818 2573 3874 nomina
2601 3818 2653 3873 iu
2684 3821 2930 3876 tractoria
2956 3832 3308 3892 ponerentur;

1717 3907 1860 3978 quod
1892 3908 1942 3963 in
1967 3908 2067 3963 ista
2096 3910 2344 3964 tractoria
2376 3926 2481 3965 non
2510 3910 2806 3979 reperiens,
2839 3912 3063 3967 multum
3090 3916 3312 3969 miratus

1716 4016 1857 4057 sum.
1893 4001 2095 4058 Deinde
2133 4002 2199 4057 ad
2228 4004 2372 4070 ipsos
2414 4001 2669 4058 Numidas
2702 4005 2770 4057 ita
2803 4004 3109 4073 perturbato
3136 4015 3188 4059 et
3218 4020 3312 4061 ne—

1715 4092 1892 4163 glecto
1921 4093 2109 4147 ordine
2135 4093 2427 4161 scriptum,
2460 4102 2518 4146 ut
2555 4106 2748 4145 nomen
2791 4108 2968 4145 meum
3010 4094 3165 4147 tertio
3193 4094 3310 4149 loco

1716 4184 2011 4239 invenerim
2032 4226 2045 4246 ,
2078 4184 2168 4253 qui
2199 4184 2323 4238 novi
2346 4199 2504 4254 quam
2538 4193 2662 4253 post
2703 4182 2897 4237 multos
2922 4183 3199 4255 episcopos
3227 4184 3307 4239 fa-

1713 4286 1832 4331 ctus
1863 4276 1984 4330 sim.
2017 4274 2147 4345 Quae
2178 4290 2264 4330 res
2292 4285 2345 4330 et
2372 4275 2492 4329 aliis
2522 4275 2778 4344 iujuriosa
2807 4286 2889 4330 est
2917 4278 3068 4345 satis,
3096 4287 3150 4333 et
3178 4277 3307 4335 mihi

1713 4368 1995 4424 invidiosa.
2015 4368 2279 4425 Praeterea
2299 4368 2620 4425 venerabilis
2639 4368 2805 4425 frater
2817 4379 2870 4425 et
2884 4370 3086 4443 colliga
3106 4385 3305 4443 noster,

1713 4459 2014 4531 Xautippus
2037 4460 2356 4532 Tagosensis
2379 4460 2399 4492 ³
2414 4502 2430 4528 ,
2453 4461 2585 4517 dicit
2607 4461 2747 4532 quod
2769 4478 2893 4518 eum
2921 4463 3175 4533 primatus
3194 4467 3307 4538 ipse

1712 4554 2008 4624 contingat,
2030 4564 2082 4609 et
2107 4569 2230 4626 erga
2259 4554 2519 4625 plurimos
2545 4554 2624 4611 sic
2649 4553 2893 4623 ltabetur,
2916 4566 2968 4612 et
2992 4557 3124 4615 tales
3146 4561 3309 4616 mittit

1713 4649 1985 4718 epistolas.
2014 4648 2114 4715 Qui
2136 4648 2298 4705 etiam
2327 4663 2480 4704 error
2507 4649 2552 4703 si
2581 4648 2735 4704 facile
2760 4649 2898 4704 inter
2918 4661 3148 4706 vestram
3172 4652 3310 4708 San-

1714 4739 1948 4794 ctitatem
1973 4740 2226 4811 cognosci
2254 4748 2309 4795 et
2335 4739 2530 4812 corrigi
2565 4749 2760 4812 potest,
2792 4757 2899 4797 non
2927 4740 3109 4798 debuit
3130 4753 3304 4802 tamen

1775 4875 1793 4906 ι
1818 4880 1953 4947 ιειξν.ζ
1970 4872 2194 4947 quoniam
2216 4872 2316 4947 ipsi
2349 4887 2433 4926 eas
2454 4873 2749 4947 arbitrantur
2766 4876 2943 4947 ualere,
2969 4885 3064 4947 etc.
3090 4881 3307 4933 Praetuli-

1710 4948 1821 4986 mus
1840 4936 1919 4985 hic
1938 4934 2203 4987 lectionem
2223 4934 2335 4988 uad.
2369 4948 2476 4988 tun.
2500 4944 2576 4989 Er.
2603 4946 2655 4989 et
2678 4946 2785 4991 Mss.
2810 4934 3054 4991 undecim.

1773 5001 1794 5030 ³
1818 5005 1946 5049 Unus
1968 5011 1998 5047 e
2033 4999 2271 5051 \‘atimnis
2303 5006 2413 5050 Mss.
2444 5008 2725 5052 constanter
2770 5002 2920 5053 habet
2944 5016 2957 5053 :
2991 5006 3305 5058 Tractaloria.

1774 5061 1796 5093 ²
1817 5061 1957 5131 Apud
1974 5066 2102 5121 Lov.,
2122 5060 2381 5131 iungimus
2409 5060 2753 5131 1I_tagastcnsis.
2775 5064 2865 5112 sed
2880 5063 3309 5131 aliterilegl'rpor-

1708 5129 1784 5173 tet
1807 5105 2127 5194 gustaris;
2138 5105 3306 5194 suis;siquam;amisissemusuti;

1707 5185 1951 5250 gustiuus,
1976 5185 2067 5234 hoc
2104 5184 2210 5250 ipso
2248 5184 2848 5250 aiypitisfrbagastensem
2872 5190 3101 5240 Numidiae
3131 5193 3304 5241 sedem

1707 5247 1992 5308 Occupabat.
2019 5247 2163 5297 Porro
2200 5247 2346 5310 hujus
2389 5247 2611 5309 epistolae
2645 5248 2947 5310 exemplaria
2968 5257 3075 5303 MSS.
3103 5254 3181 5301 vix
3206 5254 3302 5301 duo

1707 5315 1954 5374 venerunt
1977 5310 2024 5374 i_n
2058 5320 2234 5358 uiantis
2255 5317 2468 5366 nostras;
2491 5322 2641 5374 unum
2667 5323 2730 5360 ex
2756 5312 2832 5369 iis,
2854 5313 3161 5371 Victorinum,
3180 5327 3303 5374 me-

1707 5369 1824 5431 fert,
1844 5369 2152 5436 sanctippum
2178 5380 2525 5435 Tugoncnsem;
2547 5369 2756 5422 alterum
2775 5375 3071 5424 corbeiense
3093 5369 3301 5435 peranti-

1707 5445 1858 5495 quum
1883 5440 1934 5483 et
1955 5435 2151 5500 optimae
2172 5438 2648 5500 notae,_._°.anct_tppum
2663 5442 2999 5500 fragosensem.
3025 5442 3088 5500 εδ
3108 5435 3299 5500 duobus

1706 5492 1873 5545 autem
1896 5492 2130 5546 \aticaais
2159 5508 2272 5559 qua:
2292 5492 2410 5545 olim
2440 5492 2704 5546 Clementis
2739 5492 2823 5545 i'tu
2851 5496 2992 5559 jussu
3012 5496 3073 5546 ad
3093 5496 3300 5560 castiga-

1772 5586 1792 5605 '
1808 5587 2063 5638 timendam
2082 5586 2299 5638 subsidio
2313 5588 2393 5638 cb.
2410 5599 2484 5637 vc.
2508 5586 2712 5637 dttontm
2735 5598 2781 5633 v.
2808 5591 2860 5633 et
2879 5590 2988 5633 [ιον.

1770 5649 1844 5710 (ιι)
1875 5649 1930 5697 ειὶ
1962 5665 1988 5699 s
2012 5649 2098 5699 ΞΠ
2119 5664 2268 5762 :Oqute
2290 5659 2455 5700 autem
2476 5649 2538 5699 59
2558 5656 2679 5707 erat,
2700 5658 2825 5694 uuae
2849 5645 2952 5694 149.
2969 5647 3148 5711 Scripta
3172 5651 3298 5702 circa

1710 5720 2072 5761 exuttatemau.
2110 5715 2142 5759 ξ’
2192 5750 2204 5762 .
