3962 6390
602 448 830 509 Domino
868 444 1180 504 beatissimo
1200 484 1218 508 .
1250 440 1318 499 ’et
1360 436 1686 502 venerabili,
1733 444 1787 492 et
1827 432 2186 490 sincerissima

675 538 936 598 charitate
983 533 1351 609 amplectendo
1394 532 1541 588 fratri
1588 538 1643 587 et
1679 526 2044 584 cousaccrdoti
2088 525 2188 581 SE-

673 647 847 700 veno,
885 640 939 687 et
964 630 1054 703 qui
1085 639 1259 685 tecum
1288 635 1411 682 sunt
1432 621 1708 686 fratribus,
1738 621 2065 676 Aucnsrisns
2088 658 2104 685 ,
2134 623 2187 672 et

675 727 868 782 fratres
890 724 980 796 qni
1012 737 1219 779 mecum
1249 728 1405 785 sunt,
1438 717 1489 772 in
1517 714 1740 771 Domino
1765 713 2008 768 salutem.

677 819 732 874 i.
764 817 819 873 Si
849 816 1019 871 dicam
1048 830 1168 886 qua:
1204 824 1290 867 me
1325 809 1438 880 ipsa
1465 822 1621 863 causa
1654 806 1797 876 cogit
1836 804 2015 859 dicere
2037 843 2054 870 ,
2097 799 2189 856 ubi

607 909 714 967 erit
738 908 1042 964 sollicitudo
1070 899 1380 960 charitatis?
1410 898 1466 955 Si
1508 907 1683 953 autem
1723 912 1827 950 non
1850 894 2057 958 dicam,
2100 890 2189 946 ubi

607 1001 710 1057 erit
738 999 955 1056 libertas
976 993 1257 1051 amicitiae?
1286 978 1660 1047 Verumtamen
1678 987 1936 1044 lluctuans
1952 981 2186 1047 interim,

607 1090 743 1162 elegi
783 1106 868 1146 me
904 1101 1127 1159 purgare
1155 1083 1331 1155 potius
1368 1097 1525 1153 quam
1555 1091 1607 1138 te
1632 1093 1874 1151 arguere.
1918 1071 2191 1143 Scripsisti

608 1194 662 1239 te
696 1181 876 1237 mirari
901 1222 917 1242 ,
954 1194 1053 1234 nos
1076 1192 1199 1233 cum
1236 1174 1422 1231 dolcre
1451 1182 1634 1229 nostro
1672 1170 1899 1226 tolerare
1940 1164 2187 1232 voluisse,

605 1274 747 1346 quod
772 1272 1106 1330 correctione
1129 1268 1405 1327 emendari
1442 1266 1701 1337 potuisset
1730 1280 1745 1317 :
1775 1260 1926 1334 quasi
1951 1274 2057 1314 non
2086 1258 2194 1312 sint

608 1366 835 1423 dolenda
870 1381 991 1437 quas
1016 1364 1157 1419 male
1187 1362 1323 1417 facta
1350 1368 1507 1426 sunt,
1537 1356 1747 1414 etiamsi
1781 1362 2035 1425 quantum
2068 1362 2195 1421 pos-

604 1473 762 1530 sunt,
808 1471 991 1533 postea
1031 1457 1404 1528 corriguntur;
1451 1463 1543 1509 aut
1571 1466 1675 1507 non
1711 1448 1765 1505 id
1800 1446 2034 1503 maxime
2060 1444 2193 1499 tole-

606 1552 829 1609 randum
859 1552 957 1617 sit,
999 1548 1143 1621 quod
1173 1563 1295 1603 cum
1330 1544 1669 1601 manifestum
1710 1540 1781 1596 sit
1812 1550 2090 1611 perperam
2118 1535 2195 1589 fa-

605 1655 773 1709 ctum,
804 1643 918 1699 ﬁeri
941 1658 1045 1697 nan
1074 1640 1241 1712 possit
1270 1639 1542 1693 inlectum.
1571 1633 1763 1689 Desine
1793 1632 1969 1701 itaque
1990 1626 2190 1693 mirari,

606 1736 773 1793 frater
790 1734 1166 1791 sincerissime.
1194 1730 1328 1788 Nam
1349 1729 1624 1785 ordinatus
1644 1734 1725 1781 est
1740 1722 1879 1793 apud
1895 1720 2193 1777 Subsanam

608 1830 963 1885 subdiaconus
1003 1825 1344 1889 Timotheus,
1393 1828 1587 1893 praeter
1618 1831 1796 1872 meum
1835 1811 2115 1868 consilium
2141 1815 2196 1863 et

608 1921 969 1981 voluntatem;
998 1933 1117 1973 cum
1148 1915 1273 1987 quid
1298 1914 1365 1969 de
1402 1913 1491 1966 illo
1517 1908 1778 1982 agendum
1817 1912 1995 1970 esset,
2022 1900 2197 1956 adhuc

609 2013 749 2067 inter
790 2024 1000 2065 noscas
1026 2008 1258 2063 alternas
1295 2004 1583 2060 sententias
1614 1997 1925 2055 deliberatio
1964 1999 2195 2050 nutaret.

608 2104 752 2161 Ecce
774 2102 947 2159 adhuc
969 2101 1146 2167 doleo,
1176 2098 1417 2171 quamvis
1435 2097 1544 2167 jam
1569 2093 1635 2149 ad
1663 2102 1714 2148 te
1734 2089 1983 2153 redierit;
2011 2087 2064 2142 in
2088 2100 2196 2157 quo

610 2214 707 2254 nos
729 2206 835 2253 tua:
862 2195 1117 2253 voluntati
1149 2192 1385 2264 paruisse
1412 2205 1515 2245 non
1540 2186 1785 2258 poenitet.

678 2283 734 2338 2.
776 2282 911 2338 Audi
951 2280 1110 2336 etiam
1156 2276 1282 2348 quid
1326 2272 1673 2344 obiurgando,
1714 2268 1843 2341 quid
1887 2264 2191 2331 monendo,

610 2376 737 2448 quid
779 2373 982 2429 orando
1020 2369 1447 2433 correxerimus,
1476 2375 1529 2419 et
1557 2372 1837 2433 antequam
1885 2360 2009 2415 hinc
2053 2362 2197 2413 esset

612 2447 915 2539 profectus;
943 2480 1011 2520 ne
1053 2462 1227 2518 adhuc
1266 2468 1545 2531 promerca
1586 2454 1829 2509 videatur
1872 2451 1964 2506 tibi
2003 2447 2136 2504 nihil
2163 2463 2195 2503 a

610 2563 765 2620 nobis
793 2573 917 2617 tunc
936 2559 1098 2614 fuisse
1120 2566 1441 2617 correctum.
1464 2550 1586 2621 quia
1614 2547 1848 2604 nondum
1868 2544 1936 2600 ad
1965 2558 2058 2598 vos
2083 2544 2197 2613 ipse

609 2655 863 2713 redierat.
890 2648 1230 2722 Objurgando
1259 2642 1623 2705 correximus,
1670 2637 1842 2709 primo
1891 2637 2063 2707 ipsum
2106 2632 2197 2702 qui

610 2748 705 2805 tibi
735 2736 839 2802 non
860 2740 1263 2814 obtemperavit,
1290 2747 1344 2793 ut
1368 2733 1667 2791 inconsulto
1691 2732 1852 2786 fratre
1870 2725 2198 2784 Carcedonio

609 2841 676 2898 ad
718 2852 861 2896 tuam
902 2836 1250 2896 Sanctitatem
1293 2840 1418 2887 ante
1461 2831 1855 2902 prolisceretur,
1881 2820 2023 2877 unde
2049 2819 2198 2889 origo

611 2932 772 3003 hujus
799 2940 997 2988 nostra:
1019 2924 1374 2984 tribulationis
1402 2929 1586 2978 exorta
1611 2926 1727 2982 est;
1760 2912 1953 2970 deinde
1980 2911 2198 2983 presby-

611 3037 786 3083 terum
812 3035 868 3080 et
886 3024 1174 3088 Verinum,
1214 3034 1311 3091 per
1349 3031 1483 3089 quos
1522 3022 1580 3069 ut
1624 3010 1966 3066 ordinaretur
2003 3004 2198 3060 factum

611 3132 733 3174 esse
780 3116 1156 3186 comperimus.
1200 3110 1334 3167 Cum
1378 3108 1521 3164 enim
1573 3117 1762 3160 omnes
1798 3096 2199 3171 obiurgantibus

612 3207 764 3264 nobis
790 3206 905 3262 luet:
930 3205 1108 3261 omnia
1135 3217 1240 3258 non
1268 3210 1413 3256 recte
1450 3198 1585 3253 facta
1610 3211 1731 3252 esse
1763 3190 1996 3250 confessi
2036 3196 2196 3255 sunt,

611 3312 667 3358 et
710 3309 771 3355 ut
814 3299 916 3357 sibi
964 3300 1328 3370 ignosceretur
1368 3299 1725 3363 rogaverunt;
1771 3285 1930 3342 nimis
1971 3282 2201 3353 superbe

613 3407 916 3466 ageremus,
939 3391 984 3447 si
1013 3406 1118 3445 non
1143 3385 1486 3444 crederemus
1524 3396 1645 3438 esse
1683 3386 1972 3434 correctos.
2017 3373 2203 3445 Neque

612 3485 754 3543 enim
781 3499 940 3557 agere
963 3490 1211 3557 poterant
1234 3490 1291 3535 ut
1320 3477 1455 3532 facta
1482 3490 1586 3531 non
1615 3480 1829 3537 essent;
1858 3468 1952 3525 sed
1980 3482 2079 3522 nec
2103 3480 2201 3522 nos

612 3577 756 3635 aliud
793 3574 1123 3648 objurganda
1164 3572 1479 3642 agebamus,
1527 3566 1631 3621 nisi
1670 3572 1730 3619 ut
1764 3577 1824 3619 se
1865 3560 2003 3616 male
2026 3558 2202 3629 egisse

614 3678 999 3741 cognoscerent
1042 3674 1097 3722 et
1149 3662 1414 3721 dolerent.
1460 3656 1721 3715 Moneudo
1759 3661 1936 3708 autem
1965 3648 2201 3706 correxi-

615 3776 771 3825 mus,
804 3760 975 3830 primo
1013 3771 1224 3823 omnes,
1254 3762 1314 3809 ut
1334 3751 1587 3823 deinceps
1612 3748 1736 3805 talia
1768 3762 1872 3801 non
1911 3743 2198 3809 auderent,

616 3867 686 3908 ne
730 3852 863 3906 iram
905 3849 999 3905 Dei
1043 3840 1666 3918 esperirentur:deinde
1711 3839 1975 3910 praecipue
2014 3835 2200 3891 Timo-

617 3944 829 4010 thcum,
858 3941 949 4014 qui
980 3940 1094 3995 sola
1132 3938 1403 4011 juratione
1439 3950 1499 3992 se
1531 3933 1649 4004 cogi
1692 3930 1905 3986 dicebat
1945 3926 2011 3982 ad
2059 3936 2202 3983 tuam

614 4042 840 4108 pergere
864 4032 1226 4097 Charitatem;
1260 4039 1320 4086 ut
1346 4029 1392 4084 si
1424 4026 1693 4085 Sanctitas
1736 4031 1822 4077 tua
1844 4062 1858 4087 ,
1900 4018 2044 4091 quod
2089 4017 2202 4074 fore

614 4127 983 4200 sperabamus,
1014 4124 1361 4182 considerans
1384 4136 1504 4193 qua:
1527 4117 1689 4174 simul
1715 4114 1877 4173 locuti
1910 4113 2166 4170 fuerimus
2183 4153 2198 4179 ,

614 4232 831 4293 propter
856 4220 1185 4276 infirmorum
1214 4215 1557 4281 scandalum,
1596 4228 1691 4283 pro
1728 4209 1922 4283 quibus
1958 4206 2202 4264 Christus

614 4323 858 4369 mortuus
884 4320 966 4368 est
992 4324 1047 4366 et
1073 4320 1287 4380 propter
1326 4308 1579 4364 Ecclesia:
1623 4304 1958 4375 disciplinam
1982 4343 1997 4367 ,
2041 4315 2202 4372 quam

616 4403 916 4476 periculose
956 4402 1263 4474 ncgligunt,
1303 4400 1556 4466 quoniam
1600 4396 1688 4451 hic
1730 4396 1838 4464 jam
1880 4395 2046 4449 lector
2082 4407 2202 4448 esse

617 4504 887 4565 cmperat,
915 4493 1087 4549 nolles
1113 4507 1237 4548 eum
1264 4504 1385 4547 esse
1414 4499 1587 4543 tecum
1607 4503 1621 4551 ;
1640 4486 1749 4555 jam
1779 4485 1915 4540 liber
1937 4500 1965 4538 a
1990 4483 2203 4538 vinculo

611 4588 917 4663 jurationis,
944 4586 1249 4658 aequissimo
1284 4582 1465 4638 animo
1492 4580 1604 4636 Deo
1628 4578 1885 4645 serviret,
1909 4578 1993 4633 cui
2019 4591 2202 4632 sumus

618 4683 879 4738 rationem
906 4686 1209 4735 nostrormn
1234 4683 1447 4730 actuum
1477 4669 1756 4727 reddituri.
1786 4669 1961 4739 Ipsum
1989 4682 2202 4739 quoque

619 4773 840 4827 fratrem
867 4767 1285 4833 Carcedonium,
1319 4772 1574 4837 quantum
1603 4763 1901 4835 potuimus,
1931 4759 2202 4816 mouendo

618 4863 684 4920 ad
714 4864 816 4921 hoc
844 4863 1283 4936 perduxeramus,
1310 4868 1369 4915 ut
1388 4858 1547 4915 etiam
1576 4858 1689 4928 ipse
1710 4855 2095 4927 patientissime
2120 4870 2203 4911 ac-

617 4956 819 5026 ciperet
841 4954 1094 5026 quidquid
1136 4953 1205 5009 de
1240 4952 1332 5009 illo
1360 4951 1505 5017 fieri,
1534 4949 1911 5007 conservanda:
1948 4948 2201 5005 ecclesia-

618 5049 770 5105 stic:e
796 5045 1090 5118 disciplina:
1120 5045 1351 5119 provisio
1377 5054 1433 5102 et
1459 5045 1749 5102 necessitas
1776 5051 2006 5114 cogeret.
2032 5042 2200 5098 Oran-

619 5140 689 5195 do
709 5147 886 5195 autem
910 5154 1313 5196 correxeramus
1330 5151 1429 5194 nos
1449 5137 1615 5208 ipsos,
1634 5145 1690 5191 ut
1715 5144 1768 5191 et
1787 5132 2200 5206 gubernationes

618 5243 672 5289 et
719 5231 892 5290 exitus
937 5242 1239 5289 nostrorum
1286 5231 1632 5289 consiliorum
1682 5227 2059 5284 misericordia:
2108 5226 2200 5282 Dei

619 5325 1138 5392 commendaremus,
1156 5334 1209 5380 et
1229 5324 1273 5379 si
1298 5323 1425 5395 quid
1457 5320 1831 5392 indignationis
1852 5334 1948 5373 nus
1970 5332 2201 5374 momor-

618 5420 804 5487 derat,
836 5418 936 5475 sub
962 5418 1103 5476 illius
1128 5417 1495 5475 medicinalem
1539 5415 1813 5471 dexteram
1851 5408 2202 5481 confugiendo

616 5526 953 5568 sanarcmur.
986 5512 1121 5567 Ecce
1161 5526 1320 5584 quam
1364 5510 1529 5565 multa
1553 5551 1569 5575 ,
1618 5507 1808 5579 partim
1849 5503 2197 5576 objurgaudo,

620 5605 813 5675 partim
840 5605 1128 5670 mouendo,
1155 5605 1346 5676 partim
1372 5602 1573 5658 orando
1599 5616 2020 5658 com-seramus.

689 5696 750 5753 3.
791 5695 861 5753 Et
893 5713 1032 5755 nunc
1076 5699 1474 5755 considerantes
1514 5696 1782 5752 vinculum
1823 5693 2114 5761 charitatis,
2145 5702 2202 5748 ut

627 5806 737 5852 non
778 5791 1154 5862 possideamur
1188 5809 1221 5851 a
1260 5801 1447 5852 satana
1474 5832 1491 5863 ,
1544 5807 1653 5852 non
1702 5791 1847 5852 enim
1897 5791 2201 5864 ignoramus

1804 320 1862 378 S.
1902 312 2268 376 AUGUSTINI
2304 314 2607 375 EPISCOPI
3721 345 3803 409 ω

2295 440 2502 488 mentes
2529 432 2675 503 ejus,
2705 433 2831 504 quid
2854 432 2995 491 aliud
3030 436 3207 496 facere
3244 440 3508 503 debuimus
3534 452 3623 510 nisi
3645 457 3803 522 alitem.

2295 536 2487 593 perare
2535 525 2788 581 voluntati
2844 535 2948 582 tuae
2969 570 2982 587 .
3014 530 3104 600 qui
3135 547 3250 588 non
3280 539 3463 605 putasti
3496 546 3621 613 quod
3654 550 3801 614 factum

2294 626 2379 709 est
2422 616 2613 688 corrigi
2664 619 2929 687 potuisse,
2959 621 3057 675 nisi
3104 622 3260 693 ipse,
3291 627 3340 682 in
3370 645 3470 700 quo
3502 633 3584 689 tibi
3612 639 3804 709 ittjuriam

2296 707 2488 765 factam
2538 725 2658 766 esse
2697 715 3200 784 conquereris,juri
3250 727 3336 775 tuo
3380 707 3692 787 redderetur?
3723 737 3803 797 [loc

2295 806 2453 861 etiam
2486 804 2652 861 frater
2680 807 2792 878 ipse
2815 806 3203 875 Caret-donius,
3238 818 3469 885 quamvis
3497 836 3593 877 nun
3629 840 3725 894 post,
3754 834 3805 889 ιρ.

2295 914 2415 995 vem
2450 899 2611 953 animi
2657 902 3104 970 perturbationem
3124 947 3138 967 ,
3175 906 3243 962 de
3271 926 3369 979 qua
3399 922 3515 982 pcto
3540 926 3589 971 ut
3613 935 3712 977 ores
3736 944 3803 995 pro

2298 994 2410 1061 illo,
2441 1004 2616 1051 tamen
2638 995 2909 1053 Christum
2938 999 2989 1054 in
3022 1010 3072 1056 te
3096 1003 3336 1072 cogitans
3359 1048 3373 1069 ,
3403 994 3805 1079 aequanimiterl‘e-

2297 1088 2391 1143 cit.
2421 1088 2632 1144 Etcum
2658 1089 2835 1147 adhuc
2867 1108 2999 1163 ego,
3032 1104 3210 1149 utrum
3251 1098 3389 1166 apud
3433 1116 3526 1156 nos
3566 1120 3806 1167 remorante

2299 1182 2603 1251 Timotheo,
2635 1184 2766 1239 alias
2789 1185 2854 1239 ad
2880 1196 3020 1240 tuam
3042 1186 3454 1246 Gcrmauitatcm
3477 1193 3659 1249 litteras
3680 1200 3809 1258 mitte-

2298 1293 2432 1342 rem,
2463 1278 2800 1349 cogitandum
2830 1289 3103 1350 putarem;
3134 1283 3331 1336 veritus
3359 1294 3436 1339 cst
3460 1287 3566 1354 ipse
3594 1299 3807 1358 paternam

2296 1372 2711 1428 commotionem
2764 1373 2782 1405 ¹
2823 1381 2966 1428 tuam
3000 1390 3016 1438 ;
3058 1383 3113 1429 et
3161 1374 3400 1444 pra-cidit
3444 1376 3810 1441 deliberationem

2298 1479 2501 1528 meam,
2549 1479 2655 1518 non
2699 1463 2870 1520 solum
2911 1464 3125 1532 sitiens,
3154 1466 3248 1521 sed
3287 1468 3443 1523 etiam
3474 1469 3658 1528 instans
3680 1485 3724 1531 ut
3744 1476 3812 1533 tibi

2299 1555 2612 1613 Timotheus
2636 1557 2965 1613 redderetur.

2370 1650 2424 1702 4.
2466 1648 2577 1719 Ego
2599 1657 2797 1717 autem,
2822 1648 2987 1704 frater
3010 1648 3229 1717 Severe,
3252 1666 3461 1707 causam
3483 1669 3642 1712 meam
3663 1658 3814 1729 judicio

2300 1751 2391 1798 tuo
2415 1742 2644 1798 dimitto.
2685 1742 2875 1798 Certus
2905 1757 3022 1797 sum
3052 1744 3194 1799 enim
3236 1743 3502 1801 Christum
3539 1746 3746 1805 habitare
3778 1755 3815 1809 in

2298 1832 2462 1889 corde
2505 1842 2631 1899 tuo;
2665 1848 2761 1902 per
2798 1848 2955 1903 quem
2984 1843 3035 1890 te
3064 1833 3293 1890 obsecro
3324 1844 3379 1891 ut
3408 1838 3571 1909 ipsum
3594 1842 3813 1911 consulas,

2301 1934 2407 1980 tua:
2437 1925 2599 1979 menti
2638 1925 2738 1979 sibi
2766 1925 2992 1980 subdita:
3022 1926 3398 1997 presidentcm
3419 1972 3434 1995 ,
3478 1940 3640 1988 utrum
3680 1932 3816 2004 homo,

2300 2019 2388 2089 qui
2424 2018 2476 2073 in
2515 2018 2740 2074 ecclesia
2773 2034 2905 2074 meae
2930 2019 3317 2089 dispensationi
3346 2022 3537 2080 credita
3562 2027 3657 2096 jam
3689 2028 3819 2098 legero

2301 2118 2571 2180 coeperat,
2598 2119 2654 2166 et
2682 2124 2786 2165 non
2827 2110 3028 2176 semel,
3057 2111 3151 2167 sed
3202 2112 3398 2169 iturum
3446 2125 3498 2170 rt
3538 2118 3690 2181 tertio.
3715 2119 3821 2189 apud

2302 2202 2597 2258 Subsanam
2625 2210 2681 2257 et
2710 2202 3021 2274 presbytero
3051 2201 3412 2261 Snbsancnsis
3437 2204 3664 2263 Ecclesia:
3693 2211 3822 2264 comi—

2300 2303 2463 2362 tatus,
2491 2306 2544 2351 et
2573 2295 2711 2366 apud
2738 2294 2968 2361 Turres,
3000 2309 3053 2350 et
3079 2296 3225 2367 apud
3253 2298 3413 2353 Cizan
3442 2300 3462 2330 ²
3493 2309 3543 2354 ct
3572 2302 3683 2371 apud
3717 2302 3821 2358 Ver-

2302 2389 2436 2444 balis
2457 2398 2673 2460 egerat,
2704 2403 2809 2442 non
2838 2386 3003 2442 fuisse
3029 2387 3197 2444 lector
3231 2391 3397 2459 possit
3425 2401 3513 2446 aut
3539 2391 3698 2449 debeat
3715 2393 3824 2463 judi-

2301 2482 2408 2535 cari
2440 2480 2538 2551 (a).
2572 2479 2638 2534 Et
2664 2478 2801 2534 sicut
2830 2494 2926 2534 nos
2947 2521 2960 2543 ,
3000 2478 3141 2549 quod
3187 2492 3375 2550 postea
3416 2483 3563 2539 nobis
3601 2483 3822 2539 ini-itisla-

2302 2581 2444 2625 ctum
2488 2578 2604 2632 est,
2636 2570 2744 2625 Deo
2769 2570 2989 2637 jubente
3030 2572 3405 2640 correximus;
3446 2574 3523 2631 sic
3561 2585 3609 2631 et
3643 2585 3689 2629 tu
3722 2575 3822 2646 quod

2302 2666 2451 2735 prius
2481 2674 2532 2719 te
2561 2663 2835 2719 nesciente
2864 2663 3057 2719 factum
3076 2673 3179 2731 est,
3202 2664 3399 2722 eodem
3413 2667 3619 2738 jubente
3640 2668 3825 2723 similiter

2303 2759 2528 2827 corrige.
2573 2755 2753 2825 Neque
2796 2756 2939 2810 enim
2983 2771 3175 2811 vereor
3198 2772 3275 2814 ne
3314 2769 3367 2813 tu
3410 2775 3584 2830 parum
3626 2760 3826 2830 intelligas

2302 2859 2529 2921 quantus
2553 2847 2726 2904 aditus
2748 2849 2982 2919 aperitur
3001 2848 3068 2904 ad
3096 2849 3497 2907 dissolvendum
3521 2853 3732 2911 ordinem
3757 2851 3826 2907 Ec-

2305 2940 2618 2997 clesiasticae
2665 2941 2993 3010 disciplinae,
3023 2942 3067 2996 si
3109 2942 3333 2999 alterius
3380 2944 3619 3001 Ecclesiae
3657 2943 3826 2999 clericus

2303 3034 2619 3104 cuicumque
2638 3032 2895 3103 juraverit
2919 3032 3059 3103 quod
3085 3033 3152 3088 ab
3182 3034 3307 3104 ipso
3337 3050 3440 3090 non
3461 3036 3527 3092 sit
3553 3048 3825 3099 recessurus,

2306 3144 2427 3184 cum
2457 3143 2636 3183 secum
2663 3143 2782 3185 esse
2812 3129 3112 3200 permittat,
3143 3128 3270 3184 ideo
3297 3144 3358 3187 se
3395 3132 3564 3191 facere
3588 3131 3825 3195 afﬁrmans,

2306 3236 2374 3275 ne
2399 3227 2585 3276 auctor
2611 3220 2679 3276 sit
2709 3220 2825 3291 ejus
2855 3220 3100 3291 pcrjnrii;
3132 3235 3259 3277 cum
3292 3222 3527 3292 profecto
3548 3224 3629 3293 qui
3657 3223 3740 3277 hoc
3755 3235 3827 3274 nos

2305 3313 2478 3378 sinet,
2522 3328 2621 3369 nec
2664 3312 2811 3367 illum
2858 3310 2999 3382 apud
3047 3312 3223 3383 ipsum
3276 3328 3550 3371 remanere
3590 3313 3827 3385 permittet,

2305 3404 2428 3475 quia
2453 3403 2521 3459 de
2546 3418 2626 3471 se,
2651 3419 2755 3459 non
2774 3402 2843 3458 de
2868 3403 3038 3458 altero
3064 3402 3255 3473 jurare
3279 3406 3469 3475 potuit,
3493 3404 3598 3475 ipse
3617 3403 3829 3476 pacificum

2307 3498 2543 3570 regulam
2569 3497 2684 3552 sine
2712 3497 2888 3568 aliqua
2915 3496 3337 3567 reprehensione
3365 3498 3637 3556 custodiat.

2730 3609 3065 3667 EPISTOLA
3104 3609 3273 3669 LXIV
3312 3618 3333 3637 ο
3364 3612 3457 3685 (b).

2306 3700 2943 3785 Augustinus-.Qitintiano,
2970 3703 3251 3785 ipsum-Iud
3290 3705 3583 3775 patientiam
3618 3701 3834 3756 adhortans

2377 3774 2424 3829 et
2459 3775 2663 3846 Aurelio
2700 3774 2934 3846 episcopo
2960 3774 3343 3846 reconciliatur):
3382 3778 3610 3845 cupiens.
3644 3786 3835 3844 agensque

2378 3847 2441 3900 de
2468 3844 2761 3899 Privatione
2783 3844 2928 3915 quem
2959 3844 3046 3899 ille
3072 3861 3178 3898 sua:
3208 3844 3456 3901 Ecclesia?
3474 3848 3691 3900 clericum
3708 3858 3837 3914 quere-

2377 3917 2525 3971 batur
2544 3917 2596 3970 iu
2621 3918 2980 3970 monasterium
3006 3916 3279 3987 Augustini
3306 3930 3589 3987 susceptum
3614 3916 3760 3987 fuisse.

2306 4010 2532 4066 Domino
2572 4008 2917 4064 dilectissimo
2959 4007 3121 4081 fratri
3152 4017 3207 4081 et
3258 4009 3682 4081 compreshytero
3717 4006 3839 4073 ρω-

2512 4095 2690 4143 τιιικο,
2720 4081 3076 4143 Aucusrtxus,
3110 4078 3161 4132 in
3191 4078 3425 4135 Domino
3450 4078 3684 4137 salutem.

2381 4176 2434 4230 l.
2474 4172 2582 4229 Nos
2627 4186 2733 4227 non
2776 4171 3126 4241 dedignamur
3169 4174 3418 4244 aspicere
3458 4188 3674 4245 corpora
3710 4168 3843 4227 minus

2307 4266 2525 4341 pulchra
2546 4309 2561 4335 ,
2592 4265 2887 4337 prtcsertint
2914 4280 3036 4319 cum
3067 4263 3196 4334 ipsa:
3215 4266 3413 4322 animm
3442 4277 3634 4323 nostrm
3660 4261 3843 4319 nondum

2310 4361 2543 4432 pulchra.-
2582 4359 2720 4423 sint,
2764 4358 2901 4411 sicut
2944 4371 3037 4412 eas
3074 4354 3283 4414 futuras
3330 4369 3757 4431 speramus,cum
3782 4350 3845 4405 illc

2310 4452 2652 4508 ineli‘abiliter
2680 4449 2902 4520 pulcher
2930 4448 3083 4503 nobis
3108 4449 3453 4520 apparuerit,
3480 4451 3531 4505 in
3557 4464 3701 4520 quem
3727 4442 3845 4499 modo

2313 4563 2422 4604 non
2445 4545 2689 4601 videntes
2723 4542 2991 4599 credimus
3014 4559 3031 4597 :
3055 4552 3178 4598 tunc
3200 4545 3348 4599 enim
3374 4544 3578 4599 similes
3604 4543 3650 4599 ei
3672 4539 3843 4597 erimusi

2309 4640 2526 4713 quando
2544 4637 2844 4695 videbimus
2865 4652 2986 4692 eum
3008 4637 3161 4691 sicuti
3190 4646 3275 4692 est
3304 4636 3489 4707 (Joan.
3524 4652 3611 4703 ιιι,
3637 4634 3709 4705 2).
3733 4625 3847 4698 Quod
3924 4610 3927 4629 ⁷

2307 4744 2363 4791 et
2391 4743 2447 4789 tu
2468 4732 2537 4789 de
2557 4732 2732 4786 anima
2758 4740 2868 4797 tua,
2898 4732 2943 4786 si
2970 4728 3202 4785 libenter
3229 4740 3286 4785 et
3310 4732 3545 4787 fraterne
3572 4745 3654 4785 me
3675 4722 3846 4793 accipis,
3932 4722 3935 4779 ῗ

2307 4827 2658 4882 admonemus
2699 4832 2758 4879 ut
2794 4823 3026 4887 sentias,
3058 4837 3158 4876 nec
3185 4822 3435 4879 eamdem
3467 4822 3725 4895 pulchram
3760 4827 3848 4870 esse
3934 4816 3935 4829 ³

2309 4935 2606 4995 prmsurnas
2628 4960 2641 4984 ,
2673 4917 2769 4974 sed
2810 4914 3259 4988 quemadmodum
3308 4918 3596 4987 Apostolus
3624 4909 3847 4988 praecipit,
3932 4896 3935 4915 ί

2308 5018 2361 5074 in
2383 5033 2480 5089 Spe
2504 5015 2753 5087 gaudeas,
2771 5023 2825 5070 et
2840 5014 2979 5087 quod
2998 5015 3238 5086 sequitur
3257 5015 3425 5071 facias
3446 5031 3461 5080 ;
3489 5015 3567 5069 sic
3585 5011 3715 5068 enim
3736 5003 3848 5063 dicit.

2309 5110 2417 5180 Spe
2444 5107 2738 5180 gaudentes,
2762 5107 2814 5160 in
2845 5107 3165 5162 tribulatione
3195 5107 3441 5178 patientes
3471 5105 3643 5178 (Rom.
3659 5094 3848 5166 nuli);

2373 5230 2390 5259 ι
2416 5234 2548 5285 ωγ.,
2571 5222 2999 5276 εοιιυηοπὶιίοηαπ.
3019 5229 3127 5273 Mss.
3151 5236 3346 5284 omnes,
3370 5220 3732 5275 motionem.

2370 5291 2391 5322 ⁸
2413 5298 2463 5339 ιιι
2496 5288 2655 5339 veteri
2678 5286 2845 5338 codice
2865 5288 3023 5344 corb.,
3049 5285 3215 5336 (ἕκατι.

2371 5352 2708 5466 ἐῃᾞὲιὲυᾎῗιν
2735 5358 2787 5401 ct
2818 5355 2921 5397 va
2945 5346 3006 5398 ad
3026 5348 3166 5398 Corn.
3188 5348 3248 5400 ad
3270 5346 3399 5399 duos
3421 5356 3525 5401 vat.
3542 5355 3593 5400 et
3608 5345 3665 5398 ad
3685 5351 3779 5394 ιον.
3795 5347 3855 5387 re-

2434 5420 2510 5464 ita:
2532 5420 2663 5464 sunt.

2395 5480 2446 5540 (ι)
2471 5480 2514 5527 td
2539 5476 2723 5540 negotii
2743 5474 2936 5540 videtur
2960 5474 3224 5540 "admisse
3247 5484 3449 5522 causam
3467 5472 3641 5540 edendi
3670 5468 3856 5540 illius?

2307 5533 2448 5592 nonis
2484 5542 2531 5589 in
2547 5533 2719 5589 concil.
2754 5533 3043 5595 Milevitano,
3061 5538 3142 5586 die
3159 5536 3218 5587 27
3239 5546 3358 5595 aug.
3395 5548 3476 5586 an.
3501 5535 3594 5586 402
3610 5533 3853 5595 celehrﬂpi

2316 5587 2798 5677 u'tj't‘quicumquein
2821 5587 3124 5650 ecclesia'vel
3146 5587 3534 5660 semel‘legerit,
3547 5599 3609 5648 ab
3628 5596 3715 5648 alia
3729 5587 3857 5641 πάθ’

2315 5686 2340 5718 ι
2355 5670 2424 5716 sia
2441 5678 2535 5714 non
2553 5670 2795 5716 teneatur.
2816 5679 2839 5705 ι

2372 5707 2853 5791 ζῖ)ἶ1ἷειξῇέῗᾲιιεε
2877 5736 3041 5777 autem
3059 5725 3121 5776 6s
3146 5731 3273 5785 erat,
3294 5735 3429 5776 nunc
3449 5722 3527 5776 22.
3559 5722 3732 5788 Scripta
3747 5707 3861 5783 [36010

2311 5800 2421 5856 post
2440 5792 2651 5847 Natalem
2671 5791 2859 5855 Christi,
2891 5807 2969 5847 an.
3008 5795 3118 5848 401.
