3962 6436
206 319 290 378 £33

204 429 402 503 φιεηὶω
443 424 554 479 salvi
594 420 717 490 {acti
758 433 966 481 sumus;
1006 415 1143 472 sicut
1192 429 1380 470 rursus
1428 413 1569 469 idem
1606 412 1721 479 ipse

204 523 320 589 dicit,
345 519 460 589 Sper
479 524 634 571 autem
657 529 772 584 qua»
796 513 1007 580 videtur,
1039 528 1140 567 non
1158 521 1233 566 est
1260 527 1374 581 spes
1397 526 1415 564 :
1434 508 1567 580 quod
1588 509 1718 561 enim
1770 590 1771 593 η

201 617 303 673 ridet
314 612 427 685 quis,
447 609 557 682 quid
577 608 788 676 sperat?
809 605 871 662 Si
892 616 1061 661 autem
1084 605 1221 677 quod
1245 620 1345 659 non
1370 604 1596 658 ridemus
1614 616 1724 671 spe-

198 720 355 769 ramus,
376 719 455 772 per
480 700 762 773 patientiam
783 709 1128 768 exspectamus
1146 694 1320 768 (Rom.
1350 710 1464 755 vin.
1491 693 1580 759 24,
1597 692 1715 765 25).

200 797 297 854 ibeo
314 792 533 865 patientia
561 792 613 846 in
645 803 697 847 te
722 807 826 846 non
852 790 1082 855 deliciat,
1105 798 1161 846 et
1188 791 1239 844 in
1266 788 1405 843 bona
1432 786 1718 842 conscien-

201 892 251 946 tia
274 887 446 945 sustine
473 885 745 941 Dominum
766 927 781 948 ,
804 893 859 939 et
887 883 1114 938 viriliter
1140 897 1238 953 age
1261 924 1277 947 ,
1306 890 1362 936 et
1385 878 1717 934 confortetur
1768 906 1771 911 -

200 998 273 1039 eor
293 991 437 1041 tuum,
466 987 515 1032 et
537 977 741 1031 sustine
769 975 1049 1031 Dominum
1076 972 1246 1045 (Psal.
1276 986 1425 1038 xxvr,
1459 966 1571 1043 14).

253 1074 296 1128 2.
328 1070 633 1127 lanifestnm
663 1076 744 1123 est
762 1066 974 1138 quidem
1004 1064 1146 1136 quod
1175 1064 1219 1119 si
1248 1062 1316 1119 ad
1348 1077 1445 1118 nos
1471 1059 1681 1116 venires
1700 1100 1716 1126 ,
1759 1067 1768 1075 '

200 1165 435 1223 venerabili
474 1164 721 1235 episcopo
764 1161 983 1218 Aurelio
1022 1175 1129 1215 non
1174 1158 1594 1220 eommunicans,
1620 1170 1719 1210 nec

201 1258 309 1329 apud
333 1271 416 1313 nos
442 1269 615 1327 posses
641 1252 1071 1317 communicare;
1099 1252 1192 1307 sed
1223 1265 1284 1306 ea
1320 1250 1583 1306 charitate
1621 1261 1717 1301 nos

200 1350 469 1413 faceremus,
491 1361 588 1417 qua
637 1355 693 1401 et
732 1344 878 1401 illum
922 1343 1094 1399 facere
1122 1358 1228 1397 non
1257 1340 1579 1396 dubitamus.
1609 1337 1719 1394 Nec

202 1442 299 1497 ideo
314 1450 456 1496 tamen
480 1453 737 1495 onerosus
762 1437 916 1493 nobis
954 1445 1099 1492 esset
1126 1435 1384 1490 adventus
1410 1443 1563 1498 tuus;
1595 1432 1719 1501 quia

202 1539 251 1586 et
273 1540 315 1586 te
336 1540 506 1600 oportet
539 1544 697 1600 ωηιιο
728 1528 908 1583 animo
939 1529 1111 1583 facere
1139 1541 1235 1597 pro
1274 1525 1527 1581 Ecclesia:
1555 1523 1719 1578 disci-

204 1622 339 1694 plina,
364 1622 628 1693 prasertim
657 1623 797 1677 salva
830 1621 1185 1684 conscientia,
1208 1636 1368 1691 quam
1406 1629 1460 1674 tn
1498 1618 1636 1673 nosti
1665 1627 1721 1673 et

203 1715 329 1771 Deus.
355 1715 508 1786 Neque
531 1715 676 1772 enim
698 1724 747 1771 et
777 1716 864 1770 ille
899 1715 946 1771 si
979 1729 1193 1769 causam
1240 1723 1381 1767 tuam
1425 1710 1719 1766 discutien-

207 1804 301 1860 dam
322 1806 509 1873 distulit,
531 1805 660 1862 odio
678 1806 753 1861 tui
784 1803 929 1871 fecit,
952 1815 1129 1861 etnon
1149 1802 1554 1859 necessitatibus
1574 1801 1716 1867 suis;

203 1912 305 1967 quas
326 1907 370 1952 tu
390 1899 428 1953 si
466 1900 531 1954 ita
562 1912 751 1954 nosses
774 1896 1219 1967 quemadmodum
1248 1904 1390 1950 tuam
1416 1894 1589 1957 nosti,
1622 1908 1723 1948 nec

197 1988 416 2045 mirareris
454 2005 551 2046 nec
590 1988 1009 2046 contristareris.
1051 1987 1202 2056 Quod
1239 1987 1397 2042 etiam
1428 1985 1496 2041 de
1524 1985 1723 2041 nostris

195 2083 379 2151 petimus
418 2082 637 2149 credas,
673 2083 795 2153 quia
839 2081 1084 2136 similiter
1109 2094 1203 2136 eas
1227 2097 1330 2134 non
1363 2087 1513 2149 potes
1537 2092 1718 2134 nosse.

191 2172 297 2229 Sunt
330 2185 497 2230 autem
536 2174 766 2246 majores
792 2174 976 2239 nobis,
1010 2182 1064 2229 et
1087 2172 1402 2230 auctoritate
1430 2170 1718 2241 digniores,

191 2273 232 2319 et
254 2266 349 2321 loco
372 2266 653 2323 viciniores
690 2266 957 2337 episcopi,
989 2281 1083 2336 per
1120 2278 1254 2335 quos
1281 2262 1485 2319 facilius
1513 2261 1723 2332 possitis

189 2354 239 2410 ad
262 2370 412 2412 curam
437 2367 673 2413 vestram
708 2355 1026 2427 pertinentis
1054 2354 1307 2412 Ecclesia:
1344 2369 1532 2411 causas
1565 2369 1722 2408 exse-

190 2450 279 2517 qui.
307 2449 396 2506 Nec
412 2466 519 2523 ego
541 2460 716 2507 tamen
746 2450 884 2506 tacui
911 2449 1051 2522 apud
1078 2448 1433 2505 venerabilem
1463 2456 1518 2503 et
1545 2446 1724 2503 debita

190 2540 299 2595 mihi
338 2558 415 2612 pro
450 2542 578 2613 cjus
622 2542 827 2598 meritis
883 2541 1289 2598 honoriﬁcentia
1331 2538 1724 2609 suscipiendum
1774 2608 1775 2611 η

190 2629 363 2688 fratrem
385 2643 429 2690 et
447 2635 714 2705 collegam
749 2649 929 2690 meum
959 2649 1144 2690 senem
1174 2632 1466 2700 Aurelium,
1500 2630 1724 2687 tribula-
1766 2640 1767 2643 ‘

187 2725 347 2782 tionem
379 2734 602 2784 vestram
654 2737 710 2784 et
756 2728 1141 2799 querimoniam
1189 2727 1483 2783 litterarum
1522 2734 1724 2780 vestra-
1768 2766 1775 2773 ι

190 2820 416 2876 rumzsed
450 2836 549 2892 per
583 2820 886 2892 exemplum
927 2820 1165 2891 epistola:
1204 2828 1336 2885 tum,
1368 2819 1741 2897 innocentiam.
1762 2840 1826 2880 «μ,

196 2916 315 2965 tuam
336 2910 376 2966 ei
402 2911 631 2982 perferre
672 2911 873 2968 curavi.
902 2911 1128 2967 Litteras
1156 2918 1338 2967 autem
1367 2918 1485 2965 tuas
1510 2911 1593 2965 vel
1620 2910 1728 2981 pri-

186 2999 274 3065 die,
296 3003 512 3059 velante
537 3003 758 3060 biduum
788 3002 987 3059 Natalis
1018 3001 1223 3058 Domini
1267 3002 1480 3072 accepi,
1514 3001 1726 3073 quando
1794 3050 1818 3069 ,.

186 3092 304 3151 illum
338 3096 603 3152 insinuasti
638 3096 706 3152 ad
752 3095 1046 3153 Ecclesium
1093 3093 1499 3152 Badesilitanam
1540 3103 1747 3157 ventu-7
1813 3152 1819 3157 ,

184 3199 294 3252 rum,
329 3203 355 3240 a
396 3203 502 3259 qua
550 3188 749 3244 timetis
804 3187 896 3243 Dei
951 3187 1157 3257 plebem
1213 3186 1517 3242 conturbari
1566 3194 1727 3256 atque

184 3279 422 3350 corrumpi.
446 3279 786 3352 Quapropter
812 3294 908 3350 per
937 3278 1138 3335 litteras
1164 3270 1376 3349 quidem
1399 3278 1591 3349 alloqui
1616 3278 1729 3349 ple-

185 3369 279 3426 bem
318 3380 543 3428 vestram
585 3387 691 3427 non
733 3370 937 3435 audeo;
980 3370 1273 3426 rescribere
1313 3377 1491 3424 autem
1529 3369 1609 3423 eis
1635 3370 1747 3440 qui

184 3460 287 3516 mihi
312 3464 619 3529 scriberent,
644 3475 853 3533 possem
877 3476 890 3513 :
919 3461 1058 3516 ultro
1083 3470 1261 3516 autem
1282 3458 1349 3515 ad
1372 3459 1577 3530 plebem
1598 3458 1729 3515 scri-
1768 3472 1774 3479 ‘

182 3550 303 3616 bere.
326 3571 433 3623 qua:
450 3551 842 3627 dispensationi
867 3568 1001 3610 meae
1026 3546 1313 3610 commissa
1329 3565 1439 3608 non
1467 3559 1569 3621 est,
1589 3549 1728 3609 unde

182 3649 386 3714 possem?

240 3737 286 3792 ὅ.
314 3737 686 3796 Verumtamen
712 3738 852 3807 quod
883 3738 976 3793 tibi
1011 3738 1102 3793 uni
1134 3737 1274 3805 dico,
1316 3737 1406 3809 qui
1434 3736 1563 3792 mihi
1591 3736 1728 3793 scri-
1754 3772 1773 3785 ι.

186 3825 337 3896 psisti,
361 3846 448 3902 per
488 3831 723 3909 te/ipsum
766 3831 1037 3901 perveniat
1062 3829 1128 3884 ad
1155 3845 1248 3885 eos
1272 3829 1463 3900 quibus
1489 3845 1622 3899 opus
1648 3838 1731 3884 est
1757 3834 1769 3853 ‘

183 3915 284 3972 diei.
316 3919 408 3977 Vos
434 3923 535 3994 ipsi
575 3923 721 3992 prius
746 3922 913 3978 nolite
942 3922 995 3976 in
1018 3920 1326 3975 scandalum
1370 3921 1583 3976 mittere
1620 3920 1724 3975 Ee—
1774 3929 1781 3936 '

183 4008 395 4079 clesiam,
430 4013 661 4085 legendo
704 4015 759 4070 in
807 4013 1013 4084 populis
1055 4014 1343 4083 scripturas
1382 4028 1515 4083 quas
1557 4026 1727 4068 canon

178 4098 537 4161 ecclesiasticus
562 4119 669 4160 non
687 4104 922 4174 recepit;
948 4102 1031 4159 his
1057 4104 1197 4158 enim
1220 4102 1460 4166 heretici,
1484 4111 1538 4159 et
1561 4103 1728 4158 maxi-

178 4202 249 4245 me
274 4190 551 4263 Ianichmi,
578 4196 750 4252 solent
778 4196 1050 4266 imperitas
1076 4204 1283 4250 mentes
1309 4205 1571 4262 evertere,
1593 4210 1728 4266 quos

178 4276 221 4333 iu
248 4296 419 4355 campo
444 4296 625 4343 vestro
653 4286 882 4343 libenter
923 4287 1131 4343 latitare
1167 4284 1349 4341 audio‘.
1397 4285 1560 4341 Miror
1600 4302 1729 4357 ergo

180 4375 477 4441 prudentiam
518 4390 701 4445 tuam,
727 4380 871 4451 quod
898 4397 985 4436 me
1023 4380 1365 4437 admonueris
1412 4391 1470 4435 ut
1510 4380 1728 4450 jubeant

180 4480 277 4521 non
314 4471 461 4542 recipi
496 4488 595 4529 eos
630 4473 720 4544 qui
758 4472 826 4527 ad
869 4488 966 4529 nos
993 4489 1025 4529 a
1054 4473 1205 4529 vobis
1243 4472 1309 4528 ad
1349 4474 1730 4530 monasterium

180 4559 392 4629 veniunt,
414 4575 464 4621 ut
486 4564 632 4637 quod
660 4573 915 4621 statutum
943 4575 1024 4621 est
1047 4580 1077 4619 a
1105 4565 1259 4620 nobis
1280 4566 1333 4621 in
1362 4565 1588 4621 concilio
1610 4581 1729 4636 per-

174 4663 419 4723 maneret;
443 4666 498 4713 et
529 4666 586 4713 tu
614 4671 721 4713 non
748 4656 1054 4713 memineris
1084 4658 1137 4713 in
1161 4657 1387 4714 concilio
1409 4658 1486 4729 (a)
1516 4657 1728 4712 institu-

179 4750 291 4807 tum.
316 4762 431 4818 qua:
454 4749 562 4806 sint
581 4749 868 4820 Scriptura:
893 4750 1165 4806 canonica:
1190 4765 1308 4819 qua:
1338 4750 1389 4805 in
1416 4750 1610 4820 pepqu
1638 4750 1730 4805 Dei

176 4832 263 4908 legi
287 4837 529 4899 debeant.
561 4842 802 4900 Recense
827 4858 957 4915 ergo
982 4842 1265 4900 concilium
1285 4884 1301 4907 ,
1331 4852 1386 4898 et
1407 4845 1583 4898 omnia
1611 4858 1731 4913 qua:

177 4923 237 4996 ibi
259 4929 438 5003 legeris
455 4934 769 4992 commenda
799 4935 1071 4992 memoria:
1088 4951 1103 4997 ;
1122 4945 1177 4989 et
1200 4934 1271 4989 ibi
1291 4934 1449 4989 etiam
1472 4934 1729 5001 invenies,

176 5012 234 5073 de
253 5021 375 5079 solis
397 5025 603 5082 clericis
630 5027 791 5084 fuisse
815 5035 1070 5083 statutqu
1101 5024 1200 5099 (ὁ),
1229 5042 1333 5081 non
1359 5026 1519 5082 etiam
1545 5024 1610 5080 de
1636 5024 1732 5080 lai-

180 5107 261 5175 εἰει
286 5124 341 5170 ιιι
364 5117 734 5191 undecumque
761 5119 1036 5176 venientes
1062 5133 1168 5175 non
1191 5119 1513 5190 recipiantur
1540 5119 1590 5173 in
1617 5134 1733 5175 mo-

177 5208 465 5265 nasterium.
488 5210 602 5267 Non
627 5211 748 5282 quia
778 5212 1087 5269 monasterii
1117 5212 1253 5267 facta
1284 5213 1482 5267 mentio
1502 5221 1613 5278 est;
1637 5212 1732 5269 sed

175 5293 278 5360 quia
309 5297 388 5355 sic
423 5300 717 5358 institutum
751 5312 862 5368 est,
903 5314 960 5359 ut
1006 5304 1257 5359 clericum
1300 5305 1530 5359 alienum
1576 5320 1733 5361 nemo

178 5388 432 5463 σιδάρω.
461 5393 683 5453 Recenti
708 5404 886 5453 autem
916 5396 1142 5453 concilio
1172 5393 1242 5469 (c)
1267 5405 1523 5453 Statutum
1547 5406 1735 5466 cst,ut

1738 3684 1763 3693 ηρ

222 5586 611 5703 ξςιὲἰρραιωει,
629 5608 710 5648 an.
731 5596 845 5661 395,
862 5596 1076 5661 can.38;
1094 5606 1146 5649 et
1168 5597 1437 5662 carthagtn.
1457 5598 1600 5661 ἔδει).
1622 5598 1732 5660 397,

174 5656 672 5841 ἶλίᾗίἔῷέῇ

312 5776 591 5842 αιίιηκὶηε
608 5783 788 5843 habito,
819 5784 877 5833 ιδ
897 5785 1210 5847 septembris,
1238 5798 1315 5836 au.
1340 5784 1451 5835 tot.

514 5868 738 5938 Sutor.
783 5874 1064 5935 Aususr.
1079 5869 1190 5940 ,ιι

1325 293 1807 356 ΕΡιδΤοιΑιιῦιι
1834 294 2109 356 CLASSIS
2146 298 2210 356 ll.

3305 305 3413 368 ιδι

1826 406 1893 462 de
1936 409 2113 481 aliquo
2151 415 2476 471 monasterio
2519 417 2611 487 qui
2650 419 3007 487 recesserint,
3060 419 3139 475 ve!
3188 424 3411 491 projecti

1828 500 2045 570 fuerint,
2076 521 2185 561 non
2210 505 2335 563 fiant
2361 509 2487 563 alibi
2514 511 2693 566 clerici
2717 521 2810 567 aut
2840 514 3105 583 ιιι-ηιροείιί
3136 524 3409 570 monaste-

1825 594 2045 648 riorum.
2081 596 2137 651 Si
2178 612 2308 669 ergo
2345 599 2413 654 de
2449 600 2749 659 Privatione
2777 604 2855 676 (ιι)
2884 613 2936 659 te
2970 605 3165 675 aliquid
3209 606 3407 671 movit,

1824 688 1964 743 scias
1992 704 2114 745 eum
2143 707 2171 745 a
2200 694 2352 748 nobis
2377 695 2610 750 nondum
2651 712 2773 752 esse
2807 708 3109 768 susceptum
3142 700 3193 755 in
3222 714 3410 755 mona-

1824 783 2077 849 sterium;
2107 786 2200 840 sed
2228 802 2441 841 causam
2471 788 2638 858 ipsius
2662 791 2728 845 ad
2755 805 2937 847 senem
2965 793 3236 848 Aurelium
3268 794 3409 859 misi,

1823 883 1882 927 ut
1900 875 2040 945 quod
2061 876 2129 933 de
2151 877 2240 931 illo
2259 880 2521 946 statuerit,
2546 880 2645 935 hoc
2667 882 2873 937 faciam.
2896 882 3056 938 Miror
3069 886 3212 938 enim
3235 893 3412 939 utrum

1821 964 1929 1035 jam
1958 978 2131 1033 potest
2157 970 2325 1025 lector
2349 971 2624 1041 deputari,
2651 974 2740 1043 qui
2763 976 2969 1029 nonnisi
2996 978 3158 1031 semel
3182 978 3410 1046 scriptu-

1823 1071 1911 1112 ras
1932 1059 2092 1115 etiam
2124 1077 2233 1117 non
2257 1065 2540 1118 canonicas
2570 1065 2715 1134 legit.
2743 1066 2799 1121 Si
2826 1067 2967 1122 enim
3000 1078 3279 1138 propterea
3302 1070 3413 1136 jam

1824 1148 1915 1203 ille
1939 1150 2106 1206 lector
2129 1154 2541 1220 ecclesiasticus,
2574 1156 2808 1226 profecto
2838 1170 2890 1213 et
2920 1160 3003 1212 illa
3030 1160 3292 1228 scriptura
3320 1176 3411 1216 ec-

1822 1238 2116 1297 clesiastica
2154 1254 2255 1298 est.
2302 1244 2359 1301 Si
2398 1258 2573 1301 autem
2620 1249 2706 1302 illa
2746 1250 3005 1317 scriptura
3053 1252 3413 1308 ecclesiastica

1826 1346 1931 1386 non
1959 1346 2060 1395 esr,
2090 1337 2330 1407 quisquis
2353 1353 2469 1393 eam
2497 1340 2740 1409 quamvis
2760 1341 2812 1395 in
2839 1342 3062 1396 ecclesia
3092 1343 3297 1413 legerit.
3325 1358 3417 1399 ee-

1825 1423 2155 1481 clcsiasticus
2176 1428 2345 1485 lector
2364 1445 2470 1485 non
2495 1440 2597 1486 est.
2618 1431 2818 1487 Tamen
2839 1432 2909 1487 de
2933 1432 3035 1488 isto
3054 1434 3410 1505 adolescente,

1825 1517 1969 1588 quod
1999 1532 2293 1579 memorato
2313 1524 2536 1581 antistiti
2561 1525 2733 1582 visum
2762 1526 2939 1594 fuerit,
2969 1528 3070 1585 hoc
3088 1538 3299 1600 oportet
3321 1529 3418 1585 ob-

1825 1623 2055 1665 servem.

1903 1693 1957 1747 4.
1976 1693 2134 1751 Plebs
2150 1708 2327 1754 autem
2346 1699 2985 1771 Vigesilitana,vobiscum
3002 1703 3153 1762 nobis
3176 1707 3226 1762 in
3244 1708 3417 1766 visceu

1827 1783 1973 1838 ribus
1986 1784 2180 1841 Christi
2193 1788 2577 1857 charissima,si
2589 1796 2895 1866 episcopum
2915 1796 2965 1852 in
2978 1798 3215 1868 plenario
3226 1799 3419 1857 Africa:

1827 1878 2054 1933 concilio
2073 1880 2147 1953 (ὁ)
2165 1881 2505 1967 ἀρεηιύειμιιη
2528 1889 2800 1960 suscipere
2823 1892 3071 1956 noluerit,
3092 1910 3224 1949 sano
3242 1897 3419 1967 capite

1827 1967 2007 2037 faciet,
2036 1981 2089 2026 et
2116 1989 2215 2029 nec
2241 1977 2357 2047 cogi
2382 1960 2572 2048 poteSI,
2604 1995 2702 2035 nec
2729 1981 2909 2038 debet.
2944 1983 3011 2038 Et
3031 1986 3272 2055 quisquis
3298 1960 3419 2044 eam

1828 2061 2092 2119 violenter
2117 2070 2371 2137 coegerit,
2401 2072 2646 2129 ostendet
2673 2074 2846 2144 qualis
2876 2075 2945 2129 sit
2972 2092 2987 2141 ;
3018 2086 3069 2131 et
3098 2078 3269 2147 qualis
3295 2088 3420 2136 ante

1831 2153 2012 2221 fuerit,
2045 2160 2259 2228 quando
2284 2161 2352 2217 de
2378 2179 2438 2219 se
2482 2165 2613 2220 nihil
2667 2168 2789 2222 mali
2827 2169 2972 2225 credi
3000 2172 3227 2235 volebat,
3262 2172 3421 2229 faciet

1809 2244 2072 2318 intelligi.
2127 2249 2318 2307 Nullus
2362 2255 2503 2309 enim
2547 2258 2626 2312 sic
2676 2258 2915 2327 proditur
2959 2262 3167 2331 qualem
3204 2278 3422 2320 causam

1832 2334 2097 2405 habuerit,
2129 2358 2286 2411 quam
2318 2343 2406 2399 ille
2443 2346 2533 2415 qui
2564 2362 2659 2416 per
2685 2350 2971 2406 smealares
3000 2361 3306 2421 potestates,
3336 2356 3423 2411 vel

1831 2430 2094 2498 quaslibet
2144 2432 2442 2501 violentias,
2496 2452 2617 2492 cum
2666 2441 3065 2511 perturbatione
3112 2454 3166 2499 et
3208 2446 3425 2515 querela

1832 2531 2054 2577 conatur
2089 2526 2331 2595 recipere
2377 2528 2635 2587 honorem
2675 2550 2831 2605 quem
2876 2537 3119 2605 perdidit.
3169 2538 3284 2594 Non
3314 2541 3425 2596 vult

1832 2612 1975 2666 cnim
2002 2614 2200 2670 volenti
2236 2617 2449 2674 (Ihristo
2477 2623 2698 2688 servire,
2740 2625 2832 2679 sed
2859 2627 3170 2683 Christianis
3197 2630 3427 2685 nolenti-
3458 2695 3473 2703 _

1831 2701 1932 2756 bus
1953 2702 2235 2761 dominari.
2264 2708 2501 2774 Fratres,
2532 2714 2670 2768 cauti
2705 2725 2878 2772 estote
2910 2735 2922 2771 :
2973 2719 3197 2777 multum
3220 2729 3427 2780 astutus

1832 2802 1917 2851 est
1940 2794 2210 2867 diabolus;
2238 2801 2332 2857 sed
2357 2802 2600 2861 Christus
2626 2807 2717 2864 Dei
2744 2807 3012 2880 Sapientia
3040 2822 3139 2871 est.

2323 2957 2657 3018 EPISTOLA
2695 2962 2833 3020 va
2863 2965 2957 3039 (ε).

1839 3084 2149 3155 Augustinus
2176 3087 2440 3163 Xantippo
2493 3092 2756 3152 Numidia:
2783 3099 3007 3168 primari,
3036 3111 3284 3159 rationem
3310 3106 3426 3163 red-

1909 3178 2033 3233 dens
2084 3196 2176 3233 cur
2209 3181 2533 3241 Abundantio
2588 3188 2876 3261 presbytero
2922 3191 3103 3264 infami
3141 3193 3425 3255 Ecclesium

1910 3271 2218 3326 committere
2244 3273 2480 3332 noluerit.

1766 3431 1774 3479 ἱ
1841 3423 2068 3481 Domino
2098 3427 2407 3487 beatissimo
2432 3441 2486 3488 et
2511 3436 2884 3494 venerabiliter
2910 3441 3246 3513 suscipiendo
3286 3449 3429 3517 patri

1910 3527 1965 3574 et
1989 3522 2360 3579 consacerdoti
2383 3525 2499 3582 seni
2522 3524 2814 3598 XANTIPPO,
2857 3533 3209 3605 AUGUSTINUS,
3239 3538 3292 3594 in
3321 3540 3425 3596 Do—

1811 3611 1853 3646 κέ
1905 3610 2052 3666 mino
2070 3612 2313 3670 salutem.

1866 3740 1880 3751 ’
1912 3761 1964 3816 1.
1995 3760 2185 3819 Officio
2209 3764 2389 3822 debito
2414 3769 2621 3827 meritis
2642 3772 2765 3841 tuis,
2801 3776 3037 3833 salutans
3061 3779 3426 3852 Dignationem

1836 3860 2002 3920 tuam,
2044 3855 2269 3926 tuisque
2311 3874 2397 3915 me
2444 3863 2772 3919 orationibus
2821 3868 2974 3923 valde
3021 3876 3424 3943 commendans,

1838 3945 2051 4002 insinuo
2094 3951 2388 4019 prudentia:
2436 3964 2559 4022 tum,
2603 3957 2998 4015 Abundantium
3046 3966 3327 4033 quemdam
3373 3974 3429 4025 in

1841 4035 2005 4093 fundo
2032 4038 2467 4098 Strabonianensi
2498 4047 2798 4114 pertinente
2834 4051 2900 4103 ad
2924 4066 3104 4105 curam
3148 4065 3383 4110 nostram
3408 4060 3424 4089 ⁸

1844 4131 2143 4185 ordinatum
2172 4132 2337 4188 fuisse
2369 4136 2757 4206 presbyterum.
2788 4138 3028 4204 Quicum
3060 4157 3164 4198 non
3187 4146 3429 4201 ambula-

1842 4230 1924 4275 ret
1954 4221 2065 4275 vias
2083 4237 2357 4277 servorum
2382 4224 2495 4291 Dei,
2529 4241 2635 4279 non
2657 4227 2848 4283 bonam
2880 4230 3068 4285 famam
3098 4233 3292 4292 habere
3316 4253 3429 4296 ca:-

1842 4324 1993 4385 perat
2017 4331 2032 4379 ;
2060 4330 2163 4386 qua
2184 4331 2284 4387 ego
2308 4319 2648 4385 conterritus,
2683 4336 2785 4376 non
2816 4332 2989 4380 tamen
3012 4334 3209 4384 temere
3228 4330 3428 4403 aliquid

1841 4405 2089 4475 credens,
2122 4407 2215 4463 sed
2244 4408 2397 4478 plane
2417 4410 2694 4467 sollicitior
2722 4412 2909 4483 factus,
2954 4432 3169 4487 operam
3200 4422 3343 4491 dedi,
3381 4426 3427 4480 si

1844 4514 1950 4569 quo
1991 4499 2152 4555 modo
2202 4516 2412 4571 possem
2470 4502 2538 4557 ad
2590 4504 2763 4575 aliqua
2811 4509 2963 4564 malae
3008 4517 3428 4573 conversationis

1840 4592 1957 4662 ejus
1989 4602 2135 4647 certa
2172 4593 2363 4649 indicia
2395 4597 2689 4665 pervenire.
2718 4600 2794 4655 Ac
2825 4603 2994 4670 primo
3020 4609 3274 4677 comperi,
3304 4626 3427 4667 eum

1845 4684 2123 4751 pecuniam
2155 4684 2428 4754 cujusdam
2450 4689 2702 4743 rusticani
2724 4690 2902 4747 divino
2916 4696 3054 4763 apud
3078 4712 3135 4751 se
3154 4712 3427 4757 commen-

1841 4771 1967 4826 dato
2011 4772 2396 4842 intervertisse,
2429 4777 2500 4832 ita
2542 4789 2598 4834 ut
2628 4781 2823 4837 nullam
2869 4784 2992 4839 inde
3033 4800 3210 4856 posset
3238 4794 3430 4860 proba-

1837 4860 1996 4918 bilem
2027 4864 2249 4922 reddere
2275 4868 2555 4925 rationem.
2589 4872 2788 4929 Deinde
2814 4876 3092 4931 convictus
3117 4889 3275 4950 atque
3299 4899 3430 4939 con-

1840 4957 2013 5013 fessus
2033 4967 2134 5026 cst,
2164 4959 2252 5017 die
2270 4961 2461 5031 jejunii
2488 4963 2687 5022 Natalis
2716 4967 2945 5035 Domini,
2974 4985 3079 5040 quo
3109 4974 3268 5029 etiam
3296 4975 3427 5047 Gip-

1841 5051 2017 5121 pitana
2047 5052 2282 5109 Ecclesia
2304 5056 2438 5110 sicut
2457 5066 2664 5112 cmtera:
2680 5058 3010 5127 jejunabant,
3035 5079 3153 5118 cum
3179 5074 3427 5137 tamquam

1840 5154 2180 5214 perrecturus
2222 5146 2289 5202 ad
2342 5148 2630 5205 Ecelesiam
2676 5167 2824 5207 suam
2854 5152 3183 5213 valcfccissct
3209 5161 3426 5230 collega:

1844 5252 1941 5293 suo
1966 5241 2280 5313 presbytero
2300 5244 2602 5313 Gippitano,
2632 5243 2760 5302 hora
2789 5247 2955 5305 ferme
2978 5253 3180 5321 quinta,
3222 5263 3274 5306 et
3301 5268 3425 5307 cum

1841 5346 2021 5389 secum
2049 5336 2248 5390 nullum
2277 5335 2528 5392 clericum
2573 5336 2814 5408 haberet,
2851 5341 2904 5397 in
2931 5343 3118 5399 eodem
3146 5343 3306 5398 fundo
3334 5359 3424 5400 re-

1904 5514 1921 5545 ²
1947 5509 2083 5575 Δρικί
2117 5516 2252 5571 Lov.,
2273 5515 2496 5561 matram.
2520 5518 2576 5563 At
2592 5512 2643 5562 in
2662 5519 2792 5576 Mss,
2814 5521 3043 5567 nostram.

1924 5594 1976 5650 η)
2004 5598 2157 5650 forte,
2186 5592 2468 5641 Privatiano.

1924 5609 1954 5642 η
2004 5598 2157 5650 forte,
2186 5594 2468 5641 Privatiano.

1902 5594 1978 5718 £13
2000 5655 2271 5718 Carthagitt.
2302 5654 2360 5702 15
2382 5655 2690 5717 septembris,
2715 5668 2793 5704 an.
2819 5656 2929 5706 401.

1906 5693 1978 5781 ἰξὶ
2290 5693 2878 5777 (ingredi:
2889 5693 3029 5767 “am
3048 5716 3128 5768 80.
3152 5720 3333 5785 Scripta
3353 5724 3430 5792 in;

1845 5775 1993 5841 eunte
2016 5790 2095 5834 aa.
2122 5775 2230 5829 402.
2345 5775 2357 5777 '
2433 5843 2439 5857 ι

2319 5860 2333 5879 “
2835 5864 3105 5942 {HuitJ
