3962 6378
159 438 245 494 ut
1326 436 1811 500 EPISTOLABUM
1846 442 2125 505 CLASSIS
2163 448 2228 504 ll.

160 563 259 610 erat
280 551 475 622 quando
496 551 776 607 dan‘tnatus
816 561 914 617 est,
954 566 1121 623 quare
1146 554 1440 622 posteriore
1469 565 1706 627 tempore

159 661 262 700 cum
285 644 525 699 scelerato
550 642 872 699 Maximiano
891 647 1288 701 communicans
1319 648 1511 701 multos
1540 647 1709 717 bapti-

160 736 275 790 zavit
300 743 435 789 extra
463 736 895 791 communionem
926 739 1195 808 ipsorum?
1222 738 1408 793 Testes
1432 750 1554 795 sunt
1584 742 1705 814 ipsi,

159 828 232 896 qui
270 836 475 897 egerunt
511 826 649 895 apud
693 829 1086 896 proconsulem.
1133 838 1191 883 ut
1234 830 1372 885 idem
1407 832 1705 891 Felicianns

159 931 373 989 tanquam
412 934 530 974 cum
574 918 896 975 Maximiano
932 922 1001 977 de
1043 923 1262 979 Basilica
1311 925 1698 982 excluderetur.

158 1014 321 1071 Parum
340 1027 459 1082 ergo
479 1020 593 1066 erat
611 1011 896 1067 damnasse
916 1014 1211 1080 absentem,
1241 1016 1525 1072 damnasse
1555 1018 1704 1072 inatt-

155 1105 319 1168 diuini,
339 1104 632 1167 damnasse.
652 1103 788 1159 sicut
807 1104 1004 1166 dicunt,
1025 1107 1390 1170 innocentem;
1412 1109 1628 1177 insuper
1648 1116 1703 1163 et

156 1194 302 1249 aditus
325 1202 395 1247 est
419 1201 602 1247 contra
631 1193 778 1248 illum
821 1196 1123 1264 proconsul,
1168 1205 1223 1250 ut
1248 1196 1315 1251 de
1358 1197 1579 1251 cttclvsia
1608 1215 1701 1253 ex-

156 1288 416 1357 pelleretur.
439 1285 527 1341 Vel
553 1296 677 1340 tunc
692 1288 907 1356 quando
925 1287 1070 1341 illum
1093 1289 1427 1356 espellebaut
1443 1289 1510 1342 de
1531 1290 1701 1344 eccle-

154 1383 241 1446 sia,
281 1380 483 1435 fatentur
522 1380 647 1451 quia
690 1380 830 1435 inter
874 1381 1155 1436 damnatos
1210 1390 1266 1436 ct
1310 1384 1601 1438 sceleratos
1644 1390 1701 1437 et

154 1472 521 1527 Maximiauistas
560 1489 682 1525 cum
729 1473 1136 1540 deputaverunt.
1179 1474 1403 1540 Quando
1443 1490 1570 1542 ergo
1607 1475 1698 1531 ille

155 1566 412 1631 baptizabat
436 1564 697 1632 homines,
734 1565 1052 1620 Maximiano
1076 1568 1496 1631 eommuuicans,
1527 1567 1697 1637 bapti-

152 1671 299 1710 smum
319 1673 483 1710 verum
513 1657 675 1711 dabat
704 1673 773 1711 au
814 1657 1038 1712 falsum?
1064 1658 1118 1713 Si
1161 1674 1343 1713 verum
1374 1658 1692 1727 baptismum

156 1746 285 1802 dabat
305 1748 378 1817 qui
399 1763 515 1803 cum
540 1749 859 1803 Maximiano
879 1750 1324 1813 communicabat,
1348 1766 1513 1820 quare
1538 1766 1694 1805 accu-

154 1839 559 1906 saturlrtptismus
574 1839 719 1894 orbis
737 1840 1030 1895 terrarmu?
1051 1842 1103 1896 Si
1126 1851 1301 1895 autem
1322 1842 1509 1896 falsum
1532 1841 1693 1911 bapti-

149 1945 291 1984 smum
315 1930 484 1997 dabat,
506 1932 718 2002 quando
742 1924 1169 1989 communicabat
1198 1950 1318 1989 cum
1352 1935 1685 2001 Maximiano,

148 2036 281 2087 quare
313 2022 386 2076 sic
420 2031 542 2076 sunt
582 2025 781 2093 recepti
823 2041 943 2078 eum
995 2025 1084 2079 illo
1128 2040 1261 2096 quos
1307 2026 1357 2080 in
1404 2026 1691 2083 schismate

146 2111 406 2166 Maximiani
449 2114 750 2182 baptizavit,
794 2124 849 2169 et
882 2130 1040 2170 nemo
1078 2131 1172 2171 eos
1208 2116 1261 2171 in
1293 2126 1441 2187 parte
1479 2118 1686 2172 vestra‘

146 2204 484 2275 rebaptizavit?

542 2335 869 2393 nrtsroca
911 2337 1079 2393 LXXI
1102 2342 1121 2362 ο
1153 2338 1251 2411 (α).

144 2444 406 2514 Augustinus
452 2445 791 2516 Hieronymo.
823 2447 1095 2502 deltortuus
1138 2465 1171 2501 a
1218 2448 1360 2503 libris
1388 2448 1689 2505 Testamenli

205 2539 351 2592 veteris
387 2556 446 2593 ea:
472 2540 669 2593 ltebrazo
698 2540 965 2603 vertendis,
1006 2550 1053 2594 et
1088 2541 1358 2595 exhortans
1385 2552 1439 2595 ut
1470 2543 1688 2613 Septua-

196 2630 316 2700 ginta
340 2633 608 2685 rersiourm
634 2632 761 2686 mire
779 2633 1103 2699 depravatum
1132 2649 1194 2686 ac
1215 2635 1487 2688 vurimttem
1509 2636 1687 2689 reddat

198 2737 289 2775 sine
322 2723 521 2776 reritali.
570 2722 778 2778 Novum
807 2723 1177 2779 Testamentum
1201 2725 1265 2779 ab
1293 2742 1350 2780 eo
1389 2728 1685 2799 castigatum

199 2815 369 2884 probat.

135 2951 329 3006 Domino
363 2952 672 3018 venerabili,
721 2962 777 3008 et
816 2953 1152 3009 desiderabili
1194 2963 1379 3010 sancto
1418 2953 1586 3020 fratri,
1626 2964 1684 3010 et

187 3044 597 3115 contprcsbytero
631 3045 939 3100 IlIERONYIIO
969 3048 1323 3111 AUGUSTINUS,
1363 3048 1417 3099 in
1460 3046 1681 3101 Domino

186 3135 407 3191 salutem.

186 3249 317 3311 CAP.
338 3252 604 3309 PRIMUM
612 3253 755 3306 .--l.
780 3253 854 3307 Ex
885 3268 989 3323 quo
1015 3254 1150 3323 crrpi
1179 3253 1243 3307 ad
1272 3262 1324 3308 te
1354 3252 1587 3307 scribere
1615 3268 1679 3307 ac

128 3348 199 3392 tua
221 3343 399 3411 scripta
424 3342 748 3403 desiderare,
778 3359 1045 3411 nunquam
1074 3342 1201 3397 tnihi
1232 3344 1419 3396 melior
1446 3343 1680 3397 occurrit

129 3435 495 3503 msimquant
518 3446 569 3488 ιιι
602 3452 696 3501 per
714 3435 802 3490 Dei
826 3449 1038 3489 Servum
1066 3451 1126 3489 ac
1145 3435 1442 3488 ministrum
1479 3434 1677 3488 fidelis-

126 3526 306 3585 simum.
339 3526 575 3593 mihique
595 3525 965 3579 t-liarissitnnm
1000 3541 1113 3579 mea
1141 3524 1234 3579 tibi
1265 3525 1544 3578 afl‘crretnr
1564 3524 1678 3593 cpi-

129 3614 252 3671 stola.
290 3615 461 3683 qualis
517 3628 600 3672 cst
650 3617 788 3669 filius
834 3626 1014 3698 noster
1060 3614 1355 3698 Cvprianus
1397 3617 1671 3698 diaconus.

130 3683 212 3737 l’er
243 3685 371 3740 lutnc
406 3697 554 3742 certe
598 3688 665 3741 ita
697 3702 854 3755 spero
883 3687 1086 3741 litteras
1118 3699 1250 3750 tuas,
1299 3696 1354 3740 ιιι
1386 3688 1581 3741 certius
1622 3688 1675 3741 in

128 3773 215 3829 hoc
230 3792 388 3833 rerum
409 3794 606 3849 genere
626 3779 907 3848 quidquam
937 3793 1150 3845 Sperate
1177 3794 1278 3831 non
1302 3779 1517 3847 possim.
1542 3779 1673 3833 Nam

126 3880 208 3921 nec
228 3869 443 3923 studium
470 3870 522 3924 in
555 3868 797 3936 petendis
826 3871 1094 3938 rescriptis
1122 3881 1413 3925 memorato
1442 3871 1548 3922 lilio
1579 3885 1675 3922 no-

126 3966 217 4013 stro
237 3959 412 4018 deerit.
444 3975 544 4015 nec
568 3962 734 4031 gratia
764 3961 814 4013 in
849 3961 1236 4030 promerendis,
1280 3976 1375 4014 nec
1402 3960 1671 4030 diligentia

123 4050 166 4105 in
182 4055 543 4121 custodit-udis,
568 4071 666 4109 uec
690 4056 937 4109 alacritas
964 4056 1016 4109 in
1039 4055 1383 4125 perferendis,
1417 4071 1514 4110 nec
1542 4057 1671 4113 fides

125 4145 167 4197 in
195 4148 453 4205 reddendis
480 4169 494 4204 :
521 4160 723 4204 tantutu
749 4150 794 4205 si
822 4152 997 4221 aliquo
1024 4154 1180 4206 modo
1203 4169 1430 4216 merear,
1457 4153 1672 4220 adjuvet

125 4230 367 4301 Dominus,
393 4250 443 4294 et
466 4241 605 4295 adsit
628 4240 774 4295 eordi
803 4253 892 4296 tuo
925 4252 978 4296 et
998 4242 1263 4297 desiderio
1292 4258 1432 4305 meo,
1473 4254 1529 4297 ut
1558 4244 1669 4298 fra-

124 4332 298 4382 ternam
321 4332 637 4387 Voluntatem
668 4332 809 4387 nulla
839 4335 1006 4402 major
1027 4336 1267 4389 voluntas
1290 4336 1558 4405 impediat.

182 4415 233 4469 2.
269 4420 388 4487 Quia
410 4438 537 4492 ergo
564 4423 699 4476 duas
727 4426 837 4492 jam
873 4427 1125 4494 epistolas
1164 4427 1304 4491 misi,
1342 4428 1536 4482 nullam
1568 4444 1665 4483 au-

122 4514 370 4575 tenytuam
394 4526 569 4582 postea
600 4516 799 4583 recepi,
832 4517 1043 4570 easdem
1076 4518 1217 4587 ipsas
1248 4536 1428 4574 rursus
1456 4521 1666 4576 mittere

122 4598 262 4667 volui,
290 4606 503 4661 credens
532 4621 625 4659 cas
651 4622 755 4659 non
781 4608 1102 4676 pervenisse.
1134 4610 1262 4675 Qua:
1289 4613 1384 4665 etsi
1413 4630 1666 4681 pervene-

123 4700 242 4754 runt,
269 4709 327 4749 ac
352 4695 574 4752 fortasse
607 4707 708 4751 tua:
740 4700 911 4766 potius
940 4699 1004 4752 ad
1038 4716 1122 4753 me
1152 4703 1425 4769 pervenire
1448 4707 1664 4760 minimc

124 4791 389 4852 potuerunt,
430 4805 492 4842 ea
539 4789 652 4857 ipsa
694 4790 891 4859 scripta
935 4807 1055 4861 qua:
1077 4793 1185 4858 jam
1215 4793 1425 4854 misisti,
1470 4795 1661 4850 iterum

122 4870 263 4934 mille,
289 4876 331 4931 si
356 4878 488 4933 forte
510 4889 777 4935 reservata
798 4892 956 4945 sunt;
987 4882 1067 4934 sin
1098 4882 1290 4947 minus,
1318 4898 1500 4937 rursus
1524 4886 1662 4942 dicta

127 4964 241 5030 quod
264 4967 445 5039 legam.
477 4970 605 5025 dum
638 4981 815 5027 Lumen
847 4975 927 5027 his
955 4974 1279 5042 respondere
1305 4992 1373 5031 ne
1404 4980 1657 5046 graveris,

124 5056 238 5119 ttlmd
257 5057 355 5128 jam
385 5062 474 5116 diu
507 5072 591 5117 est
630 5072 687 5117 ut
712 5074 983 5133 eaSpecto.
1017 5065 1219 5120 Primas
1251 5067 1408 5121 etiam
1434 5084 1565 5138 quas
1594 5070 1661 5125 ad

124 5150 169 5197 te
198 5150 349 5205 adhuc
379 5154 657 5223 presbyter
689 5155 890 5208 litteras
920 5171 1337 5226 pra-paraveram
1380 5161 1661 5216 mittendas

122 5247 201 5303 Per
220 5245 482 5310 quemdam
511 5245 726 5300 fratrem
758 5256 994 5300 nostrum
1018 5248 1377 5315 Profuturum,
1405 5254 1492 5322 qui
1518 5266 1662 5324 post-

125 5341 174 5382 ea
201 5335 380 5407 collega
424 5339 582 5395 nobis
628 5339 818 5404 factus,
858 5340 965 5409 jam
1002 5357 1066 5397 cx
1116 5343 1215 5398 hac
1256 5344 1357 5399 vita
1393 5347 1658 5417 migravit,

126 5433 306 5484 noceas
333 5438 450 5487 tunc
479 5433 594 5502 ipse
618 5432 854 5502 perferre
884 5436 1070 5503 potuit,
1100 5436 1218 5504 quia
1253 5439 1507 5494 continuo
1531 5441 1659 5496 dum

176 5580 324 5661 iter,
344 5587 391 5661 in
427 5595 566 5661 parte
610 5595 772 5643 nostra
806 5590 1130 5657 rebaptizavit.
1164 5601 1219 5644 Αῑ
1250 5602 1330 5644 Ms.
1377 5597 1455 5657 cb,
1487 5604 1659 5661 vestra,

129 5651 216 5703 (με
232 5658 338 5699 vera
358 5651 498 5703 lectio
520 5661 614 5704 est.

180 5722 420 5800 isdem.
443 5734 526 5800 bu.
553 5746 598 5785 c.
641 5747 714 5785 oc.
746 5733 805 5786 fs.
829 5735 967 5800 gg.j.
993 5750 1085 5787 mr.
1110 5738 1186 5787 sb.
1212 5746 1249 5788 t.
1283 5751 1358 5789 vc.
1399 5740 1573 5791 decem
1610 5757 1658 5792 ν.

131 5786 241 5836 αεὶ
258 5798 348 5841 Am.
370 5796 476 5845 uad.
497 5803 570 5847 Fx.
595 5803 703 5848 ων.
726 5786 992 5863 τθοὸξίιίῖθ.

179 5885 245 5954 (α)
263 5892 377 5948 Albo
398 5898 455 5949 l0
475 5912 488 5950 :
508 5912 619 5965 quae
632 5908 797 5956 autem
813 5904 871 5957 7t
900 5912 1023 5967 erat,
1039 5919 1169 5958 nunc
1187 5906 1236 5957 6.
1261 5908 1439 5971 Scripta
1454 5920 1530 5961 an.
1551 5911 1657 5963 ws.

3295 470 3404 528 2i!

1817 562 2081 630 proticisei
2122 564 2376 635 disponit,
2428 572 2763 645 episcopatus
2802 580 3006 635 sarcina
3036 580 3298 651 detentus,
3338 601 3404 643 ac

1813 652 2010 709 deinde
2036 656 2087 709 in
2114 656 2260 712 brevi
2282 660 2557 718 defunctus
2584 677 2687 733 est,
2717 670 2876 725 etiam
2908 688 3049 728 nunc
3076 675 3287 732 mittere
3304 695 3404 735 ’σό-

1814 744 1917 811 lui;
1950 754 2006 801 ιιι
2043 750 2179 804 scias
2206 751 2257 805 in
2289 761 2373 807 tua
2401 757 2658 828 colloquia
2700 777 2857 830 quam
2889 764 3012 819 olim
3044 767 3401 837 inardescam,

1812 846 1868 892 et
1902 854 2062 909 quam
2110 843 2215 898 vim
2258 847 2445 914 patiar,
2485 851 2627 920 quod
2673 868 2703 906 a
2740 870 2824 909 me
2866 864 2972 911 tam
3011 858 3168 929 longe
3207 862 3402 919 absunt

1812 941 2001 984 sensus
2030 934 2268 1002 corporis
2299 937 2393 998 tui,
2420 954 2514 1007 per
2535 956 2667 1009 quos
2701 944 2847 1000 adire
2876 948 3041 1014 possit
3069 950 3135 1005 ad
3163 952 3399 1009 animum

1810 1026 1956 1073 tuum
1992 1024 2203 1078 animus
2241 1042 2411 1093 meus,
2458 1031 2528 1084 mi
2568 1030 2732 1089 frater
2759 1034 3090 1107 dulcissime,
3117 1048 3174 1096 et
3209 1040 3263 1097 in
3293 1041 3399 1099 Do-

1807 1112 1938 1167 mini
1969 1118 2220 1172 membris
2243 1118 2575 1180 honorande.

1880 1202 2106 1258 CAPUT
2144 1205 2276 1259 ll.-
2300 1210 2352 1263 5.
2399 1211 2451 1265 In
2482 1211 2582 1268 hac
2622 1224 2797 1271 autem
2828 1220 3051 1289 epistola
3099 1222 3202 1279 hoc
3229 1226 3390 1297 addo,

1804 1293 1946 1362 quod
1977 1304 2155 1363 postea
2190 1298 2493 1367 didicimus,
2535 1304 2635 1358 Job
2658 1323 2723 1361 ex
2751 1308 2962 1366 bebra-o
2995 1328 3025 1367 a
3054 1321 3105 1369 te
3128 1293 3393 1389 interpre;

1806 1392 1997 1449 latum,
2034 1400 2153 1440 cum
2176 1388 2286 1456 jam
2324 1395 2606 1461 quamdam
2654 1396 2970 1457 haberemus
3003 1388 3393 1476 interpretatio-

1804 1490 1949 1537 nem,
1985 1486 2125 1532 tuam
2167 1479 2405 1549 ejusdem
2446 1486 2716 1556 propheta:
2742 1506 2806 1545 ex
2838 1508 3012 1559 gra‘co
3040 1497 3254 1570 eloquio
3274 1516 3392 1557 vcr-

1801 1580 1915 1621 Sam
1945 1568 1995 1622 in
2034 1569 2252 1626 latinum
2279 1591 2291 1626 :
2317 1575 2403 1629 ubi
2439 1587 2611 1633 tamen
2652 1584 2923 1641 asteriscis
2962 1568 3160 1646 notasti
3186 1610 3304 1664 qua:
3335 1595 3391 1652 in

1801 1656 2016 1714 hebran
2060 1671 2201 1727 sunt,
2252 1673 2305 1720 et
2342 1666 2393 1720 in
2432 1684 2606 1739 gneco
2651 1672 2875 1741 desunt;
2922 1678 3172 1737 obeliscis
3204 1656 3389 1743 autem

1799 1768 1919 1821 quae
1941 1754 1989 1807 in
2011 1771 2185 1824 grmco
2209 1758 2565 1827 inveniuntur,
2588 1774 2644 1820 et
2667 1765 2717 1819 in
2747 1767 2960 1825 ltcbrteo
2980 1787 3085 1829 non
3110 1787 3254 1844 sunt,
3281 1789 3389 1837 tam

1798 1844 2025 1899 mirabili
2064 1848 2357 1919 diligentia,
2402 1862 2458 1907 ut
2501 1855 2813 1924 quibusdam
2854 1862 2903 1915 in
2952 1863 3081 1919 locis
3114 1866 3180 1921 ad
3221 1869 3387 1926 verba

1797 1932 2024 2004 singula,
2046 1937 2279 2007 singulas
2299 1942 2483 1997 stellas
2504 1944 2795 2013 videamus,
2820 1950 3178 2021 significantes
3198 1958 3386 2015 eadem

1796 2026 1956 2080 verba
1979 2042 2097 2081 esse
2122 2030 2173 2082 in
2202 2030 2435 2096 hebraio,
2458 2034 2510 2089 in
2530 2050 2704 2105 gnreo
2724 2048 2900 2096 autem
2930 2058 3033 2097 non
3055 2060 3195 2101 esse.
3217 2048 3389 2106 Porro

1794 2115 1847 2169 in
1881 2115 1980 2171 hac
2021 2121 2316 2188 posteriore
2354 2124 2815 2196 interpretatione,
2855 2148 2975 2202 quae
3000 2150 3153 2190 versa
3195 2148 3280 2193 εει
3315 2155 3387 2197 ex

1795 2206 2028 2271 hebrmo,
2063 2227 2167 2265 non
2197 2213 2382 2268 cadem
2413 2218 2696 2274 verborum
2724 2220 2856 2277 fides
2884 2226 3135 2292 occurrit,
3168 2244 3267 2285 nec
3287 2246 3380 2300 pa-

1793 2314 1909 2353 rum
1934 2301 2109 2356 turbat
2134 2305 2476 2374 cogitantem,
2507 2309 2589 2364 vel
2611 2326 2704 2365 cur
2730 2313 2782 2366 iu
2812 2314 2898 2368 illa
2930 2316 3098 2384 prima
3129 2326 3271 2375 tanta
3300 2321 3386 2377 di-

1793 2389 2006 2460 ligentia
2045 2393 2271 2463 figantur
2297 2399 2557 2464 asterisci,
2598 2410 2655 2455 ut
2690 2404 2936 2460 minimas
2962 2407 3120 2463 etiam
3151 2412 3384 2481 particu-

1790 2481 1870 2535 las
1901 2485 2161 2539 orationis
2202 2486 2435 2542 indicent
2474 2489 2661 2547 deesse
2705 2495 2977 2551 codicibus
3009 2500 3217 2568 graecis,
3260 2518 3383 2572 quas

1790 2585 1915 2630 sunt
1960 2577 2009 2630 in
2045 2577 2306 2645 ltebra‘is;
2353 2582 2436 2637 vel
2475 2598 2570 2637 cur
2599 2583 2651 2639 in
2698 2586 2797 2642 hac
2837 2590 3001 2645 altera
3030 2609 3149 2663 qua:
3187 2611 3252 2650 ex
3282 2596 3382 2653 lte-

1790 2662 1951 2720 brtuis
1973 2676 2074 2732 est,
2101 2670 2451 2740 negligentins
2475 2674 2574 2729 hoc
2600 2688 2839 2733 curatura
2867 2682 2956 2747 sit,
2987 2662 3147 2739 utine
3173 2687 3381 2744 caulem

1789 2757 2060 2825 particulae
2091 2760 2219 2814 locis
2238 2761 2351 2816 suis
2378 2764 3002 2841 invenirentur.Aliquid
3030 2774 3170 2843 inde,
3195 2794 3381 2836 exun-

1788 2848 1857 2917 pli
1895 2850 2085 2918 gratia,
2128 2852 2268 2906 volui
2299 2869 2528 2924 ponere;
2569 2858 2661 2912 sed
2711 2860 2837 2914 mibi
2874 2864 2940 2917 ad
2980 2863 3165 2921 harant
3207 2868 3380 2927 codex

1787 2938 1973 3005 defuit,
2007 2941 2092 3009 qui
2123 2957 2189 2995 ex
2219 2942 2431 2997 hebrum
2472 2956 2569 3001 est.
2602 2946 2978 3008 Verumtamen
3008 2956 3127 3024 quia
3168 2972 3378 3027 praevo-

1787 3030 1864 3082 las
1903 3031 2134 3100 ingenio,
2178 3050 2283 3088 non
2327 3036 2496 3090 soluzn
2538 3039 2695 3107 quid‘
2724 3041 3187 3111 dixerim,‘vernm
3212 3050 3377 3107 etiam

1784 3121 1909 3189 quid
1936 3121 2114 3178 dicere
2154 3125 2435 3190 voluerim,
2478 3130 2628 3193 satis,
2660 3140 2715 3186 ut
2757 3132 2966 3203 opinor,
2998 3136 3266 3209 intelligis,
3294 3148 3372 3207 ut,

1742 3262 1745 3271 ,
1783 3226 1939 3266 causa
1968 3214 2191 3280 reddita,
2225 3217 2363 3287 quod
2396 3232 2567 3275 movet
2599 3222 2882 3280 edisseras.

1854 3306 1907 3358 4.
1954 3305 2059 3373 ligo
2084 3321 2212 3361 sane
2236 3317 2283 3360 te
2310 3310 2523 3364 mallem
2546 3327 2745 3381 grteeas
2772 3315 2945 3384 potius
2963 3320 3246 3376 canonicos
3273 3338 3375 3379 no-

1784 3392 1866 3448 bis
1914 3395 2247 3465 intcrpretari
2291 3396 2619 3468 Scripturas,
2651 3419 2770 3473 qua:
2814 3406 3154 3480 Septuaginta
3200 3411 3369 3469 inter-

1783 3496 1989 3553 pretum
2010 3488 2031 3516 ί
2065 3487 2427 3556 perhibentur.
2460 3491 2754 3549 Perdurutn
2780 3498 2881 3553 crit
2906 3501 3071 3566 enim,
3098 3502 3141 3556 si
3170 3513 3255 3559 tua
3284 3506 3371 3561 in-

1784 3580 2093 3645 terpretatio
2132 3596 2228 3648 per
2264 3582 2459 3636 multas
2493 3586 2745 3641 ecclesias
2779 3588 3104 3660 frequentius
3146 3597 3369 3665 cmporit

1780 3666 2025 3731 lectitari,
2056 3670 2195 3735 quod
2232 3686 2259 3723 a
2291 3674 2478 3739 graecis
2504 3676 2741 3732 ecclesiis
2780 3678 2957 3735 latina:
2990 3684 3230 3739 ecclesiae
3255 3687 3339 3742 dis
3365 3717 3371 3725 -

1780 3758 2063 3824 secabant,
2105 3761 2335 3817 maxime
2361 3765 2478 3832 quia
2514 3767 2665 3823 facile
2703 3772 3061 3829 contradictor
3092 3778 3367 3836 convinci-

1778 3855 1864 3899 tur
1883 3863 2056 3916 gra'co
2078 3851 2283 3918 prolato
2305 3853 2457 3918 libro,
2487 3854 2537 3909 id
2554 3866 2637 3912 est
2659 3858 2848 3926 linguae
2875 3864 3181 3921 notissimm.
3206 3868 3367 3936 Quis-

1777 3939 1894 4006 quis
1911 3949 2085 3993 autem
2113 3941 2164 3995 in
2182 3958 2247 3997 co
2264 3945 2404 4014 quod
2421 3962 2482 4000 ex
2504 3946 2716 4004 hebrtco
2731 3955 3040 4009 trauslatmn
3066 3966 3170 4022 est,
3188 3960 3366 4031 aliquo

1775 4027 1990 4083 insolito
2037 4041 2310 4099 permotus
2352 4036 2539 4099 fuerit,
2594 4048 2648 4092 et
2695 4038 2811 4095 falsi
2861 4043 3063 4098 crimen
3115 4027 3363 4103 intende-

1777 4119 1863 4181 rit,
1889 4122 1972 4173 vix
2000 4132 2090 4175 aut
2118 4140 2385 4194 nunquam
2416 4127 2480 4179 ad
2506 4129 2714 4184 hebrata
2750 4134 3049 4189 testimonia
3081 4141 3361 4207 pervenie—

1776 4218 1881 4275 tur,
1907 4213 2097 4281 quibus
2128 4214 2443 4270 defendatur
2472 4218 2758 4289 objectum.
2790 4226 2940 4291 Quod
2972 4228 3015 4283 si
3043 4230 3203 4285 etiatn
3234 4248 3360 4305 per-

1773 4313 1986 4358 ventum
2019 4306 2192 4374 fuerit,
2223 4318 2300 4362 tot
2329 4311 2519 4365 latinas
2550 4322 2605 4369 et
2647 4330 2847 4386 graecas
2887 4325 3232 4383 auctoritates
3268 4329 3363 4384 da-

1772 4398 1945 4451 mnari
1995 4398 2111 4468 quis
2148 4400 2319 4455 ferat?
2356 4402 2469 4459 line
2507 4408 2714 4463 accedit
2753 4413 2872 4480 quia
2918 4416 3080 4472 etiam
3130 4424 3360 4480 consulti

1775 4487 1980 4543 Hebraei
2013 4501 2232 4560 possunt
2254 4494 2397 4549 aliud
2428 4499 2751 4567 restiondere
2784 4523 2796 4557 :
2830 4514 2886 4561 ut
2914 4516 2967 4562 tu
2995 4510 3140 4566 Solus
3172 4530 3361 4571 neces-

1770 4579 1945 4632 sarius
1987 4582 2238 4647 videaris,
2272 4586 2361 4654 qui
2402 4589 2561 4642 etiam
2607 4591 2749 4661 ipsos
2786 4598 2957 4664 possis
3000 4604 3352 4673 convincere;

1769 4668 1863 4723 sed
1895 4680 2068 4727 tamen
2091 4675 2388 4743 quojudice
2416 4679 2605 4734 mirum
2636 4683 2678 4736 si
2708 4689 2938 4753 potueris
2969 4690 3225 4750 invenire.

1841 4762 2072 4819 CAPUT
2104 4767 2321 4824 lll.—5.
2346 4769 2478 4826 Nam
2508 4776 2719 4843 quidam
2750 4779 2913 4838 frater
2939 4798 3118 4841 uosmr
3142 4792 3356 4860 episco-

1769 4870 1887 4924 pus,
1916 4871 2037 4911 cum
2075 4858 2298 4915 lectitari
2331 4864 2643 4924 instituisset
2672 4872 2725 4926 in
2755 4876 2981 4932 ecclesia
3017 4881 3100 4935 cui
3132 4858 3351 4957 praeest,

1767 4947 2256 5016 interpretationem
2305 4963 2467 5022 tuam,
2511 4962 2673 5017 movit
2714 4964 2962 5033 quiddam
3007 4947 3162 5044 longe
3200 4947 3355 5036 alite;-

1766 5036 1863 5092 abs
1890 5046 1941 5094 te
1973 5040 2198 5108 positum
2238 5046 2377 5116 apud
2409 5047 2597 5106 Jonam
2630 5057 2939 5124 prophetam
2964 5036 3137 5130 (loud:
3161 5084 3235 5131 tv.
3269 5070 3349 5142 6),

1766 5144 1923 5197 quam
1962 5140 2076 5185 erat
2116 5136 2349 5191 omnium
2389 5143 2633 5198 sensibus
2676 5150 3050 5224 memoriaeque
3089 5136 3352 5215 inveterar-

1768 5229 1900 5287 tum,
1923 5230 1977 5276 et
1998 5233 2074 5277 tot
2093 5235 2303 5282 relatum
2321 5234 2742 5292 successionibus
2769 5238 3125 5303 decantatum.
3157 5250 3351 5306 Factus

1766 5324 1847 5368 est
1877 5326 2050 5371 tantus
2079 5322 2335 5379 tumultus
2362 5326 2412 5379 in
2442 5327 2594 5396 plebe
2622 5333 2851 5390 maxime
2872 5340 3061 5406 grrecis
3087 5344 3350 5412 argnenti-
3420 5324 3429 5329 Α

1766 5404 1864 5460 bus
1900 5417 1952 5462 et
1978 5410 2416 5470 inclamantibns’
2456 5419 2775 5478 calumniam
2805 5404 3063 5494 falsitatis,
3108 5440 3164 5485 ut
3191 5447 3349 5504 coge-

1767 5506 1912 5554 retur
1956 5502 2234 5575 episcnpus
2276 5506 2404 5577 (Oéa
2453 5512 2649 5583 quippe
2693 5517 2878 5572 civitas
2922 5518 3091 5590 eral)‘
3134 5502 3348 5582 Judteo-

1832 5610 1850 5685 ξ
1873 5610 2240 5685 _s_ig_quindeeim
2271 5617 2383 5667 cdd.
2411 5619 2599 5685 [quod]

2026 5674 2337 5740 interpretum
2358 5672 2649 5735 αιῖἁονίείῖιε.
2684 5690 2744 5737 At
2775 5694 2878 5739 Mss.
2918 5702 3014 5742 non
3044 5692 3228 5752 habent
3260 5715 3347 5755 au-

1831 5794 1850 5874 :
1872 5801 2002 5874 iter”
2458 5804 2608 5869 Aliqui
2627 5805 2762 5871 aid,

2005 5855 2174 5971 mg'tbet
2193 5864 2291 5913 duo
2329 5874 2448 5925 vae,
2468 5855 2719 5929 raderetur
2728 5855 3224 5949 iw
3260 5896 3345 5940 ,ηρ

1999 5953 2015 5980 ρ
2037 5953 2132 5971 νυιιο
