3962 6432
499 341 605 401 m
1178 322 1185 333 ‘
1328 338 1339 349 ·
1420 348 1425 356 ~
1568 288 1569 291 γ
1740 328 1795 386 s.
1840 320 2204 384 auersum
2243 322 2545 383 EPIS‘COPI
3174 304 3181 310 ’
3669 331 3771 395 ste
3836 386 3839 391 ,

499 462 645 511 caret
687 450 905 521 delicto,
949 462 1109 525 quem
1134 443 1709 524 'arguendum"putasg
1741 455 1831 501 aut
1864 455 2084 517 paterno

498 547 694 602 affectu
722 547 961 602 mulccas
989 560 1145 616 quem
1174 544 1405 614 adjicere
1428 543 1444 574 ⁸
1467 555 1717 612 nequeas.
1741 538 1923 594 Potest
1941 538 2083 593 enim

499 639 614 695 ﬁeri
647 649 704 694 ut
732 639 822 693 libi
850 637 994 695 aliud
1029 637 1269 693 videatur
1304 651 1461 706 quam
1506 633 1700 689 veritas
1741 632 1927 697 habet,
1958 630 2083 684 dum

501 740 676 787 tamen
708 729 807 785 abs
836 738 890 784 te
918 728 1060 784 aliud
1100 744 1205 783 non
1254 726 1345 781 fiat
1384 740 1542 797 quam
1590 723 1820 779 charitas
1867 721 2026 777 habet
2061 736 2075 772 :

497 839 621 877 nam
660 831 715 877 et
743 836 843 892 ego
880 819 1255 875 amicissimam
1283 815 1755 886 reprehensionem
1785 813 2084 884 gratissime

497 911 781 983 accipiam,
815 910 974 966 etiam
997 910 1041 964 si
1070 906 1388 978 reprehendi
1415 921 1521 960 non
1553 905 1749 961 meruit
1773 901 1914 974 quod
1940 910 2085 957 recte

500 1003 710 1060 defendi
743 1012 950 1074 potest;
980 1010 1071 1055 aut
1098 1014 1380 1070 agnoscam
1411 999 1641 1054 simulet
1662 996 2084 1054 benevolentiam

502 1106 667 1162 tuam,
691 1105 746 1151 et
775 1096 984 1164 culpam
1012 1105 1209 1155 meam,
1240 1098 1316 1157 et,
1334 1100 1588 1160 quantum
1617 1089 1867 1145 Dominus
1892 1087 2081 1152 donat,

495 1185 548 1242 in
577 1188 681 1241 alio
707 1195 920 1255 gratus,
951 1184 1004 1237 in
1031 1182 1138 1237 alio
1163 1181 1477 1238 emendatus
1506 1182 1762 1237 inveniar.

565 1278 621 1332 4.
656 1275 797 1344 Quid
845 1288 1007 1343 ergo,
1056 1273 1282 1328 fortasse
1327 1272 1490 1336 dura,
1533 1271 1627 1327 sed
1667 1280 1814 1328 certe
1854 1270 2084 1326 salubria

495 1370 655 1424 verba
680 1378 790 1433 tua,
814 1376 1064 1439 tanquam
1089 1376 1281 1422 czrstus
1305 1367 1519 1421 Entelli.
1543 1368 1912 1435 pertimescam
1928 1366 1953 1418 ?
1980 1366 2088 1420 Cte-

450 1532 453 1533 ν
494 1461 722 1517 debatur
747 1461 864 1521 ille,
905 1475 1011 1514 non
1040 1460 1352 1525 curabatur;
1389 1470 1442 1514 et
1471 1459 1590 1514 ideo
1614 1458 1945 1523 vincebatur,
1978 1474 2086 1514 non

497 1553 804 1607 satiabatur.
836 1551 947 1622 Ego
973 1561 1151 1607 autem
1175 1593 1187 1614 ,
1219 1552 1263 1605 si
1291 1550 1660 1606 medicinalem
1687 1551 2087 1620 correptionem

500 1653 644 1699 tuam
670 1643 983 1713 tranquillus
1009 1658 1291 1712 accepero,
1326 1659 1429 1698 non
1459 1642 1688 1697 dolebo:
1717 1643 1762 1697 si
1791 1658 1918 1699 vero
1944 1642 2088 1697 infir-

495 1737 675 1801 mitas,
704 1735 792 1791 vcl
814 1737 835 1768 ²
868 1734 1096 1790 humana
1115 1775 1129 1800 ,
1163 1735 1247 1788 vel
1276 1749 1392 1789 mea
1413 1776 1428 1800 ,
1457 1735 1617 1789 etiam
1664 1750 1784 1791 cum
1829 1736 2089 1791 veraciter

498 1843 713 1899 arguor,
742 1842 848 1881 non
878 1834 1053 1896 potest
1080 1826 1179 1879 nisi
1208 1826 1590 1895 aliquantulum
1620 1826 1952 1890 contristari,
1979 1841 2090 1881 me-

498 1919 602 1973 lius
632 1927 809 1972 tumor
828 1917 1015 1987 capitis
1044 1916 1221 1983 dolet,
1256 1916 1380 1970 dum
1406 1926 1641 1981 curatur,
1669 1933 1825 1988 quam
1870 1917 1996 1972 dum
2038 1918 2087 1973 ei

497 2010 757 2079 parcitur,
790 2024 894 2062 non
921 2017 1160 2061 sanatur.
1188 2008 1301 2062 lloc
1330 2015 1413 2062 est
1440 2008 1583 2063 enim
1610 2008 1750 2078 qttod
1777 2018 1932 2063 acute
1961 2008 2092 2063 vidit

497 2102 589 2172 qui
617 2100 768 2165 dixit,
790 2100 1040 2157 Utiliores
1056 2116 1176 2157 esse
1198 2102 1513 2172 plerumque
1537 2102 1778 2157 inimicos
1795 2102 2085 2172 jurgantes,

497 2209 658 2264 quam
707 2193 909 2249 amicos
950 2194 1238 2264 objurgare
1284 2202 1603 2249 metuentes.
1649 2192 1725 2248 Illi
1772 2194 1915 2249 enim
1963 2193 2091 2248 dum

499 2286 763 2346 rixantur,
792 2283 978 2338 dicunt
1006 2283 1290 2352 aliquando
1313 2299 1438 2338 vera
1465 2299 1585 2354 qua:
1622 2284 1977 2354 corrigamus;
2006 2283 2091 2338 isti

498 2385 676 2430 autem
723 2375 982 2429 minorem
1012 2390 1169 2444 quam
1214 2384 1453 2444 oportet,
1484 2374 1738 2430 exhibent
1771 2375 1992 2444 justitiae
2031 2375 2095 2429 li-

498 2468 796 2527 bertatom,
830 2464 954 2519 dum
998 2466 1245 2520 amicitizc
1283 2466 1474 2522 timent
1497 2482 1815 2536 exasperare
1855 2466 2094 2522 dulcedi-

499 2572 645 2611 nem.
677 2557 1015 2627 Quapropter
1042 2557 1141 2611 etsi
1177 2557 1302 2619 bos,
1331 2565 1391 2611 ut
1419 2557 1515 2612 tibi
1548 2557 1772 2623 videris,
1799 2558 1974 2613 lassus
2003 2574 2090 2614 sc-

500 2657 716 2706 neetute
764 2649 900 2704 forte
938 2649 1209 2718 corporis,
1240 2664 1347 2704 non
1378 2650 1560 2719 vigore
1603 2649 1767 2705 animi
1803 2658 2009 2715 tamen,
2040 2652 2094 2708 in

500 2755 625 2794 area
650 2739 915 2793 dominica
944 2739 1212 2795 fruetuoso
1240 2740 1421 2795 labore
1450 2740 1747 2805 desudans;
1781 2756 1907 2797 ecce
1933 2758 2050 2796 sum
2073 2784 2089 2809 ,

499 2830 547 2885 si
577 2830 701 2900 quid
739 2844 1022 2901 perperam
1050 2829 1193 2893 dixi,
1220 2829 1408 2885 fortius
1440 2832 1540 2901 fige
1567 2831 1778 2900 pedem.
1808 2832 1922 2887 Non
1965 2833 2096 2888 mibi

500 2936 623 2976 esse
652 2921 812 2976 debet
841 2922 1126 2976 molestum
1176 2920 1383 2990 pondus
1426 2922 1598 2976 mtatis
1640 2930 1774 2989 tum,
1805 2922 2096 2978 dummodo

500 3021 809 3068 conteratur
835 3012 983 3081 palea
1010 3014 1180 3082 culpa:
1214 3028 1365 3068 mem.

574 3108 629 3161 5.
671 3105 901 3161 Proinde
925 3106 1049 3159 illud
1082 3106 1220 3174 quod
1252 3106 1305 3161 in
1336 3114 1575 3162 extremo
1595 3108 1834 3179 epistola:
1861 3116 1966 3163 tua:
1996 3125 2096 3181 po-

501 3199 677 3259 suisti,
707 3212 827 3251 cum
860 3198 1033 3267 magni
1066 3198 1316 3253 desiderii
1346 3200 1574 3269 suspirio
1602 3200 1683 3256 vel
1714 3202 1830 3271 lego
1850 3244 1863 3265 ,
1896 3204 1978 3258 vel
2009 3186 2095 3260 re-

500 3289 643 3343 colo.
681 3286 921 3349 Utinam,
970 3287 1167 3354 inquis.
1208 3304 1511 3341 mcreremur
1547 3290 1837 3359 complexus
1878 3302 2021 3357 tuos,
2049 3303 2099 3350 ct

501 3379 772 3435 collatione
800 3390 977 3433 mutua
1002 3379 1077 3433 vel
1106 3379 1397 3434 duceremus
1420 3380 1591 3451 aliqua
1608 3422 1623 3445 ,
1657 3383 1733 3434 vel
1760 3383 2098 3439 disceremus!

502 3472 617 3543 Ego
645 3483 819 3527 autem
851 3472 971 3527 dico
1000 3490 1012 3525 :
1039 3470 1250 3527 Utinam
1281 3470 1468 3526 saltem
1496 3474 1807 3543 propinquis
1837 3484 2095 3531 terrarum

502 3564 637 3620 locis
662 3564 1051 3628 babitaremus;
1082 3572 1168 3625 ut,
1196 3563 1241 3618 si
1273 3579 1377 3618 non
1414 3575 1633 3633 possent
1663 3566 1875 3621 misceri
1916 3576 2096 3623 nostra

512 3656 788 3726 solloquia,
813 3657 1003 3709 littera:
1032 3665 1251 3724 possent
1283 3670 1403 3711 esse
1427 3656 1763 3712 crebriores!
1793 3658 1941 3713 Nunc
1969 3676 2095 3717 vero

503 3755 655 3803 tanto
680 3746 921 3801 locorum
952 3747 1232 3801 intervallo
1256 3747 1508 3801 absumus
1534 3763 1565 3802 a
1592 3748 1836 3804 sensibus
1866 3752 2093 3817 nostris,

422 3820 425 3821 ν
502 3848 562 3893 ut
588 3836 656 3892 de
684 3836 787 3892 illis
819 3836 997 3891 verbis
1023 3837 1262 3906 Apostoli
1289 3837 1354 3891 ad
1385 3837 1617 3904 Galatas,
1641 3838 1893 3907 juvenem
1919 3858 2003 3897 me
2026 3843 2095 3898 ad

504 3937 650 3984 tuam
677 3928 1023 3985 Sauctitatem
1052 3928 1330 3998 scripsisse
1361 3932 1726 3995 meminerim,
1756 3942 1809 3986 et
1837 3949 1961 3990 ecce
1982 3937 2093 4005 jam

502 4035 691 4087 senex,
724 4019 950 4077 necdum
982 4020 1239 4091 rescripta
1269 4021 1581 4089 meruerim,
1613 4022 1923 4096 faciliusque
1950 4027 2015 4082 ad
2044 4037 2096 4084 te

500 4112 828 4182 exemplaria
852 4114 1091 4182 cpistola:
1121 4130 1252 4169 mea:
1275 4115 1631 4183 pervenerint,
1660 4118 1843 4171 nescio
1869 4132 1969 4186 qua
1998 4135 2095 4173 oc-

499 4205 717 4261 casione
746 4204 1133 4275 praeveniente,
1163 4219 1321 4273 quam
1349 4204 1461 4274 ipsa
1487 4204 1711 4273 epistola
1739 4222 1824 4262 me
1852 4218 2093 4264 curante.

502 4294 676 4351 Homo
706 4296 848 4348 cuitu
875 4295 965 4364 qui
995 4310 1110 4349 eam
1140 4303 1264 4349 tunc
1289 4305 1589 4364 acceperat,
1619 4312 1715 4352 nec
1741 4297 1809 4352 ad
1839 4309 1891 4354 te
1919 4310 2097 4369 pertu-

504 4385 659 4446 lerit,
691 4400 794 4440 nec
828 4384 895 4437 ad
939 4399 1026 4438 tne
1072 4384 1310 4439 retulerit
1337 4385 1379 4437 ³.
1413 4385 1595 4440 Tantm
1640 4398 1817 4443 autem
1866 4392 1994 4445 mibi
2042 4393 2096 4447 in

506 4475 697 4531 litteris
729 4474 853 4539 tuis,
880 4488 1000 4543 qua:
1025 4474 1075 4527 in
1109 4490 1297 4528 manus
1324 4485 1535 4529 nostras
1560 4478 1743 4532 venire
1773 4489 2094 4550 potuerttnt,

502 4576 764 4640 apparent
792 4580 912 4629 res,
943 4574 999 4620 ut
1027 4566 1158 4621 nihil
1187 4567 1482 4622 studiorum
1510 4584 1747 4624 meorum
1777 4573 2018 4639 mallem,
2050 4575 2096 4630 si

502 4673 747 4732 possem,
793 4673 949 4729 quam
997 4657 1259 4713 inluerere
1306 4659 1456 4715 lateri
1502 4670 1610 4716 tuo.
1643 4661 1793 4727 Quod
1831 4679 1931 4734 ego
1972 4667 2095 4733 quia

502 4765 610 4805 non
642 4764 854 4819 possum
875 4790 891 4815 ,
921 4748 1152 4820 aliquem
1186 4758 1486 4805 nostrorum
1520 4752 1570 4807 in
1600 4752 1827 4809 Domino
1868 4754 2092 4812 filiorum

501 4840 854 4898 erudiendum
899 4840 1053 4895 nobis
1094 4839 1160 4895 ad
1208 4848 1259 4895 te
1304 4842 1513 4897 mittere
1538 4843 1736 4915 cogito,
1767 4843 1812 4900 si
1842 4845 2000 4901 etiam
2029 4847 2097 4905 de

504 4933 609 4988 hac
636 4948 695 4988 re
725 4942 809 4987 tua
834 4934 1091 5004 rescripta
1120 4947 1388 4989 meruero.
1421 4932 1552 4989 Nam
1584 4951 1757 5006 neque
1783 4936 1835 4992 iu
1863 4953 1948 4992 me
1976 4949 2095 4994 tan-

503 5031 617 5078 tum
663 5025 899 5079 scicntia:
926 5022 1321 5095 Scripturarum
1356 5025 1654 5082 divinarum
1699 5037 1815 5092 est,
1844 5039 1935 5086 aut
1976 5046 2097 5089 esse

501 5115 610 5187 iam
644 5117 855 5185 poterit,
884 5126 1138 5187 quantum
1169 5118 1344 5174 inesse
1374 5119 1466 5175 tibi
1492 5120 1666 5177 video.
1708 5122 1775 5177 Et
1812 5123 1857 5177 si
1893 5125 2015 5194 quid
2043 5126 2096 5181 in

505 5205 609 5263 hac
635 5222 693 5262 re
721 5206 892 5261 habeo
934 5207 1236 5272 facultatis,
1276 5221 1563 5283 utcumque
1604 5213 1853 5284 impendo
1902 5219 2095 5287 populo

502 5295 621 5354 Dei.
665 5297 865 5353 Vacare
889 5307 1065 5352 autem
1108 5299 1296 5355 studiis
1338 5301 1641 5373 diligentius
1669 5321 1826 5376 quam
1853 5323 1969 5376 qua:
1997 5323 2099 5377 βο-

505 5389 616 5459 puli
642 5389 867 5445 audiunt
890 5388 1236 5455 instruendis,
1264 5403 1479 5464 propter
1515 5396 1905 5453 ecclesiasticas
1931 5414 2092 5454 occu-

506 5480 752 5552 pationes
771 5480 990 5537 omnino
1015 5496 1119 5535 non
1148 5497 1381 5551 possum.

572 5657 587 5720 ξ
615 5654 728 5704 Bad.
762 5663 875 5720 [λιιι.Δ
893 5663 945 5707 et
964 5661 1069 5718 Er.,
1094 5656 1320 5720 abjicere.

568 5717 592 5781 ξ
614 5723 681 5781 ita
694 5723 803 5766 Mss.
830 5715 1071 5781 plerique.
1102 5715 1159 5769 Αἱ
1176 5727 1305 5781 ων..
1330 5720 1456 5771 velut
1477 5720 1687 5772 humana
1710 5738 1831 5774 mea.

572 5777 594 5808 ⁸
616 5778 689 5827 Sic
710 5784 818 5826 ηδε.
832 5777 1012 5828 bovem
1037 5777 1304 5842 (perndie;
1336 5782 1533 5845 retulit}.

2880 271 2889 278 δ

2908 286 3105 311 ,νωυιν

2259 439 2487 497 CAPUT
2514 439 2739 498 [IL—6.
2764 438 3095 515 Neseioquas
3114 438 3310 516 scripta
3330 442 3594 504 maledica
3617 461 3767 519 super

2192 540 2283 585 tuo
2311 533 2524 587 nomine
2548 532 2616 587 ad
2648 533 2880 589 Africam
2906 545 3258 605 pervenerunt
3284 536 3325 590 ⁸.
3354 536 3671 609 Aeeepimus
3692 551 3771 596 ts.

2192 639 2314 678 men
2342 624 2483 695 quod
2510 624 2758 696 dignatus
2782 642 2842 682 es
2870 626 3101 691 mittere,
3130 627 3236 683 illis
3258 630 3591 698 respondens
3615 634 3768 689 male-

2190 715 2365 772 dictis.
2412 718 2529 785 Quo
2556 717 2818 788 pcrlecto,
2852 718 3043 786 fateor,
3070 719 3295 774 multum
3319 718 3463 775 dolui
3494 721 3639 777 inter
3671 732 3765 781 tam

2191 808 2383 865 charas
2410 809 2805 880 familiaresque
2829 825 3107 882 personas,
3133 812 3340 869 cunctis
3367 828 3502 883 pene
3522 812 3767 873 Ecclesiis

2192 900 2470 955 notissimo
2494 900 2740 956 amicitia:
2766 901 2979 958 vinculo
3013 902 3319 974 copulatas,
3346 912 3553 960 tantum
3584 906 3764 963 malum

2191 995 2429 1051 extitisse
2454 994 2755 1052 discordiae.
2784 994 2853 1051 Et
2878 1006 2931 1051 tu
2956 996 3170 1067 quidem
3198 1006 3451 1068 quantum
3477 999 3574 1055 tibi
3601 1001 3768 1057 madeo

2190 1087 2348 1152 reris,
2380 1098 2745 1159 quantumque
2772 1097 2955 1145 teneas
2980 1090 3195 1147 aculeos
3223 1090 3605 1163 indignationis
3642 1102 3765 1162 tute,

2192 1193 2259 1235 ne
2282 1179 2473 1235 reddas
2503 1180 2840 1236 maledictum
2872 1197 2967 1252 pro
2996 1182 3298 1247 maledicto,
3329 1184 3459 1238 satis
3483 1185 3539 1238 in
3567 1184 3669 1239 tuis
3697 1184 3767 1240 lit-

2192 1270 2321 1326 teris
2346 1271 2562 1327 eminet.
2598 1271 2975 1328 Vcrumtamen
3002 1274 3045 1327 si
3074 1287 3165 1328 eas
3190 1274 3331 1343 ipsas
3355 1289 3475 1329 cum
3503 1274 3766 1345 legissem,

2190 1363 2436 1417 contabui
2467 1362 2672 1428 dolore,
2702 1373 2755 1419 et
2775 1363 2981 1434 obrigui
3013 1364 3235 1428 timore;
3276 1364 3403 1437 quid
3445 1365 3515 1422 de
3559 1382 3648 1423 me
3689 1367 3767 1424 illa

2192 1455 2426 1510 facerent
2465 1471 2583 1526 qua:
2629 1457 2680 1510 in
2729 1467 2781 1511 te
2826 1457 2914 1511 ille
2957 1458 3198 1526 scripsit,
3233 1458 3278 1514 si
3322 1459 3375 1513 in
3418 1474 3613 1514 manus
3639 1476 3769 1518 meas

2194 1544 2329 1600 forte
2356 1545 2661 1601 venissent?
2698 1544 2784 1600 γω
2804 1547 2992 1601 mundo
3020 1546 3082 1601 ab
3108 1548 3361 1602 scandulis
3393 1548 3611 1619 (Matth.
3632 1566 3768 1617 XVIII,

2192 1636 2269 1706 7).
2301 1637 2439 1692 Ecce
2460 1635 2539 1699 fit,
2570 1651 2694 1692 ecce
2722 1653 2942 1707 prorsus
2971 1638 3223 1708 impletur
3248 1640 3389 1709 quod
3426 1640 3637 1695 Veritas
3660 1642 3728 1696 ait
3752 1660 3764 1696 :

2197 1727 2449 1793 Quoniam
2516 1728 2791 1782 abundabit
2855 1729 3093 1799 iniquitas
3123 1771 3139 1797 ,
3202 1731 3494 1803 refrigescet
3564 1732 3772 1788 Charitas

2194 1821 2468 1874 multorum
2512 1819 2623 1893 (Id.
2666 1837 2817 1885 ιιιν,
2862 1821 2975 1894 η).
3008 1822 3139 1889 Qua:
3186 1822 3286 1877 sibi
3329 1823 3474 1879 enim
3518 1822 3635 1893 jam
3680 1824 3772 1880 fids

2195 1919 2410 1980 pectora
2454 1918 2568 1966 tuto
2608 1911 2996 1967 refundantur?
3026 1912 3078 1966 in
3120 1912 3274 1982 cujus
3320 1913 3494 1968 sinum
3521 1916 3548 1947 ¹¹
3580 1923 3682 1969 tota
3719 1930 3773 1973 se

2195 2001 2440 2072 projiciat
2481 2016 2669 2057 secura
2718 2002 2964 2058 dilectio?
3009 2003 3129 2073 quis
3172 2004 3405 2075 denique
3441 2004 3651 2060 amicus
3677 2022 3769 2062 non

2197 2091 2512 2149 formidetur
2534 2095 2682 2164 quasi
2711 2093 2918 2149 futurus
2944 2093 3209 2161 inimicus,
3239 2095 3282 2150 si
3306 2095 3478 2166 potuit
3503 2095 3647 2151 inter
3666 2096 3772 2152 llic-

2197 2198 2478 2255 ronymum
2499 2193 2553 2239 et
2578 2185 2847 2241 lluflinum
2876 2184 2978 2241 hoc
2996 2186 3137 2256 quod
3167 2187 3466 2257 plangimus
3484 2186 3713 2244 exoriri?
3730 2187 3773 2244 0

2198 2277 2394 2331 misera
2436 2286 2493 2332 et
2530 2277 2827 2333 miseranda
2875 2278 3138 2333 conditio!
3166 2279 3211 2334 0
3235 2279 3394 2333 infida
3423 2279 3475 2333 in
3502 2279 3768 2335 voluntati-

2199 2366 2298 2422 bus
2317 2368 2609 2424 amicorum
2633 2370 2856 2425 scientia
2886 2370 3248 2439 praesentium,
3272 2370 3358 2425 ubi
3382 2370 3525 2425 nulla
3549 2380 3630 2426 est
3647 2388 3773 2442 pra:-

2199 2460 2419 2516 scientia
2451 2461 2782 2518 futurorum!
2813 2462 2919 2517 Sed
2948 2462 3073 2534 quid
3100 2461 3203 2519 hoc
3225 2463 3378 2519 alteri
3409 2464 3477 2519 de
3498 2463 3666 2520 altero
3689 2480 3774 2536 ge-

2200 2552 2451 2608 mendum
2502 2563 2680 2623 putem
2700 2595 2716 2619 ,
2748 2554 2962 2625 quando
2991 2570 3088 2609 nec
3116 2555 3228 2625 ipse
3252 2554 3466 2625 quidem
3496 2555 3601 2611 sibi
3632 2556 3776 2613 homo

2200 2654 2283 2701 est
2327 2654 2483 2702 notus
2525 2647 2576 2700 in
2620 2647 2933 2716 posterum?
2976 2647 3131 2703 Novit
3173 2648 3314 2703 enim
3360 2650 3777 2720 utcumque,vis

2200 2734 2359 2802 forte,
2390 2751 2530 2792 nunc
2571 2737 2743 2809 qualis
2783 2738 2885 2803 sit;
2915 2738 3087 2809 qualis
3129 2747 3306 2794 autem
3349 2750 3530 2810 postea
3583 2739 3777 2797 futurus

2201 2828 2270 2883 sit
2284 2870 2297 2891 ,
2326 2830 2550 2899 ignorat.

2273 2920 2323 2974 7.
2365 2920 2490 2975 Hauc
2520 2935 2680 2988 porro
2706 2936 2811 2975 non
2839 2929 3043 2976 tantum
3078 2922 3296 2977 scientia
3317 2966 3332 2989 ,
3363 2923 3538 2994 qualis
3568 2925 3778 2997 quisque

2200 3011 2289 3077 sit,
2316 3026 2498 3065 verum
2529 3010 2687 3065 etiam
2720 3012 3069 3080 prmscientia,
3095 3011 3265 3084 qualis
3296 3014 3505 3069 futurus
3523 3016 3614 3078 sit,
3646 3017 3687 3070 si
3710 3024 3781 3070 est

2201 3101 2253 3156 in
2280 3101 2477 3156 sanctis
2496 3117 2550 3156 et
2571 3101 2740 3157 beatis
2773 3103 3018 3173 Angelis;
3047 3112 3103 3158 et
3128 3104 3396 3173 quomodo
3427 3104 3585 3161 fuerit
3607 3106 3782 3163 diabo-

2202 3192 2284 3247 lus
2314 3192 2502 3247 beatus
2528 3193 2828 3263 aliquando,
2850 3209 2970 3248 cmn
2989 3194 3163 3249 adhuc
3186 3195 3409 3265 angelus
3433 3196 3606 3254 bonus
3622 3208 3777 3267 esset,

2201 3283 2378 3337 sciens
2402 3282 2629 3337 futuram
2653 3284 2980 3352 iniquitatem
3001 3300 3171 3350 suam,
3190 3296 3243 3341 et
3262 3288 3649 3357 sempiternum
3664 3305 3780 3361 sup-

2202 3376 2683 3445 plicium,omuino
2714 3393 2816 3431 non
2850 3376 3022 3431 video.
3056 3377 3129 3431 De
3151 3394 3250 3447 qua
3287 3396 3364 3445 re,
3391 3381 3435 3435 si
3467 3390 3648 3439 tamen
3675 3398 3778 3439 eam

2201 3483 2360 3523 nosse
2383 3483 2517 3537 opus
2533 3480 2635 3531 e5t,
2656 3469 2846 3522 vellem
2873 3468 2969 3522 abs
2995 3477 3047 3523 te
3072 3470 3256 3524 audire
3270 3471 3393 3541 quid
3424 3473 3643 3530 sentias.
3666 3474 3781 3531 Vide

2200 3558 2325 3629 quid
2354 3557 2547 3612 faciant
2570 3569 2725 3613 terra:
2742 3575 2806 3613 ac
2827 3562 2987 3614 maria
3011 3577 3128 3630 qurc
3167 3576 3263 3616 nos
3290 3566 3645 3634 corporaliter
3667 3567 3780 3623 diri-

2200 3658 2371 3703 munt.
2395 3649 2453 3704 Si
2477 3649 2590 3703 baec
2605 3651 2827 3720 epistola
2856 3668 2971 3706 mea
2993 3668 3149 3723 quam
3178 3654 3328 3725 legis,
3346 3671 3445 3728 ego
3473 3660 3778 3731 essem,jam

2200 3742 2328 3796 mihi
2344 3740 2550 3797 diceres
2561 3743 2701 3813 quod
2724 3745 2940 3814 qmesivi
2963 3762 2975 3797 :
2992 3761 3131 3802 nunc
3145 3763 3272 3804 vero
3286 3752 3496 3819 quando
3508 3750 3780 3808 rescribes?

2199 3837 2411 3907 quando
2433 3838 2643 3893 mittes?
2671 3840 2883 3908 quando
2920 3841 3225 3908 perveniet?
3257 3843 3468 3909 quando
3501 3842 3780 3916 accipiam?

2200 3929 2268 3985 Et
2281 3937 2458 3985 tamen
2476 3930 2674 3984 utinam
2689 3930 3003 4001 quandoque
3018 3932 3126 3999 fiat,
3143 3934 3281 4003 quod
3304 3943 3408 3990 tam
3429 3937 3537 3991 cito
3554 3939 3667 3994 fieri
3686 3954 3779 3994 non

2199 4036 2390 4095 posse,
2423 4040 2580 4092 quam
2624 4025 2906 4091 volumus,
2951 4038 3145 4097 quanta
3193 4044 3471 4098 possumus
3515 4032 3779 4088 tolerantia

2200 4115 2555 4170 sustinemus!
2590 4115 2740 4171 Unde
2777 4131 2997 4172 recurro
3025 4117 3089 4171 ad
3121 4117 3206 4172 illa
3236 4120 3395 4174 verba
3420 4121 3663 4193 epistola:
3689 4135 3778 4177 ture

2201 4205 2524 4269 dulcissima,
2543 4208 2817 4277 sanctique
2827 4206 3074 4262 desiderii
3093 4209 3165 4263 tui
3182 4210 3570 4280 plcnissima,et
3584 4230 3647 4271 ea
3661 4214 3779 4270 facio

2201 4298 2435 4355 vicissim
2495 4315 2608 4354 mea
2635 4316 2648 4352 :
2678 4298 2883 4355 Utinam
2920 4317 3223 4355 mererentur
3248 4304 3542 4375 complexus
3572 4317 3711 4368 tuos;
3739 4317 3778 4361 et

2202 4389 2473 4443 collatione
2502 4400 2676 4443 mutua
2701 4391 2779 4444 vel
2807 4390 3097 4446 doceremus
3126 4394 3325 4465 aliqua,
3355 4396 3433 4449 vel
3456 4396 3779 4453 disceremus!

2202 4478 2246 4532 si
2273 4487 2450 4534 tamen
2480 4494 2600 4534 esse
2629 4480 2737 4533 ullo
2759 4480 2917 4533 mmlo
2942 4491 3121 4551 posset
3140 4484 3279 4553 quod
3317 4502 3417 4557 ego
3449 4499 3499 4543 te
3521 4488 3775 4545 docerem.

2272 4568 2326 4624 8.
2368 4567 2424 4622 In
2451 4568 2532 4623 bis
2556 4578 2733 4625 autem
2771 4571 2951 4626 verbis
2990 4587 3095 4627 non
3137 4574 3246 4642 jam
3293 4577 3395 4630 tuis
3438 4578 3775 4643 tantum,srd

2202 4660 2360 4715 etiam
2397 4665 2559 4726 meis,
2591 4662 2680 4715 ubi
2711 4661 2948 4718 delector
2980 4672 3033 4718 et
3070 4665 3299 4732 I'Clit‘iﬂl‘,
3332 4678 3385 4721 et
3411 4669 3527 4738 ipso
3553 4670 3776 4740 quamvis

2202 4751 2465 4823 pendente
2485 4762 2539 4806 ct
2565 4769 2668 4807 non
2689 4755 2981 4825 attingente
3010 4755 3283 4828 utriusque
3311 4769 3551 4815 nostrum
3582 4761 3777 4817 deside-

2201 4842 2303 4905 rio,
2328 4858 2431 4898 non
2460 4856 2620 4913 parva
2645 4859 2708 4899 ex
2739 4855 2886 4915 parte
2906 4848 3191 4902 consolor:
3221 4850 3290 4904 ibi
3319 4864 3506 4905 rursus
3521 4851 3776 4907 acerrimis

2200 4932 2445 4989 dolorum
2477 4936 2706 4991 stimulis
2732 4935 2925 5001 fodior,
2951 4938 3077 4994 dum
3099 4945 3278 5012 cogito
3306 4945 3445 5001 inter
3463 4961 3577 5014 vos,
3599 4946 3775 5017 quibus

2200 5027 2342 5082 Deus
2384 5026 2485 5082 hoc
2525 5029 2695 5099 ipsqu
2727 5030 2866 5099 quod
2907 5040 3129 5103 uterque
3159 5046 3397 5092 nostrum
3424 5041 3645 5109 optavit,
3675 5039 3772 5094 larv

2200 5136 2322 5192 gum
2352 5121 2729 5192 prolixumque
2760 5135 3134 5187 concesserat.
3181 5138 3241 5183 ut
3281 5131 3688 5201 conjunctissimi
3722 5140 3775 5185 et

2201 5212 2597 5267 familiarissimi
2641 5214 2799 5269 mella
2825 5215 3219 5286 Scripturarum
3252 5233 3550 5280 sanctarum
3594 5224 3773 5295 pariter

2201 5302 2532 5369 lamberctis,
2558 5314 2719 5360 tanta:
2742 5308 3112 5365 amaritudinis
3149 5313 3426 5385 irrepsisse
3463 5317 3765 5387 perniciem,

2264 5484 2281 5515 ι
2303 5480 2719 5557 Edd.‘,p_ervenis§e
2735 5482 3026 5557 audivimus.
3043 5489 3317 5557 Sedvertus
3337 5500 3441 5545 Mss.
3466 5506 3653 5553 novem,
3672 5500 3768 5557 ρᾳτο
3840 5540 3847 5553 _

2199 5550 2643 5619 uerieruntgﬁempe
2666 5546 2981 5619 ttierotiymus
3002 5552 3050 5600 in
3070 5553 3215 5619 epist.
3231 5553 3295 5604 68
3308 5558 3619 5619 conqueritur
3636 5546 3768 5604 nisls-

2198 5607 2324 5657 dicta
2338 5605 2538 5680 ‘uuflini,
2581 5605 2743 5680 studio
2775 5605 2995 5680 ejusdem
3024 5612 3083 5662 ad
3106 5605 3307 5680 Itfrimm
3347 5605 3631 5680 peiveuisse
3660 5626 3769 5680 εμπ-θ-

2199 5668 2422 5747 spondet
2437 5671 2731 5747 augustinus
2767 5668 2958 5721 nescire
3007 5686 3063 5723 se
3100 5689 3212 5739 quae
3253 5678 3303 5727 in
3336 5668 3491 5747 ipsum
3535 5675 3768 5731 Media:

2201 5732 2363 5781 istlntc
2397 5732 2733 5792 pervenerint.

2265 5793 2285 5821 ³
2308 5797 2414 5839 Mss.
2436 5792 2711 5855 quindecim
2738 5806 2749 5841 ε
2772 5804 2949 5841 salsus.
