3962 6386
177 325 266 382 869
1285 300 1753 358 EPlS'l'OLAl‘iL‘M
1792 302 2064 364 CLASSIS
2103 307 2166 366 ll.

177 435 356 510 quando
380 448 506 493 non,
533 429 614 484 ubi
642 444 742 484 non
759 467 774 492 ,
803 425 886 482 cui
918 440 1020 479 non
1047 423 1244 480 homini
1273 421 1691 484 formidandam;

175 547 272 590 cum
307 545 366 582 co
393 537 646 593 tempore,
671 538 772 590 quo
808 519 1025 586 abiectis
1041 518 1148 585 jam
1179 517 1400 571 sarcinis
1429 515 1697 569 surculari-

175 619 396 687 bus,jam
422 613 639 683 expediti
682 612 955 664 Dominum
1001 607 1396 679 sequebamini,
1437 615 1492 660 et
1539 607 1588 658 in
1633 620 1694 659 ea

175 722 284 767 terra
311 707 546 760 vivebatis
568 703 752 766 simul,
783 702 833 755 in
862 717 961 771 qua
993 701 1246 754 Dominus
1273 699 1515 751 humanis
1544 697 1660 766 pedi
1679 726 1693 737 -

175 807 250 861 bus
270 801 541 860 ambulans.
569 796 753 850 Pacem
787 813 967 860 meam,
997 795 1165 865 inquit
1185 836 1196 855 ,
1222 794 1287 848 do
1313 795 1449 847 vobis
1471 835 1484 855 ,
1516 810 1692 862 pacem

173 913 300 951 meam
339 894 546 961 relinquo
583 889 716 944 vobis
743 887 920 956 (Joan.
953 904 1064 950 xlv,
1088 888 1202 958 9.7),
1233 887 1360 942 viris
1387 897 1540 942 :rtate
1577 903 1690 942 ma-

173 989 294 1049 turis,
333 995 378 1039 et
415 982 465 1036 in
505 980 708 1050 eloquio
740 978 942 1034 Domini
984 976 1342 1032 habitantibus
1371 978 1521 1032 vobis
1550 978 1690 1032 acci-

172 1078 272 1131 dere
305 1071 486 1143 potuit?
511 1069 642 1125 Vere
679 1069 882 1123 tentatio
917 1079 991 1122 est
1032 1069 1131 1122 rita
1166 1069 1389 1120 humana
1415 1085 1563 1137 super
1589 1080 1690 1122 ter-

173 1186 257 1221 ram
281 1164 384 1235 (Job
436 1178 524 1224 tm,
554 1163 622 1228 Ι).
657 1160 768 1216 Heu
798 1159 948 1224 mibi,
975 1159 1062 1229 qui
1089 1174 1182 1212 vos
1211 1160 1398 1212 alicubi
1431 1159 1586 1213 simul
1612 1159 1691 1214 in-

173 1258 321 1312 venire
359 1271 451 1307 non
497 1251 738 1319 possum!
785 1251 940 1314 forte,
985 1259 1040 1304 ιιι.
1079 1265 1314 1312 moveor,
1344 1260 1400 1303 ut
1425 1250 1602 1316 doleo,
1634 1259 1691 1304 ut

174 1349 323 1406 linteo,
348 1343 656 1414 providerem
682 1343 748 1395 ad
778 1342 937 1411 pedes
961 1351 1163 1396 vestros
1183 1381 1199 1404 ,
1229 1340 1407 1396 flerent
1435 1351 1686 1410 quantum

173 1443 392 1499 valerem,
425 1451 655 1506 rogarem
695 1445 948 1504 quantum
993 1450 1228 1489 amarem
1253 1476 1266 1496 ο
1313 1451 1451 1490 lllllIC
1496 1452 1687 1489 unum-

175 1547 396 1602 quemque
434 1539 652 1584 vestrum
697 1543 791 1597 pro
831 1529 1034 1597 seipso,
1079 1543 1221 1584 nunc
1265 1538 1546 1598 utrumque
1594 1545 1687 1595 pro

172 1622 402 1684 alterutro,
425 1628 471 1673 et
495 1635 588 1690 pro
615 1620 754 1684 aliis,
777 1629 828 1672 et
851 1618 1076 1673 maxime
1107 1618 1348 1683 infirmis,
1377 1635 1469 1686 pro
1498 1620 1686 1686 quibus

173 1710 370 1765 Christus
408 1719 636 1764 mortuus
673 1720 754 1764 est
804 1709 855 1779 (Ι
889 1709 1006 1763 (ἔον.
1033 1725 1156 1774 vnt,
1189 1709 1298 1777 ll),
1330 1710 1417 1779 qui
1446 1725 1539 1762 vos
1571 1719 1686 1764 tan-

175 1817 300 1871 quam
323 1802 363 1853 in
392 1802 584 1854 theatro
616 1801 735 1854 vitae
767 1799 922 1868 hujus
962 1815 1082 1854 cum
1124 1815 1312 1868 magno
1341 1800 1418 1853 sui
1453 1801 1686 1869 periculo

170 1899 380 1958 speetant,
408 1906 468 1943 ne
495 1890 559 1943 de
583 1889 731 1943 vobis
753 1904 811 1944 ea
843 1888 1225 1943 conscribendo
1261 1891 1536 1959 spargatis.
1567 1907 1684 1961 qute

167 1980 428 2050 quandoque
468 1979 850 2033 concordantes
899 1979 1080 2034 delere
1131 1994 1235 2032 non
1281 1981 1552 2048 poteritis,
1595 1982 1683 2051 qtti

167 2087 277 2127 nunc
298 2071 600 2126 mucordarc
641 2072 816 2125 nolitis
844 2073 896 2135 ¹;
925 2081 1014 2125 aut
1039 2087 1156 2142 qua:
1193 2072 1482 2128 eooeordcs
1511 2073 1683 2143 legere

169 2162 371 2225 timentis,
395 2178 457 2214 ne
484 2161 671 2215 iterum
705 2161 936 2231 litigetis.

219 2253 263 2306 9.
299 2252 469 2307 Verum
498 2253 619 2306 dico
646 2252 888 2306 charitati
915 2261 1038 2323 tua},
1063 2251 1190 2305 nihil
1220 2266 1306 2307 me
1333 2252 1499 2320 magis
1525 2266 1681 2321 quam

163 2342 244 2397 hoc
273 2343 542 2411 exemplum
569 2341 870 2405 tremuisse,
888 2356 1007 2395 cum
1033 2341 1271 2411 quzedam
1297 2342 1360 2395 ad
1386 2357 1467 2395 me
1498 2343 1546 2395 in
1573 2344 1684 2411 epi-

169 2434 279 2487 stola
306 2443 375 2485 tua
396 2433 616 2503 legerem
657 2441 760 2485 tum
800 2431 1171 2501 indignationis
1199 2431 1417 2495 indicia;
1445 2449 1547 2484 non
1578 2442 1681 2486 tam

164 2523 239 2576 illa
262 2523 316 2576 de
345 2523 524 2576 Entello
553 2531 607 2575 et
637 2521 772 2576 bove
798 2521 958 2586 lasso,
989 2522 1076 2574 ubi
1108 2520 1233 2573 Inibi
1257 2521 1428 2590 potius
1450 2521 1684 2576 hilariter

159 2615 295 2685 jocari
317 2631 448 2684 quant
472 2613 724 2668 iracunde
747 2612 934 2667 minari
956 2613 1102 2666 visus
1122 2626 1199 2676 es,
1218 2627 1372 2681 quam
1398 2611 1520 2665 illud
1542 2612 1680 2681 quod

160 2708 274 2762 serio
300 2717 342 2762 te
362 2706 625 2775 scripsisse
652 2705 781 2758 satis
809 2713 1024 2773 apparet
1043 2745 1055 2765 ,
1087 2701 1226 2756 unde
1256 2717 1414 2771 supra
1446 2702 1683 2756 elocutus

163 2810 286 2862 sunt,
313 2798 408 2864 plus
444 2797 670 2849 fortasse
714 2810 868 2863 quam
910 2793 1101 2857 debui,
1127 2791 1220 2847 sed
1252 2808 1356 2846 non
1385 2793 1496 2861 plus
1526 2808 1680 2862 quam

161 2886 300 2948 timui,
324 2887 396 2940 ubi
418 2888 534 2940 aisti
562 2905 572 2937 :
604 2884 683 2938 Ne
711 2886 838 2954 forte
863 2885 1012 2938 la'sus
1031 2885 1171 2954 juste
1199 2883 1557 2952 expostulares.
1580 2884 1684 2938 Ro-

156 2991 210 3046 go
232 2985 291 3036 te.
316 2978 353 3030 si
380 2977 483 3031 fieri
520 2984 714 3045 potest,
749 2984 803 3028 ut
829 2976 965 3028 inter
991 2990 1087 3028 nos
1116 2989 1414 3043 quieratnus
1439 2983 1491 3027 et
1515 2974 1682 3027 disse-

157 3081 303 3121 ramus
321 3067 500 3137 aliquid
528 3108 543 3131 ,
571 3082 676 3136 quo
702 3065 817 3119 sine
846 3064 1194 3120 amaritudine
1219 3064 1498 3117 discordia:
1523 3064 1682 3118 corda

155 3167 298 3210 nostra
327 3167 618 3226 pascantur,
658 3158 764 3209 liat.
795 3154 850 3208 Si
877 3166 1050 3208 autem
1096 3171 1200 3208 non
1249 3170 1465 3223 possum
1508 3155 1684 3208 dicere

154 3247 250 3315 quid
276 3247 386 3302 tnilti
416 3247 807 3302 emendandum
838 3247 1075 3300 videatur
1107 3247 1156 3300 in
1184 3247 1393 3314 scriptis
1427 3246 1557 3309 tuis,
1587 3261 1686 3300 nec

156 3346 199 3390 tu
234 3339 274 3391 in
312 3339 464 3402 meis,
500 3339 599 3392 nisi
630 3353 749 3390 cum
778 3338 1079 3406 suspicione
1102 3335 1330 3394 invidiar.
1355 3346 1443 3388 aut
1472 3335 1685 3389 ltesione

153 3429 370 3494 anticitite,
400 3430 738 3501 quiescamus
757 3431 823 3482 ab
852 3429 952 3493 Itis,
980 3439 1030 3483 et
1059 3439 1253 3482 nostra!
1275 3428 1393 3482 vitze
1423 3427 1686 3497 salutique

152 3535 404 3590 parcamus.
439 3522 612 3577 Minus
639 3533 781 3577 certe
808 3531 1118 3592 aSSequatur
1157 3523 1242 3575 illa
1283 3523 1302 3553 ³
1341 3537 1459 3590 qua:
1500 3521 1644 3575 inflat
1667 3563 1681 3586 ,

154 3612 250 3667 dum
273 3631 363 3670 non
387 3614 686 3670 offendatur
714 3615 796 3668 illa
835 3631 953 3684 qua:
989 3613 1212 3668 addicat
1241 3612 1279 3684 (l
1307 3613 1423 3667 Cor.
1447 3628 1536 3666 vm
1557 3655 1572 3677 ,
1604 3611 1682 3683 2).

156 3703 244 3772 Ego
266 3723 338 3762 tne
364 3707 518 3776 longe
547 3721 667 3762 esse
697 3707 868 3761 sentio
892 3705 959 3758 ab
987 3706 1069 3759 illa
1095 3705 1448 3776 perfectione,
1479 3705 1547 3759 de
1583 3722 1684 3775 qua

155 3796 364 3865 scriptum
391 3807 510 3852 est:
538 3797 601 3851 Si
628 3799 740 3869 quis
767 3799 816 3850 in
845 3799 987 3850 verba
1013 3815 1111 3850 non
1146 3795 1373 3863 o/Iendit,
1405 3799 1486 3850 llic
1517 3803 1682 3869 perfe-

154 3895 240 3940 ctus
261 3899 320 3940 est
345 3889 410 3942 uir
436 3888 641 3958 (Jacobi
669 3904 746 3950 tn,
774 3887 854 3956 ‘2).
881 3887 982 3942 Sed
1012 3889 1164 3956 plane
1193 3888 1241 3940 in
1277 3887 1365 3942 Dei
1394 3888 1683 3943 misericor-

154 3974 219 4029 dia
245 3988 352 4047 puto
374 3996 452 4034 me
486 3995 643 4048 posse
672 3979 821 4033 facile
841 3979 934 4031 abs
958 3987 1006 4032 te
1034 3987 1212 4047 petere
1239 3979 1466 4040 veniam,
1496 3978 1539 4031 si
1562 3978 1684 4047 quid

151 4067 308 4125 offendi
327 4089 338 4134 ;
360 4072 492 4141 quod
525 4072 653 4125 tnihi
684 4072 890 4138 aperire
912 4070 1197 4135 debes,.ut,
1223 4085 1340 4124 cum
1366 4080 1417 4124 te
1444 4069 1682 4136 audiero,

153 4156 336 4214 lncreris
392 4161 608 4215 fratrem
669 4171 814 4215 tuum
867 4159 1077 4229 (Matth.
1128 4175 1292 4223 xvttt,
1338 4160 1443 4219 15).
1503 4159 1685 4229 Neque

152 4247 421 4318 enim,quia
445 4250 548 4304 hoc
579 4259 794 4318 prepter
822 4249 1258 4318 longinquitatem
1292 4258 1546 4302 terrarqu
1580 4265 1685 4304 non

154 4346 277 4402 potes
311 4341 468 4395 facere
513 4341 651 4395 inter
689 4354 773 4394 me
810 4349 863 4394 ct
905 4349 982 4402 te,
1014 4349 1285 4409 propterea
1320 4338 1483 4393 debes
1511 4340 1686 4394 sinere

154 4442 305 4484 errare
323 4448 412 4488 tne.
443 4433 668 4488 Prorsus
694 4431 832 4501 quod
859 4431 924 4485 ad
961 4432 1100 4501 ipsas
1140 4446 1226 4485 res
1250 4445 1384 4501 quas
1411 4446 1567 4485 nosse
1590 4446 1684 4484 vo-

152 4519 326 4587 lumus,
351 4528 566 4592 attinet,
596 4525 639 4580 si
668 4525 793 4595 quid
833 4525 946 4580 veri
991 4541 1074 4579 me
1116 4534 1297 4578 tenere
1327 4525 1408 4578 vel
1449 4524 1578 4587 seio,
1604 4524 1684 4578 vel

150 4611 299 4677 credo,
329 4615 404 4670 vel
434 4624 579 4685 puto,
619 4616 671 4669 in
699 4631 801 4685 quo
833 4623 885 4667 tu
914 4613 1070 4668 aliter
1098 4615 1283 4678 sentis,
1314 4623 1566 4683 quantum
1596 4615 1686 4668 dat

152 4699 364 4758 Dominus
387 4708 500 4761 sine
527 4717 614 4761 tua
643 4705 832 4773 iniuria
863 4705 1096 4758 conabor
1115 4719 1382 4759 asserere.
1412 4705 1563 4772 Quod
1593 4721 1689 4758 au-

153 4801 234 4846 tem
262 4797 475 4864 pertinet
499 4797 564 4851 ad
594 4797 942 4852 oﬂ'ensiouem
983 4803 1122 4848 tuam
1147 4835 1161 4859 ,
1192 4809 1310 4848 cum
1354 4803 1404 4847 te
1444 4795 1684 4864 indigna-

153 4889 236 4935 tunt
261 4898 480 4949 sensero,
515 4885 648 4940 nihil
678 4885 820 4939 aliud
848 4898 1004 4954 quam
1033 4884 1236 4938 veniam
1265 4882 1612 4951 deprecabor.

207 4971 618 5031 10.Neeomnino
637 4976 864 5030 arbitror
885 4982 936 5029 te
957 4987 1276 5029 succensere
1299 4973 1552 5042 potuisse,
1586 4974 1684 5028 nisi

153 5072 223 5115 aut
246 5063 332 5120 hoc
354 5067 580 5122 dicerem
611 5065 750 5136 quod
779 5080 882 5120 non
905 5065 1087 5130 debui,
1115 5072 1207 5117 aut
1228 5080 1331 5118 non
1358 5065 1434 5118 sic
1454 5064 1684 5119 dicerem

154 5161 199 5204 ut
216 5151 384 5221 debui;
429 5159 548 5228 quia
581 5173 676 5212 nec
719 5157 882 5210 miror
926 5156 1100 5210 minus
1131 5170 1228 5211 nos
1257 5156 1394 5210 scire
1438 5156 1682 5221 invicem,

152 5257 278 5312 quam
299 5249 486 5304 scimur
515 5266 544 5303 a
576 5249 1025 5318 conjunctissimis
1051 5257 1103 5300 et
1131 5246 1556 5302 familiarissimis
1585 5265 1683 5302 no-

151 5336 267 5392 stris.
295 5339 346 5396 ln
385 5357 604 5412 quorum
650 5356 749 5412 ego
787 5340 1120 5404 charitatem,
1165 5339 1353 5402 fateor,
1396 5337 1551 5394 facile
1599 5354 1684 5393 me

200 5473 278 5538 {In
295 5476 461 5528 decem
481 5486 588 5538 Mss.
618 5479 688 5528 sic
709 5475 891 5529 lezitur
915 5491 928 5525 :
966 5484 1081 5538 oua;
1098 5472 1327 5538 quoniam
1348 5474 1686 5538 concordantes

154 5531 286 5586 delere
303 5549 393 5587 non
411 5537 638 5599 poteritis,
663 5539 954 5599 corwordare
974 5531 1150 5588 nolitis.
1177 5546 1226 5586 tu
1246 5551 1342 5599 uno
1361 5537 1681 5599 cisterciensi:

152 5596 526 5707 “nae-mdqu
569 5596 791 5663 quorum:
830 5599 991 5650 delere
1019 5611 1112 5648 non
1133 5597 1361 5662 poteritis,
1394 5596 1686 5646 concordare

203 5693 652 5779 r13..an
665 5721 906 5773 nedtmdat
917 5734 1010 5772 vox
1025 5718 1236 5780 arietata,
1255 5733 1363 5783 qua:
1378 5719 1515 5768 abest
1532 5731 1558 5768 a
1575 5726 1679 5768 Mss.

3275 323 3383 382 250

1805 428 1968 474 totum
2001 423 2237 491 projicio,
2269 426 2560 492 prmsertim
2583 429 2850 501 fatigatum
2877 433 3137 489 scandatis
3164 438 3344 494 smcnli
3360 455 3375 502 ;

1803 523 1856 568 et
1893 516 1942 567 in
1971 530 2030 568 ea
2056 518 2169 572 sine
2188 519 2288 572 ulla
2309 520 2661 576 Sollicitudine
2679 525 2982 592 requiesco:
3005 525 3167 580 Deum
3184 530 3377 602 quippe

1803 607 1909 663 illic
1935 623 2053 664 esse
2089 612 2280 671 sentio,
2325 612 2374 666 in
2402 629 2557 683 quem
2596 632 2679 670 mc
2718 633 2934 672 securus
2965 619 3203 688 projicio,
3231 631 3285 676 et
3324 623 3375 676 in

1799 719 1904 773 quo
1944 719 2162 760 securus
2203 708 2497 775 requiesco.
2548 708 2655 763 Nec
2701 709 2752 763 in
2800 710 2896 765 liae
2940 728 3054 764 mea
3099 715 3379 770 securitate

1799 796 2084 849 crastinum
2114 797 2237 850 illud
2267 798 2507 853 humanre
2539 799 2833 869 fragilitatis
2871 804 3151 868 incertum,
3181 805 3246 860 de
3272 822 3378 875 quo

1799 890 2040 958 superius
2066 891 2314 961 ingemui,
2346 893 2562 946 Omnino
2585 893 2828 948 formido.
2861 895 2994 949 Cum
3026 897 3165 950 enim
3203 899 3376 952 homi-

1797 993 1918 1032 nem
1932 979 2482 1036 christiauaeltaritate
2496 981 2824 1051 flagrantem,
2838 999 3004 1053 eaque
3018 986 3143 1038 mihi
3163 985 3372 1043 fidelem

1795 1070 2022 1124 amicum
2055 1070 2245 1124 factum
2276 1086 2392 1126 esse
2434 1072 2637 1135 sentio;
2669 1074 2919 1142 quidquid
2942 1065 2995 1128 'ei
3033 1075 3371 1131 consiliorum

1797 1175 2034 1214 meorum
2057 1162 2537 1232 cogitationumque
2560 1174 2854 1224 committo,
2875 1181 2976 1218 n0n
3007 1167 3200 1220 homini
3227 1183 3374 1220 com-

1795 1255 1965 1316 tuitto,
1985 1254 2076 1307 sed
2098 1255 2164 1306 illi
2185 1257 2234 1308 in
2261 1272 2364 1324 qtto
2386 1266 2583 1320 manet,
2601 1268 2649 1308 ut
2682 1258 2802 1310 talis
2831 1258 2920 1311 sit.
2946 1257 3078 1312 Dens
3092 1238 3233 1313 enim
3251 1262 3372 1314 r/ta-

1793 1343 1915 1395 ritas
1940 1354 2010 1395 est
2033 1360 2051 1406 ;
2072 1346 2215 1410 ctqui
2235 1357 2396 1398 ntanet
2418 1347 2467 1398 in
2489 1347 2748 1410 citat-itote,
2771 1348 2820 1399 in
2847 1346 2951 1399 Deo
2971 1360 3152 1408 manet,
3173 1360 3215 1401 et
3240 1350 3370 1404 lteris

1793 1433 1844 1485 in
1874 1433 2154 1503 eo(l.loan.
2179 1452 2250 1497 Iv,
2277 1438 2361 1505 l6)
2386 1455 2398 1490 :
2429 1453 2583 1507 quam
2608 1439 2650 1491 si
2670 1439 3196 1498 deseruerat.tantum
3217 1445 3370 1498 faciat

1793 1538 2007 1578 necesse
2036 1536 2115 1577 est
2143 1525 2403 1588 dolorem,
2447 1537 2698 1596 quantum
2742 1545 2960 1582 manens
2999 1531 3192 1585 fet-crat
3238 1551 3367 1601 gau-

1789 1613 1954 1666 dium.
1990 1614 2358 1669 V'ertnutanum
2385 1632 2448 1672 ex
2481 1620 2651 1670 amico
2684 1618 2871 1673 intimo
2902 1619 3068 1675 factus
3099 1624 3366 1690 inimicus,

1789 1713 1991 1772 quierat
2019 1705 2116 1758 sibi
2156 1707 2328 1773 potius
2363 1708 2499 1774 quod
2546 1708 2702 1775 lingat
2730 1717 2967 1774 astutus;
3007 1727 3109 1764 non
3142 1713 3367 1768 itm-.niat

1787 1797 1926 1866 quod
1960 1798 2146 1864 prodat
2167 1799 2329 1853 iratus
2384 1800 2492 1853 lloc
2521 1813 2695 1854 autem
2720 1803 3078 1872 unusquisque
3101 1804 3252 1858 facile
3279 1820 3366 1858 as-

1788 1887 2043 1957 sequitur,
2065 1904 2164 1940 non
2185 1889 2496 1942 occultando
2514 1891 2651 1959 quod
2679 1891 2874 1952 ft'cerit,
2896 1893 2987 1945 Sed
3009 1910 3110 1946 non
3131 1895 3368 1949 faciendo

1788 1977 1924 2046 quod
1967 1979 2217 2032 occultari
2259 1980 2400 2033 velit.
2453 1980 2602 2044 Quod
2654 1982 3011 2035 misericordia
3069 1985 3157 2037 Dei
3213 1986 3366 2040 bonis

1788 2068 1992 2137 piisque
2043 2069 2303 2132 concedit,
2350 2080 2403 2122 ut
2449 2070 2585 2124 inter
2625 2073 2825 2124 amicos
2874 2074 2889 2103 ¹
2921 2073 3182 2140 quoslibet
3224 2073 3364 2129 futu-

1787 2173 1894 2219 ros,
1939 2159 2086 2213 liberi
2127 2161 2404 2229 securique
2449 2170 2746 2222 versentur,
2779 2163 2948 2216 aliena
3001 2172 3213 2230 peccata
3261 2165 3363 2218 ini

1786 2252 2064 2303 commissa
2095 2267 2197 2305 non
2220 2252 2473 2320 prodant;
2505 2269 2622 2320 qttre
2654 2254 2800 2322 prodi
2831 2257 3066 2315 timeant.
3101 2257 3195 2324 ipsi
3223 2257 3363 2310 nulla

1787 2344 2136 2396 committant.
2168 2345 2298 2397 Cum
2326 2345 2466 2398 enim
2499 2346 2681 2399 falsum
2709 2347 2832 2416 quid
2860 2364 2888 2400 a
2919 2349 3173 2402 maledico
3213 2350 3364 2419 lingi-

1790 2442 1904 2492 tur;
1938 2445 2026 2486 aut
2055 2435 2270 2488 omnino
2298 2450 2399 2488 IIOtt
2427 2436 2690 2499 creditur;
2738 2447 2828 2491 aut
2870 2450 3014 2493 certe
3050 2440 3098 2493 in
3126 2455 3246 2508 egra
3276 2455 3364 2494 sa-

1787 2522 1915 2585 lute,
1947 2524 2059 2578 sola
2091 2522 2224 2576 fnum
2259 2535 2474 2578 vexatur
2527 2525 2658 2579 Cum
2691 2529 2710 2558 ’
2747 2536 2920 2582 autem
2961 2530 3153 2581 malum
3184 2545 3366 2597 perpe-

1787 2623 1974 2675 tratur,
2000 2615 2166 2668 hostis
2187 2625 2262 2669 est
2292 2617 2525 2675 intimus.
2546 2618 2750 2671 etiamsi
2778 2619 2968 2673 nullius
2996 2621 3161 2673 intimi
3180 2621 3367 2690 loqua-

1786 2704 1944 2756 citate
1967 2715 2059 2756 aut
2099 2705 2189 2758 lite
2229 2705 2490 2772 vulgetur.
2521 2705 2850 2774 Quapropter
2878 2708 2994 2775 quis
3031 2709 3363 2776 prudentium

1787 2807 1890 2845 non
1915 2793 2108 2856 videat,
2132 2793 2289 2846 etiam
2313 2802 2363 2845 tu
2385 2809 2453 2863 qu
2493 2810 2542 2848 ιιι
2567 2795 2908 2848 tolerabiliter
2933 2796 3068 2850 feras
3098 2799 3360 2852 amicissi-

1786 2884 1857 2937 mi
1883 2883 2058 2952 quond
2079 2901 2145 2936 uu
2177 2895 2227 2936 et
2251 2883 2640 2938 fmuiliaris~imi
2665 2885 3000 2940 incredibiles
3023 2904 3160 2942 nunc
3189 2889 3364 2943 inimi-

1786 2976 1954 3037 citias,
1984 2974 2292 3028 Consolante
2321 2977 2674 3035 conscientia;
2706 2985 2760 3029 et
2788 2978 3231 3046 quemadmodum
3263 2980 3348 3034 vel

1786 3067 1924 3134 quod
1953 3066 2177 3133 jactitat,
2202 3066 2283 3118 vel
2308 3065 2444 3134 quod
2469 3084 2496 3118 a
2523 3068 2835 3136 quibusdam
2866 3067 3084 3122 forsitan
3107 3072 3362 3136 creditur,

1789 3157 1840 3208 itt
1893 3155 2118 3208 sinistris
2156 3156 2321 3208 armis
2349 3156 2590 3223 depu‘es,
2623 3157 2812 3224 quibus
2855 3173 2958 3210 noti
3002 3158 3175 3211 minus
3204 3176 3362 3229 quatn

1786 3248 1985 3303 dextris
2001 3257 2180 3301 eontra
2209 3248 2471 3301 diabolum
2491 3248 2802 3301 dimicatur?
2823 3249 3192 3304 Verumtamen
3221 3252 3365 3306 illum

1787 3342 2062 3396 maluerim
2093 3341 2268 3409 aliquo
2298 3340 2454 3393 modo
2483 3341 2764 3400 mitiorem,
2795 3355 2950 3409 quam
2979 3351 3028 3396 te
3070 3343 3171 3396 isto
3211 3344 3366 3398 modo

1787 3434 2140 3486 armatiorcm.
2172 3432 2280 3484 lloc
2309 3447 2551 3499 magnum
2578 3439 2630 3484 et
2656 3431 2805 3484 triste
2833 3432 3142 3485 miraculum
3170 3443 3273 3496 est,
3292 3450 3358 3488 ex

1790 3523 2037 3577 amicitiis
2065 3522 2254 3574 talibus
2279 3521 2342 3573 ad
2375 3521 2468 3573 bas
2497 3519 2795 3574 inimicitias
2825 3523 3164 3589 pervenisse;
3191 3525 3364 3578 laetum

1788 3613 1908 3677 erit,
1937 3622 1989 3665 et
2012 3612 2176 3665 multo
2203 3612 2370 3680 majus
2395 3626 2457 3664 ex
2483 3611 2767 3664 inimicitiis
2786 3613 2982 3667 talibus
3005 3614 3068 3668 ad
3091 3616 3364 3684 pristinam

1788 3703 2125 3758 concordiam
2155 3702 2456 3757 revertisse.

2209 3791 2533 3847 EPISTULA
2581 3791 2790 3846 Lxxw
2819 3797 2836 3816 ο
2868 3792 2968 3864 (a).

1789 3903 2095 3975 Augustinus
2146 3903 2447 3957 Praesidium
2495 3914 2639 3974 rogat
2664 3914 2718 3957 ut
2759 3906 3066 3974 superiorem
3104 3909 3367 3977 epistolam

1859 4006 1995 4049 curet
2029 3994 2333 4064 Hieronymo
2362 3995 2697 4061 reddendam,
2723 4005 2871 4062 utque
2895 3997 2989 4048 sibi
3013 4000 3239 4051 eumdem
3263 4003 3366 4054 suis

1857 4087 2008 4139 etiam
2036 4086 2212 4138 litteris
2241 4087 2421 4154 placet.

1791 4174 2015 4228 Domino
2059 4175 2380 4236 beatissimo,
2421 4185 2474 4228 et
2515 4175 2706 4228 merito
2735 4175 3044 4228 venerando
3091 4177 3258 4241 fratri,
3311 4191 3363 4235 et

1858 4264 2222 4320 consacerdoti
2276 4265 2567 4328 Patesmto,
2615 4265 2983 4332 Accusrmus,
3041 4268 3092 4321 in
3143 4269 3363 4324 Domino

1856 4356 2102 4410 salutem.

1860 4470 1914 4522 ι.
1945 4468 2092 4523 Sicut
2121 4480 2354 4536 praesens
2382 4466 2556 4536 rogavi
2601 4465 2968 4523 Siz'ceritatem
3011 4477 3176 4536 tuam,
3222 4487 3363 4526 nunc

1788 4575 1996 4630 quoque
2021 4573 2354 4622 commoneo,
2395 4567 2450 4612 ut
2490 4558 2692 4612 litteras
2722 4573 2865 4612 meas
2892 4571 3076 4614 sancto
3119 4560 3266 4615 fratri
3309 4574 3361 4616 et

1787 4651 2216 4720 compresbytero
2243 4657 2424 4702 nostro
2461 4648 2780 4719 Hieronymo
2805 4651 3010 4704 mittere
3037 4666 3139 4704 non
3179 4669 3361 4719 prme-

1787 4743 1881 4798 ris.
1923 4740 1991 4795 Ut
2037 4750 2210 4792 autem
2257 4738 2462 4792 noverit
2503 4738 2746 4792 Charitas
2787 4749 2870 4792 tua
2914 4741 3208 4809 qttcmadmx
3233 4741 3357 4797 dum

1787 4834 1944 4888 etiam
1990 4841 2042 4885 tu
2085 4831 2155 4884 illi
2187 4846 2282 4898 pro
2324 4845 2437 4883 mea
2481 4845 2637 4884 causa
2691 4829 2925 4884 scribere
2975 4831 3191 4893 debeas,
3239 4835 3357 4888 misi

1788 4921 2104 4990 exemplaria
2124 4920 2435 4979 litterarum,
2456 4930 2509 4973 et
2537 4934 2772 4973 mearmn
2801 4917 2866 4972 ad
2888 4919 3080 4988 ipsum,
3113 4930 3164 4974 et
3184 4922 3247 4975 ad
3276 4939 3360 4978 me

1789 5013 1974 5082 ipsius,
2005 5012 2195 5080 quibus
2235 5011 2378 5064 lectis
2410 5026 2504 5080 pro
2535 5019 2617 5063 tua
2649 5019 2828 5064 sancta
2876 5012 3152 5077 prudentia
3204 5013 3358 5070 facile

1789 5104 1976 5158 videas
2006 5112 2054 5156 et
2085 5102 2296 5156 modum
2328 5118 2522 5165 meum,
2550 5118 2705 5172 quem
2734 5104 3050 5157 servandum
3081 5108 3276 5173 putavi,
3307 5118 3359 5161 et

1789 5203 1989 5249 motum
2021 5194 2156 5262 ejus,
2187 5209 2341 5263 quem
2370 5208 2472 5246 non
2503 5193 2690 5246 frustra
2719 5193 2888 5247 timui.
2908 5195 3010 5249 Aut
3037 5197 3080 5249 si
3106 5212 3202 5267 ego
3218 5198 3356 5265 quod

1851 5309 1867 5338 ί
1893 5307 2024 5365 add,
2041 5304 2270 5369 inimicos.
2286 5302 2784 5369 Praetulimus‘mnicos,
2799 5306 2925 5369 quod
2943 5307 3121 5357 habent
3141 5320 3229 5357 sex
3248 5314 3354 5358 Mss.

1852 5370 1872 5399 ³
1893 5364 2421 5431 blss.quatuordec_im_:
2453 5364 2584 5431 Quod
2628 5374 2786 5417 artem
2817 5364 3004 5431 'malum
3038 5375 3354 5431 perpetratur,

1787 5429 1934 5480 hostis
1957 5427 2056 5486 est;
2068 5437 2162 5478 etc.
2179 5442 2192 5488 ;
2216 5429 2360 5478 lectio
2381 5427 2742 5492 haudquaquam
2761 5427 3048 5490 spernendal

1856 5513 1872 5530 °
1901 5513 2155 5575 neeognita
2180 5510 2236 5575 ad
2269 5511 2332 5560 bl.
2364 5510 2446 5560 bn.
2472 5510 2530 5560 fs.
2551 5510 2588 5572 j.
2614 5524 2702 5559 mr.
2725 5524 2766 5558 r.
2793 5517 2828 5558 t.
2853 5523 2924 5558 vc.
2949 5509 3070 5558 duos
3085 5510 3159 5558 sb.
3183 5509 3354 5561 decem

1787 5588 1837 5623 ν.
1863 5573 1987 5623 etad
2007 5573 2105 5621 Ain.
2131 5573 2237 5620 uad.
2266 5579 2339 5622 Er.
2364 5579 2470 5621 ων.

1852 5655 1922 5717 (a)
1939 5653 2069 5728 .alias
2096 5653 2151 5704 l6
2176 5667 2314 5716 :quze
2338 5661 2497 5703 autem
2520 5653 2581 5703 74
2613 5658 2733 5709 erat,
2758 5663 2881 5700 nunc
2904 5649 3011 5699 256.
3035 5651 3212 5717 Scripta
3247 5667 3354 5705 cum

1789 5729 2059 5779 superiore.
