3962 6394
612 377 714 447 351

618 512 722 555 non
751 491 930 560 debui,
958 488 1045 551 vel
1068 482 1335 560 quomodo
1360 496 1466 547 non
1510 475 1673 541 debui
1691 516 1705 543 ,
1736 469 1935 543 aliquid
1968 466 2190 539 scripsi;

621 604 724 644 non
751 587 816 653 at]
846 586 992 649 illum
1021 582 1089 641 de
1114 596 1214 647 me,
1244 577 1336 641 sed
1359 576 1425 630 ad
1454 590 1539 633 nu:
1561 573 1729 642 ipsum
1756 567 1925 641 potius
1956 561 2191 623 fraterna

619 678 902 741 dilectione
928 676 1074 735 mitte
1108 683 1434 737 sermonem,
1475 680 1579 743 quo
1621 672 1895 723 curramus
1930 666 2106 728 petum
2136 657 2196 717 ut

624 773 877 842 ignoscat,
903 769 947 827 si
972 781 1148 829 meum
1174 764 1380 831 culpam
1410 758 1523 837 ipse
1541 766 1855 826 cognovero.-

1047 875 1372 935 EPISTULA
1418 868 1605 931 Lxxv
1628 872 1646 892 ·
1670 868 1770 939 (at.

626 992 911 1065 Respondet
931 989 1129 1044 tandem
1160 985 1495 1053 Hieronymus
1513 979 1581 1031 ad
1602 974 1863 1048 Augustini
1899 969 2197 1043 guardians

697 1060 974 1157 propositas
1013 1083 1064 1134 in
1107 1078 1269 1147 Epist.
1300 1076 1390 1139 ‘28,
1423 1074 1491 1127 ω
1528 1082 1572 1123 et
1608 1072 1638 1121 'i
1648 1072 1698 1131 1,
1727 1067 1913 1121 scilicet
1942 1064 2004 1117 de

695 1150 808 1230 libri
834 1170 1190 1227 ecclesiasticos
1216 1166 1483 1233 scriptores
1504 1158 1922 1229 repratsentantis,
1950 1154 2013 1207 de
2043 1150 2196 1205 Petro

694 1265 1040 1337 reprehensoa
1074 1258 1238 1314 Paulo
1257 1259 1310 1311 in
1340 1255 1504 1325 Epist.
1538 1253 1604 1307 ad
1639 1250 1867 1313 Galatas,
1898 1243 2199 1299 detranslar

695 1333 829 1412 tione
855 1354 1028 1408 veteris
1046 1348 1371 1412 Testamenti,
1408 1363 1468 1397 ac
1494 1345 1554 1397 de
1585 1342 1779 1396 hederae
1805 1338 2043 1392 uocabulo
2060 1333 2200 1403 apud

693 1447 882 1501 Ionam
920 1460 937 1498 :
971 1442 1240 1511 defendens
1269 1439 1447 1491 acriter
1488 1434 1782 1501 scriptiones
1818 1439 1865 1483 et
1904 1430 2197 1497 interpretat-

697 1539 854 1592 tiones
880 1550 999 1588 suas
1026 1532 1259 1585 adversus
1288 1528 1634 1597 Augustinum.

628 1649 852 1704 Domino
880 1661 1003 1699 vere
1036 1650 1220 1697 sancto
1257 1649 1309 1694 ct
1352 1636 1656 1692 beatissimo
1692 1645 1839 1701 papa:
1870 1630 2199 1691 Aucosnso,

930 1734 1291 1794 Hmanuwus,
1326 1730 1376 1783 in
1403 1726 1613 1782 Cztristo
1643 1724 1892 1778 salutem.

699 1849 922 1911 CAPUT
948 1844 1227 1907 PRIMUM.
1246 1873 1315 1891 -.-
1337 1842 1387 1896 1.
1414 1838 1534 1905 Tres
1560 1836 1712 1890 simul
1734 1834 1987 1913 epistolas.
2016 1832 2115 1883 imo
2136 1828 2205 1882 li-

628 1946 781 2001 bellos
798 1943 985 2005 breves,
1018 1956 1108 2011 per
1130 1938 1391 1999 diaconum
1412 1931 1741 2003 Cyprianum,
1769 1938 1868 1981 tua:
1891 1923 2205 1996 Dignationis

630 2036 823 2106 accepi,
840 2034 1087 2097 diversas,
1106 2038 1158 2081 ut
1175 2039 1227 2082 tu
1243 2026 1494 2089 nominas,
1513 2021 1828 2092 qua’stiones,
1849 2029 1899 2071 ut
1915 2034 2004 2087 ego
2023 2017 2201 2085 sentio,

628 2124 1030 2197 reprehensiones
1070 2118 1425 2190 opusculorum
1468 2130 1690 2173 meorum
1738 2112 2046 2173 continentes
2081 2124 2097 2162 :
2138 2107 2205 2173 ad

626 2235 751 2289 quas
773 2217 815 2271 si
838 2213 1135 2285 respondere
1158 2212 1378 2271 voluero,
1410 2206 1524 2260 libri
1564 2203 1908 2275 magnitudine
1935 2216 2060 2270 opus
2089 2200 2201 2263 erit.

630 2310 821 2365 Tamen
846 2306 1081 2368 conabor,
1130 2312 1369 2369 quantum
1413 2300 1577 2369 facere
1604 2311 1826 2369 possunt,
1874 2292 2075 2345 modum
2107 2306 2205 2343 non

633 2400 799 2472 egredi
824 2397 1066 2469 longioris
1088 2393 1332 2462 cpistola,
1361 2400 1405 2447 et
1431 2386 1688 2458 festinanti
1710 2385 1858 2456 fratri
1881 2399 2071 2435 moram
2107 2397 2204 2447 non

633 2492 816 2563 facere,
847 2490 932 2559 qui
957 2498 1072 2540 ante
1112 2486 1353 2549 triduum,
1384 2498 1529 2552 quam
1567 2482 1878 2551 profecturus
1916 2484 2039 2539 erat,
2072 2492 2102 2526 a
2131 2489 2208 2536 me

634 2582 868 2652 epistolas
890 2580 1167 2653 flagitavit;
1191 2586 1244 2633 ut
1273 2593 1396 2651 pene
1423 2576 1471 2626 in
1500 2574 1758 2649 procinctu
1782 2571 1887 2627 ha'c
1907 2569 2209 2633 qualiacum-

631 2691 726 2745 que
748 2683 885 2739 sunt,
912 2670 1107 2736 e/futire
1121 2668 1461 2738 compellerer,
1488 2674 1531 2725 et
1559 2662 1884 2724 tumultuario
1912 2660 2210 2727 respondere

633 2779 876 2831 sermone,
902 2778 999 2821 non
1030 2761 1317 2823 maturitate
1342 2756 1619 2821 scribentis,
1648 2754 1734 2817 sed
1758 2753 1987 2813 dictantis
2015 2750 2211 2815 temeri-

634 2866 783 2919 tate-:
810 2870 924 2926 qua:
955 2854 1243 2922 plerumque
1285 2865 1384 2911 non
1414 2848 1465 2911 in
1497 2847 1796 2911 doctrinam,
1843 2844 1932 2909 sed
1961 2844 2010 2897 in
2037 2858 2209 2908 casum

635 2948 875 3009 vertitur;
902 2953 954 3009 ut
980 2943 1276 3013 fortissimos
1299 2954 1492 3011 quoque
1534 2936 1715 2997 milites
1741 2934 1903 2995 subita
1934 2935 2059 2993 bella
2086 2950 2208 2995 con-

637 3039 861 3105 turbant,
907 3046 955 3091 et
982 3044 1101 3101 antu
1135 3041 1381 3103 coguntur
1423 3034 1615 3105 fugere,
1654 3044 1803 3099 quam
1846 3027 2035 3098 possint
2066 3041 2209 3091 grma

639 3132 912 3197 corripere.

706 3221 763 3281 2..
795 3218 1038 3272 Craterum
1057 3221 1229 3279 nostra
1250 3222 1510 3271 armatura
1531 3210 1759 3271 Christus
1801 3218 1891 3271 est,
1928 3217 1973 3267 et
1994 3209 2211 3277 apostoli

643 3310 797 3375 Pauli
843 3306 1105 3371 institutio,
1145 3304 1231 3369 qui
1268 3301 1436 3361 scribit
1465 3301 1532 3363 ad
1576 3299 1827 3371 Ephesios
1859 3315 1877 3352 :
1916 3317 1934 3355 ι
1965 3299 2214 3363 Assnatite

641 3420 782 3457 arma
814 3400 926 3459 Dei.
958 3408 1013 3457 ut
1052 3396 1255 3467 possitis
1282 3394 1508 3457 resistere
1541 3393 1593 3445 in
1634 3392 1715 3451 die
1755 3388 1905 3443 malo.
1944 3410 1964 3447 ι
2000 3390 2060 3455 Et
2099 3408 2214 3449 ηιν-

641 3511 748 3551 sum
773 3509 792 3547 :
830 3511 849 3544 ι
874 3490 1023 3549 State
1040 3485 1278 3553 succincti
1305 3484 1497 3537 lutnbos
1522 3492 1707 3537 vestras
1732 3481 1784 3537 in
1816 3480 2035 3551 veritate,
2062 3491 2108 3545 cf
2129 3481 2213 3547 ip-

642 3587 748 3657 duti
776 3586 981 3641 loricam
992 3579 1222 3652 justititc,
1248 3585 1295 3645 et
1323 3574 1527 3641 calceati
1550 3572 1697 3642 pedes
1722 3572 1771 3624 in
1798 3572 2216 3640 prarparationept

646 3673 905 3742 Evangelii
942 3671 1077 3740 pacis
1108 3685 1125 3721 :
1153 3684 1302 3735 super
1332 3664 1497 3718 omnia
1524 3663 1817 3733 accipientes
1848 3672 2045 3725 scutum
2074 3662 2214 3731 ﬁdei,

646 3770 697 3822 in
723 3783 817 3833 quo
844 3764 1039 3832 possitis
1070 3762 1293 3821 universa
1316 3757 1418 3823 tela
1445 3755 1648 3825 maligni
1671 3755 1825 3826 ignita
1863 3753 2173 3822 exstinguere
2198 3770 2217 3818 ,-

652 3870 690 3915 γι
713 3856 906 3926 galeam
928 3851 1103 3917 salutis
1128 3849 1353 3915 accipite,
1382 3855 1430 3900 et
1456 3844 1680 3916 gladium
1712 3843 1951 3913 Spiritus,
1984 3842 2117 3921 quod
2144 3850 2219 3902 est

652 3916 847 4005 verbum
873 3944 962 3997 Dei
988 3964 1007 3994 ι
1034 3940 1249 4014 {Ep/tes.
1276 3954 1344 3996 γι.
1377 3938 1443 4006 15
1474 3936 1581 4005 17).
1619 3934 1663 3987 Η
1672 3936 1711 3987 is
1734 3916 2113 4005 quondamtelis
2133 3950 2222 3987 rex

652 4040 815 4094 David
833 4046 1055 4090 armatus
1082 4030 1370 4103 procedebat
1397 4031 1462 4082 ad
1487 4028 1751 4096 prtulium;
1789 4036 1834 4079 et
1860 4026 2072 4097 quinque
2101 4026 2222 4094 lapi-

650 4133 737 4185 des
761 4131 821 4183 de
848 4135 1064 4181 torrente
1099 4123 1347 4195 accipiens
1394 4121 1651 4191 levigatos,
1683 4118 1808 4173 nihil
1846 4118 2125 4187 asperitatis
2177 4126 2224 4170 et

652 4224 872 4276 sordium
897 4220 1025 4270 inter
1054 4216 1202 4285 hujus
1230 4212 1400 4269 surculi
1427 4213 1711 4281 turbinesin
1741 4210 1963 4267 sensibus
1988 4212 2090 4263 suis
2119 4225 2224 4263 esse

656 4312 984 4369 monstrabat,
1014 4306 1177 4359 bibens
1203 4306 1265 4357 de
1293 4314 1507 4378 torrente
1532 4304 1582 4354 in
1611 4303 1720 4363 via;
1753 4312 1793 4353 tl
1816 4302 2002 4354 idcirco
2029 4302 2224 4354 exalta—

664 4415 743 4456 tus
774 4410 924 4470 caput
946 4397 1181 4467 superbis:
1196 4396 1348 4461 imum
1363 4394 1562 4447 (lo’iath
1580 4410 1669 4446 suo
1698 4393 2004 4461 potissimum
2025 4408 2223 4445 mucro-

658 4510 719 4547 ne
742 4474 1009 4548 truncavit;
1045 4486 1321 4556 percutiens
1365 4485 1416 4536 in
1455 4485 1619 4549 fronte
1656 4482 1999 4547 blasphemum
2024 4483 2061 4549 (Ι
2098 4483 2220 4550 Reg.

658 4599 788 4644 ml,
818 4580 1023 4649 40.51),
1056 4586 1102 4631 et
1122 4579 1171 4629 in
1199 4593 1255 4629 ea
1303 4585 1443 4645 parte
1465 4573 1689 4640 corporis
1718 4573 2000 4636 vulnerans,
2033 4574 2085 4627 in
2126 4592 2227 4645 qua

656 4684 700 4728 el
727 4678 1055 4742 prtesumptor
1078 4664 1341 4721 sacerdotii
1373 4663 1522 4718 Ozias
1545 4663 1683 4731 lepra
1711 4664 1986 4733 percutitur
2002 4665 2068 4739 _(ll
2099 4664 2223 4720 Par.

661 4781 798 4819 XXVI.
827 4764 942 4830 19);
973 4770 1017 4814 et
1046 4766 1249 4813 sanctus
1273 4753 1517 4826 gloriatur
1539 4755 1589 4807 in
1621 4753 1828 4807 Domino
1859 4754 2058 4808 dicens:
2087 4774 2106 4804 ι
2134 4755 2223 4811 Si-

659 4865 864 4927 gnatum
895 4862 961 4907 est
987 4866 1139 4920 super
1169 4864 1257 4901 nos
1280 4846 1443 4900 (lanea
1465 4846 1629 4899 vultus
1652 4846 1742 4911 tui,
1768 4847 1979 4900 Domine
2004 4867 2021 4898 ι
2049 4846 2221 4916 (Psal.

659 4963 728 5007 tv.
749 4949 819 5016 7).
845 4946 1080 4998 Dicamus
1100 4942 1253 5012 igitur
1269 4948 1315 4991 et
1331 4956 1437 5002 nos,
1461 4956 1479 4987 ι
1508 4936 1748 4989 Paratum
1762 4954 1847 4990 cor
1867 4955 2047 5000 meum,
2071 4937 2223 5005 Deus,

660 5050 891 5111 paratum
912 5054 996 5090 cor
1034 5050 1235 5097 meum;
1264 5031 1472 5086 cantabo
1496 5041 1541 5085 et
1567 5029 1779 5100 psallam
1816 5030 1868 5083 in
1906 5030 2067 5100 gloria
2096 5047 2225 5084 mea.

666 5131 891 5200 Exsurge
944 5128 1237 5196 psalterium
1289 5133 1335 5177 et
1377 5124 1614 5187 cithara;
1668 5139 1929 5192 exsurgam
1958 5121 2179 5177 diluculo
2205 5142 2223 5174 ι

666 5219 833 5293 (Psal.
865 5234 967 5277 LVI,
1002 5217 1055 5283 8,
1084 5216 1139 5284 9)
1170 5232 1181 5266 :
1215 5225 1266 5267 ut
1308 5215 1358 5268 in
1390 5214 1530 5268 nobis
1576 5214 1727 5281 possit
1776 5212 1988 5279 impleri,
2028 5231 2044 5261 ι
2076 5212 2230 5277 Aperi

663 5331 716 5367 os
745 5323 901 5375 tuum,
934 5319 979 5363 et
1001 5324 1088 5381 ego
1105 5306 1387 5374 adimplebo
1403 5304 1532 5358 illud
1558 5323 1576 5354 ι
1607 5301 1778 5370 (Ρεσιι.
1811 5317 1966 5364 Lxxx,
2005 5303 2126 5373 ll):
2162 5314 2226 5368 et,

667 5423 684 5454 ι
717 5403 959 5459 Dominus
977 5392 1114 5454 dabit
1132 5398 1334 5461 verbum
1356 5392 1803 5465 euangelizantibus
1830 5394 2005 5457 virtute
2024 5395 2180 5461 multa
2206 5413 2223 5446 ι

724 5564 739 5579 ‘
764 5565 964 5622 Purgata
1009 5554 1173 5605 multis
1206 5551 1395 5622 mendis
1436 5549 1494 5599 ad
1526 5547 1669 5622 ﬁdem
1690 5546 1760 5622 _bl.
1787 5547 2141 5622 gg.
2168 5545 2229 5595 l's.

660 5624 697 5686 ί.
722 5635 811 5671 mr.
838 5609 884 5671 r‘.’
901 5622 977 5670 sb.
1014 5626 1050 5669 ι.
1077 5625 1135 5668 ιι.
1160 5628 1234 5666 vc.
1258 5614 1433 5665 decem
1454 5627 1499 5663 ν.
1524 5618 1574 5660 et
1596 5609 1655 5661 ad
1679 5620 1777 5658 Am.
1804 5609 1907 5657 Bad.
2030 5616 2135 5671 ως.

664 5701 946 5814 ubi)"
968 5702 1020 5749 11
1043 5711 1184 5761 :qua:
1211 5704 1376 5747 autem
1399 5696 1462 5745 75
1485 5700 1607 5754 erat,
1632 5705 1757 5742 nunc
2104 5692 2236 5755 sim

1840 348 1898 417 s.
1938 342 2299 405 mansum
2336 339 2643 398 EPISCOPI
3704 356 3784 415 ,η

2301 459 2467 532 (pug.
2497 470 2658 525 ωιτη,
2690 455 2797 525 te).
2822 454 2899 512 Te
2926 471 3119 526 quoque
3142 455 3305 537 ipsum
3351 472 3487 513 orare
3520 477 3609 517 non
3639 463 3786 538 dubito,

2299 565 2353 609 ut
2396 554 2525 609 inter
2569 569 2656 605 nos
2695 550 3042 604 contendentes
3085 549 3262 603 veritas
3301 564 3505 619 superet.
3559 553 3659 611 Non
3693 566 3789 620 enim

2302 654 2435 699 tuam
2462 644 2641 715 quteris
2661 642 2895 725 gloriam,
2919 640 3006 693 sed
3032 636 3217 693 Chnin
3233 657 3251 703 ,'
3280 656 3482 710 cumque
3503 652 3550 695 tu
3583 648 3739 717 vicem,
3760 664 3791 708 α

2301 752 2390 815 ego
2421 736 2612 797 vincam
2636 734 2680 787 si
2708 750 2869 785 meum
2896 747 3111 784 errorem
3137 732 3417 785 intellexero
3436 749 3452 797 ;
3471 744 3513 786 et
3545 752 3568 787 e
3600 746 3792 798 contrario

2302 842 2380 878 me
2406 826 2627 878 vincente
2648 864 2661 885 ,
2686 833 2737 875 tu
2762 837 2987 894 superas,
3022 822 3137 889 quia
3182 837 3279 873 non
3322 821 3411 899 ﬁlii
3449 829 3714 897 parentibus,
3733 836 3794 887 sed

2304 927 2532 985 parentes
2563 915 2683 985 ﬁliis
2705 914 3042 983 thesaurisant
3072 912 3134 983 (ll
3160 909 3275 965 Cor.
3310 928 3399 966 xu.
3433 914 3533 983 Η).
3556 915 3612 968 ΕΙ
3643 920 3683 971 in
3718 921 3794 975 Pa-

2302 1009 2645 1077 ralipomenon
2667 1006 2790 1059 libro
2816 1005 3044 1075 legimus.
3073 1002 3205 1073 quod
3234 1004 3327 1070 filii
3356 1002 3508 1056 Israel
3532 1006 3597 1057 ad
3620 1024 3797 1077 pugna".

2303 1098 2423 1151 dum
2441 1098 2765 1167 processerint
2782 1114 2801 1147 ι
2824 1106 2983 1149 mente
2996 1094 3205 1164 paciﬁca
3227 1112 3245 1145 ι
3269 1093 3307 1165 (1
3330 1091 3498 1147 Paral.
3520 1111 3603 1152 xu.
3626 1097 3695 1159 i'l,
3717 1100 3796 1168 18),

2302 1190 2430 1245 inter
2455 1192 2590 1261 ipsos
2623 1205 2816 1260 quoque
2856 1186 3051 1259 gladios
3099 1196 3145 1239 et
3192 1185 3456 1254 effusiones
3491 1191 3731 1257 sanguinis,
3769 1203 3800 1245 et

2304 1284 2545 1337 cadavera
2572 1266 2957 1363 prostratm'um,
3007 1294 3107 1332 non
3150 1294 3297 1332 suam
3327 1276 3412 1330 sed
3439 1279 3568 1347 pacis
3605 1279 3802 1334 victoriam

2305 1377 2593 1445 cogitantes.
2637 1372 3044 1443 Respondeamus
3082 1369 3236 1439 igitur
3276 1370 3343 1420 ad
3381 1372 3557 1429 omnia,
3598 1385 3650 1421 ac
3679 1372 3803 1424 multi-

2306 1467 2458 1537 plices
2485 1466 2795 1534 qutl’stioues.
2835 1463 2878 1515 si
2925 1461 3153 1517 Christus
3198 1461 3424 1529 jusserit,
3476 1459 3596 1513 brevi
3635 1477 3805 1515 sermone

2307 1555 2575 1608 solvamus.
2605 1553 2941 1619 Prtetermitto
2961 1552 3277 1606 salutationis
3300 1551 3474 1621 oﬂcia,
3500 1550 3658 1619 quibus
3686 1569 3806 1605 meum

2310 1646 2558 1699 demulces
2593 1655 2783 1713 caput:
2826 1654 2961 1696 taceo
3002 1642 3064 1696 de
3106 1640 3380 1706 blanditiis,
3418 1640 3583 1710 quibus
3604 1643 3807 1708 reprehen-

2307 1737 2497 1791 sionem
2527 1737 2621 1789 mei
2660 1736 2832 1788 niteris
2858 1734 3105 1788 consolari
3131 1750 3148 1787 :
3174 1733 3242 1786 ad
3284 1734 3419 1804 ipsas
3453 1750 3618 1787 causas
3647 1734 3804 1787 veniant.

2378 1827 2604 1884 CAPUT
2631 1827 2693 1881 Il.
2716 1858 2786 1867 —
2807 1828 2859 1880 ’5.
2893 1826 3031 1879 Dicis
3072 1827 3326 1896 accepisse
3348 1836 3396 1879 te
3435 1824 3599 1879 librum
3632 1842 3760 1878 meum
3787 1842 3808 1877 ιι

2310 1921 2527 1990 quodam
2554 1919 2727 1989 fratre,
2751 1919 2836 1989 qui
2861 1918 3062 1971 titulum
3088 1934 3187 1970 non
3211 1915 3429 1981 haberet,
3456 1915 3503 1967 in
3524 1931 3611 1984 quo
3634 1914 3808 1982 Scripto-

2310 2029 2387 2066 res
2416 2011 2770 2064 ecclesiasticos
2809 2019 2910 2061 tam
2946 2024 3134 2080 grtccos
3171 2025 3323 2079 quant
3363 2007 3537 2059 latinos
3556 2020 3810 2058 enumerave-

2310 2104 2436 2161 rim;
2467 2117 2672 2169 cumque
2711 2101 2772 2152 ab
2802 2116 2858 2153 eo
2900 2115 3162 2169 qucereres,
3201 2106 3258 2150 ut
3287 2098 3385 2150 tuis
3428 2096 3573 2149 verbis
3607 2103 3713 2161 utar,
3746 2111 3810 2146 cur

2313 2192 2559 2245 liminaris
2586 2192 2770 2261 pagina
2795 2206 2893 2242 non
2923 2199 3045 2243 esset
3072 2189 3337 2257 inscripta.
3368 2187 3441 2240 vel
3480 2202 3570 2255 quo
3596 2194 3813 2239 censeretur

2317 2283 2535 2345 nomine,
2582 2281 2916 2357 respondisse,
2947 2279 3196 2348 appellari
3240 2278 3558 2349 Epitaphium
3590 2285 3665 2328 :et
3698 2290 3814 2343 argu-

2314 2374 2551 2428 mentaris
2593 2372 2727 2445 quod
2775 2381 2904 2425 recte
2956 2372 3025 2424 sic
3071 2380 3357 2435 vocaretur,
3405 2370 3447 2423 si
3489 2385 3632 2423 eorum
3668 2375 3815 2417 tantum

2314 2465 2390 2519 vel
2414 2469 2537 2519 vitas
2565 2464 2641 2517 vel
2664 2465 2850 2531 scripta
2880 2461 2944 2525 ibi
2973 2462 3190 2530 legisses.
3220 2463 3312 2531 qui
3324 2463 3432 2532 jam
3455 2459 3649 2528 defuncti
3670 2464 3815 2519 essunt;

2314 2573 2425 2610 cum
2449 2571 2561 2609 vero
2593 2556 2885 2616 multorum,
2914 2564 2959 2607 et
2995 2570 3051 2615 eo
3082 2563 3308 2621 tempore
3349 2570 3443 2621 quo
3480 2551 3596 2603 scrib
3621 2551 3751 2605 batur,
3787 2556 3816 2597 et

2315 2666 2447 2702 nunc
2473 2665 2624 2717 usque
2653 2648 2914 2699 virentium
2942 2656 3395 2698 commemorentur
3420 2644 3659 2710 opuscula,
3693 2637 3817 2691 mirari

2316 2750 2364 2793 te
2388 2758 2475 2792 cur
2496 2743 2540 2791 ei
2567 2739 2697 2791 hunc
2726 2738 2924 2789 titulum
2948 2736 3295 2804 imposuerint.
3326 2734 3454 2788 Puto
3482 2734 3719 2802 intelligere
3738 2745 3818 2793 pru-

2316 2831 2537 2884 dentiam
2566 2838 2719 2894 tuam,
2742 2827 2877 2897 quod
2897 2844 2956 2879 et
2976 2843 3121 2896 apere
3153 2826 3262 2895 ipso
3293 2826 3485 2891 titulum
3512 2823 3704 2893 potueris
3716 2818 3816 2871 intel-

2317 2921 2487 2989 ligare.
2514 2917 2700 2991 Lt’gisll
2718 2917 2844 2970 enim
2868 2926 2909 2968 et
2932 2932 3118 2985 gra'cos
3138 2926 3183 2968 et
3205 2916 3410 2973 latinos.
3430 2914 3513 2986 qui
3537 2916 3646 2965 ritas
3664 2911 3820 2961 virorum

2316 3010 2582 3063 illustrium
2633 3009 3023 3076 descripserunt,
3075 3007 3207 3076 quod
3256 3023 3516 3075 nunquam
3561 3001 3819 3070 Epitaphium

2318 3102 2432 3155 huic
2472 3102 2610 3177 operi
2663 3099 2971 3167 scripserint,
3019 3098 3107 3149 sed
3150 3096 3211 3152 de
3255 3098 3537 3151 illustribus
3578 3095 3696 3157 viris,
3732 3088 3823 3143 terti

2323 3193 2502 3262 gratia.
2560 3190 2789 3248 ducibus.
2843 3190 3220 3258 philosophicis,
3270 3190 3572 3247 oratoribus,
3619 3182 3819 3243 histories,

2319 3282 2493 3361 poetis.
2526 3282 2697 3355 epicis,
2728 3280 2949 3349 tragicis,
2981 3281 3202 3333 comicis.
3239 3278 3562 3351 Epitaphium
3589 3286 3726 3327 autent
3745 3284 3821 3337 pro

2320 3374 2427 3444 prie
2450 3373 2680 3435 scribitur
2707 3381 3057 3423 mortuorum:
3094 3368 3229 3441 quod
3276 3370 3475 3440 quidem
3511 3370 3558 3420 in
3594 3362 3825 3419 dormitione

2319 3474 2502 3523 sancttr
2535 3465 2785 3517 memorite
2832 3460 3101 3528 Nepotiani
3151 3450 3427 3531 presbyteri
3462 3459 3575 3512 aliut
3617 3454 3759 3525 fecisse
3778 3464 3827 3501 me

2320 3555 2451 3617 novi.
2488 3553 2619 3622 Ergo
2647 3552 2727 3604 hic
2769 3550 2890 3605 liber
2920 3549 2995 3603 vel
3022 3550 3085 3603 de
3119 3549 3402 3603 illustribus
3430 3550 3561 3613 viris,
3592 3546 3659 3598 vel
3685 3538 3827 3610 proprie

2324 3646 2385 3698 de
2412 3632 2734 3712 scriptoribus
2764 3641 3104 3696 ecclesiasticis
3133 3642 3471 3710 appellandus
3495 3650 3591 3702 est;
3611 3638 3738 3691 licem
3761 3632 3829 3699 plt-

2324 3739 2486 3806 risgne
2523 3734 2920 3799 emendatpribas
2966 3734 3229 3804 imperitis,
3260 3734 3327 3788 de
3361 3733 3650 3791 auctoribus,
3684 3728 3827 3781 ditat!"

2324 3828 2615 3891 inscriptas.

2394 3914 2615 3970 CAPUT
2648 3914 2734 3967 111.
2758 3944 2827 3954 ——
2852 3915 2902 3968 4.
2934 3913 3165 3968 Secundo
3197 3914 3309 3967 loco
3334 3914 3535 3980 quceris,
3564 3927 3645 3965 cur
3668 3901 3825 3960 dixerint

2326 4007 2377 4058 in
2412 4004 2780 4059 commentariis
2827 4003 3168 4073 Epistolaz'ad
3215 4003 3454 4067 Galatas,
3502 4002 3700 4057 Paulum
3731 3997 3773 4048 id
3802 3996 3833 4044 in

2330 4098 2480 4151 Petro
2505 4114 2602 4151 non
2635 4076 3234 4165 potuisslreprehendere
3266 4097 3405 4166 quod
3429 4096 3535 4166 ipse
3552 4098 3716 4166 fecerat
3737 4084 3832 4152 ((ἷιιί.

2330 4206 2386 4247 tl.
2420 4189 2523 4256 Il),
2553 4206 2639 4242 nec
2673 4189 2725 4241 in
2755 4187 2857 4239 alio
2886 4203 3095 4256 arguere
3129 4188 3498 4239 simulationem
3524 4187 3656 4257 cujus
3687 4183 3768 4249 ipse
3787 4188 3836 4228 te.

2329 4281 2537 4333 nebatur
2574 4293 2726 4341 rcus;
2765 4287 2811 4330 et
2859 4277 3067 4338 asseris,
3111 4277 3542 4345 reprehensionem
3583 4269 3837 4342 apostolicam

2330 4388 2429 4423 non
2460 4371 2614 4441 fuisse
2639 4369 3077 4437 dispensatoriam,
3110 4367 3196 4420 sed
3221 4384 3407 4431 rerum,
3438 4380 3481 4421 et
3506 4384 3579 4435 me
3603 4383 3689 4418 non
3712 4360 3837 4414 debere

2332 4460 2505 4512 docere
2549 4459 2884 4522 mendacium,
2916 4456 3003 4509 sed
3033 4458 3260 4509 universa
3293 4474 3407 4525 qum
3439 4459 3619 4525 scripta
3655 4464 3764 4515 sum,
3799 4449 3842 4499 i‘a

2331 4565 2510 4613 sonare
2539 4556 2593 4599 ut
2614 4552 2800 4612 scripta
2828 4555 2963 4600 sunt.
3008 4546 3087 4598 Ad
3106 4562 3217 4615 qua:
3243 4548 3461 4614 primum
3502 4544 3762 4616 respondeo.
3783 4536 3842 4589 ἀε-

2331 4638 2493 4693 buisse
2520 4637 2836 4705 prudentiam
2862 4646 2997 4689 tuam
3020 4637 3424 4706 prwfatiuuculte
3448 4633 3845 4691 commentariorum

2332 4748 2555 4784 ineorum
2580 4730 2878 4795 meminisse,
2926 4729 3134 4783 dicentis
3173 4746 3235 4783 ea;
3273 4748 3487 4800 persona
3516 4746 3619 4782 mea
3651 4743 3669 4781 :
3701 4743 3717 4776 ί
3752 4714 3847 4785 οιίίά

2333 4821 2522 4892 igitur?
2548 4837 2641 4891 ego
2663 4818 2845 4875 stultus
2882 4836 2939 4872 ac
2969 4822 3275 4882 temerarius.
3308 4824 3397 4905 qui
3423 4822 3476 4874 id
3508 4819 3727 4889 pollicear
3756 4805 3851 4880 quad

2330 4914 2418 4973 ille
2447 4930 2544 4966 non
2583 4913 2780 4985 potuit?
2806 4911 3047 4966 Minime:
3081 4914 3197 4983 quin
3226 4900 3394 4983 potius
3421 4914 3472 4966 in
3504 4930 3578 4973 eo,
3601 4920 3650 4964 ut
3676 4905 3777 4961 mihi
3799 4900 3848 4952 ri-

2335 5006 2473 5069 deor,
2502 5006 2693 5057 cautior
2717 5014 2865 5072 atque
2893 5005 3130 5067 timidior,
3162 5005 3299 5074 quod
3326 5005 3701 5059 imbecillitatem
3720 4997 3851 5052 virium

2335 5112 2558 5149 mearum
2598 5097 2833 5159 sentiens,
2868 5096 3099 5167 Origenis
3139 5099 3519 5151 connncntarios
3555 5104 3731 5151 secutus
3754 5100 3848 5142 sum.

2336 5189 2547 5257 Scripsit
2589 5190 2721 5251 enim
2768 5189 2851 5243 ille
2896 5190 2967 5242 vir
3008 5190 3060 5243 in
3091 5188 3376 5262 Epis'olam
3427 5189 3576 5243 Pauli
3605 5187 3669 5240 ad
3694 5180 3853 5237 Galalﬂt

2336 5280 2547 5365 quinque
2574 5280 2774 5349 proprie
2800 5281 3073 5343 volumina,
3108 5290 3152 5334 et
3174 5283 3420 5335 decimum
3452 5281 3739 5334 Stromatum
3763 5282 3851 5321 suo-

2337 5387 2450 5423 rum
2478 5370 2657 5422 librum
2688 5371 2983 5423 commatico
3010 5387 3159 5439 super
3181 5371 3538 5441 explanatione
3559 5368 3662 5436 ejus
3680 5369 3856 5415 sermone

2338 5460 2639 5532 complevit;
2665 5470 2906 5519 tractatus
2928 5478 3124 5531 quoque
3150 5464 3331 5525 varios.
3364 5471 3410 5517 ct
3424 5469 3673 5525 excerpts.
3695 5465 3789 5521 4W
3803 5461 3855 5497 νίι

2339 5552 2447 5605 sola
2475 5559 2673 5621 possent
2698 5552 2931 5621 sufficere,
2956 5555 3251 5625 composuit.
3281 5552 3610 5605 Pra'termitto
3637 5546 3857 5621 Didymi“

2340 5644 2581 5697 videntem
2629 5661 2788 5697 meum
2811 5684 2824 5707 ,
2867 5653 2912 5696 et
2951 5643 3287 5699 Laodicenum
3327 5646 3367 5708 ί,
3406 5646 3470 5699 de
3508 5641 3700 5698 ecclesia
3728 5643 3858 5700 MP”

2402 5754 2417 5785 ί
2444 5753 2577 5814 Edd.,
2600 5758 2646 5805 et
2666 5752 2988 5816 Apollinarem
3012 5754 3339 5807 Laodiccnum.
3367 5761 3467 5805 Huc
3485 5751 3608 5815 apud
3624 5757 3724 5801 uss.
3747 5743 3858 5795 etiam

3924 3756 3933 3909 ἓ

3928 3930 3933 4055 ἓ

3930 4060 3933 4115 ι

3930 4134 3933 4239 1
