3962 6386
198 556 434 618 egressum.
466 543 510 591 et
531 530 863 589 Aletandrum
884 538 1089 583 ueterem
1117 528 1422 585 hwreticum,
1452 524 1722 579 Eusebium

200 615 369 706 quoque
408 627 709 687 Emiseuum,
740 635 783 676 et
812 620 1128 678 Theodorum
1158 616 1521 676 Heracleotem,
1554 615 1636 683 qui
1676 623 1721 666 et

199 730 280 799 ipsi
303 723 554 781 nonnullos
580 734 723 789 super
742 719 835 771 bac
864 730 915 769 re
938 710 1369 768 commentariolos
1393 710 1718 778 reliquerunt.

200 823 240 879 Ε
256 819 412 888 quibus
431 816 505 870 vel
519 816 564 870 si
582 828 735 885 pauca
753 810 1085 875 decerpcrem,
1115 807 1252 873 fieret
1272 803 1460 869 aliquid
1470 801 1608 874 quod
1623 818 1722 855 non

201 917 364 987 penitus
385 916 786 967 contemneretur.
818 901 999 972 itaque
1023 909 1075 954 ut
1097 898 1389 967 simpliciter
1414 900 1593 966 fatear,
1625 894 1723 963 legi

199 1012 286 1064 hoc
305 1007 473 1067 omnia,
499 1012 545 1057 et
568 1002 615 1055 in
638 1007 799 1053 mente
822 1012 935 1050 meo
969 994 1190 1063 plurima
1218 1006 1537 1053 eoacervaus,
1564 988 1723 1042 accito

200 1102 380 1162 poterio,
416 1098 491 1152 vel
520 1110 643 1159 mea,
684 1090 767 1147 vel
802 1090 973 1145 aliena
1014 1087 1218 1151 dictavi,
1258 1101 1347 1139 nec
1390 1083 1602 1144 ordinis,
1628 1096 1722 1135 nec

201 1198 419 1254 pertuum
437 1186 702 1247 interdum,
730 1199 819 1238 nec
850 1196 1085 1236 sensuum
1115 1193 1323 1232 memor.
1353 1175 1471 1229 Jant
1521 1173 1723 1227 Dotttini

200 1281 509 1342 misericordia!
544 1288 631 1339 est,
678 1293 743 1330 ne
778 1291 865 1343 per
892 1271 1197 1340 imperitiam
1239 1278 1462 1322 nostram
1504 1268 1567 1320 ab
1609 1265 1724 1319 aliis

203 1379 304 1435 bene
324 1376 439 1431 dicte
460 1373 757 1440 dispereunt,
796 1378 845 1422 et
880 1382 979 1420 non
1019 1365 1247 1432 placeant
1275 1363 1405 1415 inter
1439 1371 1721 1424 extraneos,

206 1485 301 1541 qua
324 1468 486 1534 planetu
516 1463 643 1516 inter
678 1477 816 1515 suos.
848 1477 873 1510 ι
924 1457 984 1513 Si
1022 1455 1142 1525 quid
1168 1455 1321 1523 igitur
1346 1452 1727 1521 reprehensione

210 1563 382 1633 dignum
397 1569 642 1628 putaueras
665 1554 713 1607 in
733 1551 1085 1623 explanatione
1104 1558 1292 1612 nostra,
1309 1546 1607 1601 eruditionis
1629 1554 1728 1597 tute

208 1658 340 1726 fuerat
359 1665 560 1720 quaere
587 1656 753 1699 atrum
792 1662 850 1699 ea
884 1659 997 1712 quae
1036 1643 1323 1707 scripsimus
1353 1639 1651 1692 haberentur
1673 1636 1727 1688 in

182 1748 363 1819 ’σπι-ξι,
387 1755 451 1801 ut,
475 1742 518 1796 si
536 1741 609 1794 illi
637 1757 735 1793 non
760 1739 1024 1797 dixissent.
1057 1746 1174 1790 tunc
1195 1752 1351 1788 meam
1374 1734 1574 1803 proprie
1608 1747 1726 1784 sen-

208 1840 368 1893 tentiam
392 1836 738 1889 rondemnares
754 1850 769 1889 :
788 1833 1061 1900 prtesertim
1089 1846 1200 1882 cum
1231 1828 1381 1881 libere
1400 1828 1451 1879 in
1469 1824 1727 1895 praefatio-

202 1949 252 1987 ne
271 1936 493 2001 confessus
525 1931 637 1985 sint.
674 1928 906 1997 Origenis
931 1923 1310 1979 commentarios
1337 1938 1413 1974 me
1455 1937 1557 1972 esse
1581 1935 1723 1971 secn-

200 2033 299 2087 ttttn,
324 2035 362 2077 et
388 2025 453 2079 rel
473 2040 577 2076 mea
603 2023 679 2076 vel
696 2022 859 2072 aliena
875 2021 1104 2083 dictasse,
1128 2028 1170 2069 et
1196 2014 1248 2067 in
1277 2015 1378 2082 ﬁne
1403 2013 1621 2081 ejusdem
1637 2028 1726 2065 ca-

202 2121 320 2190 pituli
350 2116 473 2187 quod
498 2115 839 2183 reprehendis,
886 2110 1168 2178 scripserint
1197 2124 1217 2162 :
1248 2126 1267 2159 ι
1302 2108 1364 2163 Si
1405 2108 1486 2159 cui
1508 2107 1599 2159 iste
1627 2121 1726 2157 non

201 2211 334 2280 ptinet
358 2226 533 2270 sensus,
564 2223 663 2276 quo
692 2222 780 2259 nec
809 2203 986 2257 Petrus
1006 2216 1253 2272 peccasse,
1276 2214 1365 2252 nec
1389 2196 1583 2249 Paulus
1604 2210 1724 2263 pro-

200 2301 348 2355 caciter
387 2300 654 2353 ostenditur
695 2296 921 2365 arguisse
949 2294 1223 2364 majorem;
1266 2288 1403 2343 debet
1447 2304 1724 2356 exponere,

201 2411 277 2465 qua
300 2394 617 2461 consequentia
642 2389 831 2442 Paulus
857 2387 907 2439 itt
932 2386 1088 2439 altera
1108 2380 1437 2454 reprehendat
1457 2380 1594 2449 quod
1619 2379 1727 2447 ipse

203 2488 407 2541 corumisit.
429 2505 446 2537 ν
482 2483 571 2537 Ea:
595 2500 692 2553 quo
717 2479 929 2542 ostendi,
965 2493 1046 2531 me
1082 2492 1180 2529 non
1224 2491 1285 2527 ex
1310 2472 1515 2537 deﬁnito
1542 2470 1596 2522 id
1634 2470 1722 2523 de-

202 2578 376 2645 fendere,
400 2576 533 2645 quod
552 2577 601 2627 itt
625 2572 799 2643 φανείς
824 2572 1059 2642 legerant,
1084 2566 1173 2619 sed
1208 2581 1265 2617 ea
1294 2562 1591 2629 expressisse
1614 2575 1728 2631 qute

200 2670 388 2739 legeram,
413 2678 460 2720 ut
483 2667 689 2721 lectoris
726 2662 928 2717 arbitrio
959 2660 1367 2727 derelinquerent,
1402 2666 1567 2707 utrum
1607 2668 1726 2722 pro-

203 2760 332 2813 banda
356 2770 490 2815 essent
529 2775 590 2810 an
609 2754 963 2825 improbanda.

260 2852 302 2905 5.
338 2850 397 2902 Tu
420 2852 594 2921 igitur.
628 2867 690 2902 ne
732 2848 865 2919 quod
895 2861 982 2914 ego
1026 2842 1261 2912 petieram
1293 2844 1501 2911 faceres,
1545 2852 1725 2890 novum

196 2955 484 3014 argumentum
504 2942 765 3011 reperieti,
793 2953 847 2992 ut
872 2953 1133 3001 assercres,
1159 2933 1375 2988 Gentiles
1394 2932 1479 3002 qui
1502 2932 1555 2984 in
1580 2928 1727 2993 Chri-

194 3044 299 3090 stum
322 3036 654 3098 credidissent,
697 3030 843 3098 Legis
886 3046 1038 3084 onere
1066 3027 1285 3090 liberos;
1315 3042 1396 3078 eos
1432 3034 1597 3076 autem
1641 3023 1727 3090 qui

193 3128 426 3183 exiuda'is
460 3127 740 3181 crederent.
772 3124 892 3193 Legi
920 3138 1023 3175 esse
1059 3121 1345 3188 subjectos:
1375 3126 1426 3169 ut
1455 3131 1545 3191 per
1582 3125 1724 3167 utro-

192 3238 361 3291 rumque
384 3234 668 3289 personam,
699 3227 744 3270 et
771 3213 964 3268 Paulus
990 3222 1119 3265 recte
1145 3209 1518 3280 reprehenderet
1540 3222 1621 3258 eos
1642 3206 1727 3275 qui

194 3311 340 3381 Legem
364 3321 630 3376 servarent,
662 3307 808 3376 quasi
834 3306 1006 3359 doctor
1030 3303 1299 3363 Gentium;
1327 3309 1371 3351 et
1403 3296 1580 3351 Petrus
1609 3298 1729 3366 jure

191 3404 589 3472 reprehenderetur
610 3402 693 3471 qui
722 3400 950 3470 princeps
978 3387 1517 3459 circumcisionis(Gal.
1535 3403 1591 3452 ll,
1609 3387 1660 3456 8)
1677 3385 1728 3449 id

192 3495 405 3564 imperavit
434 3491 701 3555 Gentibus,
725 3488 856 3555 quod
881 3487 977 3559 soli
1009 3485 1092 3557 qui
1118 3500 1177 3537 ea:
1218 3480 1412 3535 .‘Iudwis
1441 3489 1602 3541 erant,
1636 3476 1725 3531 de-

193 3586 349 3639 buerint
390 3588 665 3641 observare.
711 3580 821 3636 Hoc
869 3581 910 3634 si
956 3579 1135 3648 placet,
1162 3576 1262 3628 imo
1302 3575 1417 3644 quia
1448 3572 1626 3642 placet.
1675 3579 1726 3624 ut

193 3678 439 3748 quicumque
458 3675 675 3730 credunt
695 3689 758 3726 ea:
783 3660 977 3724 .ludteis
1007 3669 1247 3721 debitores
1263 3665 1359 3718 sint
1389 3663 1509 3734 legis
1531 3662 1723 3733 facien-

196 3765 286 3828 do;
314 3776 356 3819 tu
382 3777 431 3819 ut
457 3767 728 3837 episcopus
756 3762 805 3814 in
829 3771 928 3814 toto
959 3757 1075 3811 orbe
1098 3755 1406 3819 notissimus,
1432 3752 1575 3805 debes
1598 3751 1726 3803 hanc

190 3856 465 3926 promulgare
496 3853 811 3911 sententiam,
844 3852 961 3903 etin
993 3863 1245 3903 assensum
1274 3854 1410 3896 tuum
1438 3860 1606 3896 omnes
1643 3857 1728 3893 co-

192 3951 407 4018 episcopos
426 3948 645 4001 trahere.
678 3942 783 4015 ligo
807 3944 857 3995 in
893 3957 1045 4015 parvo
1076 3937 1446 4010 tuguriunculo.
1478 3951 1586 3987 cum
1617 3949 1724 3985 mo-

191 4039 354 4097 nachis,
379 4040 524 4092 idest
550 4025 1005 4105 compeccatoribus
1034 4032 1173 4095 meis,
1204 4030 1263 4083 de
1294 4028 1487 4099 magnis
1514 4036 1731 4080 statuere

190 4143 272 4179 non
295 4130 456 4193 audeo,
482 4128 583 4180 nisi
604 4128 697 4179 hoc
720 4127 935 4195 ingenue
955 4121 1199 4191 confiteri,
1228 4136 1305 4172 me
1326 4121 1571 4187 majorum
1602 4115 1730 4172 scri-

194 4226 262 4285 pta
280 4218 439 4289 legere,
469 4229 520 4272 et
546 4218 598 4270 in
636 4213 1021 4273 commentariis,
1051 4210 1322 4266 secandum
1355 4209 1577 4262 omniunt
1606 4223 1730 4259 con-

194 4310 485 4373 suetudinem,
532 4308 698 4361 itar-las
744 4321 924 4376 ponere
962 4302 1362 4373 explanationes,
1406 4309 1459 4353 ut
1500 4316 1526 4352 e
1566 4296 1733 4355 multis

197 4410 392 4467 tutantur
411 4399 752 4469 unusquisque
774 4396 908 4467 quod
936 4396 1069 4449 velit.
1102 4393 1248 4459 Quod
1277 4391 1475 4462 quidem
1522 4397 1568 4443 te
1614 4398 1733 4463 puto

199 4491 303 4544 etin
322 4494 534 4548 scculari
559 4493 862 4561 litteratura,
902 4497 947 4542 et
973 4488 1021 4541 itt
1050 4488 1229 4542 divinis
1265 4484 1430 4538 Libris
1463 4484 1656 4555 legisse,
1689 4490 1735 4541 et

196 4584 411 4652 probasse.

254 4676 301 4731 6.
330 4676 469 4733 Hanc
499 4687 663 4732 autem
691 4674 1114 4747 explanationem,
1154 4689 1303 4745 quam
1345 4671 1533 4740 primus
1557 4669 1735 4741 Orige—

195 4782 267 4823 nes
286 4767 333 4823 in
356 4771 541 4825 decimo
563 4766 872 4829 Stromatunt
898 4766 1046 4836 libro,
1076 4764 1158 4821 ubi
1184 4762 1467 4833 Epistolant
1496 4761 1647 4815 Pauli
1671 4760 1738 4815 ad

199 4855 381 4916 Galatas
396 4863 771 4931 interpretatur,
793 4868 839 4913 et
860 4857 1028 4913 caueri
1050 4856 1095 4908 d.
1113 4858 1282 4924 inceps
1310 4855 1597 4924 interpretes
1624 4861 1739 4915 sunt

199 4951 347 5016 secuti,
376 4952 466 5007 illa
506 4952 582 5006 vel
626 4952 840 5005 maxime
864 4966 1017 5003 causa
1057 4946 1489 5010 subintrodncunt,
1522 4952 1573 4996 ut
1610 4940 1743 4995 Par-

199 5039 353 5113 ’ἃςήο
371 5044 699 5114 respondeant
722 5039 1105 5112 blaspltemattti,
1132 5038 1215 5104 qui
1237 5033 1392 5091 Pauli
1415 5036 1581 5106 arguit
1620 5050 1738 5104 pro-

203 5134 449 5202 “atatem,
480 5135 613 5208 quod
650 5135 929 5215 principem
968 5130 1318 5203 Apostolorum
1350 5128 1556 5184 Petrum
1592 5143 1743 5181 ausus

200 5234 260 5278 αι
284 5227 652 5303 reprehendere,
686 5237 731 5282 et
751 5242 960 5307 arguere
984 5225 1036 5278 in
1063 5226 1262 5296 faciem,
1306 5238 1366 5278 ac
1394 5222 1585 5275 ratione
1620 5236 1742 5283 con-

201 5312 438 5399 πώεα-ι,
469 5318 605 5389 quod
630 5318 761 5377 male
784 5316 981 5399 fecerit,
1012 5315 1065 5369 id
1091 5325 1181 5382 est,
1209 5314 1259 5366 in
1287 5330 1343 5367 eo
1372 5328 1539 5367 errore
1573 5310 1742 5383 fuerit,

198 5399 357 5474 inquo
395 5409 486 5479 fuit
512 5408 621 5478 ipse
660 5408 746 5485 qui
787 5407 942 5460 alium
980 5405 1145 5485 arguit
1188 5403 1570 5472 delinquentem.
1614 5401 1748 5472 Quid

202 5490 351 5550 Illam
374 5496 436 5553 de
451 5486 670 5563 Joanne,
701 5499 787 5575 qui
818 5497 1004 5553 dudum
1026 5486 1079 5563 in
1112 5495 1393 5577 pontificali
1414 5493 1583 5577 gradu
1613 5493 1744 5563 Cp}.-

198 5712 358 5829 m
374 5720 565 5787 mersit
882 5732 1080 5779 nomen,
1102 5717 1230 5829 ξιιοά
1250 5716 1545 5769 reticebat
1564 5717 1615 5767 in
1630 5728 1751 5795 asp,

340 5794 386 5829 0.
407 5790 456 5829 ut
473 5788 607 5829 ualet
622 5797 681 5829 ex
708 5790 851 5829 emst.
875 5780 954 5829 82.
980 5794 1084 5829 can.
1144 5817 1155 5829 .
1177 5780 1324 5829 Abest
1344 5791 1539 5829 annuus:
1558 5792 1585 5829 a
1609 5786 1750 5829 sane.

203 5732 358 5829 puga,
376 5732 565 5787 trs-emt}.
578 5732 866 5786 W13
882 5732 1080 5779 nomen,
1138 5732 1230 5771 uno
1250 5732 1545 5769 reuocantur
1564 5732 1615 5767 ta
1636 5732 1750 5779 ιψοε

340 5794 386 5841 ο,
407 5790 456 5832 ιιι
472 5782 851 5858 patetenepist.
875 5780 954 5847 82,
980 5794 1084 5857 cap.
1177 5780 1324 5839 Abest
1344 5791 1374 5847 (ι
1476 5792 1539 5843 ue
1556 5792 1585 5843 β

203 5788 490 5897 mea.
506 5844 732 5895 morte
750 5849 896 5893 note.
1378 5792 1483 5855 Μ

1312 403 1787 463 EPISTOLARUM
1821 403 2094 461 CLASSIS
2129 405 2195 462 ιι.

3298 419 3405 478 254

1826 524 2321 593 stantinopolitanam
2358 525 2484 578 rexit
2516 526 2794 583 Ecclesium
2821 530 2915 603 (a),
2945 542 2991 586 et
3020 536 3220 605 praprie
3255 555 3407 609 super

1826 613 1921 667 hoc
1947 616 2168 684 capitulo
2197 616 2492 670 latissimum
2534 622 2755 673 exaravit
2786 622 2984 689 librant,
3012 626 3063 678 in
3087 644 3185 696 quo
3219 628 3399 701 Orige-

1826 707 1905 759 nis
1931 716 1976 760 et
2006 716 2224 760 veterum
2254 710 2549 762 sententiam
2578 722 2649 763 est
2678 717 2906 768 secutus?
2942 715 3002 770 Si
3030 718 3182 789 igitur
3208 737 3286 775 me
3323 738 3404 777 re-

1828 800 2093 867 prehendis
2115 812 2383 863 errantem,
2413 812 2581 869 patere
2608 821 2705 869 me,
2736 823 2925 876 quarso,
2959 826 3126 863 errare
3145 829 3257 865 cum
3281 815 3402 868 tali-

1825 889 1953 954 bus;
1977 900 2025 944 et
2050 908 2163 944 cum
2210 908 2287 946 me
2319 895 2503 949 erroris
2530 896 2625 949 mei
2650 898 2832 952 multos
2870 902 3029 954 socios
3069 902 3247 958 habere
3293 924 3405 976 per-

1826 982 2067 1051 spexeris,
2101 994 2153 1035 tu
2182 985 2402 1039 ueritatis
2440 995 2540 1040 tua:
2578 988 2750 1041 saltem
2785 1006 2940 1045 unum
2979 994 3399 1061 adstipulatorem

1826 1078 2053 1143 proferre
2091 1075 2303 1129 debebis.
2350 1076 2474 1131 Haec
2514 1078 2577 1131 de
2615 1081 2965 1150 explanatione
3017 1088 3166 1141 unius
3194 1090 3404 1162 capituli

1828 1163 2074 1233 Epistolte
2090 1167 2158 1220 ad
2184 1166 2411 1222 Galatas.
3258 1164 3263 1169 ’

1898 1257 1951 1310 7.
1986 1258 2091 1311 Sed
2117 1274 2178 1310 ne
2200 1259 2367 1312 ridear
2390 1259 2627 1314 adversus
2649 1263 2891 1316 rationem
2914 1272 3049 1318 luant
3089 1268 3181 1320 niti
3209 1271 3403 1327 testium

1826 1362 2053 1410 numero,
2085 1357 2130 1402 et
2150 1351 2407 1404 occasione
2432 1352 2650 1405 uirorum
2675 1354 2944 1407 illustrium
2968 1358 3306 1431 subterfugere
3322 1380 3400 1417 ve-

1827 1443 2045 1502 ritatem,
2073 1457 2162 1494 nec
2196 1458 2402 1495 manum
2425 1443 2610 1496 audere
2632 1460 2907 1510 conserere,
2939 1448 3147 1503 breviter
3167 1452 3227 1504 de
3253 1452 3402 1507 Scri-

1830 1529 1991 1598 pturis
2034 1532 2261 1599 exempla
2315 1548 2612 1602 proponam.
2661 1532 2728 1588 in
2773 1537 2972 1591 Actibus
3007 1538 3400 1611 Apostolorum,

1828 1634 1927 1675 vos:
1945 1625 2080 1691 facta
2109 1633 2179 1675 est
2209 1622 2276 1674 ad
2307 1621 2512 1676 Petrum
2542 1624 2733 1691 dicens,
2765 1644 2783 1677 ι
2815 1626 3000 1699 Surge,
3027 1629 3195 1693 Petre,
3235 1637 3404 1690 occide

1828 1720 1876 1764 et
1905 1712 2152 1765 ntauduca
2186 1733 2231 1778 ι,
2259 1715 2310 1767 id
2336 1724 2427 1781 est,
2450 1717 2618 1769 omnia
2643 1718 2887 1772 animalia
2914 1723 3315 1792 quadrupedum,
3354 1738 3401 1780 et

1827 1804 2129 1871 serpentium
2156 1812 2320 1870 terrae,
2354 1815 2399 1857 et
2432 1806 2710 1861 volatilium
2736 1810 2866 1863 caeli.
2907 1812 3016 1875 Quo
3044 1814 3199 1878 dicto,
3236 1826 3401 1870 osten-

1830 1896 1964 1950 ditur
1983 1896 2177 1948 nullum
2199 1896 2448 1951 hominem
2468 1901 2740 1952 secundum
2760 1911 2991 1954 naturam
3013 1920 3117 1957 esse
3132 1908 3398 1975 pollutam,

1830 1989 1917 2040 sed
1952 1989 2209 2056 (equaliter
2237 2006 2405 2043 omnes
2443 1990 2510 2041 ad
2540 1989 2724 2043 Christi
2766 1991 3091 2063 Evangeliunt
3119 2002 3400 2066 provocari.

1832 2080 1909 2133 Ad
1936 2081 2070 2149 quod
2090 2082 2343 2148 respondit
2374 2080 2556 2135 Petrus
2579 2097 2597 2135 :
2618 2101 2634 2131 ι
2666 2083 2821 2148 Absit,
2848 2086 2963 2151 quia
2983 2104 3235 2153 nunquam
3264 2108 3404 2143 utan-

1830 2172 2007 2223 ducavi
2054 2187 2313 2224 commune
2353 2181 2398 2225 et
2442 2172 2776 2227 imntundtun.
2842 2175 2905 2228 Et
2948 2193 3044 2231 eos:
3081 2179 3147 2230 ad
3194 2197 3306 2233 eum
3342 2183 3405 2236 de

1830 2262 1952 2315 calo
1980 2262 2196 2315 secundo
2222 2264 2356 2333 facta
2377 2272 2464 2324 est,
2496 2264 2665 2318 dicens
2690 2280 2707 2317 :
2738 2265 2862 2330 Qua:
2888 2266 3023 2322 Dens
3050 2271 3323 2335 mandavit,
3351 2283 3401 2326 tu

1829 2368 1892 2405 ne
1918 2368 2178 2405 commune
2202 2352 2403 2407 dixeris.
2432 2373 2448 2404 ι
2489 2350 2586 2406 Ieit
2612 2355 2777 2427 itaque
2818 2354 3117 2425 Cu'saream,
3143 2372 3188 2413 et
3212 2361 3405 2433 ingres-

1828 2459 1916 2497 sus
1944 2444 2011 2495 ad
2039 2443 2344 2508 Cornelium,
2373 2463 2391 2495 ε
2416 2447 2643 2514 aperiens
2662 2464 2717 2500 os
2742 2465 2909 2513 suunt,
2934 2450 3057 2503 dixit
3078 2466 3095 2503 :
3121 2451 3181 2506 In
3203 2454 3406 2509 veritate

1832 2536 2070 2602 comperi,
2101 2536 2217 2604 quia
2246 2552 2345 2588 non
2371 2545 2441 2589 est
2469 2553 2793 2607 personarum
2814 2550 3040 2609 acceptor
3062 2541 3228 2607 Deus;
3252 2536 3338 2597 sed
3353 2548 3404 2599 in

1829 2624 1966 2676 omni
1992 2634 2154 2692 gente,
2199 2624 2285 2695 qui
2322 2625 2457 2676 timet
2486 2642 2599 2678 eum
2624 2637 2671 2679 et
2700 2640 2935 2698 operatur
2960 2632 3229 2700 justttiam,
3258 2650 3397 2689 acce-

1829 2726 1942 2786 ptus
1979 2728 2049 2769 est
2078 2718 2170 2769 illi.
2201 2734 2221 2766 ι
2260 2716 2481 2787 Denique
2512 2736 2531 2769 ι
2565 2718 2738 2771 cecidit
2780 2719 3000 2789 Spiritus
3029 2733 3229 2777 sanctus
3255 2742 3405 2795 super

1829 2824 1930 2869 eos.
1954 2818 1997 2861 ct
2019 2808 2372 2879 obstupuerunt
2398 2825 2459 2862 ex
2473 2809 2842 2865 circumcisione
2862 2812 3050 2881 ﬁdeles,
3066 2816 3149 2880 qui
3168 2826 3406 2871 uenerant

1828 2912 1942 2951 cum
1978 2898 2142 2963 Petro,
2177 2899 2312 2969 quod
2348 2910 2392 2951 et
2421 2901 2473 2952 in
2518 2898 2764 2955 Nationes
2796 2905 2957 2972 gratia
2997 2904 3219 2973 Spiritus
3242 2911 3404 2963 sancti

1831 2990 2005 3061 pum:
2031 2988 2210 3054 e/Tusa.
2240 2988 2381 3043 Tunc
2411 2991 2663 3058 respondit
2690 2990 2877 3047 Petrus
2900 3010 2914 3046 :
2939 2993 3203 3066 Numquid
3220 3015 3404 3069 aquam

1827 3083 1939 3151 quis
1960 3082 2217 3149 prohibere
2243 3093 2418 3153 potest,
2447 3094 2501 3137 ut
2529 3102 2627 3139 non
2646 3086 2954 3155 baptizentur
2974 3088 3026 3141 hi
3045 3089 3130 3157 qui
3153 3089 3403 3159 Spiritum

1830 3182 2053 3225 condunt
2078 3185 2371 3240 acceperunt
2399 3177 2527 3229 sicut
2553 3186 2597 3228 et
2626 3178 2752 3231 nos?
2774 3176 2836 3230 Et
2848 3179 3003 3248 jussit
3032 3196 3112 3234 eos
3131 3182 3180 3234 in
3207 3185 3405 3240 nomine

1827 3261 1952 3315 .iesu
1968 3262 2154 3317 Christi
2180 3264 2424 3332 baptizari
2452 3268 2587 3335 (Act.
2616 3282 2672 3327 χ.
2705 3266 2914 3339 15-48).
2945 3272 3217 3325 Audierant
3242 3286 3406 3330 autent

1830 3347 2057 3417 A‘postoli
2091 3356 2135 3400 et
2164 3352 2343 3418 fratres
2380 3350 2465 3419 qui
2502 3361 2641 3403 erant
2687 3351 2738 3404 in
2766 3351 2970 3419 .ludwa,
2998 3355 3114 3423 quia
3152 3367 3196 3408 et
3239 3368 3406 3428 gentes

1822 3447 2118 3509 receperunt
2150 3439 2347 3493 uerbum
2387 3440 2497 3494 Dei.
2527 3439 2655 3495 Cum
2682 3452 2847 3495 autent
2885 3446 3191 3499 ascendisset
3226 3447 3404 3505 Petrus

1826 3529 2217 3601 Jerosolymam,
2250 3531 2592 3599 disceptabant
2623 3534 2860 3587 adversus
2885 3536 3027 3589 illum
3050 3539 3134 3609 qui
3178 3551 3319 3593 erant
3345 3558 3406 3594 ex

1827 3622 2221 3687 circumcisione,
2251 3622 2465 3677 dicentes
2495 3638 2513 3676 :
2538 3622 2705 3688 Quare
2724 3625 2937 3680 introisti
2957 3628 3023 3679 ad
3045 3630 3172 3682 viros
3202 3646 3404 3699 prazpu-

1828 3715 1953 3769 tiunt
1982 3716 2232 3780 habentes,
2269 3725 2314 3767 et
2344 3717 2661 3770 manducasti
2690 3734 2800 3769 cum
2829 3718 2971 3773 illis?
3001 3737 3020 3770 ι
3059 3721 3245 3785 Quibus
3268 3724 3403 3776 omni

1828 3807 2025 3858 ratione
2047 3807 2290 3875 euposita,
2320 3807 2580 3860 nouissime
2600 3817 2871 3862 orationem
2898 3826 3041 3862 suam
3063 3812 3156 3863 hoc
3183 3830 3407 3867 sermone

1830 3899 2071 3952 conclusit
2098 3913 2115 3952 :
2145 3917 2163 3948 ι
2198 3897 2257 3952 Si
2286 3916 2402 3968 ergo
2432 3900 2652 3952 eamdem
2687 3902 2905 3972 gratiam
2943 3902 3077 3955 dedit
3103 3904 3206 3957 illis
3248 3904 3417 3969 Deus,

1831 3990 2023 4044 sicutet
2046 3990 2290 4060 nobisqui
2329 3992 2631 4044 credidimus
2668 3992 2719 4043 in
2752 3992 3019 4045 Dominum
3056 3993 3230 4046 Jesnm
3258 3996 3403 4048 Chri-

1832 4090 1997 4145 stum;
2024 4098 2111 4148 ego
2138 4080 2248 4145 quis
2274 4098 2430 4146 erant,
2460 4081 2545 4151 qui
2571 4096 2764 4149 possent
2795 4081 3052 4148 prohibere
3078 4082 3276 4135 Deum?
3310 4084 3405 4138 llis

1835 4175 2041 4237 auditis,
2092 4184 2386 4238 tacuerunt;
2426 4184 2471 4226 et
2505 4174 2905 4242 gloriﬁcauerunt
2953 4172 3110 4226 Deum
3150 4175 3362 4239 dicetnes
3387 4193 3406 4231 :

1836 4265 1974 4337 Ergo
1992 4275 2036 4319 et
2056 4263 2293 4318 Gentibus
2314 4264 2450 4317 Deus
2467 4264 2804 4335 pazuiteutiant
2817 4264 2885 4316 ad
2902 4265 3050 4317 vitam
3061 4265 3193 4317 dedit
3218 4265 3294 4336 »(1
3301 4268 3401 4320 bid.

1834 4372 1914 4424 xl,
1943 4358 2116 4429 1-18).
2153 4356 2391 4421 Rursum,
2427 4374 2541 4410 cum
2571 4357 2727 4408 multo
2762 4366 2871 4427 post
2894 4367 3111 4426 tempore
3143 4356 3336 4413 Paulus
3360 4370 3408 4414 et

1836 4448 2096 4503 Barnabas
2116 4449 2355 4503 venissent
2384 4448 2720 4511 Antiochiam,
2744 4458 2810 4515 et,
2833 4459 3131 4519 congregata
3161 4449 3405 4517 Ecclesia,

1836 4543 2115 4596 retulissent
2151 4560 2169 4593 ι
2198 4551 2382 4609 quanta
2405 4542 2598 4613 fecisset
2630 4539 2762 4593 Deus
2792 4557 2903 4593 cum
2936 4542 3057 4605 illis,
3081 4552 3128 4597 et
3149 4545 3263 4608 quia
3285 4562 3405 4613 ape-

1836 4635 2016 4688 ruisset
2046 4632 2179 4686 Deus
2201 4630 2439 4686 Gentibus
2474 4636 2652 4683 ostium
2680 4631 2802 4700 ﬁdei
2826 4631 2992 4711 (ibid;
3015 4649 3121 4697 xw,
3144 4634 3267 4700 26);
3296 4636 3407 4701 qui-

1839 4723 1975 4784 dam,
2005 4722 2351 4775 descendentes
2378 4721 2439 4773 de
2462 4720 2665 4801 .ludwa,
2695 4722 2934 4775 docebant
2958 4726 3136 4792 fratres
3161 4735 3307 4794 atque
3327 4727 3410 4778 di-

1840 4814 2011 4883 cebant
2032 4829 2051 4867 :
2082 4812 2197 4865 Nisi
2237 4812 2661 4865 circumcidamini
2688 4813 2961 4865 secundant
2991 4829 3177 4865 morem
3224 4813 3409 4885 Moysi,

1842 4922 1941 4959 non
1982 4903 2181 4975 potestis
2222 4902 2348 4957 salvi
2378 4903 2506 4969 fieri.
2557 4901 2811 4955 Comntota
2850 4902 3005 4969 igitur
3041 4904 3282 4957 seditione
3311 4923 3409 4959 non

1844 4998 2049 5050 minima
2072 4996 2308 5048 adversus
2332 4993 2551 5046 Paulum
2572 5003 2615 5046 et
2634 4994 2934 5053 Barnabam,
2951 5002 3224 5048 statuerunt
3244 5011 3417 5049 ascen-

1846 5088 1961 5141 dere
1992 5106 2009 5137 »
2032 5096 2077 5139 et
2097 5087 2194 5156 ipsi
2209 5086 2291 5155 qui
2307 5085 2691 5148 accusabantur,
2713 5096 2757 5137 et
2782 5083 2832 5136 hi
2854 5084 2938 5156 qui
2960 5085 3278 5172 tvcusabant,
3303 5104 3320 5134 ι
3350 5084 3417 5137 ad

1846 5184 2113 5255 Apostolos
2154 5194 2197 5236 et
2227 5183 2535 5254 presbyteros
2576 5178 2942 5248 Jerosolymam
2971 5197 3119 5248 super
3148 5183 3240 5232 hac
3277 5194 3416 5249 qua:—

1848 5278 2023 5331 stioue.
2041 5274 2259 5346 Cumque
2276 5272 2644 5339 Jerosolymam
2663 5270 3011 5339 pert-exissent,
3034 5278 3416 5321 exsurrereruut

1848 5368 2053 5439 quidam
2094 5368 2155 5420 de
2198 5364 2375 5419 haeresi
2418 5362 2814 5423 Pharisteorum,
2867 5363 2954 5428 qui
3006 5361 3319 5413 crediderant
3366 5360 3420 5413 in

1849 5458 2121 5521 Christum,
2152 5457 2365 5508 dicentes
2386 5470 2404 5507 :
2426 5454 2632 5521 Oportet
2658 5451 2947 5505 circumcidi
2962 5442 3059 5511 eos,
3086 5459 3130 5501 et
3153 5448 3420 5518 prtL‘t'ipet‘e

1851 5551 1954 5606 iiiis
1982 5559 2036 5603 ut
2062 5559 2252 5602 servent
2277 5544 2455 5618 Legem
2484 5544 2667 5617 Moysi.
2700 5543 2765 5596 Et
2796 5559 2906 5594 cum
2944 5557 3124 5610 magna
3155 5557 3302 5610 super
3331 5542 3423 5595 hoc

1853 5644 1995 5697 verbo
2023 5641 2235 5695 oriretur
2256 5639 2480 5709 quazstio,
2498 5634 2679 5688 Petrus
2708 5653 2726 5684 ι
2752 5633 2897 5684 solita
2916 5631 3173 5684 libertate:
3199 5650 3218 5682 ι
3248 5629 3372 5698 i'iri,
3400 5648 3418 5683 ι

1919 5797 1991 5857 (a)
2028 5802 2246 5857 Joannes
2276 5791 2629 5857 Chrysostoatnus
2661 5783 2920 5857 depositus
2965 5784 3167 5857 primum
3211 5796 3289 5853 ῃ
3330 5782 3427 5841 δοξ

1856 5846 1986 5907 circi
2002 5867 2156 5905 mens.
2178 5852 2267 5916 jul.
2302 5846 2400 5899 imit
2423 5862 2500 5897 an.
2526 5846 2634 5905 404,
2659 5847 2761 5908 ἡδο
2780 5846 2861 5895 die
2884 5846 3041 5910 magni
3070 5846 3272 5895 sabbati.
