3962 6394
591 384 698 445 255

592 500 769 572 inquit,
805 518 824 555 ο
845 504 1045 573 fratres,
1072 519 1156 559 vos
1180 506 1314 560 scitis
1342 524 1576 576 quoniam
1600 508 1661 560 ab
1687 510 1902 581 antiquis
1927 512 2098 568 diebus
2116 514 2169 568 in

592 593 734 647 nobis
776 595 920 667 elegit
956 594 1092 650 Deus
1121 614 1210 667 per
1247 615 1304 653 os
1330 616 1491 653 meum
1535 601 1712 656 audire
1748 602 1930 658 Gentes
1969 604 2170 659 verbum

598 682 863 755 Evangelii
900 697 946 740 et
971 689 1207 751 credere;
1230 700 1278 743 et
1306 692 1391 757 qui
1420 693 1554 744 novit
1578 694 1732 747 corda
1765 693 1917 760 Deus,
1947 698 2168 752 testimo-

596 776 733 829 nium
762 776 1026 846 perhibuit,
1073 779 1201 832 dans
1240 779 1343 833 illis
1385 780 1634 849 Spiritum
1676 796 1922 849 sanctum,
1967 789 2095 842 sicut
2124 796 2171 841 et

592 867 753 929 nobis,
785 878 832 920 et
860 868 985 921 nih’il
1014 869 1240 923 discrevit
1269 870 1397 923 inter
1423 888 1513 925 nos
1535 883 1580 926 et
1607 874 1742 940 illos,
1770 878 1871 945 fide
1893 881 2168 948 purificans

589 957 742 1011 corda
772 958 990 1012 illorum.
1027 958 1080 1011 Ν
1084 977 1178 1012 unc
1203 970 1369 1014 autem
1408 963 1530 1031 quid
1571 967 1768 1020 teutatis
1800 966 1961 1022 Deum
1998 970 2164 1040 impo-

590 1062 707 1101 nere
731 1048 914 1117 jugum
950 1064 1097 1115 super
1128 1050 1363 1103 cervicem
1400 1053 1791 1122 discipulorum,
1834 1058 1969 1127 quod
2007 1076 2167 1128 neque

591 1148 758 1207 patres
784 1138 956 1199 nostri,
985 1155 1139 1203 neque
1164 1155 1252 1192 nos
1283 1150 1482 1209 portare
1506 1145 1793 1211 potuimus?
1816 1146 1920 1201 Sed
1941 1165 2029 1217 per
2047 1166 2161 1219 gra-

588 1226 707 1277 tiam
737 1224 937 1279 Domini
962 1229 1117 1280 nostri
1144 1227 1267 1281 Jesu
1288 1230 1471 1284 Christi
1495 1234 1742 1287 credimus
1763 1237 1968 1300 salvari,
1991 1255 2162 1308 quem-

594 1318 863 1370 admodum
890 1328 938 1371 et
962 1320 1058 1372 illi.
1108 1318 1281 1375 Tacui!
1307 1333 1472 1376 autem
1502 1326 1662 1380 omnis
1683 1329 1949 1381 multitudo
1973 1350 1991 1380 ο
2024 1331 2158 1400 (Act.

592 1426 683 1477 xv,
709 1412 888 1481 1-12),
926 1423 969 1463 et
997 1414 1046 1466 in
1070 1415 1364 1467 sententiam
1402 1418 1512 1485 ejus
1540 1417 1760 1473 Jacobus
1788 1420 2066 1490 apostolus,
2114 1432 2163 1476 et

592 1520 762 1557 omnes
785 1505 936 1557 simul
961 1505 1231 1575 presbyteri
1251 1508 1571 1563 transierunt.

658 1595 709 1648 8.
760 1591 879 1646 lltvc
905 1612 1003 1647 non
1032 1596 1207 1648 debent
1234 1599 1441 1651 molesta
1477 1615 1582 1653 esse
1606 1600 1793 1662 lectori,
1829 1602 1917 1656 sed
1940 1615 1985 1657 et
2010 1604 2088 1659 illi
2112 1616 2160 1660 et

584 1685 708 1737 mihi
733 1686 893 1746 utilia,
924 1697 978 1737 ut
1004 1688 1281 1755 probemus,
1315 1700 1432 1742 ante
1460 1693 1744 1756 apostolum
1793 1692 2011 1748 Paulum
2058 1714 2157 1752 non

582 1774 839 1844 ignorasse
874 1775 1098 1841 Petrum,
1130 1778 1230 1831 imo
1255 1781 1533 1849 principem
1576 1784 1727 1852 hujus
1769 1786 1925 1853 fuisse
1951 1789 2152 1852 decreti,

582 1865 763 1936 Legem
811 1879 920 1937 post
952 1869 1277 1940 Evangeliam
1306 1890 1405 1925 non
1436 1891 1539 1927 esse
1565 1876 1878 1929 servandam.
1930 1877 2156 1948 Denique

578 1968 732 2011 tanta:
775 1957 955 2011 Petrus
999 1961 1310 2015 auctoritatis
1348 1963 1463 2030 fuit,
1506 1974 1560 2016 ut
1596 1964 1785 2019 Paulus
1825 1967 1877 2019 in
1923 1966 2154 2033 Epistola

574 2065 670 2102 sua
698 2051 952 2118 scripserit
975 2067 993 2104 :
1026 2070 1045 2102 ι
1085 2052 1276 2106 Deinde
1301 2062 1412 2122 post
1440 2071 1601 2109 annos
1636 2066 1735 2109 tres
1761 2057 1869 2110 veni
1893 2057 2153 2131 Jerosoly-

579 2157 713 2193 mam
739 2140 900 2193 videre
924 2140 1148 2205 Petrum,
1180 2153 1226 2195 et
1261 2144 1422 2197 mansi
1447 2145 1587 2213 apud
1608 2162 1721 2199 eum
1744 2148 1915 2201 diebus
1933 2150 2149 2220 quinde-

574 2229 669 2282 cini
694 2248 714 2280 ι
737 2228 876 2290 (Gal.
902 2232 1064 2299 1,18).
1105 2232 1417 2297 Rursumque
1441 2235 1491 2286 in
1516 2238 1924 2306 consequentibus
1947 2254 1966 2292 :
1984 2258 2000 2289 ι
2028 2240 2151 2294 Post

570 2335 737 2371 annos
771 2320 1144 2388 quatuordecim
1180 2324 1381 2376 escendi
1414 2324 1593 2378 iterum
1634 2326 2001 2399 Jerosolymam
2034 2348 2149 2385 cum

570 2407 826 2474 Barnaba,
862 2423 1119 2479 assumpto
1161 2424 1206 2466 et
1248 2412 1381 2468 Tito.
1414 2416 1627 2472 Ascendi
1670 2432 1835 2473 autem
1878 2424 2149 2478 sectmdum

573 2500 940 2565 reuelationem,
980 2512 1023 2555 et
1053 2506 1264 2571 exposui
1296 2507 1368 2559 eis
1408 2506 1737 2577 Evangelium
1765 2512 1899 2581 quod
1919 2515 2146 2580 praedico

579 2591 711 2644 inter
740 2591 923 2648 Gentes
962 2609 981 2647 :
1024 2614 1042 2646 ι
1074 2597 1334 2653 ostendens
1366 2615 1420 2651 se
1442 2616 1543 2653 non
1568 2600 1800 2656 habuisse
1834 2605 2147 2660 securitatem

576 2679 837 2753 Evangelii
867 2685 1193 2752 pra'dicandi,
1225 2689 1322 2740 nisi
1356 2687 1515 2752 Petri,
1556 2700 1603 2743 et
1627 2692 1715 2759 qui
1742 2709 1855 2747 cum
1891 2711 1949 2748 eo
1979 2706 2141 2761 erant,

566 2772 740 2843 fuisset
777 2776 1019 2828 sententia
1054 2778 1358 2831 roboratam.
1392 2780 1673 2849 Statimque
1694 2784 1917 2854 sequitur
1947 2800 1966 2838 :
1999 2803 2018 2836 ι
2050 2786 2146 2841 Sc-

568 2866 783 2933 paratim
819 2876 983 2918 autent
1012 2866 1090 2921 his
1114 2868 1198 2936 qui
1224 2868 1517 2923 videbantur
1541 2870 1733 2941 aliquid
1769 2891 1895 2941 esse,
1926 2892 1988 2929 ne
2014 2881 2143 2947 forte

562 2955 615 3007 in
642 2971 851 3008 vacuum
890 2973 1135 3011 currerem
1174 2970 1261 3013 aut
1294 2964 1643 3017 cncarrissem.
1683 2983 1702 3015 ι
1739 2964 1908 3030 Quare
1930 2984 2138 3038 separa-

562 3047 671 3110 tim,
706 3064 751 3099 et
782 3065 880 3101 non
920 3050 971 3101 in
1002 3049 1242 3117 publico?
1290 3052 1369 3105 Ne
1397 3055 1527 3122 forte
1566 3056 1796 3124 ﬁdelibus
1830 3074 1892 3111 ex
1934 3076 2138 3115 numero

558 3137 876 3203 Judteornm,
913 3141 998 3209 qui
1032 3139 1211 3209 Legem
1251 3146 1490 3212 putabant
1512 3162 1618 3200 esse
1642 3150 1959 3212 servandam,
1994 3161 2041 3205 et
2063 3153 2136 3207 sic

558 3228 858 3280 credendam
880 3230 931 3281 in
953 3229 1163 3284 Domino
1186 3232 1466 3300 Saluatore,
1491 3237 1608 3304 ﬁdei
1640 3240 1936 3294 scandalum
1958 3259 2133 3297 nasce-

558 3328 714 3371 retur.
762 3318 897 3389 Ergo
939 3332 984 3373 et
1023 3338 1080 3375 eo
1108 3333 1326 3390 tempore
1353 3342 1469 3380 cum
1510 3326 1692 3384 Petrus
1719 3333 1925 3386 venisset
1955 3336 2132 3389 Antio-

559 3408 723 3461 chiam
749 3408 881 3480 (licet
908 3411 1001 3464 hoc
1019 3412 1369 3482 Apostolorum
1398 3418 1520 3472 Acta
1541 3435 1640 3473 non
1672 3423 1910 3488 scribant,
1940 3424 2029 3478 sed
2052 3429 2134 3497 af-

556 3500 782 3570 firmanti
827 3500 993 3557 Paulo
1031 3504 1331 3560 credendum
1361 3511 1467 3575 sit),
1510 3511 1561 3564 in
1592 3496 1785 3581 facieni
1810 3514 1887 3566 illi
1940 3496 2132 3571 Paulus

560 3594 803 3647 restitisse
826 3612 878 3647 se
900 3596 1089 3657 scribit,
1120 3598 1237 3665 quia
1263 3601 1660 3667 reprehensibilis
1680 3614 1802 3657 erat.
1829 3603 1981 3660 Prius
2001 3609 2130 3662 enim

558 3700 708 3753 quam
733 3686 951 3739 venirent
979 3688 1181 3756 quidam
1210 3707 1243 3741 a
1268 3690 1480 3756 Iacobo,
1505 3709 1617 3745 cum
1657 3692 1898 3749 Gentibus
1921 3697 2131 3763 edebat;

554 3789 668 3827 cum
703 3786 867 3828 autent
906 3778 1169 3838 venissent.
1197 3780 1511 3834 subtrahebat
1544 3800 1616 3845 se,
1654 3794 1701 3837 et
1730 3788 2036 3857 segregabat,
2065 3791 2130 3844 ti-

553 3880 691 3918 mens
716 3882 798 3919 eos
834 3868 920 3935 qui
944 3885 1006 3921 ea:
1047 3870 1421 3924 circumcisione
1456 3883 1616 3926 erant.
1666 3873 1734 3927 Et
1771 3890 2127 3935 consenserunt

550 3972 663 4009 cum
692 3955 780 4009 illo
806 3959 971 4011 cwteri
998 3957 1189 4022 Judai,
1220 3959 1289 4011 ita
1317 3969 1371 4013 ut
1415 3971 1461 4015 et
1491 3961 1753 4020 Barnabas
1794 3969 2128 4027 adduceretur

548 4046 609 4099 ob
636 4047 713 4100 his
741 4048 791 4100 in
812 4049 951 4102 illam
977 4049 1364 4104 simulationem.
1393 4071 1411 4102 ι
1448 4053 1553 4107 Sed
1580 4071 1692 4108 cum
1724 4058 1976 4128 vidissem,
2006 4080 2025 4114 ι
2047 4065 2127 4118 in-

546 4138 669 4205 quit,
706 4157 723 4188 ι
753 4140 887 4207 quati
916 4156 1015 4192 non
1038 4152 1166 4195 recte
1196 4142 1547 4212 ingrediuntur
1575 4147 1643 4200 ad
1667 4150 1921 4204 veritatem
1953 4153 2123 4209 Evan-

546 4230 683 4293 gelii,
712 4230 819 4280 diri
856 4228 1015 4287 Petro.
1030 4248 1199 4286 coram
1233 4237 1458 4293 omnibus
1492 4253 1510 4291 :
1550 4237 1611 4293 Si
1645 4250 1719 4305 tu,
1760 4258 1874 4296 cum
1912 4245 1981 4299 sis
2018 4246 2121 4301 Ju-

554 4321 715 4377 du'us,
761 4319 1003 4387 gentiliter
1040 4330 1083 4372 et
1126 4338 1225 4375 non
1260 4325 1469 4392 juduice
1498 4328 1651 4389 viris;
1694 4334 1943 4397 quomodo
1984 4338 2123 4407 cogis

559 4405 742 4460 Centcs
759 4408 1064 4476 judaizare?
1096 4429 1114 4460 ι
1143 4408 1360 4480 (Ge/.11,
1386 4414 1437 4477 1,
1466 4414 1520 4479 2,
1554 4415 1664 4487 14.)
1685 4428 1730 4469 et
1756 4432 1953 4475 etatem.
1977 4405 2123 4478 Nulli

550 4517 667 4569 ergo
690 4497 892 4550 dubium
915 4509 985 4552 est
1018 4502 1152 4570 quod
1186 4499 1365 4555 Petrus
1390 4505 1651 4572 apostolus
1672 4512 1925 4563 sententiw
1944 4512 2116 4581 huius,

551 4586 695 4664 cujus
722 4608 852 4645 nunc.
874 4594 1226 4662 pra'varicator
1250 4596 1497 4664 arguitur,
1521 4597 1713 4665 primus
1736 4612 1910 4655 auctor
1939 4607 2113 4659 extite-

554 4689 634 4738 rit.
671 4685 834 4740 Causa
861 4695 1026 4738 autem
1053 4686 1493 4756 pra'varicutionis,
1521 4689 1668 4744 timor
1708 4701 1778 4746 est
1800 4693 2113 4753 Judceorum.

550 4782 685 4835 Dicit
702 4783 833 4835 enim
854 4781 1117 4852 Scriptura
1138 4782 1270 4848 quod
1286 4784 1503 4850 primum
1528 4784 1699 4838 edebat
1718 4804 1830 4840 cum
1847 4788 2115 4859 Gentibus;

539 4890 654 4927 cum
678 4886 841 4927 autem
888 4877 1127 4928 venissent
1162 4875 1367 4943 quidam
1405 4894 1435 4928 a
1470 4877 1681 4943 Jacobo,
1721 4884 2039 4938 subtrahebat
2062 4904 2118 4941 se

540 4975 585 5016 et
626 4965 933 5033 segregabat,
976 4966 1151 5019 timens
1189 4982 1271 5020 eos
1314 4967 1400 5037 qui
1427 4984 1489 5020 es:
1536 4970 1910 5028 circunuisioae
1949 4988 2111 5033 erant.

546 5053 768 5107 Timebat
794 5054 1192 5139 auteu‘Juda’os
1217 5072 1428 5126 quorum
1455 5071 1561 5113 erat
1605 5064 1881 5130 apostolus,
1933 5084 1995 5121 ne.
2026 5085 2114 5139 per

537 5148 844 5200 occasionem
906 5146 1174 5201 G‘l‘utilium
1230 5166 1261 5201 a
1308 5150 1407 5218 fide
1456 5150 1639 5207 Citriin
1690 5158 2011 5226 recederent,
2063 5171 2112 5216 et

533 5241 754 5293 imitator
782 5240 995 5309 pastoris
1033 5241 1167 5304 boui,
1194 5242 1417 5311 perderet
1445 5261 1643 5316 gregem
1664 5247 1761 5301 sibi
1782 5250 2051 5308 creditum.

604 5329 658 5383 9.
691 5330 832 5384 Sicut
863 5345 980 5399 ergo
1006 5330 1341 5395 ostendimus,
1380 5332 1583 5387 Petrum
1623 5336 1742 5390 bene
1766 5339 1967 5409 quidem
1989 5358 2108 5395 sen-

531 5420 654 5472 sisse
677 5420 739 5473 de
766 5419 1034 5473 abolitione
1061 5419 1209 5494 Legis
1249 5420 1506 5492 Mosaicte,
1533 5426 1623 5481 sed
1645 5427 1715 5480 ad
1739 5430 2108 5489 simulationem

531 5507 850 5563 observanda:
878 5510 893 5541 ¹
919 5511 1027 5583 ejus
1057 5511 1232 5565 timore
1253 5515 1602 5583 compulsum;
1631 5517 1885 5574 videamus
1909 5537 1973 5575 an
1998 5522 2105 5592 ipse

533 5598 728 5654 Paulus
763 5600 848 5671 qui
886 5601 1041 5655 alium
1080 5604 1266 5675 arguit,
1299 5603 1399 5657 tale
1425 5607 1545 5676 quid
1573 5608 1763 5678 fecerit.
1794 5608 2028 5682 Legimus
2052 5614 2105 5669 in

530 5732 730 5843 "an"
711 5745 809 5782 uno
832 5744 863 5782 ο
879 5731 1171 5795 \'atic.’llss.,
1188 5733 1514 5789 observantia.
1533 5747 1582 5789 ιη
1603 5740 1800 5793 Cislem.
1822 5748 1927 5807 κε..
1948 5742 2105 5798 obser-

1820 394 1877 451 S.
1918 395 2281 457 AUCUSTINI
2318 403 2620 467 EPISCOPI

3701 454 3783 514 550

2277 518 2448 628 finierit
2469 522 2594 576 libro
2622 540 2641 579 :
2671 544 2691 578 t
2724 526 3111 589 Perambulabat
3134 546 3296 593 autem
3338 541 3522 603 Paulus
3543 550 3741 628 Syriam,
3758 580 3793 623 ει

2276 606 2524 677 Ciliciam,
2554 617 2858 685 conﬁrmans
2890 621 3138 681 Eccle'sias
3166 645 3184 681 :
3211 647 3326 698 perv
3343 638 3528 707 enitque
3550 606 3605 695 iri
3617 607 3785 721 Derbin,

2284 711 2320 721 --
2360 701 2379 721 Ι
2400 704 2411 721 9
2424 720 2429 721 ,
2444 715 2454 721 .
2664 719 2672 721 .
2863 714 2892 721 .-
2954 716 2965 721 -
3046 716 3058 721 -

2274 711 2320 752 et
2351 701 2597 767 Listram;
2628 719 2673 761 et
2701 727 2813 764 ecce
2839 714 3116 783 discipulus
3143 721 3355 789 quidam
3384 741 3483 782 erat
3512 732 3589 795 ibi,
3626 701 3781 802 nomineI

2278 788 2565 850 Timotheus
2586 839 2600 861 ,
2640 800 2776 869 filius
2818 806 3042 860 mulieris
3084 788 3249 865 viduae
3287 814 3476 881 fidelis.

2272 886 2467 951 gentili.
2509 888 2641 944 Huic
2666 895 2998 950 testimonium
3024 901 3292 957 reddebant
3317 908 3402 977 qui
3433 886 3594 967 Listris
3617 886 3781 980 erantin

2272 972 2449 1032 Iconio
2477 982 2674 1048 fratres.
2702 984 2853 1041 Hunc
2890 989 3046 1045 voluit
3071 991 3268 1049 Paulus
3288 972 3453 1054 secum
3477 972 3782 1078 promiscii;

2269 1083 2528 1126 assumens
2555 1076 2865 1133 circumcidit
2888 1098 3001 1136 eum
3032 1096 3237 1157 propter
3260 1088 3464 1147 Judteos
3497 1104 3575 1166 qui
3607 1076 3725 1159 erant
3742 1110 3782 1163 in

2268 1157 2371 1212 illis
2398 1161 2520 1217 locis
2552 1180 2571 1217 :
2591 1168 2810 1222 sciebant
2836 1172 2966 1225 enim
2992 1190 3165 1230 omnes
3188 1180 3324 1247 quod
3349 1192 3488 1251 pater
3507 1157 3607 1256 ejus
3626 1157 3781 1261 gentilii

2266 1263 2393 1305 esset
2427 1272 2446 1303 ι
2498 1255 2633 1326 (Act.
2687 1276 2778 1326 xv,
2823 1264 2913 1327 41,
2960 1275 3006 1319 et
3044 1282 3149 1333 xu,
3180 1269 3315 1341 1-5).
3359 1272 3403 1327 0
3442 1276 3571 1332 beate
3601 1255 3780 1352 apostole

2266 1341 2464 1410 Paule,
2494 1349 2581 1417 qui
2617 1350 2669 1403 in
2710 1350 2864 1406 Petro
2902 1357 3291 1425 reprehenderes
3327 1341 3684 1439 simulationem,

2263 1438 2509 1493 subtraxit
2536 1457 2590 1494 se
2614 1460 2645 1494 a
2671 1443 2947 1503 Gentilibus
2967 1461 3170 1520 propter
3198 1465 3382 1510 metum
3417 1457 3687 1518 Iudaeorum
3718 1438 3781 1539 qui

2261 1541 2296 1579 a
2317 1525 2509 1583 Iacobo
2537 1546 2766 1588 venerant
2788 1554 2805 1597 ;
2829 1554 2919 1592 cur
2943 1538 3274 1607 Timotheum,
3302 1547 3461 1614 ﬁlium
3479 1552 3673 1608 hominis
3692 1525 3783 1628 gen-

2262 1617 2383 1681 tilis,
2412 1622 2578 1687 utique
2603 1634 2649 1677 et
2676 1626 2840 1693 ipsum
2860 1633 3096 1700 gentilem
3129 1636 3309 1707 (neque
3325 1640 3456 1694 enim
3474 1640 3666 1701 Indicus
3679 1617 3778 1716 erat,

2259 1711 2345 1776 qui
2373 1727 2474 1764 non
2511 1712 2677 1780 fuerat
2722 1718 3104 1792 circumcisus),
3158 1738 3336 1781 contra
3377 1735 3646 1789 sententiam
3677 1750 3784 1795 tuam

2257 1797 2612 1857 circumcidere
2649 1809 2879 1877 cogeris?
2921 1812 3263 1884 Respondebis
3291 1820 3417 1875 mihi
3441 1838 3460 1876 :
3486 1821 3676 1891 PrOpter
3706 1828 3782 1884 Ju-

2258 1886 2396 1943 dazos
2431 1893 2518 1948 aui
2554 1907 2694 1949 eraut
2734 1900 2784 1951 in
2824 1901 2927 1955 illis
2952 1903 3095 1959 locis.
3128 1907 3229 1973 Qui
3247 1911 3405 1981 igitur
3429 1914 3513 1969 tibi
3539 1917 3722 1988 ignoscis
3743 1923 3781 1976 in

2256 1980 2627 2038 circumcisione
2663 1990 2903 2058 discipuli
2930 1997 3168 2053 venientis
3193 2018 3256 2055 ex
3283 2001 3540 2069 Gentibus,
3566 2009 3731 2079 ignosce
3748 2022 3782 2067 et

2256 2066 2411 2125 Petro
2432 2114 2447 2138 ,
2497 2082 2786 2143 prtecessori
2834 2094 2950 2149 tuo,
2983 2090 3120 2158 quod
3170 2093 3348 2164 aliqua
3391 2066 3554 2169 fecerit
3583 2066 3701 2155 inetu
3730 2105 3780 2171 ﬁ-

2253 2161 2436 2216 delium
2487 2165 2805 2226 Judasorum.
2854 2174 3076 2233 Rursum
3121 2161 3369 2252 scripturn
3391 2161 3476 2242 'est
3519 2204 3537 2242 :
3572 2209 3589 2240 ι
3632 2161 3781 2247 Paulus

2253 2266 2366 2306 vero
2392 2272 2502 2309 cum
2530 2260 2696 2316 adlmc
2721 2267 3034 2323 sustinuisset
3076 2272 3181 2327 dies
3222 2278 3430 2342 multos,
3478 2282 3677 2350 fratribus
3706 2301 3775 2337 va-

2252 2342 2488 2413 lediccns,
2512 2352 2761 2421 navigavit
2788 2355 3014 2425 Syriant,
3042 2372 3088 2415 et
3115 2379 3226 2418 cum
3252 2383 3310 2419 eo
3353 2342 3579 2423 Priscilla
3598 2380 3633 2425 et
3657 2373 3780 2437 Aqui-

2250 2432 2304 2485 la
2330 2448 2351 2487 :
2373 2445 2419 2488 et
2444 2442 2658 2495 totondit
2685 2442 2778 2497 sibi
2804 2445 2855 2498 in
2877 2446 3142 2506 Cenchreis
3165 2467 3314 2523 caput
3334 2475 3358 2522 ;
3384 2470 3543 2514 votum
3575 2462 3686 2515 enim
3703 2432 3781 2515 tha-

2248 2523 2419 2581 buerat
2442 2548 2460 2579 ι
2480 2528 2638 2599 (Ibid.
2671 2537 2951 2608 xvnIJS).
2984 2539 3128 2607 Esto,
3157 2555 3211 2597 ut
3235 2547 3302 2600 ibi
3334 2551 3511 2604 timore
3530 2551 3778 2606 ludarorum

2252 2620 2539 2687 compulsus
2561 2622 2626 2675 sit
2643 2627 2811 2694 facere
2824 2628 2959 2697 quod
2984 2632 3213 2699 nolebat;
3237 2652 3402 2705 quare
3422 2657 3603 2695 comam
3621 2643 3782 2695 nutrivit

2246 2720 2310 2759 ex
2333 2718 2465 2773 voto,
2505 2720 2553 2763 et
2595 2724 2767 2779 postea
2800 2734 2912 2772 eam
2953 2719 3007 2773 in
3044 2721 3308 2782 Cenchreis
3343 2730 3551 2784 totondit
3574 2747 3631 2785 ex
3653 2731 3780 2802 Lege.

2246 2799 2380 2864 quod
2412 2797 2649 2854 Nazareni
2673 2804 2761 2871 qui
2800 2823 2853 2860 se
2890 2807 2995 2863 Deo
3038 2815 3259 2869 voverint
3276 2858 3292 2882 ,
3331 2820 3491 2889 juxta
3527 2797 3782 2891 prtvcept'um

2247 2886 2413 2958 Moysi
2434 2894 2596 2960 facere
2615 2912 2971 2955 consueverunt
2988 2903 3015 2956 ?
3039 2904 3226 2975 (Num.
3254 2886 3351 2976 Vl;
3368 2914 3479 2983 18.)

2316 2979 2402 3033 10.
2447 2979 2627 3037 Verum
2665 2986 2774 3041 ha'c
2800 2990 2869 3043 ad
2903 2999 3331 3064 comparationem
3370 2979 3478 3073 ejus
3505 3005 3573 3059 rei
3596 3021 3694 3076 qua
3720 3022 3781 3060 te-

2240 3071 2431 3140 quitur,
2460 3090 2617 3143 parva
2653 3089 2786 3133 sunt.
2819 3079 2993 3153 Refert
3023 3085 3213 3153 Lucas,
3250 3108 3419 3149 sacra:
3456 3096 3665 3151 historia:
3685 3098 3782 3150 scri-

2239 3171 2357 3230 ptor
2384 3183 2402 3219 ;
2434 3182 2451 3215 ι
2483 3164 2611 3221 Gum
2639 3171 2937 3227 venissemus
2972 3173 3382 3251 Jerosolymam,
3422 3187 3619 3242 libenter
3646 3204 3780 3253 susu-

2239 3265 2422 3324 perunt
2451 3273 2542 3311 nos
2570 3262 2785 3330 fratres;
2828 3282 2847 3316 ι
2884 3274 2932 3318 et
2964 3273 3186 3338 sequenti
3216 3274 3299 3329 die
3325 3276 3550 3335 Jacobus
3584 3288 3626 3333 et
3649 3296 3783 3333 omnes

2234 3347 2454 3403 seniores
2482 3352 2565 3413 qui
2605 3368 2720 3407 cum
2761 3371 2819 3409 eo
2857 3369 3020 3425 erant,
3069 3379 3089 3413 ι
3129 3361 3411 3437 Evangelia
3435 3370 3569 3424 illius
3593 3386 3781 3441 compro-

2234 3434 2372 3527 bato,
2406 3439 2641 3495 dixerunt
2673 3446 2739 3511 ei,
2790 3444 2963 3508 Vides.
2997 3453 3190 3523 frater,
3236 3434 3363 3527 quot
3403 3462 3560 3515 millia
3605 3434 3705 3517 sunt
3741 3461 3781 3515 in

2233 3526 2441 3594 Juda'a,
2473 3533 2559 3601 qui
2581 3535 2899 3593 crediderunt
2922 3542 2975 3594 in
3004 3526 3279 3613 Christum,
3307 3561 3361 3604 et
3383 3552 3438 3605 hi
3465 3569 3624 3607 omnes
3649 3570 3776 3607 trinu-

2232 3708 2422 3763 sionem
2447 3714 2625 3768 doceas
2654 3734 2685 3769 a
2714 3718 2890 3791 Moyse
2913 3740 3085 3780 eorum
3128 3730 3216 3798 qui
3256 3749 3351 3802 per
3376 3708 3555 3791 Gentes
3577 3748 3679 3790 sunt
3699 3735 3778 3789 Ju-

2232 3798 2476 3867 dceorum,
2504 3804 2673 3860 dicens
2700 3825 2798 3864 non
2827 3813 3003 3868 debere
3030 3833 3112 3872 eos
3133 3822 3489 3881 circumcidere
3510 3827 3636 3896 filios
3664 3842 3776 3887 suos,

2232 3904 2388 3959 neque
2406 3894 2677 3949 secundum
2706 3905 3112 3961 consuetudinem
3148 3910 3369 3982 ingredi.
3405 3894 3541 3983 Quid
3564 3934 3671 3989 ergo
3687 3916 3776 3971 est?

2236 3977 2420 4049 Utique
2447 3994 2640 4053 oportet
2667 3992 2927 4047 convenire
2956 3977 3320 4055 multitudinem
3342 4022 3364 4069 ;
3392 3977 3647 4061 audierutit
3671 4006 3778 4061 enim

2229 4076 2277 4123 te
2296 4074 2659 4140 supervenisse.
2700 4075 2815 4132 Hoc
2852 4097 2970 4152 ergo
3002 4089 3085 4156 fac
3113 4091 3247 4157 quod
3285 4094 3379 4147 tibi
3410 4095 3636 4149 dicimus.
3670 4094 3777 4149 Sunt

2230 4159 2490 4235 nobisviri
2514 4175 2727 4234 quatuor
2756 4178 2920 4223 votum
2953 4174 3185 4231 habentes
3217 4196 3378 4250 super
3399 4200 3490 4247 se;
3513 4184 3589 4238 his
3615 4198 3778 4238 assum-

2230 4252 2349 4321 ptis,
2380 4256 2645 4324 sauctifica
2664 4267 2712 4311 te
2739 4274 2852 4314 cum
2881 4262 3025 4331 ipsis,
3051 4276 3097 4318 et
3123 4266 3358 4338 impende
3377 4273 3429 4327 in
3450 4290 3533 4328 eos
3557 4284 3606 4327 ut
3624 4273 3777 4328 rodant

2225 4345 2425 4409 capita;
2456 4357 2501 4399 et
2528 4348 2686 4401 scient
2723 4366 2892 4405 omnes
2919 4354 3039 4422 quia
3073 4372 3186 4425 qua:
3207 4359 3273 4413 de
3297 4371 3348 4414 te
3370 4363 3637 4418 audierunt
3668 4362 3777 4435 falsa

2224 4442 2369 4497 sunt,
2416 4436 2505 4488 sed
2552 4437 2783 4494 ambulas
2828 4451 2873 4494 et
2927 4443 3035 4513 ipse
3086 4450 3375 4506 custodiens
3414 4453 3615 4525 Legem.
3662 4453 3777 4507 Tunc

2226 4519 2423 4576 Paulus
2443 4565 2455 4585 ,
2499 4530 2770 4598 assumptis
2808 4533 2926 4584 viris
2946 4574 2960 4598 ,
2998 4548 3197 4605 postera
3224 4542 3306 4595 die
3334 4546 3650 4615 puriﬁcatus,
3681 4560 3776 4598 cum

2222 4612 2325 4666 illis
2353 4615 2550 4669 intravit
2571 4619 2623 4672 in
2650 4622 2908 4690 templum,
2932 4631 3238 4686 annuntians
3257 4636 3589 4705 expletionem
3608 4638 3777 4691 dierum

2222 4704 2617 4773 purificationis,
2658 4711 2816 4767 donec
2860 4715 3122 4781 o/I'erretur
3166 4740 3258 4791 pro
3296 4742 3594 4799 unoquoque
3626 4743 3776 4783 eorum

2221 4794 2403 4849 oblatio
2441 4816 2459 4848 ι
2487 4796 2619 4871 (Act.
2652 4817 2761 4866 xxI,
2789 4804 2988 4875 17-26).
3022 4808 3066 4861 0
3093 4809 3273 4877 Paule,
3299 4828 3344 4868 et
3365 4794 3421 4871 in
3442 4794 3537 4873 hoc
3558 4829 3605 4874 te
3624 4833 3776 4873 rursus

2218 4887 2507 4960 interrogo;
2534 4909 2625 4946 cur
2645 4904 2795 4963 caput
2818 4900 2998 4951 reseris
3016 4941 3029 4960 ,
3053 4916 3145 4953 cur
3164 4906 3495 4975 nudipedalia
3521 4908 3775 4964 exercueris

2219 4978 2281 5031 de
2308 4982 2588 5036 cerimoniis
2631 4983 2923 5039 Judteorum
2947 5028 2963 5054 ,
3007 5005 3100 5043 cur
3136 4993 3372 5051 obtuleris
3423 5000 3693 5070 sacriﬁcia,
3735 5004 3774 5053 el

2216 5070 2489 5122 secundant
2523 5070 2704 5142 Legem
2727 5075 2907 5129 hostia:
2933 5095 3025 5145 pro
3051 5090 3098 5135 te
3122 5085 3309 5153 fuerint
3343 5090 3656 5146 immolatat.’
3681 5086 3775 5144 Uli-

2216 5175 2311 5229 que
2342 5163 2659 5229 respondebis
2692 5181 2710 5217 :
2748 5164 2830 5220 Ne
2870 5170 3335 5232 scandalizarentur
3367 5182 3461 5251 qui
3492 5198 3556 5236 ac
3597 5180 3774 5235 luditis

2215 5252 2550 5305 crediderant.
2592 5253 2855 5312 Simulasti
2894 5276 3012 5333 ergo
3040 5264 3280 5323 Judamm
3305 5280 3359 5323 ut
3396 5270 3612 5328 Judteos
3638 5272 3776 5327 lueri-

2213 5339 2442 5410 faceres;
2467 5353 2514 5398 et
2542 5344 2671 5399 hanc
2704 5347 2867 5419 ipsam
2898 5353 3269 5414 simulationem
3291 5362 3518 5419 Iacobus
3549 5375 3597 5420 et
3628 5364 3777 5419 caeteri

2212 5440 2262 5485 te
2286 5432 2496 5488 docuere
2521 5436 2791 5508 presbyteri
2820 5456 2842 5495 :
2876 5445 2967 5498 sed
2998 5456 3162 5503 tamen
3190 5454 3399 5509 evadere
3430 5455 3773 5527 nou'potuisti.

2216 5522 2342 5579 Orta
2365 5526 2498 5580 enim
2519 5529 2763 5586 seditione
2798 5548 2914 5589 cum
2938 5537 3241 5598 occidendus
3271 5560 3425 5609 esses,
3455 5522 3635 5616 raptus
3664 5562 3712 5601 es
3743 5561 3771 5597 α

2212 5617 2432 5685 tribuno,
2461 5629 2508 5674 et
2529 5620 2593 5675 ab
2620 5639 2678 5677 eo
2703 5626 2883 5682 missus
2905 5628 3189 5689 Caesaream
3205 5678 3224 5705 ,
3251 5640 3343 5695 sub
3384 5641 3618 5695 custodia
3656 5639 3778 5694 mili-

2211 5719 2319 5765 tum
2344 5712 2592 5784 diligenti,
2621 5730 2683 5769 ne
2705 5724 2752 5771 te
2772 5715 2948 5774 Judwi
2967 5726 3113 5794 quasi
3137 5728 3486 5785 simulatorem
3521 5747 3583 5785 ac
3600 5730 3779 5787 destrttv

2215 5809 2402 5856 ctorem
2421 5801 2572 5873 Legis
2598 5806 2875 5863 occiderent
2893 5828 2913 5877 ;
2934 5821 3081 5884 atque
3098 5819 3215 5874 sude
3240 5818 3461 5877 Romam
3486 5821 3775 5893 pervadens.
