3962 6374
163 246 248 304 257

161 364 204 415 in
226 354 413 424 hospitio
441 348 574 420 quod
595 347 680 401 tibi
701 344 1028 408 conduxeras,
1062 343 1315 396 Christum
1339 355 1384 398 et
1413 343 1610 397 Juateis
1635 350 1681 396 et

163 448 366 504 Gentibus
403 439 672 511 prtvdicasti
717 453 736 492 :
775 447 820 491 et
864 435 1105 490 sententia
1136 445 1221 488 tua
1263 434 1479 488 Neronis
1513 433 1681 504 gladio

162 540 416 604 conﬁrmata
439 543 508 586 est
537 532 666 598 (Act.
702 544 851 588 unt,
880 527 969 588 25,
1002 537 1048 579 et
1081 542 1265 588 xxvm,
1298 527 1379 588 14,
1405 526 1517 593 50).

217 632 288 686 ll.
325 626 585 681 Didicimus
626 621 760 685 quod
799 630 1003 688 propter
1041 628 1222 671 metum
1259 617 1590 682 Iudaeorum,
1637 626 1686 672 et

165 721 314 778 Petrus
348 729 387 771 et
426 713 611 767 Paulus
635 711 892 778 tetpuiliter
917 709 1152 776 finxerint
1176 723 1229 761 se
1262 706 1409 777 Legis
1437 717 1686 776 prwcepta

163 828 339 871 servare.
369 807 474 872 Qua
493 806 639 876 igitur
660 807 842 872 fronte.
871 817 970 869 Ilua
996 799 1144 852 audin
1161 799 1211 851 ia
1245 797 1436 851 Paulus
1456 797 1506 850 in
1527 799 1685 851 altera

161 900 442 974 reprehendat
468 896 596 966 quod
619 895 726 962 ipse
754 892 1042 946 commisit?
1071 888 1201 959 Ego,
1234 889 1334 942 imo
1359 889 1448 940 alii
1469 897 1586 941 ante
1607 903 1684 940 me

165 999 444 1062 exposuerunt
473 1001 673 1040 cansam
706 999 856 1050 quam
896 990 1227 1050 putaverant,
1273 995 1372 1031 non
1415 977 1687 1046 officiosum

163 1085 424 1141 mendacimn
460 1077 805 1140 defendentes,
845 1075 970 1130 sicut
1002 1084 1054 1127 tu
1092 1073 1297 1134 scribis,
1329 1073 1417 1124 sed
1457 1073 1686 1124 docentes

165 1184 374 1232 honestam
403 1167 853 1236 dispensationem;
886 1175 938 1218 ut
981 1174 1027 1217 et
1064 1163 1420 1216 Apostolorum
1460 1160 1681 1228 pruden-

166 1273 258 1324 tiam
278 1271 666 1326 demonstrarent,
704 1270 751 1315 et
784 1257 1172 1327 blasphemautis
1216 1254 1489 1325 Porphyrii
1519 1255 1687 1322 impu-

167 1363 343 1416 dentiam
367 1365 654 1419 coercerent,
683 1353 769 1422 qui
804 1350 1008 1404 Petrum
1035 1360 1080 1402 et
1112 1347 1326 1401 Paulum
1359 1347 1540 1414 puerili
1568 1346 1689 1398 dicit

169 1457 272 1508 inter
302 1469 344 1506 se
373 1464 604 1521 pugnasse
643 1445 945 1506 certamine;
974 1444 1073 1496 into
1103 1441 1348 1494 exarsisse
1388 1438 1604 1492 Paulum
1635 1439 1688 1492 in

175 1544 366 1597 invidiam
398 1541 618 1594 rirtntum
664 1535 827 1600 Petri,
859 1545 905 1590 et
929 1550 988 1589 ea
1012 1533 1270 1602 sei-ipsisse
1298 1535 1554 1601 jactanter
1578 1547 1690 1602 qua:

171 1637 233 1690 rel
261 1653 340 1688 non
372 1635 547 1701 fecerit.
590 1629 670 1684 vel
706 1630 750 1684 si
776 1629 984 1699 fecerit,
1021 1627 1298 1695 procaciter
1323 1626 1511 1694 fecerit,
1551 1624 1603 1677 id
1636 1625 1690 1678 in

172 1728 253 1780 alio
293 1722 627 1794 reprehendens
667 1720 801 1791 quod
848 1720 956 1789 ipse
996 1717 1312 1771 commiserit.
1365 1713 1690 1785 luterpretati

173 1831 263 1872 sunt
294 1820 355 1871 illi
392 1827 439 1869 ut
473 1824 777 1888 potuerunt;
808 1822 859 1865 tu
887 1811 1134 1881 quomodo
1172 1810 1320 1862 istum
1357 1810 1519 1862 locum
1555 1806 1689 1861 edis-

167 1910 302 1964 ιιιωέ
319 1907 482 1974 Utique
507 1905 719 1961 meliora
759 1903 1005 1968 dicturus,
1043 1901 1127 1970 qui
1155 1910 1370 1953 veterum
1399 1897 1692 1952 sententiam

165 2003 406 2072 reprobasti.

219 2090 408 2146 CAPUT
442 2087 531 2143 IV.
556 2087 736 2141 -12.
772 2084 963 2139 Scribis
1001 2083 1067 2135 ad
1102 2099 1178 2136 me
1197 2084 1248 2134 in
1276 2080 1487 2149 epistola
1509 2089 1592 2132 tua
1612 2078 1689 2151 (a)

171 2203 185 2233 ι
217 2181 362 2250 Neque
397 2181 524 2234 enim
565 2196 597 2230 a
634 2193 714 2229 me
738 2174 993 2227 docendus
1018 2189 1088 2236 es,
1116 2170 1363 2238 quomodo
1386 2170 1695 2238 intelligatur

167 2277 271 2338 quod
291 2274 402 2326 idem
429 2269 700 2340 Apostolus
717 2267 856 2325 dicit,
881 2263 1070 2317 Factus
1095 2279 1209 2315 sum
1235 2261 1692 2329 Jutla-istattquam

169 2367 356 2426 indutus,
377 2372 426 2418 at
445 2364 660 2418 inda-os
688 2361 1050 2418 lucrifaccrem
1086 2359 1135 2432 (Ι
1161 2358 1274 2412 Cor.
1301 2375 1374 2421 Ix,
1398 2357 1511 2428 20).
1533 2368 1577 2410 et
1598 2371 1696 2408 ca:-

176 2470 258 2510 tera
301 2473 390 2521 qut:
422 2456 487 2510 ibi
530 2457 767 2509 dicuntur
805 2454 1149 2525 compassione
1190 2449 1559 2510 misericordia;
1594 2464 1696 2501 non

174 2552 430 2605 siamlatione
443 2551 668 2619 fallaciae
694 2551 732 2602 ‘.
762 2547 846 2602 Fit
872 2550 1002 2600 enim
1028 2557 1265 2614 tanquam
1291 2559 1423 2613 a'ger
1442 2584 1456 2605 ,
1493 2541 1577 2609 qui
1602 2541 1698 2592 mi-

172 2643 316 2695 nistrat
331 2653 535 2713 a’groto;
557 2659 657 2694 non
680 2657 790 2692 cum
810 2656 871 2692 se
900 2641 928 2708 f
950 2637 1058 2690 bres
1094 2636 1275 2688 habere
1299 2633 1532 2686 mentitur
1554 2673 1568 2695 ,
1610 2630 1698 2683 sed

171 2748 263 2784 cum
284 2733 424 2784 animo
439 2731 753 2785 condolentis
776 2730 957 2798 cogitat
977 2725 1393 2794 quemadmodum
1417 2722 1509 2776 sibi
1525 2721 1701 2775 serviri

174 2823 307 2886 vellet,
346 2823 382 2878 si
411 2825 516 2894 ipse
559 2831 843 2893 agrotaret.
902 2819 1036 2873 Nunt
1094 2819 1260 2886 utique
1309 2815 1522 2868 Judteus
1551 2821 1699 2876 erat;

169 2913 429 2970 Christianus
475 2927 646 2968 autem
687 2913 868 2982 factus,
914 2928 1013 2963 non
1058 2908 1353 2961 Jttdworum
1390 2914 1702 2959 sacramenta

167 3008 421 3074 reliquerat,
463 3021 580 3075 quia
621 3002 966 3056 convenienter
999 2998 1086 3051 ille
1123 2997 1359 3066 populus,
1407 3006 1452 3047 et
1482 2993 1702 3063 legitimo

168 3108 348 3161 tempore
371 3113 462 3164 quo
490 3094 752 3162 oportebat
771 3133 786 3150 .
824 3097 1084 3157 acceperat
1113 3102 1130 3140 :
1162 3088 1367 3152 ideoque
1399 3084 1613 3150 suscepit
1642 3099 1703 3134 ea

166 3188 411 3240 celebranda
449 3202 568 3239 cum
606 3185 717 3255 jam
745 3181 931 3236 Christi
958 3188 1082 3232 esset
1116 3176 1392 3246 apostolus,
1427 3183 1479 3226 nt
1505 3173 1702 3225 doceret

165 3293 243 3330 non
266 3295 356 3332 esse
375 3277 649 3346 perniciosa
677 3275 753 3326 his
780 3271 866 3341 qui
891 3287 947 3323 ea
985 3267 1186 3330 vellent,
1211 3267 1336 3317 sicut
1361 3282 1390 3315 a
1414 3262 1703 3332 parentibus

167 3383 235 3434 per
258 3368 414 3437 Legem
440 3375 760 3435 acceperant,
779 3360 1048 3425 custodire,
1076 3359 1226 3412 etiam
1242 3373 1354 3409 cum
1378 3355 1428 3407 in
1451 3351 1703 3410 Christum

165 3461 477 3522 credidissent;
507 3475 605 3511 non
632 3466 795 3510 tamen
842 3454 894 3506 in
936 3453 1006 3504 eis
1041 3450 1154 3519 jam
1180 3446 1532 3501 constituerent
1562 3459 1704 3512 spem

166 3552 324 3613 salutis,
352 3552 584 3622 quoniam
631 3565 718 3616 per
757 3545 1025 3600 Dominum
1066 3539 1243 3594 .lesum
1278 3539 1417 3592 salus
1453 3537 1565 3604 ipsa
1592 3551 1706 3605 quae

167 3642 247 3696 illis
264 3643 570 3697 sacramentis
603 3637 1001 3710 signiﬁcabatur,
1025 3633 1311 3686 advenerat.
1343 3651 1362 3682 ι
1398 3628 1572 3682 Totins
1593 3645 1702 3682 ser-

168 3735 296 3787 monis
318 3735 404 3793 tui,
432 3747 578 3804 quem
606 3728 941 3800 disputatione
969 3724 1259 3794 longissiam
1287 3718 1598 3790 protraxisti,
1622 3718 1706 3770 hic

169 3838 312 3875 sensus
345 3833 412 3877 est
445 3833 501 3875 ut
533 3819 714 3875 Petrus
742 3835 841 3871 non
873 3815 1107 3870 erraverit
1132 3813 1184 3865 in
1210 3828 1269 3866 eo
1293 3809 1426 3881 quod
1446 3811 1522 3862 his
1541 3808 1625 3874 qui
1645 3823 1708 3862 ex

168 3912 327 3967 iudicis
365 3913 696 3974 crediderant,
740 3906 984 3978 putaverit
1020 3903 1197 3975 Legem
1236 3919 1338 3956 esse
1372 3899 1706 3963 servandam;

169 4006 238 4055 sed
254 4005 298 4056 in
317 4020 368 4058 eo
386 4020 415 4056 a
441 4003 561 4058 recti
599 4001 731 4054 linea
763 3998 987 4058 deviarit,
1017 3995 1151 4065 quod
1181 3992 1359 4047 Gentes
1381 3989 1593 4062 coegerit
1617 3990 1707 4058 ju-

169 4095 352 4147 duizare.
375 4091 598 4164 Coegerit
623 4101 784 4143 autem
825 4105 924 4141 non
964 4084 1184 4140 docentis
1212 4082 1443 4151 imperio,
1470 4079 1558 4133 sed
1577 4094 1704 4131 con-

170 4184 419 4254 ursatiouis
441 4182 689 4254 exemplo.
723 4180 782 4233 Ιιί
810 4177 1002 4231 Paulus
1028 4193 1127 4229 non
1156 4173 1407 4228 contraria
1428 4171 1490 4222 sit
1513 4170 1706 4222 locutus

172 4251 234 4326 liis
252 4291 348 4344 qua
365 4282 466 4346 ipse
491 4251 745 4346 gesserat;
774 4269 860 4324 sed
890 4285 1043 4338 quare
1067 4265 1248 4320 Petrus
1277 4278 1360 4317 eos
1380 4261 1464 4332 qui
1488 4276 1549 4314 ex
1570 4258 1706 4313 Cen-

173 4364 280 4417 tibus
304 4381 460 4430 eraiu,
478 4366 747 4437 judaizare
767 4361 1098 4430 compelleret.

239 4457 312 4509 l3.
345 4456 450 4512 ηπ
472 4473 588 4528 ergo
629 4469 823 4508 summa
856 4460 926 4504 est
954 4447 1267 4519 quwstiouis,
1309 4445 1410 4498 ἰδιιο
1451 4443 1712 4499 sententia

179 4555 277 4606 tute,
305 4559 351 4600 ιιι
383 4560 484 4618 post
517 4545 847 4616 Evangelium
883 4539 1086 4598 Christi.
1135 4539 1257 4591 bene
1304 4535 1492 4606 faciant
1537 4531 1713 4586 Judwi

173 4639 412 4704 credentes,
442 4643 480 4694 si
507 4640 655 4710 Legis
695 4636 930 4690 mandata
967 4631 1284 4692 custodiant;
1328 4630 1420 4682 hoc
1452 4637 1525 4681 est
1559 4625 1602 4678 si
1627 4641 1712 4678 sa-

175 4731 339 4797 rriﬁcia
366 4730 566 4797 offerant
595 4744 708 4799 qua:
744 4725 917 4780 obtulit
966 4721 1159 4775 Paulus
1177 4761 1190 4784 ,
1220 4720 1264 4772 si
1293 4720 1425 4784 filios
1451 4715 1716 4770 circumci-

175 4821 293 4880 dant,
328 4822 370 4874 si
409 4823 658 4876 sabbatum
695 4825 904 4878 servent,
949 4824 1000 4866 ut
1042 4811 1234 4864 Paulus
1260 4808 1313 4861 in
1345 4806 1622 4869 Timotheo,
1662 4814 1714 4857 et

176 4927 317 4965 omnes
341 4913 641 4967 observavere
665 4909 853 4962 Judaei.
888 4904 946 4961 Si
982 4905 1075 4957 huc
1100 4915 1264 4955 verum
1299 4908 1390 4959 est,
1417 4899 1468 4950 iu
1488 4895 1714 4950 Cerinthi

175 5010 213 5053 et
243 5001 433 5057 Ebionis
463 5003 685 5059 lueresim
714 4998 1008 5055 delabimur,
1057 4992 1140 5064 qui
1181 4989 1432 5043 credentes
1467 4988 1520 5039 in
1560 4984 1713 5037 Chri-

179 5098 300 5156 ακιιι,
333 5108 526 5164 propter
551 5097 643 5148 hoc
671 5092 832 5147 solum
856 5108 886 5142 a
905 5088 1127 5160 patribus
1148 5079 1555 5135 anathematizati
1574 5086 1709 5143 sunt,

177 5183 291 5242 ηκοιι
313 5183 456 5256 Legis
489 5185 782 5241 cerimonias
806 5181 988 5236 Christi
1022 5176 1290 5246 Evangelio
1321 5174 1641 5225 miscuerunt.
1666 5177 1716 5221 et

175 5273 234 5324 sic
257 5291 374 5328 nova
400 5279 601 5346 confessi
635 5285 750 5332 sunt
771 5316 786 5338 ,
831 5285 882 5326 ut
921 5283 1081 5326 vetera
1119 5285 1216 5321 non
1246 5266 1545 5319 omitterent.
1579 5261 1712 5326 Quid

175 5365 318 5420 dicam
344 5371 407 5423 de
436 5369 698 5435 Ebionttis,
743 5369 828 5440 qui
865 5367 1174 5422 Christianos
1204 5379 1306 5417 esse
1340 5378 1392 5416 se
1429 5356 1717 5414 simulant?

175 5540 368 5660 “1:?
404 5553 536 5595 οείυῖ
571 5544 900 5611 Cattpassioae
937 5537 1254 5598 misericordi,
1286 5549 1381 5586 non
1418 5529 1715 5585 simulatione

224 5683 290 5747 (α)
311 5688 452 5751 Epist.
472 5689 545 5754 40,
566 5705 616 5743 n.
638 5692 690 5742 4.

1271 224 1745 286 EPISTOLABUM
1784 227 2054 286 CLASSIS
2084 230 2149 286 ll.

3255 240 3364 299 258

1794 341 1963 414 Usque
1992 346 2141 400 hodie
2175 363 2264 416 per
2297 356 2427 402 totas
2455 345 2672 405 Orientis
2699 369 2980 424 synagogas
3005 354 3132 408 inter
3153 357 3363 414 Judteos

1791 438 1994 492 haeresis
2016 448 2108 504 est,
2139 455 2252 506 qua:
2271 440 2455 492 dicitur
2483 440 2784 506 Mineorum,
2815 454 2859 496 et
2881 462 2911 496 a
2936 444 3205 500 Pltarisa'is
3234 465 3365 503 nunc

1791 545 1946 599 usque
1970 532 2253 593 damnatur,
2288 548 2412 600 quos
2442 532 2588 601 vulgo
2622 531 2670 584 Ν
2676 550 2894 586 azarteos
2929 545 3217 604 nuncupant
3237 577 3252 600 ,
3280 539 3366 606 qui

1791 625 2001 676 credunt
2019 623 2067 676 in
2083 623 2332 676 Christum
2351 622 2540 676 Filium
2564 623 2675 686 Dei,
2693 637 2860 677 natum
2879 626 2939 678 de
2960 629 3146 697 virgine
3164 626 3328 680 Maria
3346 644 3368 692 ;

1793 726 1840 771 et
1868 734 1979 770 eum
2008 717 2180 770 dicunt
2205 733 2329 782 esse,
2359 717 2441 786 qui
2463 716 2551 769 sub
2579 715 2759 769 Pontio
2792 716 2957 770 Pilato
2986 736 3162 786 passus
3188 731 3294 784 est,
3323 731 3369 772 et

1792 809 2084 872 resurrexit,
2128 809 2177 860 in
2206 825 2345 872 quem
2375 818 2419 861 et
2445 825 2532 860 nos
2566 808 2812 860 credimus
2837 809 2961 860 :sed
2985 809 3104 860 dum
3132 811 3296 862 volunt
3323 819 3368 861 et

1791 897 1965 952 Juda’i
1991 916 2092 953 esse
2117 909 2162 952 et
2185 899 2475 960 Christiani,
2507 915 2594 950 nec
2619 896 2787 951 Judtri
2817 910 2928 951 sunt
2963 916 3050 951 nec
3077 899 3366 952 Christiani.

1798 989 1900 1043 Oro
1921 1008 2035 1060 ergo
2057 1000 2194 1053 teut,
2229 990 2315 1057 qni
2344 1001 2512 1042 nostro
2549 988 2840 1041 vulnnsculo
2863 990 3156 1041 medendum
3184 1001 3327 1058 putas
3354 1031 3367 1052 ,

1793 1081 1927 1149 quod
1951 1097 2043 1132 acu
2069 1085 2322 1149 foratum,
2352 1080 2451 1132 into
2478 1089 2738 1149 punctum,
2764 1088 2816 1130 ut
2845 1079 3047 1137 dicitur,
3081 1080 3232 1149 hujus
3254 1098 3368 1132 sen-

1795 1173 1960 1224 tentia:
1988 1171 2230 1224 medearis
2271 1172 2481 1233 vulneri,
2510 1171 2641 1239 quod
2675 1172 2870 1234 lancea,
2899 1180 2964 1233 et,
2998 1180 3050 1222 ut
3076 1171 3144 1222 ita
3167 1172 3329 1223 dicam
3354 1212 3368 1233 ,

1795 1262 2069 1331 phalarica:
2092 1261 2168 1333 (a)
2201 1262 2329 1314 mole
2357 1277 2643 1331 percussum
2673 1271 2761 1313 est.
2793 1259 2966 1330 Neque
2991 1278 3119 1313 enim
3149 1263 3372 1331 ejusdem

1796 1362 1866 1406 est
1893 1353 2116 1404 criminis
2145 1353 2195 1404 in
2222 1352 2575 1419 explanatione
2604 1351 2979 1418 Seripturarum
3014 1351 3230 1403 diversas
3258 1369 3370 1404 ma-

1787 1445 1961 1515 jorum
2001 1444 2271 1498 sententias
2309 1461 2524 1513 ponere,
2579 1454 2624 1495 et
2673 1443 2898 1496 liceresim
2946 1445 3374 1496 sceleratissimam

1796 1552 1996 1588 rursum
2037 1537 2086 1587 in
2119 1533 2396 1588 Ecclesium
2435 1535 2774 1592 introducere.
2794 1533 2887 1587 Sin
2911 1545 3073 1587 autem
3101 1535 3204 1587 haec
3235 1536 3374 1588 nobis

1797 1628 2038 1679 incumbit
2071 1627 2357 1690 necessitas,
2386 1635 2437 1678 ut
2457 1625 2665 1679 Judteos
2695 1643 2808 1678 cum
2828 1625 3059 1695 legitimis
3079 1627 3184 1678 suis
3211 1628 3372 1680 susci-

1798 1721 2017 1791 piamus,
2041 1729 2085 1771 et
2106 1719 2268 1772 licebit
2305 1720 2374 1773 eis
2411 1719 2670 1772 observare
2695 1719 2746 1772 in
2785 1719 3002 1772 ecclesiis
3045 1717 3225 1772 Christi
3246 1732 3377 1786 qnoa

1797 1821 2122 1864 exercuerunt
2138 1811 2187 1862 in
2208 1811 2475 1881 synagogis
2495 1819 2703 1870 satana',
2727 1810 2890 1862 dicam
2908 1809 3042 1877 quod
3061 1813 3215 1863 sentio
3240 1827 3253 1864 :
3277 1825 3377 1863 non

1799 1902 1874 1956 illi
1906 1902 2178 1956 Christiani
2204 1904 2343 1970 fient,
2374 1903 2462 1954 sed
2489 1919 2579 1954 nos
2603 1900 2812 1954 Judwos
2837 1901 3041 1970 facient.

1873 1995 1958 2048 M.
1999 1995 2121 2058 Quis
2161 1995 2293 2047 enim
2338 1994 2431 2045 hoc
2460 1991 2856 2046 Christianorum
2892 1992 3136 2061 patienter
3168 1991 3375 2056 audiat,

1800 2087 1934 2157 quod
1958 2086 2008 2138 in
2038 2097 2121 2138 tua
2147 2086 2356 2156 epistola
2373 2085 2656 2136 continetur
2678 2100 2695 2136 :
2731 2103 2748 2133 ι
2774 2081 2984 2136 Judwus
3004 2093 3109 2135 erat
3140 2082 3336 2138 Paulus
3359 2103 3378 2152 ;

1802 2176 2116 2232 Christianus
2153 2185 2316 2228 autem
2351 2179 2544 2246 factus,
2594 2190 2692 2226 non
2735 2171 3033 2227 Judteorum
3069 2186 3381 2229 sacramenta

1803 2269 2092 2340 reliquerat,
2124 2283 2236 2339 qua:
2264 2269 2607 2320 convenienter
2653 2267 2740 2319 ille
2782 2267 3019 2336 populus.
3070 2277 3117 2320 et
3160 2266 3380 2338 legitimo

1805 2373 2026 2433 tempore
2050 2379 2147 2429 quo
2174 2361 2459 2429 oportebat,
2488 2370 2745 2430 acceperat
2779 2375 2796 2413 :
2823 2359 3028 2429 ideoque
3065 2362 3278 2427 suscepit
3303 2376 3385 2414 ce-

1805 2455 2046 2508 lcbranda
2075 2471 2132 2508 ea
2157 2469 2270 2507 cum
2297 2453 2411 2522 jam
2453 2450 2638 2507 Christi
2665 2461 2788 2505 esset
2811 2453 3087 2520 apostolus,
3110 2462 3163 2503 ut
3189 2452 3386 2506 doceret

1807 2564 1905 2601 non
1931 2563 2035 2602 esse
2062 2545 2342 2617 perniciosa
2369 2544 2444 2597 his
2468 2544 2554 2614 qui
2578 2561 2636 2597 ea
2661 2544 2857 2602 vellent.
2885 2543 3011 2596 sicut
3037 2559 3068 2594 a
3099 2543 3386 2611 parentibus

1809 2656 1900 2709 per
1930 2637 2109 2709 Legem
2135 2645 2454 2705 acceperant,
2488 2634 2754 2688 custodire.
2789 2654 2804 2684 ι
2833 2632 3051 2686 Rursum
3079 2631 3277 2685 obsecro
3303 2643 3350 2686 te
3369 2673 3384 2696 ,

1810 2743 1865 2785 ut
1892 2748 2014 2802 pace
2043 2743 2127 2784 tua
2155 2747 2314 2783 meum
2355 2728 2581 2782 dolerent
2623 2727 2823 2780 audias.
2863 2725 3160 2778 Judtvorum
3192 2723 3388 2778 Paulus

1810 2822 2107 2875 cerimonias
2133 2819 2439 2882 observabat,
2468 2834 2579 2870 cum
2602 2821 2716 2886 jam
2746 2815 2931 2868 Christi
2958 2824 3083 2869 esset
3108 2815 3384 2885 apostolus,

1811 2931 1856 2974 et
1883 2921 2006 2974 dicis
2043 2937 2060 2971 ι
2098 2936 2182 2972 eas
2212 2935 2310 2970 non
2339 2933 2444 2970 esse
2483 2914 2786 2986 perniciosas
2829 2912 2905 2964 his
2934 2911 3018 2976 qui
3057 2927 3140 2965 eas
3169 2909 3346 2964 vellunt
3370 2951 3386 2974 ,

1813 3012 1940 3064 sicut
1966 3028 1996 3063 a
2024 3008 2309 3078 parentibus
2338 3014 2651 3075 acceperant,
2676 3002 2943 3056 custodire.
2985 3020 3003 3052 ι
3051 3000 3157 3070 Ego
3195 3015 3222 3052 e
3265 3017 3386 3057 con-

1813 3102 1970 3155 trario
1997 3101 2194 3170 loquar,
2225 3108 2270 3151 et
2295 3098 2599 3150 reclamante
2623 3094 2828 3155 mundo,
2855 3092 3010 3144 libera
3029 3107 3143 3143 voce
3169 3107 3393 3158 pronun-

1817 3193 1950 3254 tient,
1976 3190 2275 3244 cerimonias
2295 3186 2592 3241 Judaaorum
2619 3195 2664 3237 et
2693 3183 2995 3252 perniciosas
3021 3199 3144 3247 esse,
3177 3191 3220 3234 et
3251 3198 3391 3234 utor-

1816 3283 1988 3353 tiferas
2013 3279 2346 3342 Christianis;
2376 3287 2421 3330 et
2449 3277 2743 3345 quicumque
2770 3290 2852 3326 eas
2891 3271 3217 3326 observaverit
3241 3312 3254 3336 ,
3293 3271 3396 3324 sive

1817 3390 1879 3428 ex
1915 3371 2133 3438 Juda'is,
2165 3372 2264 3426 sive
2289 3386 2351 3424 ea:
2377 3367 2632 3426 Gentibus.
2662 3382 2776 3419 eum
2802 3366 2853 3418 in
2884 3364 3175 3417 barathrum
3208 3361 3396 3416 diaboli

1817 3466 2121 3520 devolutum.
2168 3482 2186 3514 ι
2237 3461 2382 3515 Finis
2417 3459 2547 3514 enim
2579 3457 2722 3529 Legis
2753 3457 2997 3516 Christus.
3045 3456 3112 3507 ad
3144 3455 3395 3524 justitiam

1815 3558 1953 3611 omni
1982 3555 2222 3620 credenti,
2245 3551 2428 3606 Iudaeo
2457 3551 2643 3604 scilicet
2678 3558 2723 3601 et
2754 3547 2939 3601 Gentili
2961 3567 2978 3598 ι
3011 3545 3184 3615 (Rom.
3212 3560 3268 3608 χ,
3299 3544 3353 3613 4)
3379 3561 3392 3598 :

1816 3667 1974 3719 neque
2018 3649 2149 3702 enim
2197 3645 2334 3701 onmi
2377 3643 2594 3698 credenti
2639 3641 2731 3694 erit
2778 3639 2893 3701 ﬁnis
2931 3639 2997 3690 ad
3037 3637 3322 3706 justitiam,
3353 3637 3398 3690 si

1816 3739 2032 3794 Iudaeus
2060 3738 2324 3807 excipitur.
2365 3733 2431 3787 Et
2473 3733 2526 3786 in
2571 3730 2842 3800 Evangelia
2878 3728 3129 3798 legimus:
3159 3745 3176 3777 ι
3213 3723 3317 3778 Lex
3350 3735 3398 3778 et

1824 3832 2094 3900 PrOphetw
2139 3842 2293 3896 usque
2321 3825 2388 3878 ad
2413 3823 2660 3878 Joannem
2687 3820 2963 3890 Baptistam
2996 3836 3014 3868 ›
3049 3816 3258 3883 (Matth.
3307 3831 3356 3870 χι
3381 3856 3396 3881 ,

1822 3925 1909 3990 15,
1929 3933 1973 3977 et
1999 3922 2124 3976 Luc.
2162 3936 2270 3984 XVI,
2300 3919 2412 3988 16).
2441 3915 2507 3969 Ει
2535 3916 2587 3968 in
2612 3913 2714 3967 alio
2741 3912 2850 3965 loco
2883 3926 2900 3964 :
2932 3927 2949 3959 ι
2988 3908 3260 3976 Propterea
3283 3923 3399 3976 ergo

1820 4017 1981 4088 magis
2005 4013 2290 4087 quaerebant
2317 4025 2430 4064 eum
2447 4005 2620 4060 Judaei
2644 4003 2934 4070 interﬁcere,
2972 3999 3088 4069 quia
3111 4015 3208 4049 non
3239 3999 3399 4049 solum

1820 4107 2036 4162 solvebat
2073 4104 2363 4166 sabbatum,
2394 4097 2483 4151 sed
2526 4106 2572 4148 et
2624 4095 2828 4146 Patrem
2865 4104 3009 4140 suum
3057 4088 3248 4138 dicebat
3296 4100 3402 4138 esse

1823 4198 2005 4260 Deum,
2029 4193 2271 4264 a'qualem
2297 4206 2349 4242 se
2373 4187 2562 4259 faciens
2595 4184 2698 4236 Deo
2729 4201 2749 4233 ι
2781 4177 2956 4249 (Joan.
2988 4193 3036 4242 ν,
3070 4175 3177 4242 l8).
3209 4175 3274 4228 Et
3309 4175 3401 4230 ite-

1822 4304 1937 4343 rum
1970 4303 1988 4339 :
2025 4304 2042 4337 ι
2077 4282 2154 4337 De
2180 4279 2492 4351 plenitudine
2531 4277 2642 4345 ejus
2676 4289 2766 4327 nos
2801 4285 2972 4324 onmes
3007 4267 3307 4334 accepimus.
3354 4273 3405 4321 et

1826 4380 2040 4452 gratiam
2072 4392 2162 4448 pro
2199 4372 2391 4444 gratia,
2436 4368 2553 4439 quia
2595 4365 2703 4419 Lex
2749 4379 2837 4433 per
2879 4359 3090 4430 Moysen
3130 4358 3248 4410 data
3294 4362 3406 4424 ent;

1826 4472 2005 4528 Gratia
2048 4479 2213 4522 autent
2241 4475 2286 4519 et
2313 4464 2490 4517 veritas
2516 4477 2602 4530 per
2627 4457 2801 4512 Jesum
2827 4453 3080 4510 Christum
3109 4455 3241 4522 facta
3270 4459 3343 4503 est
3377 4464 3404 4503 ο

1825 4564 1877 4637 (1
1887 4563 1989 4618 bid.
2037 4578 2075 4626 ι,
2120 4559 2204 4622 16,
2239 4556 2347 4625 17).
2383 4552 2488 4606 Pro
2515 4549 2662 4620 Legis
2683 4547 2847 4618 gratia
2868 4560 2978 4616 qua:
3007 4542 3263 4614 pra'teriit,
3289 4555 3405 4610 gra-

1826 4659 1949 4712 tiam
1977 4649 2236 4723 Evangelii
2269 4647 2548 4716 accepimns
2594 4649 2960 4711 permanentem
2985 4652 3003 4696 ;
3028 4645 3073 4688 et
3101 4652 3191 4703 pro
3218 4631 3404 4684 umbris

1826 4760 1872 4803 et
1911 4720 2210 4815 imaginibus
2255 4737 2430 4794 veteris
2473 4733 2838 4792 Instrumenti,
2883 4727 3060 4781 veritas
3106 4741 3192 4795 per
3228 4720 3406 4775 .lesum

1827 4842 2081 4900 Christum
2113 4839 2249 4908 facta
2273 4844 2364 4888 est.
2395 4832 2641 4886 Jeremias
2663 4843 2856 4900 quoque
2876 4840 2938 4877 ex
2959 4838 3171 4890 persona
3195 4817 3291 4871 Dei
3319 4834 3408 4871 va-

1827 4939 2064 4992 ticinatnr
2093 4949 2110 4987 :
2145 4951 2163 4983 ι
2202 4929 2333 4984 Ecce
2357 4928 2462 4980 dies
2488 4926 2707 4984 veniunt,
2739 4919 2857 4973 dicit
2901 4916 3141 4968 Dominus
3161 4954 3176 4977 ,
3212 4924 3256 4966 et
3283 4929 3403 4965 con-

1828 5029 2089 5086 summabo
2115 5024 2286 5079 domui
2336 5019 2498 5075 Israel
2556 5027 2602 5070 et
2652 5012 2822 5067 domui
2872 5009 3012 5063 .luda
3063 5015 3408 5061 testamentum

1829 5137 2043 5182 novum;
2072 5134 2171 5171 non
2199 5113 2466 5169 secundum
2495 5115 2842 5162 testamentum
2879 5099 3012 5168 quod
3049 5099 3272 5167 disposui
3319 5111 3407 5161 pa-

1828 5215 1986 5270 tribus
2015 5226 2206 5272 eorum,
2239 5208 2289 5261 in
2321 5206 2401 5259 die
2430 5200 2628 5272 quando
2650 5194 2960 5267 appri/iendi
2983 5206 3185 5244 manum
3211 5200 3402 5248 eorum,

1827 5319 1888 5363 ut
1910 5307 2166 5360 educerem
2191 5317 2271 5356 eos
2301 5300 2361 5351 de
2390 5307 2522 5350 terra
2552 5290 2771 5362 Aigypti
2796 5308 2814 5340 ι
2846 5287 2981 5358 (Jer.
3011 5299 3152 5346 xm,
3181 5281 3268 5340 5|,
3292 5275 3402 5337 δὲ).

1893 5550 1966 5610 (α)
1993 5544 2228 5594 τιιειετίαι
2252 5549 2411 5610 emes.
2433 5533 2526 5610 te“.
2545 5539 2646 5610 est.
2668 5531 2719 5610 in
2731 5524 2940 5610 39262211
2967 5514 3410 5610 Ὲῖῗὶἓξῗέἐῖ

1830 5581 1966 5661 Tetigi
2252 5581 2645 5663 {iniuideam
2667 5589 2843 5646 uenis,
2867 5593 2948 5633 aut.
2970 5581 3184 5630 machina
3208 5583 3411 5639 quaan

1831 5658 2008 5730 ιὶέυιυι
2023 5682 2194 5732 magno
2217 5658 2398 5726 iuipctu
2413 5658 2701 5708 mitte-Lauta
