3962 6378
518 293 737 359 Observa
759 300 882 372 qutd
904 301 1058 367 dicat,
1086 298 1221 370 quod
1261 316 1361 354 non
1397 299 1582 371 populo
1613 295 1904 360 Gentilium,
1931 293 1977 348 ei
2002 291 2087 358 qui

515 403 630 448 ante
657 409 755 446 non
785 399 1035 461 receperat
1066 392 1080 422 ¹
1113 389 1497 450 Testamentum,
1531 389 1617 442 sed
1648 383 1833 457 papula
1871 383 2086 440 Judtto-

513 499 647 551 rum,
669 485 754 555 qui
777 477 954 553 Legem
981 477 1181 536 dederat
1203 499 1290 552 per
1325 479 1555 552 Moysen,
1598 469 1970 534 Testamentum
1996 494 2088 532 no-

510 597 625 636 vttnt
680 581 940 651 Evangelii
990 579 1336 650 repromittat;
1383 588 1437 629 ut
1482 589 1789 646 nequaquam
1827 574 1989 628 vivant
2031 569 2084 628 in

509 684 746 728 vetustate
771 674 966 733 lilil’t‘ll’,
996 669 1083 723 sed
1109 672 1157 723 in
1189 670 1402 722 novitate
1422 662 1645 735 spiritus.
1677 659 1872 720 Paulus
1894 677 2079 733 autem,

507 779 657 828 super
693 763 838 832 cujus
882 763 1081 814 nomine
1121 776 1251 811 nunc
1289 761 1494 826 queestio
1538 753 1832 817 ventilatur,
1883 751 2083 809 crebras

507 852 853 924 hujuscemodi
873 853 1012 923 ponit
1029 851 1326 912 sententias;
1347 865 1374 902 e
1397 848 1590 916 quilms,
1623 847 1869 902 brevitatis
1890 845 2080 911 studio,

505 963 668 1016 pauca
697 945 1000 998 subuectant.
1030 962 1047 993 ι
1081 941 1211 994 Ecce
1229 957 1319 1010 ego
1342 938 1532 992 Paulus
1552 939 1663 992 dico
1688 940 1822 993 vobis
1845 937 2082 1008 quoniam

501 1037 548 1092 si
567 1035 1011 1093 circunteidamini.
1039 1033 1267 1087 Christus
1295 1033 1428 1086 vobis
1456 1033 1582 1085 nihil
1606 1033 1826 1101 prodest.
1856 1053 1873 1082 ι
1905 1023 1970 1083 Et
1991 1031 2080 1083 ite-

501 1144 616 1181 rum
646 1143 664 1181 :
700 1145 718 1177 t
757 1125 996 1178 Evacnati
1029 1123 1144 1176 estis
1168 1140 1198 1175 a
1220 1121 1437 1185 Christo,
1461 1123 1545 1190 qui
1574 1122 1624 1175 in
1663 1120 1790 1190 Lege
1820 1121 2078 1191 justiﬁca-

500 1220 656 1282 mini;
684 1236 714 1270 a
737 1218 900 1288 gratia
939 1217 1212 1271 excidistis.
1251 1235 1269 1268 ι
1303 1214 1365 1268 Et
1387 1216 1520 1283 infra
1546 1230 1564 1267 :
1596 1232 1613 1265 ι
1653 1209 1712 1268 Si
1737 1213 1912 1284 spiritu
1933 1211 2076 1266 duci-

498 1312 654 1372 mini,
681 1311 793 1381 jmtt
835 1326 934 1362 non
969 1310 1084 1362 estis
1109 1306 1199 1362 sub
1225 1306 1356 1378 Lege
1389 1327 1407 1358 ›
1441 1304 1582 1377 (σαι.
1613 1322 1662 1367 ν,
1690 1307 1742 1367 2,
1771 1305 1824 1368 4,
1861 1303 1967 1376 18).
1999 1301 2079 1358 Ex

497 1422 595 1468 quo
638 1412 870 1474 apparet,
917 1403 1001 1471 qui
1055 1401 1144 1455 sub
1195 1399 1326 1469 Lege
1373 1409 1463 1460 est,
1510 1415 1608 1451 non
1647 1395 1995 1465 dtspensative,
2026 1406 2079 1448 ut

498 1496 654 1549 nostri
687 1494 883 1548 voluere
910 1494 1147 1563 majores,
1178 1492 1264 1545 sed
1293 1506 1421 1553 vere,
1462 1500 1515 1541 ut
1564 1499 1615 1542 tu
1657 1487 1925 1558 intelligis,
1966 1505 2077 1541 eum

499 1583 748 1657 Spiritum
780 1596 1005 1639 sanctum
1046 1601 1144 1637 non
1183 1584 1394 1636 habere.‘
1423 1579 1608 1646 Qualia
1637 1580 1734 1636 sint
1760 1592 1924 1635 autem
1949 1597 2080 1650 pra:-

497 1690 641 1748 cepta
690 1677 902 1749 legalia,
945 1675 1051 1730 Deo
1077 1676 1284 1729 docente
1311 1676 1581 1728 discamus.
1637 1694 1656 1726 t
1707 1674 1842 1744 ligo,
1877 1675 2073 1744 inquit,

496 1771 615 1825 dedi
639 1771 710 1823 eis
746 1783 1000 1839 prtecepta
1026 1785 1125 1820 non
1163 1769 1311 1831 bona,
1340 1777 1386 1820 et
1403 1764 1791 1836 justiﬁcationes
1819 1765 1868 1818 in
1899 1765 2076 1833 quibus

493 1880 595 1917 non
620 1861 784 1916 vivant
814 1863 864 1914 in
892 1862 961 1913 eis
991 1881 1008 1911 ι
1041 1859 1249 1927 (Ezech.
1281 1875 1365 1919 xx,
1401 1858 1513 1927 25).
1548 1855 1669 1910 lite:
1708 1857 1940 1922 dicimus,
1977 1873 2076 1910 non

492 1956 628 2026 quod
655 1955 833 2026 Legem
869 1955 1022 2024 juxta
1055 1951 1392 2006 Maniclneum
1419 1962 1463 2003 et
1507 1949 1813 2002 Marcionent
1851 1949 2076 2002 destrua-

492 2066 621 2114 mus,
651 2065 799 2117 quam
844 2057 890 2100 et
928 2057 1151 2100 sanctam
1181 2056 1226 2097 et
1252 2041 1566 2113 spiritualem
1600 2045 1749 2109 juxta
1781 2040 2075 2111 Apostolum

490 2141 756 2202 novimus;
794 2138 880 2193 sed
921 2139 1038 2207 quia
1085 2147 1344 2208 postquam
1385 2136 1509 2202 ﬁdes
1546 2133 1673 2186 venit
1713 2142 1757 2185 et
1798 2144 2074 2201 temporum

489 2226 768 2304 plenitudo,
795 2232 926 2285 misit
955 2229 1089 2282 Deus
1116 2228 1304 2280 Filiam
1325 2243 1471 2279 suum
1497 2228 1684 2294 factum
1704 2223 1723 2255 ’
1755 2241 1816 2277 ex
1845 2223 2069 2290 muliere,

491 2325 683 2396 factum
713 2324 802 2378 sub
832 2322 982 2392 Lege,
1015 2331 1070 2373 ttt
1095 2337 1176 2372 eos
1204 2323 1285 2388 qui
1316 2317 1406 2370 sub
1438 2315 1570 2385 Lege.
1607 2325 1746 2368 erant
1777 2314 2069 2380 redimeret,

487 2425 542 2472 ut
567 2417 888 2486 adoptionem
916 2415 1137 2481 ﬁliorunt
1165 2413 1493 2480 reciperentus
1517 2404 1655 2477 (Gal.
1689 2421 1758 2466 tv,
1782 2403 1868 2473 4);
1901 2417 1948 2460 et
1985 2421 2072 2460 ne-

485 2525 735 2580 quaquam
759 2505 847 2560 sub
882 2501 1176 2576 ptrdagogo,
1210 2505 1294 2556 sed
1331 2500 1422 2555 sub
1452 2499 1624 2553 adulto
1650 2508 1694 2552 et
1722 2491 1939 2551 Domino
1964 2497 2069 2551 ha:-

483 2599 604 2655 rede
632 2600 867 2652 vivamus.

555 2691 640 2746 15.
675 2689 917 2758 Sequitur
943 2685 994 2740 in
1045 2683 1256 2755 epistola
1307 2693 1392 2736 tua
1423 2699 1440 2735 :
1471 2700 1489 2734 ι
1529 2675 1646 2734 Non
1697 2675 1810 2734 ideo
1860 2675 2072 2733 Petrum

483 2781 783 2844 emendavit,
813 2778 947 2850 quod
975 2787 1207 2847 paternas
1225 2771 1515 2828 traditiones
1535 2772 1842 2835 observaret;
1875 2769 2010 2841 qttod
2029 2766 2072 2822 si

481 2874 645 2944 facere
665 2873 826 2935 vellet,
847 2888 935 2925 nec
960 2867 1278 2928 mendaciter,
1299 2885 1386 2920 nec
1403 2867 1670 2935 incongrue
1691 2869 1894 2936 faceret.
1924 2883 1941 2915 ι
1966 2861 2069 2915 lte-

478 2984 593 3022 rum
634 2969 744 3020 dico
791 2982 809 3019 .'
847 2961 1048 3035 quando
1094 2962 1354 3031 episc0pus
1399 2975 1465 3022 es,
1519 2957 1851 3011 lfcclesiarum
1884 2953 2070 3010 Christi

481 3059 734 3128 magister,
760 3064 814 3108 ut
845 3055 1018 3125 probes
1046 3069 1212 3106 verum
1244 3068 1347 3104 esse
1373 3049 1506 3120 quod
1534 3049 1734 3114 asseris,
1759 3048 1954 3118 suscipe
1973 3049 2069 3101 ali-

481 3165 628 3217 quem
666 3147 986 3204 Jnda-orum,
1016 3144 1102 3213 qui
1131 3147 1292 3213 factus
1320 3141 1650 3202 Christianus,
1679 3151 1848 3193 natum
1883 3139 1977 3194 sibi
2005 3139 2068 3208 ﬁ—

485 3241 609 3294 lium
655 3236 1001 3300 circumcidat,
1032 3241 1116 3304 qui
1144 3235 1360 3287 observet
1405 3231 1682 3288 sabbatum.
1714 3231 1798 3302 qui
1827 3231 2068 3285 abstineat

482 3346 513 3382 a
537 3329 661 3383 cibis
687 3344 812 3396 quos
844 3323 979 3379 Deus
1019 3327 1201 3378 creavit
1241 3324 1306 3375 ad
1353 3319 1592 3374 utendum
1639 3338 1752 3374 cutn
1791 3323 2066 3391 gratiarum

481 3423 695 3484 actione,
727 3422 813 3485 qui
833 3428 1008 3491 quarto
1039 3417 1229 3470 decimo
1259 3413 1340 3468 die
1368 3416 1549 3467 mensis
1574 3411 1725 3484 primi
1751 3431 1933 3482 agnum
1955 3430 2064 3466 nta-

480 3526 577 3569 ctet
603 3515 670 3567 ad
697 3529 984 3583 vesperam;
1008 3522 1051 3564 et
1096 3527 1207 3564 cum
1236 3507 1329 3561 ltoc
1371 3501 1565 3578 feceris,
1612 3505 1711 3558 into
1748 3523 1845 3558 non
1893 3506 2064 3576 feceris

483 3606 610 3673 (scio
636 3605 764 3658 enim
786 3614 831 3656 te
857 3603 1208 3661 christianum,
1251 3609 1295 3652 et
1337 3615 1439 3651 rem
1479 3595 1774 3666 sacrilegam
1819 3614 1917 3649 non
1959 3613 2066 3650 esse

481 3698 780 3767 facturum),
822 3695 940 3748 velis
984 3694 1132 3754 nolis,
1177 3703 1312 3742 tuam
1337 3689 1631 3742 sententiam
1671 3681 1989 3757 reprobabis;
2019 3699 2065 3742 et

481 3797 599 3841 tunc
649 3788 772 3842 scies
817 3800 967 3854 opere
1013 3783 1261 3854 difﬁcilius
1302 3797 1407 3834 esse
1448 3781 1747 3848 conﬁrmare
1787 3796 1878 3831 sua
1915 3796 2064 3848 quam

481 3877 647 3932 aliena
677 3874 1056 3946 reprehendere.
1080 3873 1151 3925 Ac
1172 3888 1232 3924 ne
1253 3870 1464 3942 forsitan
1493 3867 1579 3922 tibi
1605 3883 1702 3921 non
1729 3867 2059 3934 crederemus,

478 3970 582 4022 into
617 3985 714 4022 non
741 3969 824 4022 int.
842 3967 1129 4037 lligeremus
1156 3959 1278 4033 quid
1315 3957 1502 4014 diceres
1533 3957 1833 4031 (frequenter
1855 3961 1984 4012 enim
2010 3960 2063 4012 in

479 4062 684 4131 longum
728 4074 889 4113 sermo
937 4064 1216 4128 protractus
1265 4063 1399 4108 caret
1443 4051 1808 4123 intelligentia;
1843 4064 1889 4106 et
1939 4053 2061 4108 dum

478 4170 576 4206 non
598 4155 818 4216 sentitur,
855 4151 916 4203 ab
953 4149 1194 4220 imperitis
1225 4147 1388 4200 minus
1432 4143 1850 4216 reprehenditur),
1895 4145 2058 4200 incul-
2109 4177 2120 4186 -

478 4261 563 4298 cas
601 4254 644 4296 et
671 4243 881 4311 replicas
913 4257 930 4293 :
965 4260 983 4292 ι
1037 4239 1145 4292 Iloc
1171 4255 1287 4310 ergo
1306 4235 1605 4291 Judteornm
1638 4229 1830 4292 Paulus
1855 4235 2060 4291 dimise-

477 4345 578 4398 rat,
617 4334 747 4402 quod
793 4333 981 4384 malum
1029 4330 1290 4382 habebant.
1331 4329 1478 4393 Quod
1517 4341 1587 4382 est
1618 4331 1806 4383 malum
1846 4329 2057 4386 Iudaeo-

476 4440 608 4486 rum,
629 4423 763 4492 quod
788 4420 979 4474 Paulus
1003 4421 1256 4472 dimiserat
1273 4421 1300 4470 2
1325 4417 1646 4482 Utiqueillud
1663 4419 1794 4487 quod
1810 4422 2060 4490 sequitur:

477 4515 614 4584 quod
664 4515 966 4583 ignorantes,
1009 4511 1194 4578 inquit,
1237 4503 1327 4560 Dei
1345 4507 2058 4580 justitiam,etsuamvolentes

478 4599 791 4658 constituere,
823 4595 1028 4660 iustitia:
1058 4585 1149 4645 Dei
1179 4610 1277 4645 non
1313 4601 1428 4646 sunt
1463 4592 1668 4662 subiecti
1693 4591 1865 4665 (Rom.
1895 4611 1948 4659 χ,
1978 4595 2053 4661 3);

476 4687 656 4740 deinde
699 4685 834 4758 quod
879 4695 989 4756 post
1034 4683 1315 4753 passionem
1346 4691 1390 4735 et
1419 4685 1825 4737 resurrectionem
1849 4685 2051 4754 Christi,

477 4780 594 4831 dato
619 4796 677 4830 ac
694 4777 1010 4844 manifestato
1029 4774 1356 4829 Sacraniento
1408 4773 1583 4842 gratia."
1605 4815 1618 4840 ,
1657 4776 1928 4829 secundum
1973 4795 2056 4831 or-

479 4870 644 4922 dinem
693 4863 1074 4922 Melchisedech.
1103 4863 1269 4918 adhuc
1291 4864 1527 4934 putabant
1559 4864 1716 4918 vetera
1743 4878 2053 4922 sacramenta

477 4978 575 5016 non
616 4978 673 5013 e1
725 4959 1077 5013 consuetudine
1117 4953 1478 5020 solentttlttttis,
1528 4956 1614 5010 sed
1662 4967 1725 5012 at
1769 4961 2054 5016 necessitate

475 5054 650 5106 saltzlis
679 5069 782 5106 esse
809 5051 1140 5114 celebranda;
1169 5059 1281 5123 qua"
1307 5061 1468 5105 tamen
1497 5051 1540 5103 si
1571 5061 1820 5121 nunquam
1843 5055 2050 5121 fuissent

478 5146 755 5196 necessaria
781 5186 792 5204 ,
830 5144 1136 5211 infructuose
1171 5149 1317 5212 atque
1361 5139 1576 5194 inaniter
1613 5153 1701 5211 pro
1734 5144 1805 5195 eis
1836 5141 2049 5196 Macha-

474 5231 566 5292 bai
596 5257 653 5287 nn
675 5249 832 5304 rt_:,res
853 5236 1024 5306 ﬁerent
1057 5251 1074 5288 :
1103 5246 1343 5301 postremo
1371 5233 1518 5297 illttd,
1541 5233 1675 5299 quod
1703 5234 2050 5302 prtedicatores

473 5331 654 5402 gratia:
681 5329 783 5385 (Σίν
802 5331 988 5383 stianos
1029 5327 1218 5393 Judwi,
1239 5337 1471 5397 tauquam
1498 5327 1660 5380 hostes
1685 5323 1850 5396 Legis,
1880 5343 2048 5395 perse-

543 5489 559 5522 ί
589 5495 692 5538 Mss.
715 5487 968 5537 undecim:
995 5497 1110 5535 (‘um
1136 5499 1227 5548 quo
1246 5490 1326 5533 ant
1347 5498 1353 5512 ’
1378 5497 1472 5548 non
1486 5483 1514 5544 f
1533 5487 1661 5531 cerat
1679 5487 2043 5548 Testamentum.

536 5551 556 5581 ¹
577 5551 706 5609 rem,
732 5559 892 5599 tntum
917 5563 976 5598 ex
1000 5544 1213 5597 muliere.
1243 5556 1295 5594 Αι
1319 5549 1425 5595 Mss.
1447 5547 1636 5609 decem,
1663 5544 1839 5605 ﬁtetunt
1865 5555 1929 5593 ea:
1947 5557 2047 5596 mu.

477 5607 594 5663 (iere
626 5607 725 5661 :sic
759 5611 867 5660 alibi
908 5625 1080 5673 gas-sun
1104 5621 1419 5670 tumonymus
1446 5607 1584 5665 juxta
1608 5615 1820 5669 statim
1837 5611 2043 5663 mum.

1735 179 1793 235 s.
1833 174 2197 234 AUGUSTINI
2235 173 2539 232 EPISCOPI
3120 128 3129 135 ’
3662 188 3756 246 ιω

2191 304 2478 361 querentur.
2525 292 2635 348 Hos
2666 301 2815 365 atque
2856 295 3144 366 hujusntodi
3181 316 3372 356 errores
3405 311 3452 356 et
3483 301 3624 362 vitia.
3653 305 3755 360 dicit

2191 402 2244 439 se
2269 385 2454 440 damna
2491 399 2536 440 et
2576 399 2630 442 ut
2649 399 2866 443 stercora
2891 391 3206 467 arbitratum,
3237 405 3290 449 ut
3319 395 3572 452 Christum
3602 399 3756 454 .lucri-

2191 478 2374 547 faceret
2399 477 2652 548 (Philipp.
2693 497 2767 546 ut.
2796 481 2876 552 8).
2900 501 2919 534 ι

2261 572 2345 625 16.
2380 564 2659 627 Didicimus
2691 591 2777 644 per
2805 586 2868 640 te,
2899 592 3018 642 qua:
3039 576 3294 646 apostolus
3324 567 3513 635 Paulus
3543 583 3682 636 mala
3703 602 3755 638 re-

2188 655 2384 732 liquerit
2416 665 2431 695 ¹
2456 663 2786 731 .luda'orum;
2817 685 3015 722 rursum
3044 678 3091 721 te
3122 669 3325 724 docente
3367 671 3618 726 discamus
3661 692 3760 745 qm

2188 753 2315 808 bona
2329 771 2500 809 eorum
2531 757 2760 814 tenuerit.
2798 777 2816 810 ι
2847 757 3242 824 Observationes,
3274 762 3516 832 iinquies,
3547 784 3566 816 ι
3600 763 3753 835 Legis,

2185 859 2310 913 quas
2335 863 2468 900 more
2490 848 2654 918 patrio
2674 847 2940 913 celebrant,
2970 847 3096 904 sicut
3121 851 3183 904 ab
3199 852 3308 919 ipso
3330 849 3492 907 Paulo
3513 855 3758 912 celebrata

2184 948 2320 1000 sunt,
2351 938 2458 993 sine
2486 938 2591 993 ulla
2615 938 2794 994 salutis
2820 941 3120 995 necessitate.
3145 960 3164 996 ι
3201 931 3266 994 ld
3291 943 3412 1012 quid
3439 944 3557 999 v.-lis
3584 946 3756 1015 dicere,

2192 1047 2211 1080 ε
2244 1031 2350 1081 sine
2376 1023 2480 1083 ulla
2505 1030 2681 1083 salutis
2707 1032 3013 1098 necessitate,
3049 1049 3068 1083 ι
3104 1049 3202 1086 non
3241 1034 3364 1088 satis
3408 1035 3658 1106 intelligo.
3711 1035 3756 1094 Si

2184 1119 2316 1172 enim
2336 1121 2547 1174 8:’tlttlt’ttt
2578 1139 2676 1175 non
2712 1121 2954 1188 afferunt,
3001 1140 3090 1178 cur
3115 1125 3472 1181 observantur?
3500 1121 3561 1181 Si
3599 1139 3757 1182 autent

2184 1211 2489 1264 observanda
2515 1223 2650 1276 sunt,
2694 1215 2864 1284 utique
2896 1215 3108 1268 salutent
3139 1213 3389 1282 afferunt;
3417 1221 3633 1274 maxime
3656 1238 3759 1291 qua:

2183 1303 2440 1356 observata
2457 1311 2699 1375 martyres
2722 1298 2933 1374 faciant.
2961 1304 3078 1360 Non
3100 1309 3229 1360 enim
3246 1309 3647 1379 observarentur,
3671 1317 3757 1368 nisi

2183 1395 2392 1448 salutent
2439 1393 2695 1462 afferrent.
2741 1394 2917 1468 Neque
2942 1399 3070 1451 enim
3103 1395 3438 1464 indi/ferentia
3478 1415 3591 1457 sunt
3639 1406 3758 1460 inter

2183 1484 2365 1538 bonum
2391 1495 2436 1540 et
2462 1485 2668 1552 malum,
2695 1488 2820 1542 sicut
2847 1489 3131 1560 philosophi
3162 1491 3433 1562 disputant.
3466 1479 3670 1550 Donum
3697 1511 3755 1554 est

2181 1571 2507 1643 continentia,
2553 1577 2740 1632 malum
2766 1575 2839 1634 est
2863 1581 3096 1646 luxuria;
3121 1584 3248 1636 inter
3274 1571 3534 1656 utrunique
3562 1587 3755 1654 indiffe-

2179 1686 2319 1734 rens,
2365 1667 2654 1735 ambulare,
2682 1671 2905 1742 digerere
2933 1672 3033 1724 alvi
3057 1683 3311 1740 stercora,-
3335 1677 3513 1743 capitis
3559 1680 3754 1735 naribus

2181 1771 2506 1830 purgamenta
2551 1763 2815 1832 projicere,
2847 1763 3005 1831 sputis
3031 1764 3291 1818 rheumata
3304 1767 3476 1835 jacere
3507 1784 3525 1822 :
3553 1769 3649 1822 hoc
3677 1788 3754 1827 nec

2180 1853 2384 1919 bonum,
2413 1870 2501 1906 nec
2531 1853 2716 1907 malum
2737 1865 2839 1920 est;
2880 1856 2980 1908 sive
3004 1857 3133 1908 enim
3157 1851 3351 1925 feceris,
3379 1861 3480 1914 sire
3509 1878 3608 1914 non
3630 1867 3752 1933 [θοὰ

2179 1941 2270 2004 ris,
2308 1960 2397 1996 nec
2429 1943 2678 2014 justitiam
2718 1941 2946 2008 habebis,
2987 1961 3074 1998 nec
3114 1946 3429 2015 injustitiam.
3485 1947 3752 2007 Observare

2178 2046 2344 2087 autem
2373 2034 2518 2104 Legis
2541 2035 2856 2097 cerimonias,
2884 2052 2981 2087 non
3007 2045 3166 2104 potest
3191 2053 3294 2090 esse
3319 2037 3644 2104 indi/ferens;
3669 2039 3750 2094 sed

2178 2134 2264 2176 aut
2284 2123 2469 2176 malum
2489 2134 2580 2188 est,
2610 2134 2694 2176 aut
2725 2124 2904 2176 bonunt
2937 2134 3025 2177 est.
3053 2121 3127 2177 Tu
3157 2126 3279 2178 dicis
3310 2127 3528 2194 bonunt;
3554 2147 3644 2201 ego
3675 2148 3747 2186 as-

2176 2231 2286 2268 sero
2314 2213 2531 2276 malum;
2563 2224 2607 2266 et
2629 2215 2814 2265 malum
2840 2231 2938 2267 non
2960 2215 3121 2268 solum
3146 2214 3223 2268 Itis
3261 2217 3344 2286 qui
3391 2233 3454 2271 ea:
3495 2211 3743 2290 Gentibus,

2177 2308 2264 2361 sed
2290 2317 2334 2361 et
2361 2308 2436 2360 his
2460 2308 2546 2377 qui
2569 2323 2628 2360 ea:
2654 2304 2871 2361 Iudaico
2917 2307 3100 2378 papula
3148 2309 3482 2363 crediderunt.
3535 2309 3590 2364 ltt
3631 2314 3739 2380 hoc,

2176 2401 2275 2456 nisi
2318 2401 2490 2473 fallor,
2537 2400 2666 2466 loco,
2713 2397 2833 2454 dum
2879 2400 3020 2453 aliud
3043 2401 3187 2464 vitas,
3218 2402 3266 2454 in
3294 2403 3435 2455 aliud
3461 2401 3743 2461 devolveris.

2177 2493 2309 2546 Dant
2349 2494 2479 2545 enim
2508 2493 2682 2544 metuis
2712 2489 3048 2561 Porphyrium
3077 2491 3518 2559 blasphentantetn,
3551 2493 3602 2548 iu
3645 2493 3746 2551 Ile-

2176 2585 2333 2638 bionis
2360 2583 2575 2636 incurris
2601 2581 2833 2652 laqueos:
2859 2582 2934 2635 Itis
2959 2583 3044 2652 qui
3083 2584 3286 2637 credunt
3317 2602 3379 2639 ex
3414 2583 3626 2651 .ludteis,
3669 2589 3744 2642 ob-

2174 2676 2467 2729 servandam
2497 2671 2677 2746 Legem
2704 2693 2807 2728 esse
2825 2675 3108 2729 decernens.
3137 2676 3198 2729 Ιιί
3219 2677 3302 2746 qui
3323 2677 3654 2746 periculOsum
3675 2681 3748 2736 in-

2177 2765 2358 2836 telligis
2385 2782 2488 2819 esse
2527 2765 2660 2834 quod
2683 2765 2830 2829 dicis,
2875 2780 3074 2818 rursum
3115 2763 3244 2818 illud
3287 2765 3552 2838 super/luis
3595 2772 3746 2827 verbis

2174 2865 2448 2926 temperare
2470 2857 2668 2909 conaris
2697 2871 2714 2907 :
2743 2874 2762 2907 ι
2803 2855 2925 2908 Sine
2959 2855 3062 2907 ulla
3082 2856 3258 2908 salutis
3289 2861 3592 2926 necessitate,
3623 2862 3745 2916 sicut

2171 2947 2342 3002 Judazi
2363 2945 2656 3002 celebranda
2676 2946 2935 3020 putabant,
2959 2956 3045 2999 aut
3065 2947 3236 3015 fallaci
3255 2949 3590 3018 simulatione,
3614 2954 3744 3024 quod

2171 3039 2224 3092 in
2264 3035 2412 3092 Petro
2441 3037 2823 3107 reprehenderat
2858 3035 3067 3090 Paulus.
3105 3055 3125 3090 ι

2243 3131 2328 3184 17.
2359 3127 2536 3184 Petrus
2562 3128 2712 3200 igitur
2732 3127 2979 3181 simulavit
3007 3125 3154 3200 Legis
3183 3129 3491 3195 custodiant;
3531 3134 3624 3188 iste
3652 3152 3741 3189 au-

2173 3232 2266 3275 tent
2297 3222 2619 3292 reprehensor
2648 3217 2805 3283 Petri,
2832 3219 3068 3273 audacter
3094 3217 3363 3276 observavit
3385 3222 3620 3294 legitima.
3653 3225 3744 3281 Se-

2169 3316 2336 3386 quitur
2376 3315 2503 3369 enim
2539 3315 2588 3368 in
2633 3311 2842 3382 epistola
2887 3322 2972 3366 tua
3003 3328 3022 3366 :
3053 3330 3071 3364 ι
3102 3307 3241 3368 Nam
3280 3315 3325 3369 si
3353 3327 3611 3384 propterea
3653 3318 3741 3374 illa

2169 3415 2482 3458 sacramenta
2507 3403 2791 3468 celebravit,
2824 3402 2941 3473 quia
2967 3401 3217 3457 simulavit
3237 3420 3288 3458 se
3309 3401 3569 3474 ludwnnt,
3600 3418 3652 3461 ut
3677 3405 3740 3462 ειη

2170 3496 2243 3548 los
2266 3496 2600 3565 lucrifaceret,
2623 3511 2712 3547 cur
2739 3510 2836 3548 non
2861 3493 3011 3547 etiam
3029 3493 3326 3562 sacriﬁcavit
3347 3509 3457 3549 cum
3485 3489 3734 3565 Gentibus,

2167 3585 2282 3656 quia
2325 3593 2369 3636 et
2403 3584 2480 3637 his
2502 3583 2588 3655 qui
2615 3583 2723 3637 sine
2761 3577 2892 3654 Lege
2920 3593 3078 3645 erant,
3109 3594 3342 3654 tanquam
3369 3583 3475 3639 sine
3503 3581 3634 3659 Lege
3663 3591 3736 3657 fa-

2169 3688 2277 3730 ctus
2305 3687 2397 3742 est,
2423 3687 2476 3730 ut
2505 3692 2590 3730 eos
2618 3691 2810 3746 quoque
2835 3671 3146 3744 lucrifaceret
3173 3673 3218 3747 (Ι
3245 3671 3361 3730 Cor.
3395 3692 3472 3741 ix,
3494 3677 3616 3747 21);
3647 3679 3735 3734 nisi

2167 3769 2284 3837 quia
2311 3778 2355 3821 et
2377 3767 2505 3821 illud
2525 3766 2658 3835 fecit,
2684 3775 2737 3818 ut
2761 3773 2941 3818 natura
2969 3761 3200 3830 Iudaeus,
3232 3775 3275 3818 et
3301 3766 3392 3819 hoc
3413 3776 3567 3820 totum
3593 3769 3730 3835 dixit,

2169 3876 2266 3912 non
2290 3867 2339 3910 ut
2359 3853 2552 3909 Paulus
2573 3872 2624 3908 se
2639 3851 2846 3926 ﬁngeret
2871 3872 2976 3910 esse
2993 3856 3128 3924 quod
3154 3873 3252 3909 non
3273 3865 3396 3922 erat,
3420 3859 3505 3910 sed
3521 3869 3576 3911 ut
3597 3859 3731 3913 mise-

2167 3949 2426 4001 ricorditer
2463 3947 2533 3998 ita
2567 3941 2951 3999 subveniendum
2970 3961 3076 3999 esse
3095 3946 3316 4011 sentiret,
3339 3963 3397 3998 ac
3415 3945 3457 4000 si
3480 3947 3587 4018 ipse
3606 3945 3653 4003 in
3680 3966 3728 4002 eo

2166 4053 2333 4091 errore
2356 4036 2631 4099 laboraret;
2659 4051 2756 4087 non
2772 4033 2957 4087 scilicet
2975 4035 3252 4088 mentientis
3272 4044 3402 4101 astu,
3421 4037 3510 4090 sed
3534 4055 3725 4109 compa-

2167 4129 2330 4184 tientis
2354 4125 2555 4196 affectu.
2588 4147 2607 4179 ι
2637 4119 2772 4179 Bene
2797 4125 3022 4197 defendis
3049 4121 3290 4193 Paulunt,
3335 4121 3472 4200 quod
3517 4147 3617 4184 non
3663 4131 3725 4185 si-

2166 4222 2423 4278 mulaverit
2447 4236 2663 4274 errorem
2689 4211 3006 4283 Iudaeorum,
3034 4223 3122 4273 sed
3147 4235 3255 4273 vere
3283 4219 3430 4292 fuerit
3459 4213 3510 4275 itt
3541 4240 3722 4288 errore;

2165 4331 2320 4385 neque
2347 4313 2536 4367 imitari
2557 4312 2759 4366 voluerit
2791 4307 2991 4364 Petrum
3023 4313 3353 4374 mentientem,
3376 4321 3427 4366 ut
3455 4316 3590 4383 quod
3608 4325 3721 4380 erat,

2116 4442 2118 4444 -
2163 4416 2294 4460 metu
2337 4405 2631 4458 .ludteorum
2662 4402 2998 4456 dissimularet
3025 4399 3077 4468 ';
3104 4400 3191 4455 sed
3221 4413 3323 4456 tota
3370 4401 3596 4459 libertate
3634 4405 3723 4460 Ju-

2165 4499 2326 4553 daeum
2343 4513 2394 4552 se
2422 4513 2526 4551 esse
2550 4495 2750 4548 diceret.
2780 4482 2831 4546 Ν
2836 4509 2977 4546 ovum
3000 4494 3308 4548 clementiam
3333 4497 3556 4567 Apostoli
3573 4497 3596 4554 l
3614 4498 3722 4552 dunt

2163 4589 2373 4644 Judteos
2404 4586 2716 4642 Christianas
2752 4583 2852 4639 vult
2879 4588 3062 4656 facere,
3090 4587 3196 4657 ipse
3213 4583 3422 4641 Juda'us
3448 4593 3610 4662 factus
3636 4601 3715 4646 est.

2162 4683 2284 4738 Non
2307 4684 2439 4738 enim
2463 4690 2653 4752 poterat
2674 4680 2959 4735 luxuriosos
2996 4680 3064 4733 ad
3101 4682 3440 4751 frugalitatem
3477 4684 3712 4746 reducere,

2159 4776 2256 4829 nisi
2281 4792 2332 4828 se
2362 4773 2673 4827 luxuriosum
2711 4770 2984 4843 probasset,
3013 4779 3058 4824 et
3085 4771 3485 4837 misericorditer,
3538 4783 3588 4827 ut
3621 4755 3716 4841 ipse

2159 4867 2304 4933 dicis,
2334 4865 2594 4920 subvenire
2638 4864 2849 4931 miseris,
2894 4864 2989 4917 nisi
3015 4879 3068 4916 se
3091 4863 3324 4916 miserum
3364 4866 3469 4935 ipse
3507 4869 3710 4921 sentiret.

2172 4958 2291 5012 i’ere
2333 4961 2464 5012 enim
2508 4954 2707 5020 miselli,
2756 4965 2802 5008 et
2848 4953 3231 5008 misericorditer
3279 4955 3594 5024 deplorandi,
3637 4957 3713 5026 qui

2157 5052 2469 5104 contentione
2487 5066 2578 5102 sua
2608 5057 2653 5100 et
2679 5063 2849 5100 amore
2873 5044 3020 5116 Legis
3041 5045 3257 5109 abolitae,
3281 5051 3558 5117 apostolum
3583 5046 3710 5102 ΕΙιιὶ-

2155 5149 2217 5202 sti
2244 5153 2400 5218 fecere
2424 5145 2680 5198 Iudicum.
2715 5141 2824 5197 Nec
2857 5144 3068 5196 multum
3106 5143 3306 5196 interest
3346 5143 3473 5196 inter
3503 5160 3650 5198 meant
3672 5150 3712 5194 et

2156 5249 2293 5293 tuam
2318 5236 2630 5298 sententiam,
2659 5234 2776 5304 quia
2815 5249 2902 5304 ego
2937 5234 3049 5286 dico
3085 5244 3132 5287 et
3173 5231 3378 5286 Pelt‘ttm
3407 5246 3455 5287 et
3485 5233 3707 5297 Paulum,

2156 5331 2334 5383 timore
2357 5328 2582 5398 ﬁdelium
2605 5325 2922 5388 Judteorum,
2956 5323 3104 5394 Legi:
3130 5326 3428 5393 exercuisse,
3457 5326 3554 5378 imo
3573 5329 3708 5377 sintu-

2217 5481 2234 5517 ί
2259 5480 2331 5531 sic
2355 5471 2456 5544 leg.
2481 5491 2591 5544 eum
2614 5481 2720 5527 Mss.
2741 5475 3030 5544 quindecim,
3055 5474 3382 5542 [reliquerat]

2153 5531 2468 5661 ὤϊξε)ἷή
2491 5543 2590 5592 duo
2609 5546 2742 5603 Iss,
2759 5531 2815 5591 'ut
2833 5542 2962 5603 auat!
2979 5531 3197 5591 uanam
3216 5547 3342 5592 iaetu
3363 5531 3634 5595 iud-mal
3647 5531 3706 5587 ιι·
