3962 6384
130 232 216 289 ,κ
1245 213 1658 271 Εριετοωιηῑ

1765 215 2036 274 GLASSIS
2072 219 2135 275 ll.

131 351 242 399 tam
261 338 523 402 uulua;
551 345 604 389 tu
624 339 790 388 autem
819 334 1000 388 asseris
1029 333 1122 386 hoc
1141 347 1226 386 eos
1253 332 1426 402 fecisse
1444 331 1660 385 clemen;

130 445 208 497 ur,
234 440 252 482 t
277 444 371 482 non
407 424 684 479 mentientis
714 430 859 488 astu,
877 421 966 476 sed
993 421 1337 491 eompatientis
1375 419 1558 486 affectu
1588 436 1607 474 :
1638 439 1662 472 ι

129 501 363 578 dummodo
399 516 525 571 illud
563 524 774 579 constet,
813 515 888 568 uel
930 524 1082 572 metu.
1109 513 1186 567 uel
1214 513 1554 566 misericordia
1581 529 1664 568 eos

130 613 352 670 simulasse
375 625 426 664 se
453 624 574 672 esse,
595 607 850 676 quodnon
878 613 1036 660 narrt.
1057 604 1082 657 Ι
1090 603 1199 658 llud
1219 615 1383 657 autem
1398 617 1662 674 argumen-

131 717 232 769 tum,
256 715 346 772 quo
366 701 602 752 adversus
626 709 718 749 nos
744 695 920 762 uteris,
949 695 1085 766 quod
1112 692 1457 748 “Gentilibus
1481 694 1662 746 debue-

129 793 371 864 ritgentilis
397 789 525 858 ﬁeri,
542 788 587 842 si
611 786 812 842 Judcis
838 786 1052 840 lutltrus
1079 788 1244 854 factus
1263 796 1352 847 est,
1384 785 1544 855 magis
1568 801 1658 852 pro

128 885 244 939 udis
280 881 396 951 facit
423 895 442 933 :
467 880 594 932 sicut
619 879 752 930 enim
778 892 880 931 non
908 877 1004 944 fuit
1045 893 1155 931 uere
1195 875 1427 940 Judteus,
1470 876 1542 927 sic
1570 891 1658 928 nec

129 991 216 1036 sere
235 971 416 1044 gentilis
441 979 579 1030 erat;
605 977 655 1021 et
675 968 806 1022 sicut
830 979 928 1020 non
956 968 1055 1037 fuit
1079 978 1188 1022 uere
1213 967 1433 1037 gentilis,
1467 966 1540 1020 sic
1567 981 1658 1020 nec

129 1080 215 1120 me
233 1061 424 1117 huius
446 1069 568 1113 erat.
593 1056 658 1113 In
683 1075 743 1113 eo
783 1067 950 1112 autem
992 1060 1214 1113 imitator
1245 1056 1517 1112 Gentilium
1562 1066 1651 1121 est,

129 1160 222 1230 qsia
253 1154 533 1225 praeputium
571 1151 749 1221 recipit
773 1152 826 1204 in
851 1151 953 1218 fide
989 1150 1192 1232 Christi,
1233 1159 1279 1204 et
1315 1149 1657 1216 indi/Terenter

132 1247 322 1319 permittit
341 1244 460 1298 vesci
480 1242 606 1297 cibis
629 1257 752 1304 quas
781 1240 1022 1293 damnant
1050 1239 1252 1305 Judaei;
1279 1256 1378 1292 non
1415 1239 1573 1304 cultu,
1601 1246 1655 1291 ut

131 1351 174 1396 ts
194 1348 336 1408 putas,
372 1335 638 1389 idolorum.
681 1331 745 1386 In
769 1331 964 1387 Christo
989 1332 1124 1385 enim
1150 1331 1271 1384 .lesu
1307 1347 1395 1384 nec
1433 1331 1653 1383 circum-

128 1433 232 1486 cisia
250 1437 312 1484 est
328 1426 517 1495 aliquid,
550 1442 642 1479 nec
671 1425 992 1494 praeputium,
1031 1425 1118 1478 sed
1141 1423 1412 1477 observatio
1437 1423 1653 1476 manda-

132 1535 277 1578 torum
300 1519 376 1574 Dei
396 1518 516 1591 (Gal.
547 1532 608 1586 ν,
632 1517 686 1584 ϐ,
717 1526 768 1571 et
797 1531 872 1582 γι,
902 1514 1016 1584 15).

192 1607 261 1670 l8.
294 1613 450 1678 Qtueso
471 1611 628 1681 igitur
653 1619 719 1674 te,
748 1619 794 1664 et
822 1610 1001 1662 iterum
1028 1616 1174 1676 atque
1194 1606 1370 1660 iterum
1393 1605 1649 1677 deprecor.

131 1717 176 1761 nt
193 1708 382 1777 ignzzscos
406 1700 844 1771 disputatiuncnlte
864 1715 1018 1763 niese;
1045 1709 1089 1751 et
1117 1699 1250 1766 quod
1268 1697 1470 1750 modum
1490 1712 1652 1751 meum

133 1811 318 1870 egressus
341 1813 460 1854 sum,
482 1792 571 1846 tibi
598 1794 812 1862 imputes
831 1791 914 1859 qui
940 1789 1140 1860 coegisti
1172 1799 1224 1842 ut
1244 1787 1578 1851 rescriberem,
1608 1800 1654 1842 et

131 1892 232 1945 mihi
243 1905 339 1942 curn
359 1889 642 1942 Stesichoro
661 1883 834 1938 oculos
850 1883 1116 1937 abstulisti.
1143 1871 1250 1935 Nec
1280 1899 1358 1935 me
1382 1891 1519 1951 putes
1547 1897 1653 1933 ma-

128 1982 298 2050 gistrum
317 1995 410 2032 esse
429 1976 702 2038 mendacii,
721 1975 804 2045 qui
837 1990 1015 2042 sequor
1060 1972 1315 2027 Christum
1363 1974 1606 2025 dicentem
1635 1985 1653 2024 :

134 2071 256 2139 tEgo
272 2070 473 2130 suturis,
502 2068 679 2120 ueritas
698 2075 743 2118 et
770 2066 868 2118 vita
893 2084 910 2115 ι
933 2065 1110 2132 υοαη.
1133 2079 1242 2128 xw,
1270 2064 1346 2130 6).
1372 2063 1478 2116 .“ec
1495 2071 1654 2131 potest

130 2163 215 2231 ﬁeri
238 2173 280 2214 ut
302 2161 508 2214 veritatis
539 2158 719 2221 cultor,
751 2155 1010 2209 mendacio
1041 2153 1171 2208 colla
1208 2155 1512 2208 submittant.
1550 2153 1655 2206 Ne-

128 2269 199 2323 que
222 2252 328 2304 mihi
361 2250 699 2319 imperitorum
743 2246 1047 2318 plebeculam
1074 2246 1309 2310 concites,
1336 2245 1420 2312 qui
1440 2254 1488 2298 te
1514 2259 1657 2298 vene-

127 2353 331 2397 ranturut
355 2343 656 2413 episcOpum,
691 2349 736 2392 et
769 2338 820 2391 in
847 2336 1052 2391 ecclesia
1078 2337 1453 2397 declamantem,
1485 2351 1654 2388 sacer-

127 2437 230 2488 dotii
271 2435 430 2488 honore
468 2431 787 2502 suspiciunt;
822 2445 901 2481 me
939 2438 1126 2490 autem,
1166 2428 1326 2480 anatis
1372 2427 1580 2488 ultimm,
1609 2434 1656 2479 et

127 2543 236 2598 pene
266 2526 564 2593 decrepitum,
595 2541 657 2577 ac
696 2522 982 2576 monasterii
1009 2531 1053 2574 et
1087 2520 1219 2573 ruris
1242 2530 1431 2574 secreta
1464 2529 1656 2573 sectan-

127 2628 225 2679 tem,
264 2617 642 2688 paruipendunt;
673 2625 718 2668 et
741 2629 931 2683 quaeras
969 2612 1076 2674 tibi,
1100 2628 1221 2681 quos
1248 2612 1426 2666 doceas
1451 2611 1552 2663 sire
1575 2627 1653 2662 re-

127 2705 384 2778 prehendas.
405 2707 479 2761 Ad
506 2721 598 2759 nos
630 2705 784 2770 enim,
817 2704 968 2757 tantis
1000 2703 1154 2756 maris
1189 2713 1335 2772 atque
1358 2711 1601 2753 terrarum
1625 2719 1656 2753 a

125 2808 168 2853 te
198 2801 356 2853 divisos
378 2800 559 2867 spatiis,
590 2798 673 2849 vix.
692 2793 823 2849 vocis
843 2805 942 2848 tute
963 2811 1113 2848 sonus
1139 2793 1371 2859 pervenit.
1399 2791 1462 2845 Et
1488 2794 1530 2844 si
1553 2795 1657 2862 for-

123 2872 238 2944 sitan
272 2890 439 2943 litteras
471 2888 760 2958 scripseris,
795 2897 910 2939 ante
949 2901 1033 2940 eos
1058 2884 1208 2939 Italia
1230 2901 1288 2937 ac
1311 2883 1471 2936 Roma
1499 2884 1656 2937 susci-

124 2981 254 3049 pient.
279 2997 411 3049 quant
430 2979 496 3032 ad
526 2995 622 3044 me,
645 2978 725 3030 cui
750 2975 999 3030 mittenda:
1026 2986 1160 3035 sunt.
1190 2977 1496 3045 deferantur.

179 3055 374 3128 CAPUT
388 3072 528 3125 ν.-
552 3071 636 3126 19.
661 3071 806 3136 Quod
831 3080 994 3123 autem
1017 3070 1064 3122 in
1086 3068 1199 3120 aliis
1214 3069 1395 3137 quieris
1416 3067 1656 3138 epistolis,

125 3180 198 3232 cur
210 3181 301 3217 utea
326 3167 458 3236 prior
484 3166 538 3218 in
571 3163 733 3217 Libris
757 3162 1010 3216 canonicis
1035 3159 1376 3230 interpretatio
1401 3159 1658 3211 asteriscos

124 3251 271 3308 hebeni
286 3296 298 3316 ,
325 3268 366 3308 et
388 3256 610 3327 virgulas
633 3263 953 3324 prtenotatas,
977 3261 1023 3304 et
1047 3261 1217 3322 postea
1247 3251 1400 3302 aliam
1437 3250 1656 3301 transla-

126 3344 273 3397 tionem
288 3345 458 3408 ubsque
473 3345 556 3397 his
575 3344 730 3413 signis
751 3341 987 3396 ediderim
1002 3357 1019 3404 ;
1042 3355 1163 3410 pace
1183 3350 1268 3391 tua
1286 3339 1516 3398 dixerim.
1534 3337 1661 3392 vide-

125 3436 181 3489 ris
198 3437 301 3488 mihi
321 3454 412 3489 non
433 3435 714 3506 intelligere
730 3433 864 3505 quod
883 3431 1118 3502 qutesisti.
1147 3428 1171 3482 Ι
1181 3429 1248 3483 lla
1266 3431 1393 3482 enim
1416 3431 1658 3497 interpre-

125 3530 221 3581 tatio
243 3530 559 3601 Septuaginta
582 3529 903 3595 interpretum
929 3535 1033 3587 est;
1055 3533 1099 3576 et
1125 3522 1416 3593 ubicumque
1432 3523 1656 3590 virgulae,

125 3617 236 3692 idest
257 3621 372 3672 obeli
391 3630 529 3684 sunt,
549 3618 859 3688 significatur
873 3617 1003 3683 quod
1026 3615 1356 3685 Septuaginta
1386 3613 1499 3681 plus
1519 3614 1660 3665 dixe-

126 3709 208 3761 rint
244 3726 372 3780 quam
409 3714 625 3763 halntur
665 3708 714 3760 in
763 3700 956 3761 hebrum
980 3722 998 3760 :
1020 3705 1096 3757 ubi
1134 3716 1300 3758 autem
1329 3705 1579 3764 asterisci,
1608 3703 1660 3754 id

124 3810 187 3851 est
211 3801 345 3853 stellte
369 3799 713 3870 prarlucenles,
743 3815 804 3851 ex
833 3792 1183 3850 Theodotionis
1209 3793 1422 3849 editione
1447 3795 1507 3848 ab
1545 3794 1660 3847 Orio

124 3908 228 3960 gcue
249 3893 459 3946 additum
493 3902 602 3954 est;
627 3902 671 3943 et
698 3892 761 3943 ibi
785 3907 949 3962 gra'ca
976 3889 1343 3951 transtulimus,
1367 3887 1446 3939 hic
1472 3894 1531 3939 de
1552 3888 1660 3954 ipso

125 3980 340 4045 ltebraico,
363 3985 494 4055 quod
521 3983 918 4052 ititelligebanms
939 3978 1287 4049 expressimus.
1317 3994 1549 4030 sensuum
1573 3994 1662 4045 po-

125 4075 207 4125 tius
229 4075 462 4128 veritatem
492 4089 640 4142 quam
668 4070 925 4124 verborum
948 4070 1194 4122 interdum
1215 4069 1434 4122 ordinem
1457 4084 1657 4120 conser-

129 4176 288 4215 vantes.
313 4155 372 4216 Et
396 4165 550 4217 miror
563 4164 810 4234 quomodo
823 4161 1148 4231 Septtutginta
1169 4161 1490 4228 interpretum
1512 4160 1661 4212 libros

127 4251 240 4321 legas
278 4271 367 4307 non
409 4270 562 4323 puros
582 4295 598 4316 ,
621 4267 672 4306 ut
702 4241 763 4305 ab
801 4252 870 4304 eis
912 4251 1027 4303 editi
1053 4260 1164 4303 sunt
1185 4293 1197 4310 .
1228 4251 1315 4302 sed
1341 4252 1402 4301 ab
1449 4248 1662 4315 Origene

130 4345 381 4398 entmdutos
397 4385 412 4408 ,
433 4345 533 4396 sive
564 4352 826 4411 corruptos
853 4342 868 4372 ⁸
899 4358 987 4412 per
1015 4328 1178 4394 obelos
1205 4351 1250 4393 et
1294 4341 1552 4392 asteriscos
1571 4381 1585 4404 ,
1612 4348 1659 4394 et

127 4430 353 4487 christiani
402 4434 618 4487 hominis
671 4429 1217 4502 interpretatiunculam
1264 4448 1362 4484 non
1403 4433 1661 4502 sequaris;

129 4524 370 4592 praesertim
395 4542 505 4577 cum
550 4541 610 4576 ea
639 4539 752 4594 qua:
777 4525 949 4576 addita
977 4532 1091 4576 sunt
1109 4565 1124 4586 ,
1155 4538 1217 4576 ex
1253 4522 1466 4575 hominis
1490 4521 1662 4574 Judwi

125 4624 252 4682 atque
267 4617 549 4686 blasphemi,
579 4626 688 4685 post
715 4618 994 4684 passionem
1015 4614 1232 4678 Christi,
1258 4613 1469 4667 editione
1493 4625 1660 4666 trans-

127 4705 288 4759 tulerit.
327 4705 418 4768 ,γει
443 4719 640 4761 amator
678 4725 781 4761 esse
821 4723 964 4760 corus
990 4705 1011 4737 ⁸
1052 4705 1377 4776 Septuaginta
1417 4706 1660 4774 interpre-

128 4801 249 4848 tum’
286 4785 400 4854 Non
442 4800 574 4872 legas
601 4818 658 4852 ea
683 4814 794 4866 qua:
819 4797 910 4851 sub
939 4797 1186 4850 asteriscis
1210 4808 1362 4852 sunt:
1402 4799 1499 4849 imo
1543 4796 1664 4849 rade

128 4883 179 4936 tle
203 4889 536 4956 voluminibus,
561 4901 612 4942 ut
637 4900 852 4943 veterum
879 4899 924 4940 te
953 4891 1196 4957 fautorem
1224 4888 1417 4956 probes.
1453 4886 1512 4951 Q:
1533 4886 1599 4938 od
1621 4886 1664 4939 si

126 4974 290 5044 feceris.
311 4995 478 5032 omnes
503 4979 836 5033 Ecclesiarum
868 4977 1184 5030 bibliothecas
1218 4977 1544 5029 condemnare
1579 4994 1662 5030 co-

127 5067 254 5131 geris.
286 5059 379 5122 νιτ
404 5069 533 5122 enim
561 5085 689 5123 unus
719 5069 804 5121 aut
830 5065 958 5120 alter
985 5067 1260 5120 invenietur
1287 5065 1427 5132 liber,
1458 5068 1542 5137 qui
1570 5067 1662 5121 ista

124 5167 210 5207 non
232 5145 416 5212 habent.

183 5245 388 5308 CAPUT
421 5238 505 5307 Vl.
526 5237 696 5309 -—§0.
741 5237 900 5308 Porro
920 5241 1056 5325 quod
1078 5251 1201 5305 dicis
1225 5259 1320 5304 non
1347 5246 1572 5305 debuisse
1589 5267 1666 5304 me

126 5333 413 5414 interpretari
437 5356 544 5418 post
571 5347 772 5412 ueteres,
797 5343 839 5399 ei
859 5362 985 5400 novo
1011 5345 1162 5400 uteris
1185 5345 1502 5417 syllugismo:
1523 5366 1540 5396 ι
1567 5347 1665 5398 Aut

173 5495 190 5527 ‘
205 5495 328 5567 ω..
347 5501 598 5555 emet-tut.
635 5502 810 5553 terius
828 5495 1048 5567 plerique
1063 5499 1175 5552 ald.
1199 5499 1310 5552 ald.
1335 5509 1387 5552 et
1409 5510 1533 5562 un,-
1567 5513 1668 5553 cora-

125 5561 333 5685 Wa,
350 5613 575 5710 primm.
593 5621 646 5678 At
672 5619 839 5692 μαι-ει
857 5619 990 5688 ω,
1007 5626 1160 5678 verus.

1779 331 1986 386 obseura
2003 334 2323 403 fueruntque
2341 338 2650 407 interpretati
2660 349 2775 394 sunt
2788 340 3231 412 Septuaginta,aut
3247 363 3347 398 ma-

1772 424 1973 492 nifesta.
1998 426 2059 479 Si
2080 426 2311 491 obscura,
2329 438 2375 484 te
2387 446 2578 501 quoque
2595 433 2647 485 in
2665 433 2738 487 eis
2753 434 2867 501 falli
2900 437 3116 503 potuisse
3141 438 3346 492 creden-

1770 515 1892 570 dum
1906 529 1976 572 est
1995 534 2014 573 :
2028 520 2072 572 si
2090 522 2351 591 nionifesta
2370 563 2384 586 ,
2403 522 2521 578 illos
2547 525 2600 578 in
2624 526 2693 579 eis
2711 527 2824 594 falli
2853 540 2948 580 non
2971 530 3207 597 potuisse,
3229 547 3345 601 per-

1768 609 1996 677 spicuum
2023 620 2131 666 est:
2163 631 2182 664 ι
2232 623 2316 667 tuo
2343 615 2432 668 tibi
2459 628 2684 670 sermone
2707 620 3003 687 respondeo.
3048 621 3233 677 Omnes
3258 639 3345 678 ve-

1769 707 1895 753 teres
1921 711 2212 759 tractotores
2237 707 2319 775 qui
2344 723 2434 760 nos
2459 709 2511 760 in
2545 708 2758 766 Domino
2786 726 3165 783 processerunt,
3191 726 3238 769 et
3261 718 3344 787 qui

1767 791 2062 862 Seripturas
2087 807 2287 851 sanctas
2313 799 2620 869 interpretati
2647 812 2794 869 sunt,
2821 814 2908 858 aut
2935 806 3144 862 obscura
3184 808 3344 863 inter-

1765 887 1945 953 pretati
1964 901 2098 951 sunt,
2124 898 2211 940 aut
2233 889 2518 960 manifesta.
2550 890 2612 945 Si
2636 894 2866 955 obscura,
2886 897 3134 965 quomodo
3154 907 3206 951 tu
3233 913 3344 968 post

1765 986 1849 1026 eos
1872 990 2026 1028 ausus
2055 993 2106 1030 es
2132 977 2402 1042 disserere,
2431 981 2567 1051 quod
2606 982 2682 1035 illi
2722 985 2997 1050 exlrlanare
3030 1003 3128 1041 non
3165 999 3342 1056 potue-

1763 1066 1924 1119 runt?
1945 1066 1990 1118 si
2017 1069 2281 1137 manifesta
2304 1110 2317 1132 ,
2344 1072 2652 1140 superﬂuum
2685 1082 2756 1124 est
2783 1082 2829 1126 te
2854 1075 3066 1128 voluisse
3103 1077 3343 1133 disserere

1762 1153 1897 1219 quod
1939 1155 2055 1208 illos
2085 1155 2238 1210 latere
2282 1174 2383 1212 non
2421 1161 2612 1229 potuit,
2642 1162 2860 1216 maxime
2900 1165 2952 1217 in
2991 1166 3344 1233 explanatione

1764 1240 2086 1298 Psalmorum
2115 1263 2237 1316 quos
2259 1249 2398 1317 apud
2428 1248 2630 1306 Crtecos
2663 1253 2978 1320 interpretati
3012 1267 3127 1310 sunt
3171 1259 3341 1314 multis

1760 1338 2110 1403 voluminibus,
2136 1341 2325 1410 primus
2351 1341 2609 1412 Origenes,
2628 1345 2873 1399 secundus
2905 1345 3143 1400 Eusebius
3169 1349 3338 1402 Cresa-

1759 1427 1959 1489 riensis,
1984 1430 2154 1481 tertius
2181 1429 2476 1486 Theodorus
2507 1431 2826 1487 Heracleotes
2845 1475 2860 1496 ,
2891 1446 3096 1503 quartus
3117 1438 3337 1494 Asterius

1764 1514 2233 1587 Scythopolitanus.
2257 1522 2459 1591 quintus
2480 1522 2790 1588 Apollinaris
2819 1525 3148 1592 Laodicenus,
3172 1540 3338 1584 sertas

1759 1606 2009 1678 Didymus
2036 1612 2426 1667 Alexandrinus.
2463 1612 2717 1668 Feruntur
2744 1626 2788 1668 et
2810 1616 3115 1670 diversorum
3139 1620 3190 1671 in
3213 1636 3339 1686 pau-

1759 1714 1843 1752 cos
1867 1701 2090 1769 psalmos
2118 1702 2392 1769 opuscula;
2417 1703 2506 1755 scd-
2545 1721 2676 1756 nunc
2700 1704 2763 1758 de
2796 1706 2990 1774 integro
3016 1705 3338 1762 Psalmoruns

1760 1805 1968 1856 corpore
1996 1791 2229 1844 dicimus.
2271 1793 2421 1860 Apud
2451 1791 2658 1847 Latinos
2688 1803 2852 1847 autem
2894 1795 3123 1849 Hilarius
3160 1795 3332 1852 Picta-

1758 1880 1940 1963 vﬁiensis
1973 1891 2033 1936 et.
2062 1882 2300 1936 Eusebius
2339 1883 2662 1938 Vercellensis
2703 1889 2951 1957 episcOpi,
2991 1888 3254 1960 Origenem
3292 1901 3338 1946 et

1760 1969 2028 2024 Eusebium
2053 1974 2408 2026 transtulerint!
2434 1990 2451 2026 :
2475 1992 2684 2043 quorum
2711 1978 2923 2042 priorem
2953 1988 2997 2030 et
3023 1992 3186 2033 noster
3210 1982 3334 2034 Aur-

1759 2060 1953 2116 brosius
1977 2065 2027 2116 in
2052 2065 2346 2131 quibusdam
2376 2077 2572 2119 secutus
2597 2079 2687 2120 est.
2721 2067 3036 2138 Respondeat
3063 2072 3186 2124 mihi
3210 2091 3335 2142 pru-

1760 2153 1926 2207 dentia
1955 2165 2070 2217 tua,
2101 2171 2256 2223 quare
2288 2166 2341 2208 tu
2382 2168 2491 2226 post
2533 2168 2693 2210 tantos
2723 2171 2768 2211 et
2815 2160 2937 2212 tales
2965 2170 3254 2228 interpretes
3283 2164 3335 2218 in

1760 2243 2112 2314 explanatione
2144 2243 2463 2299 Psalmorum
2493 2248 2686 2300 diversa
2713 2250 2964 2303 senseris?
3003 2248 3064 2304 Si
3093 2253 3221 2305 enim
3248 2251 3336 2307 ob-

1759 2337 1898 2388 scuri
1923 2347 2039 2390 sunt
2072 2336 2261 2390 Psalmi
2279 2379 2294 2402 ,
2329 2348 2375 2391 te
2401 2355 2594 2410 quoque
2616 2339 2669 2392 in
2706 2341 2773 2392 eis
2802 2341 2914 2409 falli
2943 2343 3156 2410 potuisse
3177 2383 3194 2409 ,
3224 2361 3332 2398 cre-

1760 2426 1978 2481 dendum
2005 2438 2094 2481 est.
2128 2429 2188 2483 Si
2217 2429 2469 2499 manifesti
2499 2471 2514 2495 ,
2543 2431 2657 2484 illos
2681 2431 2732 2483 in
2758 2432 2826 2484 eis
2855 2431 2965 2500 falli
2993 2437 3211 2503 potuisse
3236 2453 3334 2489 non

1759 2519 1976 2571 creditur
2003 2534 2022 2572 :
2045 2535 2104 2571 oc
2129 2536 2218 2588 psr
2243 2519 2337 2572 hoc
2365 2530 2570 2589 utroque
2602 2521 2748 2572 modo
2778 2523 3032 2591 superﬂua
3059 2525 3145 2576 erit
3172 2526 3331 2578 inter-

1763 2610 1974 2678 pretatio
2003 2621 2124 2671 tua;
2151 2621 2197 2664 et
2232 2611 2324 2663 hac
2353 2611 2458 2679 lege
2476 2652 2490 2672 ,
2514 2621 2624 2680 post
2654 2611 2842 2679 priores
2884 2614 3052 2666 nullus
3083 2615 3214 2685 loqui
3239 2633 3332 2668 au-

1763 2700 1914 2763 tlebit,
1942 2711 1986 2753 et
2014 2701 2357 2771 quodcumque
2376 2703 2505 2754 alius
2527 2704 2858 2766 occupaverit,
2882 2703 3008 2757 alius
3035 2705 3096 2756 de
3125 2721 3180 2758 eo
3204 2708 3330 2761 scri-

1763 2789 1907 2843 bendi
1953 2807 2049 2844 non
2091 2791 2282 2844 habebit
2321 2793 2587 2844 licentiam.
2634 2793 2763 2857 Quin
2805 2795 2969 2863 potius
3011 2795 3337 2855 Itmnanitatis

1761 2889 1861 2935 tute
1890 2891 1982 2946 est,
2009 2883 2058 2934 in
2090 2899 2186 2951 quo
2213 2882 2404 2934 ueniam
2435 2882 2520 2934 tibi
2549 2883 2740 2938 tribuis.
2770 2883 3027 2954 indulgere
3053 2897 3096 2938 e!
3123 2889 3333 2942 cteteris.

1765 2969 1874 3040 Ego
1905 2973 2034 3025 enim
2061 2989 2158 3024 non
2190 2982 2289 3024 tam
2311 2983 2472 3025 uetera
2499 2971 2694 3025 abolere
2722 2982 2928 3026 conatus
2949 2991 3078 3038 sum,
3103 2991 3213 3045 qute
3234 2977 3336 3030 lin-

1763 3079 1877 3132 gua:
1899 3079 2019 3117 ittt‘tL’
2035 3061 2315 3116 hominibus
2335 3065 2594 3116 emendata
2613 3063 2674 3116 de
2691 3080 2854 3133 graeco
2876 3066 2926 3117 in
2947 3066 3154 3118 latinum
3176 3076 3340 3121 trans-

1763 3156 1888 3221 tuli,
1930 3171 2079 3224 quam
2123 3170 2182 3207 ea
2230 3155 2506 3207 testimonia
2546 3170 2659 3224 qua:
2697 3171 2728 3206 a
2767 3152 2962 3208 Judteis
3008 3157 3339 3224 prietermissa

1763 3257 1875 3301 sunt
1905 3247 1976 3300 rel
2004 3255 2274 3314 cor-rupta,
2307 3249 2528 3316 proferre
2556 3245 2606 3298 in
2635 3244 2872 3311 medium,
2908 3256 2958 3297 ut
2983 3246 3164 3299 scirent
3185 3241 3340 3302 nostri

1761 3340 1882 3406 quid
1907 3341 2099 3392 hebrtea
2129 3338 2308 3390 vetitas
2336 3337 2624 3390 contineret.
2651 3335 2708 3390 Si
2735 3337 2815 3389 cui
2844 3337 3002 3406 legere
3028 3354 3127 3390 non
3154 3337 3336 3407 placet,

1763 3446 1906 3483 nemo
1937 3429 2183 3498 compellit
2211 3428 2436 3481 invitum.
2478 3425 2623 3478 Bibat
2663 3429 2830 3480 vinum
2869 3437 3003 3480 vetus
3027 3445 3136 3480 cum
3172 3429 3338 3481 suavi-

1762 3529 1894 3584 tate,
1920 3529 1965 3572 et
1994 3528 2161 3572 nostra
2205 3528 2367 3570 musta
2405 3527 2714 3582 contemnat,
2747 3532 2862 3584 qute
2890 3517 2940 3569 in
2989 3517 3338 3587 explanatione

1762 3613 1988 3683 priorum
2015 3612 2144 3663 edita
2170 3619 2282 3663 sunt
2303 3653 2316 3671 ,
2347 3618 2399 3662 ut
2423 3608 2579 3661 sicubi
2622 3608 2710 3660 illa
2738 3625 2834 3660 non
2872 3601 3246 3678 intelliguntur,
3280 3624 3341 3662 ea:

1763 3705 1942 3756 nostris
1974 3702 2315 3770 nurnifestioru
2359 3702 2502 3767 fiant.
2540 3698 2686 3760 Quod
2714 3709 2878 3751 autem
2908 3715 3064 3768 genus
3092 3700 3339 3771 interpre-

1764 3794 1961 3848 tationis
1989 3793 2040 3846 in
2072 3792 2348 3861 Scripturis
2379 3791 2562 3844 sanctis
2592 3790 2897 3861 sequendum
2921 3790 3018 3856 sit,
3047 3789 3169 3843 liber
3193 3807 3337 3862 quem

1763 3884 1939 3954 scripsi
1967 3883 2028 3936 de
2059 3883 2260 3954 Optimo
2285 3899 2460 3952 genere
2485 3881 2869 3950 interpretandi,
2898 3890 2942 3935 et
2969 3897 3136 3934 omnes
3157 3885 3342 3952 pra’fa-

1764 3975 2000 4029 tiuncula.’
2045 3975 2325 4026 divinorum
2369 3973 2708 4037 voluminum,
2739 3989 2860 4040 quas
2903 3971 3107 4025 editioni
3157 3986 3339 4026 nostra:

1765 4063 2154 4134 prteposuimus,
2185 4063 2472 4131 explicant;
2501 4061 2568 4113 ad
2608 4062 2819 4129 illasque
2859 4061 3146 4127 prudentem
3187 4064 3339 4114 lecto-

1763 4173 1864 4210 rem
1887 4157 2230 4228 remittendrgn
2252 4164 2389 4222 puto.
2427 4152 2488 4204 Et
2515 4154 2556 4204 si
2588 4168 2683 4213 me,
2702 4163 2754 4202 ut
2780 4151 2904 4202 dicis
2931 4149 2982 4202 in
3010 4149 3138 4203 Novi
3159 4149 3335 4204 Testa-

1765 4246 1914 4299 menti
1939 4245 2280 4296 emendatione
2304 4242 2532 4311 suscipis.
2561 4243 2861 4312 exponisque
2890 4257 3091 4294 causam
3118 4257 3206 4294 cur
3230 4259 3340 4295 sus-

1763 4339 1958 4408 cipias;
1989 4337 2105 4405 qnia
2136 4335 2340 4405 plurimi
2381 4335 2566 4405 lingute
2597 4349 2774 4404 grwcte
2803 4335 3033 4386 habentes
3062 4335 3338 4402 scientiam,

1765 4429 1831 4482 de
1855 4445 1960 4482 meo
1988 4427 2175 4496 possint
2205 4441 2352 4494 opere
2378 4425 2601 4489 iudicare
2623 4440 2642 4477 .-'
2663 4423 2886 4477 eatndem
2908 4426 3234 4494 integritatem
3257 4425 3341 4480 de.

1767 4519 1944 4574 bueras
1970 4519 2120 4573 etiam
2162 4519 2214 4570 in
2256 4513 2416 4570 Veteri
2457 4516 2657 4569 credere
2689 4513 3034 4580 Testamento,
3072 4517 3205 4584 quod
3241 4533 3342 4572 non

1766 4623 1934 4666 nostra
1971 4610 2342 4678 con/inﬁmus,
2369 4609 2454 4661 sed
2498 4619 2548 4660 ut
2591 4607 2728 4675 apud
2769 4606 3002 4660 llebrteos
3046 4609 3338 4674 inreuinms,

1766 4704 1930 4756 diuina
1963 4702 2324 4754 transtulimus.
2361 4679 2530 4752 Sicubi
2560 4698 2774 4759 dubitas,
2809 4697 3045 4751 llebt'teos
3070 4700 3338 4768 interroga.

1835 4793 1923 4844 2|.
1966 4790 2070 4844 Sed
2100 4792 2227 4864 forte
2253 4789 2385 4840 dices
2412 4804 2429 4841 :
2473 4787 2608 4851 Quid
2633 4791 2672 4840 si
2711 4788 2905 4841 Hebrwi
2930 4797 3013 4840 aut
3045 4799 3343 4856 respondere

1767 4885 2034 4946 noluerint,
2054 4891 2138 4933 aut
2163 4881 2354 4934 mentiri
2380 4880 2658 4933 coluerint?
2681 4878 2807 4933 Tota
2833 4880 3106 4948 frequentia
3133 4875 3338 4935 luditu-

1767 4987 1880 5029 rum
1909 4975 1960 5026 in
2003 4988 2110 5024 mea
2148 4971 2550 5041 interpretatione
2575 4971 2811 5034 reticebit,
2835 4970 3098 5036 nullusque
3124 4973 3344 5027 inuenire

1769 5067 1962 5138 poterit,
1990 5065 2072 5134 qui
2103 5063 2309 5117 hebra-(e
2334 5064 2520 5132 lingua:
2548 5063 2722 5114 habeat
2755 5061 3002 5114 notionem
3025 5074 3145 5124 ;out
3175 5079 3344 5118 mnnes

1768 5157 2091 5211 imitabantur
2117 5155 2233 5208 illos
2256 5152 2463 5207 Iudices
2482 5195 2496 5214 ,
2527 5159 2650 5222 quos
2676 5153 2800 5205 dicis
2827 5153 2878 5205 in
2907 5153 3092 5220 Africa-
3128 5167 3342 5221 repertos

1771 5250 2011 5320 oppidulo
2033 5249 2082 5300 in
2106 5263 2263 5300 meam
2283 5245 2596 5313 conspirasse
2619 5241 2918 5296 calumniam
2937 5237 2962 5298 ἲ
2987 5239 3342 5315 Hujusce-nodi

1771 5344 1900 5396 enim
1922 5343 1970 5394 in
1999 5339 2209 5407 epistola
2238 5345 2321 5390 tua
2342 5337 2417 5405 (a)
2441 5336 2563 5388 teris
2594 5334 2818 5403 fabulam
2844 5349 2863 5389 :
2893 5355 2909 5385 ε
2944 5335 3162 5400 Quidam
3189 5339 3334 5404 frater

1771 5446 1937 5488 noster
1966 5436 2227 5500 cpiscopus
2251 5471 2266 5495 ,
2293 5445 2404 5482 cum
2442 5428 2653 5480 lectitari
2692 5423 2977 5481 instituisset
3020 5427 3070 5480 in
3120 5411 3341 5497 Ecclesia

1773 5527 1856 5580 cui
1883 5537 2079 5596 pra'est,
2105 5522 2557 5592 interpretationem
2583 5531 2740 5587 tuam,
2763 5519 2912 5571 movit
2937 5517 3178 5587 quiddam
3197 5518 3342 5588 longe

1835 5623 1910 5688 (a)
1933 5629 2014 5687 Bp.
2038 5623 2120 5682 τι.
2143 5633 2194 5671 n.
2215 5620 2264 5672 il.
