  <div class='ocr_page' id='page_1' title='image "/cluster/home/n/w/nwhite01/storage/ocr_20150623/33/uva.x000669810/139.png"; bbox 0 0 3962 6378; ppageno 0'>
   <div class='ocr_carea' id='block_1_1' title="bbox 542 224 651 283">
    <p class='ocr_par' dir='ltr' id='par_1_1' title="bbox 542 224 651 283">
     <span class='ocr_line' id='line_1_1' title="bbox 542 224 651 283; baseline 0 0"><span class='ocrx_word' id='word_1_1' title='bbox 542 224 651 283; x_wconf 65' lang='lat'><strong><em>265</em></strong></span> 
     </span>
    </p>
   </div>
   <div class='ocr_carea' id='block_1_2' title="bbox 545 325 2131 402">
    <p class='ocr_par' dir='ltr' id='par_1_2' title="bbox 545 325 2131 402">
     <span class='ocr_line' id='line_1_2' title="bbox 545 325 2131 402; baseline -0.007 -15"><span class='ocrx_word' id='word_1_2' title='bbox 545 336 693 388; x_wconf 99' lang='lat' dir='ltr'><strong><em>aliter</em></strong></span> <span class='ocrx_word' id='word_1_3' title='bbox 720 349 751 386; x_wconf 93' lang='lat' dir='ltr'><strong><em>a</em></strong></span> <span class='ocrx_word' id='word_1_4' title='bbox 780 340 828 386; x_wconf 89' lang='lat' dir='ltr'><strong><em>te</em></strong></span> <span class='ocrx_word' id='word_1_5' title='bbox 855 329 1071 402; x_wconf 86' lang='lat' dir='ltr'><strong><em>positum</em></strong></span> <span class='ocrx_word' id='word_1_6' title='bbox 1101 328 1242 398; x_wconf 89' lang='lat' dir='ltr'><strong><em>apud</em></strong></span> <span class='ocrx_word' id='word_1_7' title='bbox 1267 325 1456 381; x_wconf 73' lang='lat' dir='ltr'><strong><em>Ionam</em></strong></span> <span class='ocrx_word' id='word_1_8' title='bbox 1487 325 1816 397; x_wconf 91' lang='lat' dir='ltr'><strong><em>prophetam,</em></strong></span> <span class='ocrx_word' id='word_1_9' title='bbox 1845 339 1995 393; x_wconf 89' lang='lat' dir='ltr'><strong><em>quam</em></strong></span> <span class='ocrx_word' id='word_1_10' title='bbox 2024 330 2131 376; x_wconf 86' lang='lat' dir='ltr'><strong><em>erat</em></strong></span> 
     </span>
    </p>
   </div>
   <div class='ocr_carea' id='block_1_3' title="bbox 544 417 2133 491">
    <p class='ocr_par' dir='ltr' id='par_1_3' title="bbox 544 417 2133 491">
     <span class='ocr_line' id='line_1_3' title="bbox 544 417 2133 491; baseline -0.009 -12"><span class='ocrx_word' id='word_1_11' title='bbox 544 424 767 479; x_wconf 87' lang='lat' dir='ltr'><strong><em>omnium</em></strong></span> <span class='ocrx_word' id='word_1_12' title='bbox 807 422 1032 478; x_wconf 73' lang='lat' dir='ltr'><strong><em>sensibus</em></strong></span> <span class='ocrx_word' id='word_1_13' title='bbox 1072 420 1418 491; x_wconf 65' lang='lat' dir='ltr'><strong><em>memoriaque</em></strong></span> <span class='ocrx_word' id='word_1_14' title='bbox 1455 417 1815 480; x_wconf 82' lang='lat' dir='ltr'><strong><em>inveteratum,</em></strong></span> <span class='ocrx_word' id='word_1_15' title='bbox 1837 423 1885 468; x_wconf 88' lang='lat' dir='ltr'><strong><em>et</em></strong></span> <span class='ocrx_word' id='word_1_16' title='bbox 1916 423 1986 467; x_wconf 92' lang='lat' dir='ltr'><strong><em>tot</em></strong></span> <span class='ocrx_word' id='word_1_17' title='bbox 2010 420 2133 467; x_wconf 70' lang='lat' dir='ltr'><strong><em>aeta-</em></strong></span> 
     </span>
    </p>
   </div>
   <div class='ocr_carea' id='block_1_4' title="bbox 547 501 2133 568">
    <p class='ocr_par' dir='ltr' id='par_1_4' title="bbox 547 501 2133 568">
     <span class='ocr_line' id='line_1_4' title="bbox 547 501 2133 568; baseline -0.007 -1"><span class='ocrx_word' id='word_1_18' title='bbox 547 525 652 568; x_wconf 86' lang='lat' dir='ltr'><strong><em>tum</em></strong></span> <span class='ocrx_word' id='word_1_19' title='bbox 669 514 1059 568; x_wconf 81' lang='lat' dir='ltr'><strong><em>succcssionibus</em></strong></span> <span class='ocrx_word' id='word_1_20' title='bbox 1087 511 1422 565; x_wconf 85' lang='lat' dir='ltr'><strong><em>decantatum.</em></strong></span> <span class='ocrx_word' id='word_1_21' title='bbox 1451 505 1640 560; x_wconf 85' lang='lat' dir='ltr'><strong><em>Factus</em></strong></span> <span class='ocrx_word' id='word_1_22' title='bbox 1663 515 1735 559; x_wconf 87' lang='lat' dir='ltr'><strong><em>est</em></strong></span> <span class='ocrx_word' id='word_1_23' title='bbox 1758 515 1924 559; x_wconf 88' lang='lat' dir='ltr'><strong><em>tantus</em></strong></span> <span class='ocrx_word' id='word_1_24' title='bbox 1944 501 2133 558; x_wconf 82' lang='lat' dir='ltr'><strong><em>tumul-</em></strong></span> 
     </span>
    </p>
   </div>
   <div class='ocr_carea' id='block_1_5' title="bbox 544 596 2133 677">
    <p class='ocr_par' dir='ltr' id='par_1_5' title="bbox 544 596 2133 677">
     <span class='ocr_line' id='line_1_5' title="bbox 544 596 2133 677; baseline -0.008 -17"><span class='ocrx_word' id='word_1_25' title='bbox 544 615 625 663; x_wconf 89' lang='lat' dir='ltr'><strong><em>tus</em></strong></span> <span class='ocrx_word' id='word_1_26' title='bbox 653 609 704 661; x_wconf 91' lang='lat' dir='ltr'><strong><em>iu</em></strong></span> <span class='ocrx_word' id='word_1_27' title='bbox 731 608 874 677; x_wconf 83' lang='lat' dir='ltr'><strong><em>plebe</em></strong></span> <span class='ocrx_word' id='word_1_28' title='bbox 891 648 907 672; x_wconf 88' lang='lat'><strong><em>,</em></strong></span> <span class='ocrx_word' id='word_1_29' title='bbox 939 606 1158 658; x_wconf 74' lang='lat' dir='ltr'><strong><em>maxime</em></strong></span> <span class='ocrx_word' id='word_1_30' title='bbox 1189 602 1376 657; x_wconf 80' lang='lat' dir='ltr'><strong><em>ercis</em></strong></span> <span class='ocrx_word' id='word_1_31' title='bbox 1398 597 1720 670; x_wconf 87' lang='lat' dir='ltr'><strong><em>arguentibus</em></strong></span> <span class='ocrx_word' id='word_1_32' title='bbox 1737 638 1750 660; x_wconf 89' lang='lat'><strong><em>,</em></strong></span> <span class='ocrx_word' id='word_1_33' title='bbox 1780 607 1826 651; x_wconf 87' lang='lat' dir='ltr'><strong><em>et</em></strong></span> <span class='ocrx_word' id='word_1_34' title='bbox 1854 596 2133 650; x_wconf 84' lang='lat' dir='ltr'><strong><em>inclaman-</em></strong></span> 
     </span>
    </p>
   </div>
   <div class='ocr_carea' id='block_1_6' title="bbox 547 686 2134 769">
    <p class='ocr_par' dir='ltr' id='par_1_6' title="bbox 547 686 2134 769">
     <span class='ocr_line' id='line_1_6' title="bbox 547 686 2134 769; baseline -0.009 -14"><span class='ocrx_word' id='word_1_35' title='bbox 547 702 675 755; x_wconf 89' lang='lat' dir='ltr'><strong><em>tibus</em></strong></span> <span class='ocrx_word' id='word_1_36' title='bbox 703 702 1007 754; x_wconf 75' lang='lat' dir='ltr'><strong><em>calumniam</em></strong></span> <span class='ocrx_word' id='word_1_37' title='bbox 1032 696 1288 769; x_wconf 80' lang='lat' dir='ltr'><strong><em>falsitatis,</em></strong></span> <span class='ocrx_word' id='word_1_38' title='bbox 1316 703 1371 746; x_wconf 90' lang='lat' dir='ltr'><strong><em>ut</em></strong></span> <span class='ocrx_word' id='word_1_39' title='bbox 1394 702 1653 763; x_wconf 70' lang='lat' dir='ltr'><strong><em>cogeretur</em></strong></span> <span class='ocrx_word' id='word_1_40' title='bbox 1680 690 1971 761; x_wconf 89' lang='lat' dir='ltr'><strong><em>episcopus,</em></strong></span> <span class='ocrx_word' id='word_1_41' title='bbox 2001 686 2134 759; x_wconf 76' lang='lat' dir='ltr'><strong><em>(Oe&#39;a</em></strong></span> 
     </span>
    </p>
   </div>
   <div class='ocr_carea' id='block_1_7' title="bbox 543 784 2129 864">
    <p class='ocr_par' dir='ltr' id='par_1_7' title="bbox 543 784 2129 864">
     <span class='ocr_line' id='line_1_7' title="bbox 543 784 2129 864; baseline -0.007 -18"><span class='ocrx_word' id='word_1_42' title='bbox 543 796 730 864; x_wconf 86' lang='lat' dir='ltr'><strong><em>quippe</em></strong></span> <span class='ocrx_word' id='word_1_43' title='bbox 766 793 939 847; x_wconf 83' lang='lat' dir='ltr'><strong><em>civitas</em></strong></span> <span class='ocrx_word' id='word_1_44' title='bbox 977 790 1130 861; x_wconf 78' lang='lat' dir='ltr'><strong><em>erat),</em></strong></span> <span class='ocrx_word' id='word_1_45' title='bbox 1168 788 1467 841; x_wconf 68' lang='lat' dir='ltr'><strong><em>Judazorum</em></strong></span> <span class='ocrx_word' id='word_1_46' title='bbox 1506 785 1840 838; x_wconf 88' lang='lat' dir='ltr'><strong><em>testimonium</em></strong></span> <span class='ocrx_word' id='word_1_47' title='bbox 1879 784 2129 853; x_wconf 82' lang='lat' dir='ltr'><strong><em>flagitare.</em></strong></span> 
     </span>
    </p>
   </div>
   <div class='ocr_carea' id='block_1_8' title="bbox 549 875 2132 949">
    <p class='ocr_par' dir='ltr' id='par_1_8' title="bbox 549 875 2132 949">
     <span class='ocr_line' id='line_1_8' title="bbox 549 875 2132 949; baseline -0.008 -11"><span class='ocrx_word' id='word_1_48' title='bbox 549 885 728 938; x_wconf 78' lang='lat' dir='ltr'><strong><em>Utrum</em></strong></span> <span class='ocrx_word' id='word_1_49' title='bbox 758 894 923 937; x_wconf 86' lang='lat' dir='ltr'><strong><em>autem</em></strong></span> <span class='ocrx_word' id='word_1_50' title='bbox 958 883 1034 936; x_wconf 84' lang='lat' dir='ltr'><strong><em>illi</em></strong></span> <span class='ocrx_word' id='word_1_51' title='bbox 1062 880 1313 949; x_wconf 81' lang='lat' dir='ltr'><strong><em>imperitia</em></strong></span> <span class='ocrx_word' id='word_1_52' title='bbox 1348 894 1413 932; x_wconf 90' lang='lat' dir='ltr'><strong><em>an</em></strong></span> <span class='ocrx_word' id='word_1_53' title='bbox 1448 878 1641 931; x_wconf 70' lang='lat' dir='ltr'><strong><em>malitia</em></strong></span> <span class='ocrx_word' id='word_1_54' title='bbox 1659 917 1675 942; x_wconf 88' lang='lat'><strong><em>,</em></strong></span> <span class='ocrx_word' id='word_1_55' title='bbox 1701 881 1794 930; x_wconf 88' lang='lat' dir='ltr'><strong><em>hoc</em></strong></span> <span class='ocrx_word' id='word_1_56' title='bbox 1819 892 1923 930; x_wconf 89' lang='lat' dir='ltr'><strong><em>esse</em></strong></span> <span class='ocrx_word' id='word_1_57' title='bbox 1950 875 2001 928; x_wconf 89' lang='lat' dir='ltr'><strong><em>in</em></strong></span> <span class='ocrx_word' id='word_1_58' title='bbox 2040 876 2132 927; x_wconf 87' lang='lat' dir='ltr'><strong><em>he-</em></strong></span> 
     </span>
    </p>
   </div>
   <div class='ocr_carea' id='block_1_9' title="bbox 545 966 2133 1040">
    <p class='ocr_par' dir='ltr' id='par_1_9' title="bbox 545 966 2133 1040">
     <span class='ocr_line' id='line_1_9' title="bbox 545 966 2133 1040; baseline -0.008 -9"><span class='ocrx_word' id='word_1_59' title='bbox 545 979 689 1031; x_wconf 71' lang='lat' dir='ltr'><strong><em>braeis</em></strong></span> <span class='ocrx_word' id='word_1_60' title='bbox 731 976 983 1029; x_wconf 75' lang='lat' dir='ltr'><strong><em>codicibus</em></strong></span> <span class='ocrx_word' id='word_1_61' title='bbox 1024 970 1422 1040; x_wconf 85' lang='lat' dir='ltr'><strong><em>responderunt,</em></strong></span> <span class='ocrx_word' id='word_1_62' title='bbox 1449 968 1583 1039; x_wconf 88' lang='lat' dir='ltr'><strong><em>quod</em></strong></span> <span class='ocrx_word' id='word_1_63' title='bbox 1628 977 1674 1021; x_wconf 84' lang='lat' dir='ltr'><strong><em>et</em></strong></span> <span class='ocrx_word' id='word_1_64' title='bbox 1712 967 1862 1038; x_wconf 67' lang='lat' dir='ltr'><strong><em>graeci</em></strong></span> <span class='ocrx_word' id='word_1_65' title='bbox 1903 976 1948 1019; x_wconf 89' lang='lat' dir='ltr'><strong><em>et</em></strong></span> <span class='ocrx_word' id='word_1_66' title='bbox 1990 966 2133 1019; x_wconf 90' lang='lat' dir='ltr'><strong><em>latini</em></strong></span> 
     </span>
    </p>
   </div>
   <div class='ocr_carea' id='block_1_10' title="bbox 544 1057 2133 1133">
    <p class='ocr_par' dir='ltr' id='par_1_10' title="bbox 544 1057 2133 1133">
     <span class='ocr_line' id='line_1_10' title="bbox 544 1057 2133 1133; baseline -0.007 -12"><span class='ocrx_word' id='word_1_67' title='bbox 544 1067 787 1121; x_wconf 76' lang='lat' dir='ltr'><strong><em>habebant</em></strong></span> <span class='ocrx_word' id='word_1_68' title='bbox 813 1076 959 1133; x_wconf 91' lang='lat' dir='ltr'><strong><em>atque</em></strong></span> <span class='ocrx_word' id='word_1_69' title='bbox 984 1064 1231 1116; x_wconf 88' lang='lat' dir='ltr'><strong><em>dicebant.</em></strong></span> <span class='ocrx_word' id='word_1_70' title='bbox 1266 1060 1400 1127; x_wconf 83' lang='lat' dir='ltr'><strong><em>Quid</em></strong></span> <span class='ocrx_word' id='word_1_71' title='bbox 1426 1061 1573 1131; x_wconf 88' lang='lat' dir='ltr'><strong><em>plura</em></strong></span> <span class='ocrx_word' id='word_1_72' title='bbox 1600 1060 1623 1112; x_wconf 71' lang='lat'><strong><em>.7</em></strong></span> <span class='ocrx_word' id='word_1_73' title='bbox 1647 1057 1860 1114; x_wconf 75' lang='lat' dir='ltr'><strong><em>Coactus</em></strong></span> <span class='ocrx_word' id='word_1_74' title='bbox 1888 1066 1957 1109; x_wconf 88' lang='lat' dir='ltr'><strong><em>est</em></strong></span> <span class='ocrx_word' id='word_1_75' title='bbox 1982 1058 2133 1110; x_wconf 89' lang='lat' dir='ltr'><strong><em>homo</em></strong></span> 
     </span>
    </p>
   </div>
   <div class='ocr_carea' id='block_1_11' title="bbox 543 1146 2131 1221">
    <p class='ocr_par' dir='ltr' id='par_1_11' title="bbox 543 1146 2131 1221">
     <span class='ocr_line' id='line_1_11' title="bbox 543 1146 2131 1221; baseline -0.008 -11"><span class='ocrx_word' id='word_1_76' title='bbox 543 1158 673 1210; x_wconf 75' lang='lat' dir='ltr'><strong><em>velut</em></strong></span> <span class='ocrx_word' id='word_1_77' title='bbox 698 1154 1073 1207; x_wconf 89' lang='lat' dir='ltr'><strong><em>mendositatem</em></strong></span> <span class='ocrx_word' id='word_1_78' title='bbox 1101 1151 1372 1221; x_wconf 79' lang='lat' dir='ltr'><strong><em>corrigere,</em></strong></span> <span class='ocrx_word' id='word_1_79' title='bbox 1401 1152 1567 1202; x_wconf 72' lang='lat' dir='ltr'><strong><em>calens</em></strong></span> <span class='ocrx_word' id='word_1_80' title='bbox 1599 1156 1707 1216; x_wconf 88' lang='lat' dir='ltr'><strong><em>post</em></strong></span> <span class='ocrx_word' id='word_1_81' title='bbox 1735 1162 1970 1217; x_wconf 88' lang='lat' dir='ltr'><strong><em>magnum</em></strong></span> <span class='ocrx_word' id='word_1_82' title='bbox 1996 1146 2131 1214; x_wconf 86' lang='lat' dir='ltr'><strong><em>peri-</em></strong></span> 
     </span>
    </p>
   </div>
   <div class='ocr_carea' id='block_1_12' title="bbox 542 1235 2134 1309">
    <p class='ocr_par' dir='ltr' id='par_1_12' title="bbox 542 1235 2134 1309">
     <span class='ocr_line' id='line_1_12' title="bbox 542 1235 2134 1309; baseline -0.006 -10"><span class='ocrx_word' id='word_1_83' title='bbox 542 1245 710 1299; x_wconf 87' lang='lat' dir='ltr'><strong><em>culum</em></strong></span> <span class='ocrx_word' id='word_1_84' title='bbox 735 1262 835 1299; x_wconf 89' lang='lat' dir='ltr'><strong><em>nou</em></strong></span> <span class='ocrx_word' id='word_1_85' title='bbox 862 1259 1118 1296; x_wconf 87' lang='lat' dir='ltr'><strong><em>remanere</em></strong></span> <span class='ocrx_word' id='word_1_86' title='bbox 1138 1242 1248 1295; x_wconf 91' lang='lat' dir='ltr'><strong><em>sine</em></strong></span> <span class='ocrx_word' id='word_1_87' title='bbox 1274 1239 1434 1309; x_wconf 88' lang='lat' dir='ltr'><strong><em>plebe.</em></strong></span> <span class='ocrx_word' id='word_1_88' title='bbox 1482 1237 1625 1293; x_wconf 79' lang='lat' dir='ltr'><strong><em>Unde</em></strong></span> <span class='ocrx_word' id='word_1_89' title='bbox 1655 1238 1805 1291; x_wconf 86' lang='lat' dir='ltr'><strong><em>etiam</em></strong></span> <span class='ocrx_word' id='word_1_90' title='bbox 1830 1237 1968 1290; x_wconf 86' lang='lat' dir='ltr'><strong><em>nobis</em></strong></span> <span class='ocrx_word' id='word_1_91' title='bbox 1997 1235 2134 1290; x_wconf 78' lang='lat' dir='ltr'><strong><em>ride-</em></strong></span> 
     </span>
    </p>
   </div>
   <div class='ocr_carea' id='block_1_13' title="bbox 541 1326 2055 1406">
    <p class='ocr_par' dir='ltr' id='par_1_13' title="bbox 541 1326 2055 1406">
     <span class='ocr_line' id='line_1_13' title="bbox 541 1326 2055 1406; baseline -0.006 -17"><span class='ocrx_word' id='word_1_92' title='bbox 541 1344 624 1389; x_wconf 87' lang='lat' dir='ltr'><strong><em>tur</em></strong></span> <span class='ocrx_word' id='word_1_93' title='bbox 647 1333 920 1406; x_wconf 87' lang='lat' dir='ltr'><strong><em>aliquando</em></strong></span> <span class='ocrx_word' id='word_1_94' title='bbox 948 1345 995 1385; x_wconf 86' lang='lat' dir='ltr'><strong><em>te</em></strong></span> <span class='ocrx_word' id='word_1_95' title='bbox 1018 1348 1215 1403; x_wconf 90' lang='lat' dir='ltr'><strong><em>quoque</em></strong></span> <span class='ocrx_word' id='word_1_96' title='bbox 1242 1332 1294 1384; x_wconf 90' lang='lat' dir='ltr'><strong><em>in</em></strong></span> <span class='ocrx_word' id='word_1_97' title='bbox 1324 1329 1579 1383; x_wconf 77' lang='lat' dir='ltr'><strong><em>nonnullis</em></strong></span> <span class='ocrx_word' id='word_1_98' title='bbox 1609 1328 1722 1399; x_wconf 88' lang='lat' dir='ltr'><strong><em>falli</em></strong></span> <span class='ocrx_word' id='word_1_99' title='bbox 1762 1326 2001 1396; x_wconf 87' lang='lat' dir='ltr'><strong><em>potuisse.</em></strong></span> <span class='ocrx_word' id='word_1_100' title='bbox 2035 1346 2055 1380; x_wconf 73' lang='grc' dir='ltr'><strong><em>ι</em></strong></span> 
     </span>
    </p>
   </div>
   <div class='ocr_carea' id='block_1_14' title="bbox 610 1417 2133 1487">
    <p class='ocr_par' dir='ltr' id='par_1_14' title="bbox 610 1417 2133 1487">
     <span class='ocr_line' id='line_1_14' title="bbox 610 1417 2133 1487; baseline -0.007 -5"><span class='ocrx_word' id='word_1_101' title='bbox 610 1426 837 1483; x_wconf 74' lang='lat' dir='ltr'><strong><em>CAI’UT</em></strong></span> <span class='ocrx_word' id='word_1_102' title='bbox 875 1426 959 1479; x_wconf 71' lang='lat' dir='ltr'><strong><em>VII</em></strong></span> <span class='ocrx_word' id='word_1_103' title='bbox 998 1422 1178 1478; x_wconf 68' lang='lat'><strong><em>—-2‘2.</em></strong></span> <span class='ocrx_word' id='word_1_104' title='bbox 1209 1421 1351 1475; x_wconf 84' lang='lat' dir='ltr'><strong><em>Dicis</em></strong></span> <span class='ocrx_word' id='word_1_105' title='bbox 1385 1437 1461 1474; x_wconf 90' lang='lat' dir='ltr'><strong><em>me</em></strong></span> <span class='ocrx_word' id='word_1_106' title='bbox 1489 1421 1540 1473; x_wconf 90' lang='lat' dir='ltr'><strong><em>in</em></strong></span> <span class='ocrx_word' id='word_1_107' title='bbox 1564 1417 1702 1473; x_wconf 76' lang='lat' dir='ltr'><strong><em>Iona</em></strong></span> <span class='ocrx_word' id='word_1_108' title='bbox 1739 1419 1979 1487; x_wconf 78' lang='lat' dir='ltr'><strong><em>propheta</em></strong></span> <span class='ocrx_word' id='word_1_109' title='bbox 2001 1419 2133 1472; x_wconf 88' lang='lat' dir='ltr'><strong><em>male</em></strong></span> 
     </span>
    </p>
   </div>
   <div class='ocr_carea' id='block_1_15' title="bbox 540 1511 2127 1591">
    <p class='ocr_par' dir='ltr' id='par_1_15' title="bbox 540 1511 2127 1591">
     <span class='ocr_line' id='line_1_15' title="bbox 540 1511 2127 1591; baseline -0.006 -18"><span class='ocrx_word' id='word_1_110' title='bbox 540 1521 783 1591; x_wconf 81' lang='lat' dir='ltr'><strong><em>quiddam</em></strong></span> <span class='ocrx_word' id='word_1_111' title='bbox 807 1521 1208 1585; x_wconf 82' lang='lat' dir='ltr'><strong><em>interpretatum,</em></strong></span> <span class='ocrx_word' id='word_1_112' title='bbox 1234 1525 1282 1569; x_wconf 91' lang='lat' dir='ltr'><strong><em>et</em></strong></span> <span class='ocrx_word' id='word_1_113' title='bbox 1302 1513 1545 1567; x_wconf 82' lang='lat' dir='ltr'><strong><em>seditione</em></strong></span> <span class='ocrx_word' id='word_1_114' title='bbox 1567 1511 1742 1582; x_wconf 82' lang='lat' dir='ltr'><strong><em>populi</em></strong></span> <span class='ocrx_word' id='word_1_115' title='bbox 1767 1511 2127 1574; x_wconf 87' lang='lat' dir='ltr'><strong><em>conclantante,</em></strong></span> 
     </span>
    </p>
   </div>
   <div class='ocr_carea' id='block_1_16' title="bbox 540 1604 2133 1685">
    <p class='ocr_par' dir='ltr' id='par_1_16' title="bbox 540 1604 2133 1685">
     <span class='ocr_line' id='line_1_16' title="bbox 540 1604 2133 1685; baseline -0.006 -20"><span class='ocrx_word' id='word_1_116' title='bbox 540 1623 751 1685; x_wconf 90' lang='lat' dir='ltr'><strong><em>prapter</em></strong></span> <span class='ocrx_word' id='word_1_117' title='bbox 770 1610 918 1664; x_wconf 82' lang='lat' dir='ltr'><strong><em>utrius</em></strong></span> <span class='ocrx_word' id='word_1_118' title='bbox 936 1609 1069 1664; x_wconf 81' lang='lat' dir='ltr'><strong><em>uerbi</em></strong></span> <span class='ocrx_word' id='word_1_119' title='bbox 1089 1607 1487 1667; x_wconf 88' lang='lat' dir='ltr'><strong><em>dissonantium,</em></strong></span> <span class='ocrx_word' id='word_1_120' title='bbox 1508 1604 1797 1674; x_wconf 77' lang='lat' dir='ltr'><strong><em>episcopum</em></strong></span> <span class='ocrx_word' id='word_1_121' title='bbox 1822 1618 1945 1673; x_wconf 88' lang='lat' dir='ltr'><strong><em>pene</em></strong></span> <span class='ocrx_word' id='word_1_122' title='bbox 1968 1618 2133 1656; x_wconf 70' lang='lat' dir='ltr'><strong><em>sacer-</em></strong></span> 
     </span>
    </p>
   </div>
   <div class='ocr_carea' id='block_1_17' title="bbox 542 1695 2133 1774">
    <p class='ocr_par' dir='ltr' id='par_1_17' title="bbox 542 1695 2133 1774">
     <span class='ocr_line' id='line_1_17' title="bbox 542 1695 2133 1774; baseline -0.006 -16"><span class='ocrx_word' id='word_1_123' title='bbox 542 1704 733 1757; x_wconf 88' lang='lat' dir='ltr'><strong><em>dotium</em></strong></span> <span class='ocrx_word' id='word_1_124' title='bbox 746 1702 1041 1774; x_wconf 71' lang='lat' dir='ltr'><strong><em>perdidisse.</em></strong></span> <span class='ocrx_word' id='word_1_125' title='bbox 1058 1699 1122 1753; x_wconf 76' lang='lat' dir='ltr'><strong><em>Et</em></strong></span> <span class='ocrx_word' id='word_1_126' title='bbox 1136 1699 1258 1769; x_wconf 88' lang='lat' dir='ltr'><strong><em>quid</em></strong></span> <span class='ocrx_word' id='word_1_127' title='bbox 1274 1699 1335 1751; x_wconf 85' lang='lat' dir='ltr'><strong><em>sit</em></strong></span> <span class='ocrx_word' id='word_1_128' title='bbox 1352 1696 1482 1750; x_wconf 86' lang='lat' dir='ltr'><strong><em>illud</em></strong></span> <span class='ocrx_word' id='word_1_129' title='bbox 1492 1695 1625 1765; x_wconf 89' lang='lat' dir='ltr'><strong><em>quod</em></strong></span> <span class='ocrx_word' id='word_1_130' title='bbox 1639 1696 1767 1747; x_wconf 88' lang='lat' dir='ltr'><strong><em>male</em></strong></span> <span class='ocrx_word' id='word_1_131' title='bbox 1781 1695 2133 1763; x_wconf 85' lang='lat' dir='ltr'><strong><em>interpretatus</em></strong></span> 
     </span>
    </p>
   </div>
   <div class='ocr_carea' id='block_1_18' title="bbox 541 1787 2132 1865">
    <p class='ocr_par' dir='ltr' id='par_1_18' title="bbox 541 1787 2132 1865">
     <span class='ocr_line' id='line_1_18' title="bbox 541 1787 2132 1865; baseline -0.007 -14"><span class='ocrx_word' id='word_1_132' title='bbox 541 1799 658 1861; x_wconf 88' lang='lat' dir='ltr'><strong><em>sint,</em></strong></span> <span class='ocrx_word' id='word_1_133' title='bbox 672 1796 943 1856; x_wconf 85' lang='lat' dir='ltr'><strong><em>subtrahis,</em></strong></span> <span class='ocrx_word' id='word_1_134' title='bbox 958 1797 1192 1865; x_wconf 75' lang='lat' dir='ltr'><strong><em>auferens</em></strong></span> <span class='ocrx_word' id='word_1_135' title='bbox 1209 1791 1331 1845; x_wconf 88' lang='lat' dir='ltr'><strong><em>milti</em></strong></span> <span class='ocrx_word' id='word_1_136' title='bbox 1344 1790 1652 1843; x_wconf 87' lang='lat' dir='ltr'><strong><em>occasionem</em></strong></span> <span class='ocrx_word' id='word_1_137' title='bbox 1671 1787 1974 1859; x_wconf 75' lang='lat' dir='ltr'><strong><em>defensionis</em></strong></span> <span class='ocrx_word' id='word_1_138' title='bbox 1988 1802 2132 1851; x_wconf 65' lang='lat' dir='ltr'><strong><em>ntere;</em></strong></span> 
     </span>
    </p>
   </div>
   <div class='ocr_carea' id='block_1_19' title="bbox 541 1877 2129 1956">
    <p class='ocr_par' dir='ltr' id='par_1_19' title="bbox 541 1877 2129 1956">
     <span class='ocr_line' id='line_1_19' title="bbox 541 1877 2129 1956; baseline -0.009 -12"><span class='ocrx_word' id='word_1_139' title='bbox 541 1904 605 1944; x_wconf 65' lang='lat' dir='ltr'><strong><em>ite</em></strong></span> <span class='ocrx_word' id='word_1_140' title='bbox 630 1887 872 1956; x_wconf 79' lang='lat' dir='ltr'><strong><em>quidquid</em></strong></span> <span class='ocrx_word' id='word_1_141' title='bbox 897 1885 1104 1947; x_wconf 75' lang='lat' dir='ltr'><strong><em>dixeris,</em></strong></span> <span class='ocrx_word' id='word_1_142' title='bbox 1129 1899 1206 1937; x_wconf 83' lang='lat' dir='ltr'><strong><em>me</em></strong></span> <span class='ocrx_word' id='word_1_143' title='bbox 1227 1882 1557 1950; x_wconf 83' lang='lat' dir='ltr'><strong><em>respondente</em></strong></span> <span class='ocrx_word' id='word_1_144' title='bbox 1582 1879 1804 1932; x_wconf 85' lang='lat' dir='ltr'><strong><em>solratur</em></strong></span> <span class='ocrx_word' id='word_1_145' title='bbox 1826 1894 1844 1930; x_wconf 89' lang='lat'><strong><em>:</em></strong></span> <span class='ocrx_word' id='word_1_146' title='bbox 1865 1877 1961 1931; x_wconf 89' lang='lat' dir='ltr'><strong><em>nisi</em></strong></span> <span class='ocrx_word' id='word_1_147' title='bbox 1979 1881 2129 1948; x_wconf 90' lang='lat' dir='ltr'><strong><em>forte,</em></strong></span> 
     </span>
    </p>
   </div>
   <div class='ocr_carea' id='block_1_20' title="bbox 540 1971 2130 2046">
    <p class='ocr_par' dir='ltr' id='par_1_20' title="bbox 540 1971 2130 2046">
     <span class='ocr_line' id='line_1_20' title="bbox 540 1971 2130 2046; baseline -0.008 -10"><span class='ocrx_word' id='word_1_148' title='bbox 540 1990 596 2036; x_wconf 86' lang='lat' dir='ltr'><strong><em>ut</em></strong></span> <span class='ocrx_word' id='word_1_149' title='bbox 626 1992 743 2034; x_wconf 90' lang='lat' dir='ltr'><strong><em>ante</em></strong></span> <span class='ocrx_word' id='word_1_150' title='bbox 765 1996 926 2033; x_wconf 90' lang='lat' dir='ltr'><strong><em>annos</em></strong></span> <span class='ocrx_word' id='word_1_151' title='bbox 954 1976 1218 2046; x_wconf 86' lang='lat' dir='ltr'><strong><em>plurimos.</em></strong></span> <span class='ocrx_word' id='word_1_152' title='bbox 1246 1974 1503 2029; x_wconf 88' lang='lat' dir='ltr'><strong><em>cucurbita</em></strong></span> <span class='ocrx_word' id='word_1_153' title='bbox 1533 1972 1662 2025; x_wconf 72' lang='lat' dir='ltr'><strong><em>vertit</em></strong></span> <span class='ocrx_word' id='word_1_154' title='bbox 1692 1971 1742 2024; x_wconf 91' lang='lat' dir='ltr'><strong><em>in</em></strong></span> <span class='ocrx_word' id='word_1_155' title='bbox 1770 1971 2011 2033; x_wconf 85' lang='lat' dir='ltr'><strong><em>medium,</em></strong></span> <span class='ocrx_word' id='word_1_156' title='bbox 2040 1987 2130 2025; x_wconf 90' lang='lat' dir='ltr'><strong><em>as-</em></strong></span> 
     </span>
    </p>
   </div>
   <div class='ocr_carea' id='block_1_21' title="bbox 537 2060 2134 2139">
    <p class='ocr_par' dir='ltr' id='par_1_21' title="bbox 537 2060 2134 2139">
     <span class='ocr_line' id='line_1_21' title="bbox 537 2060 2134 2139; baseline -0.009 -10"><span class='ocrx_word' id='word_1_157' title='bbox 537 2083 731 2129; x_wconf 78' lang='lat' dir='ltr'><strong><em>serente</em></strong></span> <span class='ocrx_word' id='word_1_158' title='bbox 751 2072 888 2125; x_wconf 89' lang='lat' dir='ltr'><strong><em>illius</em></strong></span> <span class='ocrx_word' id='word_1_159' title='bbox 903 2070 1138 2139; x_wconf 86' lang='lat' dir='ltr'><strong><em>temporis</em></strong></span> <span class='ocrx_word' id='word_1_160' title='bbox 1160 2066 1391 2121; x_wconf 84' lang='lat' dir='ltr'><strong><em>Cornelio</em></strong></span> <span class='ocrx_word' id='word_1_161' title='bbox 1408 2074 1457 2119; x_wconf 86' lang='lat' dir='ltr'><strong><em>et</em></strong></span> <span class='ocrx_word' id='word_1_162' title='bbox 1484 2063 1659 2118; x_wconf 79' lang='lat' dir='ltr'><strong><em>Asinio</em></strong></span> <span class='ocrx_word' id='word_1_163' title='bbox 1682 2060 1912 2115; x_wconf 80' lang='lat' dir='ltr'><strong><em>Pollione</em></strong></span> <span class='ocrx_word' id='word_1_164' title='bbox 1928 2062 2030 2133; x_wconf 72' lang='grc' dir='ltr'><strong>(τι),</strong></span> <span class='ocrx_word' id='word_1_165' title='bbox 2055 2078 2134 2116; x_wconf 86' lang='lat' dir='ltr'><strong><em>me</em></strong></span> 
     </span>
    </p>
   </div>
   <div class='ocr_carea' id='block_1_22' title="bbox 542 2155 2133 2234">
    <p class='ocr_par' dir='ltr' id='par_1_22' title="bbox 542 2155 2133 2234">
     <span class='ocr_line' id='line_1_22' title="bbox 542 2155 2133 2234; baseline -0.008 -13"><span class='ocrx_word' id='word_1_166' title='bbox 542 2168 777 2221; x_wconf 80' lang='lat' dir='ltr'><strong><em>hederam</em></strong></span> <span class='ocrx_word' id='word_1_167' title='bbox 817 2182 908 2234; x_wconf 90' lang='lat' dir='ltr'><strong><em>pro</em></strong></span> <span class='ocrx_word' id='word_1_168' title='bbox 956 2160 1212 2216; x_wconf 82' lang='lat' dir='ltr'><strong><em>cucurbita</em></strong></span> <span class='ocrx_word' id='word_1_169' title='bbox 1263 2158 1597 2213; x_wconf 89' lang='lat' dir='ltr'><strong><em>transtulisse.</em></strong></span> <span class='ocrx_word' id='word_1_170' title='bbox 1641 2156 1808 2225; x_wconf 87' lang='lat' dir='ltr'><strong><em>Super</em></strong></span> <span class='ocrx_word' id='word_1_171' title='bbox 1845 2172 1945 2222; x_wconf 90' lang='lat' dir='ltr'><strong><em>qua</em></strong></span> <span class='ocrx_word' id='word_1_172' title='bbox 1989 2171 2043 2207; x_wconf 89' lang='lat' dir='ltr'><strong><em>re</em></strong></span> <span class='ocrx_word' id='word_1_173' title='bbox 2078 2155 2133 2210; x_wconf 89' lang='lat' dir='ltr'><strong><em>iu</em></strong></span> 
     </span>
    </p>
   </div>
   <div class='ocr_carea' id='block_1_23' title="bbox 539 2245 2132 2321">
    <p class='ocr_par' dir='ltr' id='par_1_23' title="bbox 539 2245 2132 2321">
     <span class='ocr_line' id='line_1_23' title="bbox 539 2245 2132 2321; baseline -0.008 -8"><span class='ocrx_word' id='word_1_174' title='bbox 539 2256 892 2312; x_wconf 88' lang='lat' dir='ltr'><strong><em>connneutario</em></strong></span> <span class='ocrx_word' id='word_1_175' title='bbox 920 2252 957 2307; x_wconf 80' lang='lat' dir='ltr'><strong><em>J</em></strong></span> <span class='ocrx_word' id='word_1_176' title='bbox 961 2269 1072 2307; x_wconf 81' lang='lat' dir='ltr'><strong><em>once</em></strong></span> <span class='ocrx_word' id='word_1_177' title='bbox 1102 2252 1363 2321; x_wconf 75' lang='lat' dir='ltr'><strong><em>prapheta:</em></strong></span> <span class='ocrx_word' id='word_1_178' title='bbox 1388 2250 1583 2319; x_wconf 89' lang='lat' dir='ltr'><strong><em>plenius</em></strong></span> <span class='ocrx_word' id='word_1_179' title='bbox 1609 2247 1977 2318; x_wconf 86' lang='lat' dir='ltr'><strong><em>respondimus.</em></strong></span> <span class='ocrx_word' id='word_1_180' title='bbox 2018 2245 2132 2301; x_wconf 88' lang='lat' dir='ltr'><strong><em>Iloc</em></strong></span> 
     </span>
    </p>
   </div>
   <div class='ocr_carea' id='block_1_24' title="bbox 539 2337 2131 2410">
    <p class='ocr_par' dir='ltr' id='par_1_24' title="bbox 539 2337 2131 2410">
     <span class='ocr_line' id='line_1_24' title="bbox 539 2337 2131 2410; baseline -0.009 -4"><span class='ocrx_word' id='word_1_181' title='bbox 539 2360 731 2407; x_wconf 89' lang='lat' dir='ltr'><strong><em>tantum</em></strong></span> <span class='ocrx_word' id='word_1_182' title='bbox 772 2364 903 2402; x_wconf 87' lang='lat' dir='ltr'><strong><em>nunc</em></strong></span> <span class='ocrx_word' id='word_1_183' title='bbox 935 2347 1122 2400; x_wconf 76' lang='lat' dir='ltr'><strong><em>dixisse</em></strong></span> <span class='ocrx_word' id='word_1_184' title='bbox 1154 2344 1404 2406; x_wconf 88' lang='lat' dir='ltr'><strong><em>contenti,</em></strong></span> <span class='ocrx_word' id='word_1_185' title='bbox 1432 2341 1563 2410; x_wconf 88' lang='lat' dir='ltr'><strong><em>quod</em></strong></span> <span class='ocrx_word' id='word_1_186' title='bbox 1590 2341 1641 2393; x_wconf 94' lang='lat' dir='ltr'><strong><em>in</em></strong></span> <span class='ocrx_word' id='word_1_187' title='bbox 1669 2356 1725 2393; x_wconf 90' lang='lat' dir='ltr'><strong><em>eo</em></strong></span> <span class='ocrx_word' id='word_1_188' title='bbox 1751 2340 1860 2391; x_wconf 89' lang='lat' dir='ltr'><strong><em>loco</em></strong></span> <span class='ocrx_word' id='word_1_189' title='bbox 1879 2379 1894 2402; x_wconf 89' lang='lat'><strong><em>,</em></strong></span> <span class='ocrx_word' id='word_1_190' title='bbox 1927 2343 2007 2392; x_wconf 78' lang='lat' dir='ltr'><strong><em>ubi</em></strong></span> <span class='ocrx_word' id='word_1_191' title='bbox 2036 2337 2131 2392; x_wconf 86' lang='lat' dir='ltr'><strong><em>Se-</em></strong></span> 
     </span>
    </p>
   </div>
   <div class='ocr_carea' id='block_1_25' title="bbox 539 2428 2131 2513">
    <p class='ocr_par' dir='ltr' id='par_1_25' title="bbox 539 2428 2131 2513">
     <span class='ocr_line' id='line_1_25' title="bbox 539 2428 2131 2513; baseline -0.008 -19"><span class='ocrx_word' id='word_1_192' title='bbox 539 2441 802 2513; x_wconf 84' lang='lat' dir='ltr'><strong><em>ptuaginta</em></strong></span> <span class='ocrx_word' id='word_1_193' title='bbox 831 2439 1120 2507; x_wconf 73' lang='lat' dir='ltr'><strong><em>interpretes</em></strong></span> <span class='ocrx_word' id='word_1_194' title='bbox 1149 2432 1479 2489; x_wconf 82' lang='lat' dir='ltr'><strong><em>cucurbitam.</em></strong></span> <span class='ocrx_word' id='word_1_195' title='bbox 1505 2440 1551 2483; x_wconf 84' lang='lat' dir='ltr'><strong><em>et</em></strong></span> <span class='ocrx_word' id='word_1_196' title='bbox 1578 2428 1760 2499; x_wconf 82' lang='lat' dir='ltr'><strong><em>Aquila</em></strong></span> <span class='ocrx_word' id='word_1_197' title='bbox 1789 2446 1901 2481; x_wconf 89' lang='lat' dir='ltr'><strong><em>cum</em></strong></span> <span class='ocrx_word' id='word_1_198' title='bbox 1926 2429 2131 2496; x_wconf 78' lang='lat' dir='ltr'><strong><em>reliquis</em></strong></span> 
     </span>
    </p>
   </div>
   <div class='ocr_carea' id='block_1_26' title="bbox 538 2520 2133 2591">
    <p class='ocr_par' dir='ltr' id='par_1_26' title="bbox 538 2520 2133 2591">
     <span class='ocr_line' id='line_1_26' title="bbox 538 2520 2133 2591; baseline -0.008 -3"><span class='ocrx_word' id='word_1_199' title='bbox 538 2534 775 2587; x_wconf 88' lang='lat' dir='ltr'><strong><em>hederam</em></strong></span> <span class='ocrx_word' id='word_1_200' title='bbox 803 2529 1186 2591; x_wconf 88' lang='lat' dir='ltr'><strong><em>transtulerunt,</em></strong></span> <span class='ocrx_word' id='word_1_201' title='bbox 1214 2526 1266 2578; x_wconf 90' lang='lat' dir='ltr'><strong><em>id</em></strong></span> <span class='ocrx_word' id='word_1_202' title='bbox 1293 2536 1363 2579; x_wconf 90' lang='lat' dir='ltr'><strong><em>est</em></strong></span> <span class='ocrx_word' id='word_1_203' title='bbox 1387 2532 1561 2578; x_wconf 68' lang='grc' dir='ltr'><strong><em>κιςοό).</em></strong></span> <span class='ocrx_word' id='word_1_204' title='bbox 1585 2523 1637 2575; x_wconf 89' lang='lat' dir='ltr'><strong><em>in</em></strong></span> <span class='ocrx_word' id='word_1_205' title='bbox 1663 2523 1857 2574; x_wconf 68' lang='lat' dir='ltr'><strong><em>lteber</em></strong></span> <span class='ocrx_word' id='word_1_206' title='bbox 1884 2520 2133 2575; x_wconf 74' lang='lat' dir='ltr'><strong><em>volumine</em></strong></span> 
     </span>
    </p>
   </div>
   <div class='ocr_carea' id='block_1_27' title="bbox 537 2611 2126 2690">
    <p class='ocr_par' dir='ltr' id='par_1_27' title="bbox 537 2611 2126 2690">
     <span class='ocr_line' id='line_1_27' title="bbox 537 2611 2126 2690; baseline -0.01 -12"><span class='ocrx_word' id='word_1_207' title='bbox 537 2624 724 2679; x_wconf 81' lang='lat' dir='ltr'><strong><em>ciceiou</em></strong></span> <span class='ocrx_word' id='word_1_208' title='bbox 749 2621 991 2690; x_wconf 86' lang='lat' dir='ltr'><strong><em>scriptum</em></strong></span> <span class='ocrx_word' id='word_1_209' title='bbox 1031 2616 1260 2680; x_wconf 81' lang='lat' dir='ltr'><strong><em>habetur,</em></strong></span> <span class='ocrx_word' id='word_1_210' title='bbox 1290 2632 1440 2684; x_wconf 89' lang='lat' dir='ltr'><strong><em>quam</em></strong></span> <span class='ocrx_word' id='word_1_211' title='bbox 1478 2614 1623 2683; x_wconf 81' lang='lat' dir='ltr'><strong><em>vulgo</em></strong></span> <span class='ocrx_word' id='word_1_212' title='bbox 1652 2611 1772 2681; x_wconf 83' lang='lat' dir='ltr'><strong><em>Syri</em></strong></span> <span class='ocrx_word' id='word_1_213' title='bbox 1807 2612 2011 2665; x_wconf 86' lang='lat' dir='ltr'><strong><em>ciceiam</em></strong></span> <span class='ocrx_word' id='word_1_214' title='bbox 2039 2626 2126 2663; x_wconf 80' lang='lat' dir='ltr'><strong><em>ro-</em></strong></span> 
     </span>
    </p>
   </div>
   <div class='ocr_carea' id='block_1_28' title="bbox 535 2704 2128 2781">
    <p class='ocr_par' dir='ltr' id='par_1_28' title="bbox 535 2704 2128 2781">
     <span class='ocr_line' id='line_1_28' title="bbox 535 2704 2128 2781; baseline -0.009 -10"><span class='ocrx_word' id='word_1_215' title='bbox 535 2726 671 2771; x_wconf 88' lang='lat' dir='ltr'><strong><em>cant.</em></strong></span> <span class='ocrx_word' id='word_1_216' title='bbox 717 2713 804 2769; x_wconf 80' lang='lat' dir='ltr'><strong><em>Est</em></strong></span> <span class='ocrx_word' id='word_1_217' title='bbox 833 2721 1001 2765; x_wconf 89' lang='lat' dir='ltr'><strong><em>autem</em></strong></span> <span class='ocrx_word' id='word_1_218' title='bbox 1025 2725 1179 2781; x_wconf 86' lang='lat' dir='ltr'><strong><em>genus</em></strong></span> <span class='ocrx_word' id='word_1_219' title='bbox 1208 2708 1410 2777; x_wconf 73' lang='lat' dir='ltr'><strong><em>rit-galli</em></strong></span> <span class='ocrx_word' id='word_1_220' title='bbox 1432 2706 1533 2757; x_wconf 91' lang='lat' dir='ltr'><strong><em>lata</em></strong></span> <span class='ocrx_word' id='word_1_221' title='bbox 1560 2704 1748 2757; x_wconf 86' lang='lat' dir='ltr'><strong><em>habens</em></strong></span> <span class='ocrx_word' id='word_1_222' title='bbox 1773 2704 1917 2773; x_wconf 76' lang='lat' dir='ltr'><strong><em>folia,</em></strong></span> <span class='ocrx_word' id='word_1_223' title='bbox 1943 2704 1996 2756; x_wconf 91' lang='lat' dir='ltr'><strong><em>in</em></strong></span> <span class='ocrx_word' id='word_1_224' title='bbox 2019 2719 2128 2756; x_wconf 82' lang='lat' dir='ltr'><strong><em>mo-</em></strong></span> 
     </span>
    </p>
   </div>
   <div class='ocr_carea' id='block_1_29' title="bbox 537 2794 2131 2875">
    <p class='ocr_par' dir='ltr' id='par_1_29' title="bbox 537 2794 2131 2875">
     <span class='ocr_line' id='line_1_29' title="bbox 537 2794 2131 2875; baseline -0.008 -14"><span class='ocrx_word' id='word_1_225' title='bbox 537 2807 659 2861; x_wconf 85' lang='lat' dir='ltr'><strong><em>dum</em></strong></span> <span class='ocrx_word' id='word_1_226' title='bbox 680 2804 939 2875; x_wconf 86' lang='lat' dir='ltr'><strong><em>pampini:</em></strong></span> <span class='ocrx_word' id='word_1_227' title='bbox 954 2817 1166 2873; x_wconf 74' lang='lat' dir='ltr'><strong><em>cumque</em></strong></span> <span class='ocrx_word' id='word_1_228' title='bbox 1187 2798 1470 2868; x_wconf 49' lang='lat' dir='ltr'><strong><em>plantation</em></strong></span> <span class='ocrx_word' id='word_1_229' title='bbox 1493 2796 1665 2867; x_wconf 83' lang='lat' dir='ltr'><strong><em>fuerit,</em></strong></span> <span class='ocrx_word' id='word_1_230' title='bbox 1686 2794 1783 2847; x_wconf 79' lang='lat' dir='ltr'><strong><em>cito</em></strong></span> <span class='ocrx_word' id='word_1_231' title='bbox 1802 2794 2056 2864; x_wconf 84' lang='lat' dir='ltr'><strong><em>consurgit</em></strong></span> <span class='ocrx_word' id='word_1_232' title='bbox 2078 2795 2131 2848; x_wconf 86' lang='lat' dir='ltr'><strong><em>iu</em></strong></span> 
     </span>
    </p>
   </div>
   <div class='ocr_carea' id='block_1_30' title="bbox 536 2887 2129 2965">
    <p class='ocr_par' dir='ltr' id='par_1_30' title="bbox 536 2887 2129 2965">
     <span class='ocr_line' id='line_1_30' title="bbox 536 2887 2129 2965; baseline -0.01 -9"><span class='ocrx_word' id='word_1_233' title='bbox 536 2902 874 2963; x_wconf 86' lang='lat' dir='ltr'><strong><em>arbusculam,</em></strong></span> <span class='ocrx_word' id='word_1_234' title='bbox 906 2898 1089 2965; x_wconf 87' lang='lat' dir='ltr'><strong><em>absque</em></strong></span> <span class='ocrx_word' id='word_1_235' title='bbox 1118 2893 1235 2947; x_wconf 88' lang='lat' dir='ltr'><strong><em>ullis</em></strong></span> <span class='ocrx_word' id='word_1_236' title='bbox 1260 2894 1571 2944; x_wconf 88' lang='lat' dir='ltr'><strong><em>calamorum</em></strong></span> <span class='ocrx_word' id='word_1_237' title='bbox 1610 2898 1655 2940; x_wconf 87' lang='lat' dir='ltr'><strong><em>et</em></strong></span> <span class='ocrx_word' id='word_1_238' title='bbox 1685 2888 1942 2941; x_wconf 84' lang='lat' dir='ltr'><strong><em>hostilium</em></strong></span> <span class='ocrx_word' id='word_1_239' title='bbox 1966 2887 2129 2940; x_wconf 88' lang='lat' dir='ltr'><strong><em>admi-</em></strong></span> 
     </span>
    </p>
   </div>
   <div class='ocr_carea' id='block_1_31' title="bbox 536 2980 2129 3060">
    <p class='ocr_par' dir='ltr' id='par_1_31' title="bbox 536 2980 2129 3060">
     <span class='ocr_line' id='line_1_31' title="bbox 536 2980 2129 3060; baseline -0.009 -13"><span class='ocrx_word' id='word_1_240' title='bbox 536 2992 750 3050; x_wconf 87' lang='lat' dir='ltr'><strong><em>niculis.</em></strong></span> <span class='ocrx_word' id='word_1_241' title='bbox 790 2989 968 3060; x_wconf 89' lang='lat' dir='ltr'><strong><em>quibus</em></strong></span> <span class='ocrx_word' id='word_1_242' title='bbox 1001 2998 1045 3041; x_wconf 90' lang='lat' dir='ltr'><strong><em>et</em></strong></span> <span class='ocrx_word' id='word_1_243' title='bbox 1090 2986 1359 3039; x_wconf 80' lang='lat' dir='ltr'><strong><em>cucurbin</em></strong></span> <span class='ocrx_word' id='word_1_244' title='bbox 1394 2991 1440 3036; x_wconf 89' lang='lat' dir='ltr'><strong><em>et</em></strong></span> <span class='ocrx_word' id='word_1_245' title='bbox 1486 2980 1685 3035; x_wconf 79' lang='lat' dir='ltr'><strong><em>hedera:</em></strong></span> <span class='ocrx_word' id='word_1_246' title='bbox 1731 2980 1988 3049; x_wconf 87' lang='lat' dir='ltr'><strong><em>indigent,</em></strong></span> <span class='ocrx_word' id='word_1_247' title='bbox 2036 2996 2129 3035; x_wconf 91' lang='lat' dir='ltr'><strong><em>suo</em></strong></span> 
     </span>
    </p>
   </div>
   <div class='ocr_carea' id='block_1_32' title="bbox 536 3071 2131 3145">
    <p class='ocr_par' dir='ltr' id='par_1_32' title="bbox 536 3071 2131 3145">
     <span class='ocr_line' id='line_1_32' title="bbox 536 3071 2131 3145; baseline -0.009 -7"><span class='ocrx_word' id='word_1_248' title='bbox 536 3094 714 3138; x_wconf 89' lang='lat' dir='ltr'><strong><em>trunco</em></strong></span> <span class='ocrx_word' id='word_1_249' title='bbox 741 3099 795 3135; x_wconf 91' lang='lat' dir='ltr'><strong><em>se</em></strong></span> <span class='ocrx_word' id='word_1_250' title='bbox 830 3081 1101 3135; x_wconf 88' lang='lat' dir='ltr'><strong><em>sustinens.</em></strong></span> <span class='ocrx_word' id='word_1_251' title='bbox 1148 3075 1259 3130; x_wconf 83' lang='lat' dir='ltr'><strong><em>liae</em></strong></span> <span class='ocrx_word' id='word_1_252' title='bbox 1284 3092 1402 3145; x_wconf 90' lang='lat' dir='ltr'><strong><em>ergo</em></strong></span> <span class='ocrx_word' id='word_1_253' title='bbox 1429 3074 1631 3128; x_wconf 84' lang='lat' dir='ltr'><strong><em>verbum</em></strong></span> <span class='ocrx_word' id='word_1_254' title='bbox 1671 3072 1734 3125; x_wconf 89' lang='lat' dir='ltr'><strong><em>de</em></strong></span> <span class='ocrx_word' id='word_1_255' title='bbox 1762 3074 1906 3126; x_wconf 83' lang='lat' dir='ltr'><strong><em>verba</em></strong></span> <span class='ocrx_word' id='word_1_256' title='bbox 1946 3071 2131 3125; x_wconf 78' lang='lat' dir='ltr'><strong><em>edisse-</em></strong></span> 
     </span>
    </p>
   </div>
   <div class='ocr_carea' id='block_1_33' title="bbox 537 3160 2129 3237">
    <p class='ocr_par' dir='ltr' id='par_1_33' title="bbox 537 3160 2129 3237">
     <span class='ocr_line' id='line_1_33' title="bbox 537 3160 2129 3237; baseline -0.01 -8"><span class='ocrx_word' id='word_1_257' title='bbox 537 3190 673 3237; x_wconf 89' lang='lat' dir='ltr'><strong><em>reus,</em></strong></span> <span class='ocrx_word' id='word_1_258' title='bbox 695 3173 738 3226; x_wconf 90' lang='lat' dir='ltr'><strong><em>si</em></strong></span> <span class='ocrx_word' id='word_1_259' title='bbox 755 3172 941 3225; x_wconf 91' lang='lat' dir='ltr'><strong><em>ciceiou</em></strong></span> <span class='ocrx_word' id='word_1_260' title='bbox 967 3168 1239 3236; x_wconf 82' lang='lat' dir='ltr'><strong><em>transferre</em></strong></span> <span class='ocrx_word' id='word_1_261' title='bbox 1266 3165 1527 3220; x_wconf 74' lang='lat' dir='ltr'><strong><em>voluissent</em></strong></span> <span class='ocrx_word' id='word_1_262' title='bbox 1544 3206 1560 3229; x_wconf 92' lang='lat'><strong><em>,</em></strong></span> <span class='ocrx_word' id='word_1_263' title='bbox 1585 3162 1755 3217; x_wconf 89' lang='lat' dir='ltr'><strong><em>nullus</em></strong></span> <span class='ocrx_word' id='word_1_264' title='bbox 1795 3160 2129 3233; x_wconf 82' lang='lat' dir='ltr'><strong><em>intelligeret;</em></strong></span> 
     </span>
    </p>
   </div>
   <div class='ocr_carea' id='block_1_34' title="bbox 536 3253 2129 3325">
    <p class='ocr_par' dir='ltr' id='par_1_34' title="bbox 536 3253 2129 3325">
     <span class='ocr_line' id='line_1_34' title="bbox 536 3253 2129 3325; baseline -0.009 -7"><span class='ocrx_word' id='word_1_265' title='bbox 536 3264 583 3319; x_wconf 90' lang='lat' dir='ltr'><strong><em>si</em></strong></span> <span class='ocrx_word' id='word_1_266' title='bbox 607 3262 933 3324; x_wconf 86' lang='lat' dir='ltr'><strong><em>cucarbitam,</em></strong></span> <span class='ocrx_word' id='word_1_267' title='bbox 959 3260 1013 3312; x_wconf 91' lang='lat' dir='ltr'><strong><em>id</em></strong></span> <span class='ocrx_word' id='word_1_268' title='bbox 1037 3258 1251 3311; x_wconf 84' lang='lat' dir='ltr'><strong><em>dicerent</em></strong></span> <span class='ocrx_word' id='word_1_269' title='bbox 1272 3255 1405 3325; x_wconf 90' lang='lat' dir='ltr'><strong><em>quod</em></strong></span> <span class='ocrx_word' id='word_1_270' title='bbox 1431 3255 1481 3307; x_wconf 92' lang='lat' dir='ltr'><strong><em>in</em></strong></span> <span class='ocrx_word' id='word_1_271' title='bbox 1502 3253 1733 3307; x_wconf 86' lang='lat' dir='ltr'><strong><em>hebraica</em></strong></span> <span class='ocrx_word' id='word_1_272' title='bbox 1755 3270 1855 3306; x_wconf 88' lang='lat' dir='ltr'><strong><em>non</em></strong></span> <span class='ocrx_word' id='word_1_273' title='bbox 1882 3253 2090 3306; x_wconf 90' lang='lat' dir='ltr'><strong><em>habetur</em></strong></span> <span class='ocrx_word' id='word_1_274' title='bbox 2110 3267 2129 3303; x_wconf 90' lang='lat'><strong><em>:</em></strong></span> 
     </span>
    </p>
   </div>
   <div class='ocr_carea' id='block_1_35' title="bbox 539 3342 2128 3421">
    <p class='ocr_par' dir='ltr' id='par_1_35' title="bbox 539 3342 2128 3421">
     <span class='ocr_line' id='line_1_35' title="bbox 539 3342 2128 3421; baseline -0.008 -13"><span class='ocrx_word' id='word_1_275' title='bbox 539 3355 774 3409; x_wconf 87' lang='lat' dir='ltr'><strong><em>hederam</em></strong></span> <span class='ocrx_word' id='word_1_276' title='bbox 797 3351 960 3421; x_wconf 88' lang='lat' dir='ltr'><strong><em>posui,</em></strong></span> <span class='ocrx_word' id='word_1_277' title='bbox 978 3361 1031 3402; x_wconf 91' lang='lat' dir='ltr'><strong><em>ut</em></strong></span> <span class='ocrx_word' id='word_1_278' title='bbox 1060 3347 1252 3402; x_wconf 78' lang='lat' dir='ltr'><strong><em>cwteris</em></strong></span> <span class='ocrx_word' id='word_1_279' title='bbox 1278 3344 1629 3415; x_wconf 86' lang='lat' dir='ltr'><strong><em>interpretibus</em></strong></span> <span class='ocrx_word' id='word_1_280' title='bbox 1655 3346 2003 3397; x_wconf 79' lang='lat' dir='ltr'><strong><em>consentirem.</em></strong></span> <span class='ocrx_word' id='word_1_281' title='bbox 2033 3342 2128 3398; x_wconf 89' lang='lat' dir='ltr'><strong><em>Sin</em></strong></span> 
     </span>
    </p>
   </div>
   <div class='ocr_carea' id='block_1_36' title="bbox 538 3435 2129 3511">
    <p class='ocr_par' dir='ltr' id='par_1_36' title="bbox 538 3435 2129 3511">
     <span class='ocr_line' id='line_1_36' title="bbox 538 3435 2129 3511; baseline -0.008 -10"><span class='ocrx_word' id='word_1_282' title='bbox 538 3457 703 3501; x_wconf 84' lang='lat' dir='ltr'><strong><em>autem</em></strong></span> <span class='ocrx_word' id='word_1_283' title='bbox 725 3443 899 3499; x_wconf 79' lang='lat' dir='ltr'><strong><em>Judtei</em></strong></span> <span class='ocrx_word' id='word_1_284' title='bbox 920 3443 1087 3505; x_wconf 86' lang='lat' dir='ltr'><strong><em>vestri,</em></strong></span> <span class='ocrx_word' id='word_1_285' title='bbox 1106 3450 1162 3493; x_wconf 90' lang='lat' dir='ltr'><strong><em>ut</em></strong></span> <span class='ocrx_word' id='word_1_286' title='bbox 1183 3441 1287 3511; x_wconf 88' lang='lat' dir='ltr'><strong><em>ipse</em></strong></span> <span class='ocrx_word' id='word_1_287' title='bbox 1313 3439 1514 3502; x_wconf 86' lang='lat' dir='ltr'><strong><em>asseris,</em></strong></span> <span class='ocrx_word' id='word_1_288' title='bbox 1540 3435 1754 3498; x_wconf 85' lang='lat' dir='ltr'><strong><em>malitia,</em></strong></span> <span class='ocrx_word' id='word_1_289' title='bbox 1778 3435 1853 3489; x_wconf 80' lang='lat' dir='ltr'><strong><em>vel</em></strong></span> <span class='ocrx_word' id='word_1_290' title='bbox 1875 3436 2129 3506; x_wconf 86' lang='lat' dir='ltr'><strong><em>imperitia</em></strong></span> 
     </span>
    </p>
   </div>
   <div class='ocr_carea' id='block_1_37' title="bbox 538 3526 2129 3598">
    <p class='ocr_par' dir='ltr' id='par_1_37' title="bbox 538 3526 2129 3598">
     <span class='ocr_line' id='line_1_37' title="bbox 538 3526 2129 3598; baseline -0.006 -7"><span class='ocrx_word' id='word_1_291' title='bbox 538 3538 634 3591; x_wconf 89' lang='lat' dir='ltr'><strong><em>hoc</em></strong></span> <span class='ocrx_word' id='word_1_292' title='bbox 670 3538 902 3591; x_wconf 75' lang='lat' dir='ltr'><strong><em>dixerunt</em></strong></span> <span class='ocrx_word' id='word_1_293' title='bbox 931 3550 1035 3589; x_wconf 85' lang='lat' dir='ltr'><strong><em>esse</em></strong></span> <span class='ocrx_word' id='word_1_294' title='bbox 1066 3532 1116 3585; x_wconf 90' lang='lat' dir='ltr'><strong><em>in</em></strong></span> <span class='ocrx_word' id='word_1_295' title='bbox 1161 3529 1493 3585; x_wconf 83' lang='lat' dir='ltr'><strong><em>voluminibus</em></strong></span> <span class='ocrx_word' id='word_1_296' title='bbox 1526 3526 1856 3582; x_wconf 69' lang='lat' dir='ltr'><strong><em>Hebraeorum</em></strong></span> <span class='ocrx_word' id='word_1_297' title='bbox 1875 3568 1891 3591; x_wconf 90' lang='lat'><strong><em>,</em></strong></span> <span class='ocrx_word' id='word_1_298' title='bbox 1916 3527 2051 3598; x_wconf 90' lang='lat' dir='ltr'><strong><em>quod</em></strong></span> <span class='ocrx_word' id='word_1_299' title='bbox 2075 3528 2129 3581; x_wconf 89' lang='lat' dir='ltr'><strong><em>in</em></strong></span> 
     </span>
    </p>
   </div>
   <div class='ocr_carea' id='block_1_38' title="bbox 540 3618 2129 3699">
    <p class='ocr_par' dir='ltr' id='par_1_38' title="bbox 540 3618 2129 3699">
     <span class='ocr_line' id='line_1_38' title="bbox 540 3618 2129 3699; baseline -0.005 -18"><span class='ocrx_word' id='word_1_300' title='bbox 540 3627 717 3699; x_wconf 65' lang='lat' dir='ltr'><strong><em>grauis</em></strong></span> <span class='ocrx_word' id='word_1_301' title='bbox 738 3636 781 3680; x_wconf 87' lang='lat' dir='ltr'><strong><em>et</em></strong></span> <span class='ocrx_word' id='word_1_302' title='bbox 803 3625 972 3680; x_wconf 89' lang='lat' dir='ltr'><strong><em>latinis</em></strong></span> <span class='ocrx_word' id='word_1_303' title='bbox 992 3622 1244 3677; x_wconf 86' lang='lat' dir='ltr'><strong><em>codicibus</em></strong></span> <span class='ocrx_word' id='word_1_304' title='bbox 1263 3619 1583 3683; x_wconf 85' lang='lat' dir='ltr'><strong><em>continetur;</em></strong></span> <span class='ocrx_word' id='word_1_305' title='bbox 1608 3618 1926 3689; x_wconf 79' lang='lat' dir='ltr'><strong><em>manifestum</em></strong></span> <span class='ocrx_word' id='word_1_306' title='bbox 1955 3629 2025 3672; x_wconf 89' lang='lat' dir='ltr'><strong><em>est</em></strong></span> <span class='ocrx_word' id='word_1_307' title='bbox 2045 3635 2129 3673; x_wconf 87' lang='lat' dir='ltr'><strong><em>eos</em></strong></span> 
     </span>
    </p>
   </div>
   <div class='ocr_carea' id='block_1_39' title="bbox 539 3709 2129 3785">
    <p class='ocr_par' dir='ltr' id='par_1_39' title="bbox 539 3709 2129 3785">
     <span class='ocr_line' id='line_1_39' title="bbox 539 3709 2129 3785; baseline -0.007 -13"><span class='ocrx_word' id='word_1_308' title='bbox 539 3730 626 3772; x_wconf 91' lang='lat' dir='ltr'><strong><em>aut</em></strong></span> <span class='ocrx_word' id='word_1_309' title='bbox 652 3717 872 3770; x_wconf 72' lang='lat' dir='ltr'><strong><em>hebratas</em></strong></span> <span class='ocrx_word' id='word_1_310' title='bbox 896 3715 1130 3785; x_wconf 70' lang='lat' dir='ltr'><strong><em>ignorate</em></strong></span> <span class='ocrx_word' id='word_1_311' title='bbox 1156 3714 1347 3767; x_wconf 90' lang='lat' dir='ltr'><strong><em>litteras</em></strong></span> <span class='ocrx_word' id='word_1_312' title='bbox 1366 3754 1381 3775; x_wconf 96' lang='lat'><strong><em>,</em></strong></span> <span class='ocrx_word' id='word_1_313' title='bbox 1410 3722 1494 3764; x_wconf 90' lang='lat' dir='ltr'><strong><em>aut</em></strong></span> <span class='ocrx_word' id='word_1_314' title='bbox 1536 3711 1604 3763; x_wconf 92' lang='lat' dir='ltr'><strong><em>ad</em></strong></span> <span class='ocrx_word' id='word_1_315' title='bbox 1634 3709 1917 3762; x_wconf 88' lang='lat' dir='ltr'><strong><em>irridendos</em></strong></span> <span class='ocrx_word' id='word_1_316' title='bbox 1951 3726 2129 3763; x_wconf 87' lang='lat' dir='ltr'><strong><em>cucur-</em></strong></span> 
     </span>
    </p>
   </div>
   <div class='ocr_carea' id='block_1_40' title="bbox 538 3798 2130 3871">
    <p class='ocr_par' dir='ltr' id='par_1_40' title="bbox 538 3798 2130 3871">
     <span class='ocr_line' id='line_1_40' title="bbox 538 3798 2130 3871; baseline -0.006 -8"><span class='ocrx_word' id='word_1_317' title='bbox 538 3805 746 3865; x_wconf 90' lang='lat' dir='ltr'><strong><em>bitarios</em></strong></span> <span class='ocrx_word' id='word_1_318' title='bbox 780 3808 994 3862; x_wconf 79' lang='lat' dir='ltr'><strong><em>voluisse</em></strong></span> <span class='ocrx_word' id='word_1_319' title='bbox 1033 3806 1249 3859; x_wconf 76' lang='lat' dir='ltr'><strong><em>mentiri.</em></strong></span> <span class='ocrx_word' id='word_1_320' title='bbox 1284 3801 1408 3857; x_wconf 85' lang='lat' dir='ltr'><strong><em>Peto</em></strong></span> <span class='ocrx_word' id='word_1_321' title='bbox 1433 3802 1484 3855; x_wconf 92' lang='lat' dir='ltr'><strong><em>iu</em></strong></span> <span class='ocrx_word' id='word_1_322' title='bbox 1513 3803 1615 3870; x_wconf 81' lang='lat' dir='ltr'><strong><em>ﬁne</em></strong></span> <span class='ocrx_word' id='word_1_323' title='bbox 1640 3798 1901 3871; x_wconf 70' lang='lat' dir='ltr'><strong><em>epistolat,</em></strong></span> <span class='ocrx_word' id='word_1_324' title='bbox 1925 3810 1979 3853; x_wconf 91' lang='lat' dir='ltr'><strong><em>ut</em></strong></span> <span class='ocrx_word' id='word_1_325' title='bbox 2018 3801 2130 3871; x_wconf 82' lang='lat' dir='ltr'><strong><em>qui-</em></strong></span> 
     </span>
    </p>
   </div>
   <div class='ocr_carea' id='block_1_41' title="bbox 543 3890 2124 3965">
    <p class='ocr_par' dir='ltr' id='par_1_41' title="bbox 543 3890 2124 3965">
     <span class='ocr_line' id='line_1_41' title="bbox 543 3890 2124 3965; baseline -0.008 -10"><span class='ocrx_word' id='word_1_326' title='bbox 543 3910 785 3955; x_wconf 88' lang='lat' dir='ltr'><strong><em>escentem</em></strong></span> <span class='ocrx_word' id='word_1_327' title='bbox 813 3914 999 3955; x_wconf 88' lang='lat' dir='ltr'><strong><em>senem.</em></strong></span> <span class='ocrx_word' id='word_1_328' title='bbox 1025 3896 1240 3965; x_wconf 84' lang='lat' dir='ltr'><strong><em>olimque</em></strong></span> <span class='ocrx_word' id='word_1_329' title='bbox 1268 3904 1572 3955; x_wconf 84' lang='lat' dir='ltr'><strong><em>veteranum,</em></strong></span> <span class='ocrx_word' id='word_1_330' title='bbox 1593 3890 1809 3943; x_wconf 89' lang='lat' dir='ltr'><strong><em>militare</em></strong></span> <span class='ocrx_word' id='word_1_331' title='bbox 1836 3906 1935 3942; x_wconf 88' lang='lat' dir='ltr'><strong><em>non</em></strong></span> <span class='ocrx_word' id='word_1_332' title='bbox 1956 3906 2124 3959; x_wconf 88' lang='lat' dir='ltr'><strong><em>cogas,</em></strong></span> 
     </span>
    </p>
   </div>
   <div class='ocr_carea' id='block_1_42' title="bbox 537 3982 2125 4058">
    <p class='ocr_par' dir='ltr' id='par_1_42' title="bbox 537 3982 2125 4058">
     <span class='ocr_line' id='line_1_42' title="bbox 537 3982 2125 4058; baseline -0.007 -11"><span class='ocrx_word' id='word_1_333' title='bbox 537 4004 584 4048; x_wconf 88' lang='lat' dir='ltr'><strong><em>et</em></strong></span> <span class='ocrx_word' id='word_1_334' title='bbox 626 4008 826 4047; x_wconf 90' lang='lat' dir='ltr'><strong><em>rursum</em></strong></span> <span class='ocrx_word' id='word_1_335' title='bbox 852 3991 916 4045; x_wconf 89' lang='lat' dir='ltr'><strong><em>de</em></strong></span> <span class='ocrx_word' id='word_1_336' title='bbox 956 3990 1054 4043; x_wconf 75' lang='lat' dir='ltr'><strong><em>vita</em></strong></span> <span class='ocrx_word' id='word_1_337' title='bbox 1082 3986 1371 4058; x_wconf 79' lang='lat' dir='ltr'><strong><em>periclitari.</em></strong></span> <span class='ocrx_word' id='word_1_338' title='bbox 1414 3982 1493 4038; x_wconf 86' lang='lat' dir='ltr'><strong><em>Tu</em></strong></span> <span class='ocrx_word' id='word_1_339' title='bbox 1521 3984 1606 4055; x_wconf 90' lang='lat' dir='ltr'><strong><em>qui</em></strong></span> <span class='ocrx_word' id='word_1_340' title='bbox 1643 3982 1846 4053; x_wconf 72' lang='lat' dir='ltr'><strong><em>juvenis</em></strong></span> <span class='ocrx_word' id='word_1_341' title='bbox 1886 3998 1936 4034; x_wconf 89' lang='lat' dir='ltr'><strong><em>es</em></strong></span> <span class='ocrx_word' id='word_1_342' title='bbox 1956 4022 1970 4045; x_wconf 90' lang='lat'><strong><em>,</em></strong></span> <span class='ocrx_word' id='word_1_343' title='bbox 2001 3992 2046 4035; x_wconf 90' lang='lat' dir='ltr'><strong><em>et</em></strong></span> <span class='ocrx_word' id='word_1_344' title='bbox 2074 3983 2125 4036; x_wconf 89' lang='lat' dir='ltr'><strong><em>in</em></strong></span> 
     </span>
    </p>
   </div>
   <div class='ocr_carea' id='block_1_43' title="bbox 538 4074 2127 4158">
    <p class='ocr_par' dir='ltr' id='par_1_43' title="bbox 538 4074 2127 4158">
     <span class='ocr_line' id='line_1_43' title="bbox 538 4074 2127 4158; baseline -0.009 -17"><span class='ocrx_word' id='word_1_345' title='bbox 538 4085 815 4158; x_wconf 77' lang='lat' dir='ltr'><strong><em>pontiﬁcali</em></strong></span> <span class='ocrx_word' id='word_1_346' title='bbox 844 4081 1063 4137; x_wconf 88' lang='lat' dir='ltr'><strong><em>culmine</em></strong></span> <span class='ocrx_word' id='word_1_347' title='bbox 1088 4080 1407 4142; x_wconf 89' lang='lat' dir='ltr'><strong><em>constitutus,</em></strong></span> <span class='ocrx_word' id='word_1_348' title='bbox 1436 4075 1610 4129; x_wconf 87' lang='lat' dir='ltr'><strong><em>doceta</em></strong></span> <span class='ocrx_word' id='word_1_349' title='bbox 1632 4074 1846 4144; x_wconf 83' lang='lat' dir='ltr'><strong><em>populos</em></strong></span> <span class='ocrx_word' id='word_1_350' title='bbox 1870 4089 1886 4136; x_wconf 85' lang='lat'><em>;</em></span> <span class='ocrx_word' id='word_1_351' title='bbox 1920 4083 1964 4126; x_wconf 89' lang='lat' dir='ltr'><strong><em>et</em></strong></span> <span class='ocrx_word' id='word_1_352' title='bbox 1988 4074 2127 4127; x_wconf 86' lang='lat' dir='ltr'><strong><em>novis</em></strong></span> 
     </span>
    </p>
   </div>
   <div class='ocr_carea' id='block_1_44' title="bbox 536 4162 2120 4249">
    <p class='ocr_par' dir='ltr' id='par_1_44' title="bbox 536 4162 2120 4249">
     <span class='ocr_line' id='line_1_44' title="bbox 536 4162 2120 4249; baseline -0.009 -17"><span class='ocrx_word' id='word_1_353' title='bbox 536 4177 725 4249; x_wconf 75' lang='lat' dir='ltr'><strong><em>Africa:</em></strong></span> <span class='ocrx_word' id='word_1_354' title='bbox 752 4174 979 4246; x_wconf 86' lang='lat' dir='ltr'><strong><em>frugibus</em></strong></span> <span class='ocrx_word' id='word_1_355' title='bbox 1007 4171 1237 4226; x_wconf 82' lang='lat' dir='ltr'><strong><em>Romana</em></strong></span> <span class='ocrx_word' id='word_1_356' title='bbox 1275 4180 1404 4224; x_wconf 83' lang='lat' dir='ltr'><strong><em>tecta</em></strong></span> <span class='ocrx_word' id='word_1_357' title='bbox 1434 4168 1703 4238; x_wconf 82' lang='lat' dir='ltr'><strong><em>locupleta.</em></strong></span> <span class='ocrx_word' id='word_1_358' title='bbox 1755 4162 1885 4217; x_wconf 83' lang='lat' dir='ltr'><strong><em>Mihi</em></strong></span> <span class='ocrx_word' id='word_1_359' title='bbox 1923 4165 2120 4235; x_wconf 78' lang='lat' dir='ltr'><strong><em>sufficit,</em></strong></span> 
     </span>
    </p>
   </div>
   <div class='ocr_carea' id='block_1_45' title="bbox 536 4257 2128 4333">
    <p class='ocr_par' dir='ltr' id='par_1_45' title="bbox 536 4257 2128 4333">
     <span class='ocr_line' id='line_1_45' title="bbox 536 4257 2128 4333; baseline -0.008 -11"><span class='ocrx_word' id='word_1_360' title='bbox 536 4286 651 4322; x_wconf 90' lang='lat' dir='ltr'><strong><em>cum</em></strong></span> <span class='ocrx_word' id='word_1_361' title='bbox 677 4266 906 4320; x_wconf 87' lang='lat' dir='ltr'><strong><em>auditore</em></strong></span> <span class='ocrx_word' id='word_1_362' title='bbox 931 4277 976 4319; x_wconf 93' lang='lat' dir='ltr'><strong><em>et</em></strong></span> <span class='ocrx_word' id='word_1_363' title='bbox 1008 4265 1189 4318; x_wconf 62' lang='lat' dir='ltr'><strong><em>lectore</em></strong></span> <span class='ocrx_word' id='word_1_364' title='bbox 1215 4262 1520 4333; x_wconf 85' lang='lat' dir='ltr'><strong><em>paupercula</em></strong></span> <span class='ocrx_word' id='word_1_365' title='bbox 1543 4262 1593 4314; x_wconf 89' lang='lat' dir='ltr'><strong><em>in</em></strong></span> <span class='ocrx_word' id='word_1_366' title='bbox 1622 4260 1811 4329; x_wconf 86' lang='lat' dir='ltr'><strong><em>angulo</em></strong></span> <span class='ocrx_word' id='word_1_367' title='bbox 1837 4257 2128 4311; x_wconf 87' lang='lat' dir='ltr'><strong><em>monasterii</em></strong></span> 
     </span>
    </p>
   </div>
   <div class='ocr_carea' id='block_1_46' title="bbox 536 4374 820 4416">
    <p class='ocr_par' dir='ltr' id='par_1_46' title="bbox 536 4374 820 4416">
     <span class='ocr_line' id='line_1_46' title="bbox 536 4374 820 4416; baseline -0.025 0"><span class='ocrx_word' id='word_1_368' title='bbox 536 4374 820 4416; x_wconf 85' lang='lat' dir='ltr'><strong><em>susurrare.</em></strong></span> 
     </span>
    </p>
   </div>
   <div class='ocr_carea' id='block_1_47' title="bbox 968 4421 1701 4491">
    <p class='ocr_par' dir='ltr' id='par_1_47' title="bbox 968 4421 1701 4491">
     <span class='ocr_line' id='line_1_47' title="bbox 968 4421 1701 4491; baseline -0.005 -12"><span class='ocrx_word' id='word_1_369' title='bbox 968 4422 1291 4479; x_wconf 76' lang='lat' dir='ltr'><strong><em>EPISTULA</em></strong></span> <span class='ocrx_word' id='word_1_370' title='bbox 1326 4421 1538 4477; x_wconf 72' lang='lat' dir='ltr'><strong><em>LXXVI</em></strong></span> <span class='ocrx_word' id='word_1_371' title='bbox 1571 4426 1584 4443; x_wconf 83' lang='lat'><strong><em>‘</em></strong></span> <span class='ocrx_word' id='word_1_372' title='bbox 1603 4422 1701 4491; x_wconf 90' lang='lat' dir='ltr'><strong><em>(b).</em></strong></span> 
     </span>
    </p>
   </div>
   <div class='ocr_carea' id='block_1_48' title="bbox 536 4510 2128 4587">
    <p class='ocr_par' dir='ltr' id='par_1_48' title="bbox 536 4510 2128 4587">
     <span class='ocr_line' id='line_1_48' title="bbox 536 4510 2128 4587; baseline -0.006 -13"><span class='ocrx_word' id='word_1_373' title='bbox 536 4517 648 4575; x_wconf 87' lang='lat' dir='ltr'><strong><em>Sub</em></strong></span> <span class='ocrx_word' id='word_1_374' title='bbox 677 4531 889 4587; x_wconf 86' lang='lat' dir='ltr'><strong><em>persona</em></strong></span> <span class='ocrx_word' id='word_1_375' title='bbox 923 4513 1164 4568; x_wconf 77' lang='lat' dir='ltr'><strong><em>Ecclesia:</em></strong></span> <span class='ocrx_word' id='word_1_376' title='bbox 1198 4513 1459 4569; x_wconf 69' lang='lat' dir='ltr'><strong><em>catholica</em></strong></span> <span class='ocrx_word' id='word_1_377' title='bbox 1497 4512 1789 4565; x_wconf 89' lang='lat' dir='ltr'><strong><em>cohortatur</em></strong></span> <span class='ocrx_word' id='word_1_378' title='bbox 1826 4528 1994 4566; x_wconf 85' lang='lat' dir='ltr'><strong><em>omnes</em></strong></span> <span class='ocrx_word' id='word_1_379' title='bbox 2019 4510 2128 4565; x_wconf 89' lang='lat' dir='ltr'><strong><em>Do-</em></strong></span> 
     </span>
    </p>
   </div>
   <div class='ocr_carea' id='block_1_49' title="bbox 607 4604 2124 4678">
    <p class='ocr_par' dir='ltr' id='par_1_49' title="bbox 607 4604 2124 4678">
     <span class='ocr_line' id='line_1_49' title="bbox 607 4604 2124 4678; baseline -0.006 -11"><span class='ocrx_word' id='word_1_380' title='bbox 607 4612 837 4676; x_wconf 68' lang='lat' dir='ltr'><strong><em>uatistas,</em></strong></span> <span class='ocrx_word' id='word_1_381' title='bbox 851 4620 904 4663; x_wconf 91' lang='lat' dir='ltr'><strong><em>ut</em></strong></span> <span class='ocrx_word' id='word_1_382' title='bbox 920 4608 1261 4678; x_wconf 84' lang='lat' dir='ltr'><strong><em>resipisceutes</em></strong></span> <span class='ocrx_word' id='word_1_383' title='bbox 1278 4605 1483 4660; x_wconf 82' lang='lat' dir='ltr'><strong><em>redeant</em></strong></span> <span class='ocrx_word' id='word_1_384' title='bbox 1500 4605 1566 4658; x_wconf 89' lang='lat' dir='ltr'><strong><em>ad</em></strong></span> <span class='ocrx_word' id='word_1_385' title='bbox 1585 4604 1883 4658; x_wconf 70' lang='lat' dir='ltr'><strong><em>catholicam</em></strong></span> <span class='ocrx_word' id='word_1_386' title='bbox 1901 4620 2124 4658; x_wconf 88' lang='lat' dir='ltr'><strong><em>commu-</em></strong></span> 
     </span>
    </p>
   </div>
   <div class='ocr_carea' id='block_1_50' title="bbox 606 4722 826 4763">
    <p class='ocr_par' dir='ltr' id='par_1_50' title="bbox 606 4722 826 4763">
     <span class='ocr_line' id='line_1_50' title="bbox 606 4722 826 4763; baseline -0.009 -1"><span class='ocrx_word' id='word_1_387' title='bbox 606 4722 806 4763; x_wconf 78' lang='lat' dir='ltr'><strong><em>mouera</em></strong></span> <span class='ocrx_word' id='word_1_388' title='bbox 814 4749 826 4761; x_wconf 94' lang='lat'><strong><em>.</em></strong></span> 
     </span>
    </p>
   </div>
   <div class='ocr_carea' id='block_1_51' title="bbox 608 4811 2125 4887">
    <p class='ocr_par' dir='ltr' id='par_1_51' title="bbox 608 4811 2125 4887">
     <span class='ocr_line' id='line_1_51' title="bbox 608 4811 2125 4887; baseline -0.007 -11"><span class='ocrx_word' id='word_1_389' title='bbox 608 4822 660 4878; x_wconf 73' lang='grc'><strong><em>1.</em></strong></span> <span class='ocrx_word' id='word_1_390' title='bbox 693 4818 877 4887; x_wconf 72' lang='lat' dir='ltr'><strong><em>Vobis,</em></strong></span> <span class='ocrx_word' id='word_1_391' title='bbox 906 4817 1219 4881; x_wconf 72' lang='lat' dir='ltr'><strong><em>Donatistaa,</em></strong></span> <span class='ocrx_word' id='word_1_392' title='bbox 1248 4814 1505 4870; x_wconf 85' lang='lat' dir='ltr'><strong><em>catholica</em></strong></span> <span class='ocrx_word' id='word_1_393' title='bbox 1539 4812 1775 4868; x_wconf 83' lang='lat' dir='ltr'><strong><em>Ecclesia</em></strong></span> <span class='ocrx_word' id='word_1_394' title='bbox 1802 4812 1963 4868; x_wconf 88' lang='lat' dir='ltr'><strong><em>dicit:</em></strong></span> <span class='ocrx_word' id='word_1_395' title='bbox 2000 4811 2125 4867; x_wconf 85' lang='lat' dir='ltr'><strong><em>Filii</em></strong></span> 
     </span>
    </p>
   </div>
   <div class='ocr_carea' id='block_1_52' title="bbox 601 4948 2121 5013">
    <p class='ocr_par' dir='ltr' id='par_1_52' title="bbox 601 4948 2121 5013">
     <span class='ocr_line' id='line_1_52' title="bbox 601 4948 2121 5013; baseline -0.004 -9"><span class='ocrx_word' id='word_1_396' title='bbox 601 4954 620 4973; x_wconf 88' lang='lat'>&#39;</span> <span class='ocrx_word' id='word_1_397' title='bbox 644 4954 900 5003; x_wconf 70' lang='lat' dir='ltr'><strong><em>mendam</em></strong></span> <span class='ocrx_word' id='word_1_398' title='bbox 938 4960 1017 5004; x_wconf 87' lang='lat' dir='ltr'><strong><em>est</em></strong></span> <span class='ocrx_word' id='word_1_399' title='bbox 1036 4951 1253 5003; x_wconf 86' lang='lat' dir='ltr'><strong><em>subsidio</em></strong></span> <span class='ocrx_word' id='word_1_400' title='bbox 1275 4964 1322 5000; x_wconf 94' lang='lat' dir='ltr'><strong><em>a.</em></strong></span> <span class='ocrx_word' id='word_1_401' title='bbox 1347 4951 1432 5013; x_wconf 80' lang='lat' dir='ltr'><strong><em>bg.</em></strong></span> <span class='ocrx_word' id='word_1_402' title='bbox 1456 4948 1524 4998; x_wconf 81' lang='lat' dir='ltr'><strong><em>bl.</em></strong></span> <span class='ocrx_word' id='word_1_403' title='bbox 1553 4963 1597 4999; x_wconf 94' lang='lat' dir='ltr'><strong><em>c.</em></strong></span> <span class='ocrx_word' id='word_1_404' title='bbox 1624 4962 1693 4999; x_wconf 86' lang='lat' dir='ltr'><strong><em>cc.</em></strong></span> <span class='ocrx_word' id='word_1_405' title='bbox 1721 4949 1770 4998; x_wconf 85' lang='lat' dir='ltr'><strong><em>ll‘.</em></strong></span> <span class='ocrx_word' id='word_1_406' title='bbox 1797 4964 1846 5012; x_wconf 84' lang='lat' dir='ltr'><strong><em>g.</em></strong></span> <span class='ocrx_word' id='word_1_407' title='bbox 1877 4963 1959 5012; x_wconf 66' lang='grc' dir='ltr'><strong><em>εν.</em></strong></span> <span class='ocrx_word' id='word_1_408' title='bbox 2003 4964 2053 4999; x_wconf 87' lang='grc' dir='ltr'>ιι.</span> <span class='ocrx_word' id='word_1_409' title='bbox 2077 4964 2121 5001; x_wconf 89' lang='lat' dir='ltr'><strong><em>s.</em></strong></span> 
     </span>
    </p>
   </div>
   <div class='ocr_carea' id='block_1_53' title="bbox 543 5014 2120 5076">
    <p class='ocr_par' dir='ltr' id='par_1_53' title="bbox 543 5014 2120 5076">
     <span class='ocr_line' id='line_1_53' title="bbox 543 5014 2120 5076; baseline -0.004 -10"><span class='ocrx_word' id='word_1_410' title='bbox 543 5015 620 5066; x_wconf 78' lang='lat' dir='ltr'><strong><em>sb.</em></strong></span> <span class='ocrx_word' id='word_1_411' title='bbox 647 5027 721 5065; x_wconf 90' lang='lat' dir='ltr'><strong><em>vc.</em></strong></span> <span class='ocrx_word' id='word_1_412' title='bbox 744 5015 948 5065; x_wconf 87' lang='lat' dir='ltr'><strong><em>duorum</em></strong></span> <span class='ocrx_word' id='word_1_413' title='bbox 973 5027 1015 5064; x_wconf 92' lang='lat' dir='ltr'><strong><em>r.</em></strong></span> <span class='ocrx_word' id='word_1_414' title='bbox 1042 5014 1249 5064; x_wconf 85' lang='lat' dir='ltr'><strong><em>duorum</em></strong></span> <span class='ocrx_word' id='word_1_415' title='bbox 1282 5020 1318 5064; x_wconf 88' lang='lat' dir='ltr'><strong><em>t.</em></strong></span> <span class='ocrx_word' id='word_1_416' title='bbox 1348 5020 1555 5076; x_wconf 82' lang='lat' dir='ltr'><strong><em>quatuor</em></strong></span> <span class='ocrx_word' id='word_1_417' title='bbox 1582 5025 1626 5060; x_wconf 81' lang='grc' dir='ltr'><strong>ν.</strong></span> <span class='ocrx_word' id='word_1_418' title='bbox 1654 5021 1754 5060; x_wconf 77' lang='lat' dir='ltr'><strong><em>Am.</em></strong></span> <span class='ocrx_word' id='word_1_419' title='bbox 1778 5014 1883 5062; x_wconf 83' lang='lat' dir='ltr'><strong><em>Bad.</em></strong></span> <span class='ocrx_word' id='word_1_420' title='bbox 1906 5019 1979 5062; x_wconf 79' lang='lat' dir='ltr'><strong><em>Er.</em></strong></span> <span class='ocrx_word' id='word_1_421' title='bbox 2012 5019 2120 5063; x_wconf 85' lang='lat' dir='ltr'><strong><em>Lov.</em></strong></span> 
     </span>
    </p>
   </div>
   <div class='ocr_carea' id='block_1_54' title="bbox 599 5115 2126 5181">
    <p class='ocr_par' dir='ltr' id='par_1_54' title="bbox 599 5115 2126 5181">
     <span class='ocr_line' id='line_1_54' title="bbox 599 5115 2126 5181; baseline 0.001 -13"><span class='ocrx_word' id='word_1_422' title='bbox 599 5116 673 5181; x_wconf 77' lang='grc' dir='ltr'>(ιι)</span> <span class='ocrx_word' id='word_1_423' title='bbox 694 5123 957 5181; x_wconf 64' lang='lat' dir='ltr'><strong><em>Censor-em</em></strong></span> <span class='ocrx_word' id='word_1_424' title='bbox 979 5116 1113 5167; x_wconf 88' lang='lat' dir='ltr'><strong><em>illum</em></strong></span> <span class='ocrx_word' id='word_1_425' title='bbox 1137 5132 1210 5181; x_wconf 82' lang='lat' dir='ltr'><strong><em>ex_</em></strong></span> <span class='ocrx_word' id='word_1_426' title='bbox 1226 5119 1421 5181; x_wconf 82' lang='lat' dir='ltr'><strong><em>nomine</em></strong></span> <span class='ocrx_word' id='word_1_427' title='bbox 1446 5116 1620 5181; x_wconf 85' lang='lat' dir='ltr'><strong><em>indicat</em></strong></span> <span class='ocrx_word' id='word_1_428' title='bbox 1645 5124 1695 5167; x_wconf 90' lang='lat' dir='ltr'><strong><em>et</em></strong></span> <span class='ocrx_word' id='word_1_429' title='bbox 1717 5115 1791 5181; x_wconf 14' lang='lat' dir='ltr'><strong><em>leg,</em></strong></span> <span class='ocrx_word' id='word_1_430' title='bbox 1801 5117 1880 5167; x_wconf 86' lang='lat' dir='ltr'><strong><em>ide</em></strong></span> <span class='ocrx_word' id='word_1_431' title='bbox 1895 5118 2126 5181; x_wconf 81' lang='lat' dir='ltr'><strong><em>suggillat</em></strong></span> 
     </span>
    </p>
   </div>
   <div class='ocr_carea' id='block_1_55' title="bbox 536 5178 2126 5243">
    <p class='ocr_par' dir='ltr' id='par_1_55' title="bbox 536 5178 2126 5243">
     <span class='ocr_line' id='line_1_55' title="bbox 536 5178 2126 5243; baseline -0.001 -13"><span class='ocrx_word' id='word_1_432' title='bbox 536 5178 852 5243; x_wconf 74' lang='lat' dir='ltr'><strong><em>Hierimymus</em></strong></span> <span class='ocrx_word' id='word_1_433' title='bbox 874 5179 922 5243; x_wconf 74' lang='lat' dir='ltr'><strong><em>in</em></strong></span> <span class='ocrx_word' id='word_1_434' title='bbox 936 5186 1037 5243; x_wconf 61' lang='lat' dir='ltr'><strong><em>ton.</em></strong></span> <span class='ocrx_word' id='word_1_435' title='bbox 1062 5179 1233 5243; x_wconf 43' lang='grc' dir='ltr'><strong><em>«ιαμβι,</em></strong></span> <span class='ocrx_word' id='word_1_436' title='bbox 1255 5180 1283 5242; x_wconf 57' lang='grc' dir='ltr'>ᾖ</span> <span class='ocrx_word' id='word_1_437' title='bbox 1307 5179 1355 5243; x_wconf 85' lang='grc'><strong><em>6,</em></strong></span> <span class='ocrx_word' id='word_1_438' title='bbox 1374 5179 1448 5228; x_wconf 86' lang='lat' dir='ltr'><strong><em>his</em></strong></span> <span class='ocrx_word' id='word_1_439' title='bbox 1471 5180 1657 5228; x_wconf 83' lang='lat' dir='ltr'><strong><em>verbis:</em></strong></span> <span class='ocrx_word' id='word_1_440' title='bbox 1684 5178 1871 5243; x_wconf 67' lang='lat' dir='ltr'><strong><em>aluboc</em></strong></span> <span class='ocrx_word' id='word_1_441' title='bbox 1895 5178 2126 5243; x_wconf 57' lang='lat' dir='ltr'><strong><em>loo&#39;o&#39;qui-</em></strong></span> 
     </span>
    </p>
   </div>
   <div class='ocr_carea' id='block_1_56' title="bbox 542 5239 2121 5313">
    <p class='ocr_par' dir='ltr' id='par_1_56' title="bbox 542 5239 2121 5313">
     <span class='ocr_line' id='line_1_56' title="bbox 542 5239 2121 5313; baseline 0.003 -25"><span class='ocrx_word' id='word_1_442' title='bbox 542 5260 566 5288; x_wconf 71' lang='grc' dir='ltr'><strong><em>ι</em></strong></span> <span class='ocrx_word' id='word_1_443' title='bbox 579 5241 692 5313; x_wconf 65' lang='lat' dir='ltr'><strong><em>dum</em></strong></span> <span class='ocrx_word' id='word_1_444' title='bbox 701 5239 977 5313; x_wconf 69' lang='lat' dir='ltr'><strong><em>Cautbelius</em></strong></span> <span class='ocrx_word' id='word_1_445' title='bbox 992 5239 1410 5313; x_wconf 72' lang='lat' dir='ltr'><strong><em>de_aatiquissimo</em></strong></span> <span class='ocrx_word' id='word_1_446' title='bbox 1428 5243 1617 5313; x_wconf 60' lang='lat' dir='ltr'><strong><em>genere</em></strong></span> <span class='ocrx_word' id='word_1_447' title='bbox 1631 5240 1976 5313; x_wconf 49' lang='lat' dir='ltr'><strong><em>cornelio&#39;rtun,</em></strong></span> <span class='ocrx_word' id='word_1_448' title='bbox 1998 5239 2121 5301; x_wconf 74' lang='lat' dir='ltr'><strong><em>sive,</em></strong></span> 
     </span>
    </p>
   </div>
   <div class='ocr_carea' id='block_1_57' title="bbox 541 5301 2125 5365">
    <p class='ocr_par' dir='ltr' id='par_1_57' title="bbox 541 5301 2125 5365">
     <span class='ocr_line' id='line_1_57' title="bbox 541 5301 2125 5365; baseline 0.001 -14"><span class='ocrx_word' id='word_1_449' title='bbox 541 5310 635 5365; x_wconf 62' lang='lat' dir='ltr'><strong><em>aut</em></strong></span> <span class='ocrx_word' id='word_1_450' title='bbox 680 5302 785 5365; x_wconf 81' lang='lat' dir='ltr'><strong><em>ipse</em></strong></span> <span class='ocrx_word' id='word_1_451' title='bbox 825 5302 1006 5365; x_wconf 67' lang='lat' dir='ltr'><strong><em>iactat,</em></strong></span> <span class='ocrx_word' id='word_1_452' title='bbox 1042 5301 1109 5351; x_wconf 84' lang='lat' dir='ltr'><strong><em>de</em></strong></span> <span class='ocrx_word' id='word_1_453' title='bbox 1152 5301 1306 5365; x_wconf 75' lang='lat' dir='ltr'><strong><em>stirpe</em></strong></span> <span class='ocrx_word' id='word_1_454' title='bbox 1329 5301 1470 5351; x_wconf 78' lang='lat' dir='ltr'><strong><em>Asinii</em></strong></span> <span class='ocrx_word' id='word_1_455' title='bbox 1497 5301 1737 5365; x_wconf 81' lang='lat' dir='ltr'><strong><em>rollionis,</em></strong></span> <span class='ocrx_word' id='word_1_456' title='bbox 1760 5301 1943 5365; x_wconf 84' lang='lat' dir='ltr'><strong><em>dudum</em></strong></span> <span class='ocrx_word' id='word_1_457' title='bbox 1968 5310 2125 5353; x_wconf 67' lang='lat' dir='ltr'><strong><em>Romae</em></strong></span> 
     </span>
    </p>
   </div>
   <div class='ocr_carea' id='block_1_58' title="bbox 541 5362 2122 5436">
    <p class='ocr_par' dir='ltr' id='par_1_58' title="bbox 541 5362 2122 5436">
     <span class='ocr_line' id='line_1_58' title="bbox 541 5362 2122 5436; baseline 0.001 -25"><span class='ocrx_word' id='word_1_458' title='bbox 541 5381 565 5411; x_wconf 72' lang='grc' dir='ltr'><strong><em>ι</em></strong></span> <span class='ocrx_word' id='word_1_459' title='bbox 579 5362 754 5415; x_wconf 77' lang='lat' dir='ltr'><strong><em>dicitur</em></strong></span> <span class='ocrx_word' id='word_1_460' title='bbox 777 5362 857 5414; x_wconf 74' lang='lat' dir='ltr'><strong><em>me</em></strong></span> <span class='ocrx_word' id='word_1_461' title='bbox 1151 5362 1562 5436; x_wconf 62' lang='lat' dir='ltr'><strong><em>sacrilegii,_guod</em></strong></span> <span class='ocrx_word' id='word_1_462' title='bbox 1601 5364 1951 5436; x_wconf 52' lang='lat' dir='ltr'><strong><em>[.roeucurtita</em></strong></span> <span class='ocrx_word' id='word_1_463' title='bbox 1970 5365 2122 5436; x_wconf 68' lang='lat' dir='ltr'><strong><em>hede-</em></strong></span> 
     </span>
    </p>
   </div>
   <div class='ocr_carea' id='block_1_59' title="bbox 540 5424 2125 5485">
    <p class='ocr_par' dir='ltr' id='par_1_59' title="bbox 540 5424 2125 5485">
     <span class='ocr_line' id='line_1_59' title="bbox 540 5424 2125 5485; baseline -0.002 -8"><span class='ocrx_word' id='word_1_464' title='bbox 540 5443 681 5481; x_wconf 76' lang='lat' dir='ltr'><strong><em>srsm</em></strong></span> <span class='ocrx_word' id='word_1_465' title='bbox 705 5428 1036 5482; x_wconf 83' lang='lat' dir='ltr'><strong><em>transtulerim</em></strong></span> <span class='ocrx_word' id='word_1_466' title='bbox 1062 5442 1074 5478; x_wconf 89' lang='lat'>:</span> <span class='ocrx_word' id='word_1_467' title='bbox 1102 5428 1259 5478; x_wconf 78' lang='lat' dir='ltr'><strong><em>timuit</em></strong></span> <span class='ocrx_word' id='word_1_468' title='bbox 1300 5424 1527 5475; x_wconf 77' lang='lat' dir='ltr'><strong><em>videlicet</em></strong></span> <span class='ocrx_word' id='word_1_469' title='bbox 1564 5424 1627 5472; x_wconf 79' lang='lat' dir='ltr'><strong><em>ne</em></strong></span> <span class='ocrx_word' id='word_1_470' title='bbox 1660 5425 1706 5474; x_wconf 75' lang='lat' dir='ltr'><strong><em>si</em></strong></span> <span class='ocrx_word' id='word_1_471' title='bbox 1745 5437 1830 5485; x_wconf 65' lang='lat' dir='ltr'><strong><em>[ro</em></strong></span> <span class='ocrx_word' id='word_1_472' title='bbox 1862 5427 2125 5475; x_wconf 87' lang='lat' dir='ltr'><strong><em>cucurbitis</em></strong></span> 
     </span>
    </p>
   </div>
   <div class='ocr_carea' id='block_1_60' title="bbox 540 5485 2125 5603">
    <p class='ocr_par' dir='ltr' id='par_1_60' title="bbox 540 5485 2125 5603">
     <span class='ocr_line' id='line_1_60' title="bbox 540 5485 2125 5603; baseline -0.002 -64"><span class='ocrx_word' id='word_1_473' title='bbox 540 5492 779 5603; x_wconf 47' lang='lat' dir='ltr'><strong><em>«autem</em></strong></span> <span class='ocrx_word' id='word_1_474' title='bbox 801 5498 1144 5603; x_wconf 59' lang='lat' dir='ltr'><strong><em>naslcereutur,</em></strong></span> <span class='ocrx_word' id='word_1_475' title='bbox 1170 5489 1300 5539; x_wconf 86' lang='lat' dir='ltr'><strong><em>unde</em></strong></span> <span class='ocrx_word' id='word_1_476' title='bbox 1323 5485 1511 5537; x_wconf 77' lang='lat' dir='ltr'><strong><em>occulte</em></strong></span> <span class='ocrx_word' id='word_1_477' title='bbox 1552 5492 1603 5535; x_wconf 90' lang='lat' dir='ltr'><strong><em>et.</em></strong></span> <span class='ocrx_word' id='word_1_478' title='bbox 1640 5490 1905 5535; x_wconf 82' lang='lat' dir='ltr'><strong><em>tenebrcse</em></strong></span> <span class='ocrx_word' id='word_1_479' title='bbox 1927 5487 2125 5537; x_wconf 77' lang='lat' dir='ltr'><strong><em>Liberet</em></strong></span> 
     </span>
     <span class='ocr_line' id='line_1_61' title="bbox 540 5567 960 5603; baseline 0 -4"><span class='ocrx_word' id='word_1_480' title='bbox 540 5568 564 5599; x_wconf 75' lang='grc' dir='ltr'><strong><em>ι</em></strong></span> <span class='ocrx_word' id='word_1_481' title='bbox 613 5567 675 5602; x_wconf 88' lang='lat' dir='ltr'><strong><em>on</em></strong></span> <span class='ocrx_word' id='word_1_482' title='bbox 779 5568 883 5603; x_wconf 67' lang='grc' dir='ltr'><strong><em>»ει-ε</em></strong></span> <span class='ocrx_word' id='word_1_483' title='bbox 909 5590 921 5603; x_wconf 93' lang='grc'><strong>.</strong></span> <span class='ocrx_word' id='word_1_484' title='bbox 939 5571 960 5599; x_wconf 70' lang='grc' dir='ltr'><strong>ν</strong></span> 
     </span>
    </p>
   </div>
   <div class='ocr_carea' id='block_1_61' title="bbox 539 5559 960 5604">
    <p class='ocr_par' dir='ltr' id='par_1_61' title="bbox 539 5559 960 5604">
     <span class='ocr_line' id='line_1_62' title="bbox 539 5559 960 5604; baseline 0.012 -5"><span class='ocrx_word' id='word_1_485' title='bbox 539 5568 564 5599; x_wconf 81' lang='lat' dir='ltr'><strong><em>s</em></strong></span> <span class='ocrx_word' id='word_1_486' title='bbox 579 5566 675 5602; x_wconf 87' lang='lat' dir='ltr'><strong><em>non</em></strong></span> <span class='ocrx_word' id='word_1_487' title='bbox 698 5559 921 5604; x_wconf 79' lang='lat' dir='ltr'><strong><em>haberet.</em></strong></span> <span class='ocrx_word' id='word_1_488' title='bbox 939 5571 960 5599; x_wconf 70' lang='grc' dir='ltr'><strong>ν</strong></span> 
     </span>
    </p>
   </div>
   <div class='ocr_carea' id='block_1_62' title="bbox 594 5605 2122 5677">
    <p class='ocr_par' dir='ltr' id='par_1_62' title="bbox 594 5605 2122 5677">
     <span class='ocr_line' id='line_1_63' title="bbox 594 5605 2122 5677; baseline -0.01 -15"><span class='ocrx_word' id='word_1_489' title='bbox 594 5614 668 5674; x_wconf 85' lang='lat' dir='ltr'><strong><em>(bl</em></strong></span> <span class='ocrx_word' id='word_1_490' title='bbox 695 5616 817 5665; x_wconf 73' lang='lat' dir='ltr'><strong><em>Alias</em></strong></span> <span class='ocrx_word' id='word_1_491' title='bbox 844 5617 923 5665; x_wconf 71' lang='lat' dir='ltr'><strong><em>I71</em></strong></span> <span class='ocrx_word' id='word_1_492' title='bbox 953 5629 967 5665; x_wconf 91' lang='lat'><strong>:</strong></span> <span class='ocrx_word' id='word_1_493' title='bbox 994 5626 1106 5677; x_wconf 71' lang='lat' dir='ltr'><strong><em>quae</em></strong></span> <span class='ocrx_word' id='word_1_494' title='bbox 1128 5619 1293 5677; x_wconf 70' lang='lat' dir='ltr'><strong><em>autem</em></strong></span> <span class='ocrx_word' id='word_1_495' title='bbox 1329 5610 1392 5660; x_wconf 85' lang='lat'><strong><em>76</em></strong></span> <span class='ocrx_word' id='word_1_496' title='bbox 1417 5615 1541 5668; x_wconf 83' lang='lat' dir='ltr'><strong><em>erat,</em></strong></span> <span class='ocrx_word' id='word_1_497' title='bbox 1578 5619 1707 5657; x_wconf 88' lang='lat' dir='ltr'><strong><em>nunc</em></strong></span> <span class='ocrx_word' id='word_1_498' title='bbox 1727 5605 1807 5657; x_wconf 83' lang='lat'><strong><em>60.</em></strong></span> <span class='ocrx_word' id='word_1_499' title='bbox 1830 5610 2012 5673; x_wconf 78' lang='lat' dir='ltr'><strong><em>Scripta</em></strong></span> <span class='ocrx_word' id='word_1_500' title='bbox 2034 5622 2122 5662; x_wconf 69' lang='lat' dir='ltr'><strong><em>ex.</em></strong></span> 
     </span>
    </p>
   </div>
   <div class='ocr_carea' id='block_1_63' title="bbox 533 5673 1334 5740">
    <p class='ocr_par' dir='ltr' id='par_1_63' title="bbox 533 5673 1334 5740">
     <span class='ocr_line' id='line_1_64' title="bbox 533 5673 1334 5740; baseline 0.001 -15"><span class='ocrx_word' id='word_1_501' title='bbox 533 5673 685 5725; x_wconf 79' lang='lat' dir='ltr'><strong><em>eunte</em></strong></span> <span class='ocrx_word' id='word_1_502' title='bbox 708 5687 787 5725; x_wconf 80' lang='lat' dir='ltr'><strong><em>an.</em></strong></span> <span class='ocrx_word' id='word_1_503' title='bbox 812 5677 921 5739; x_wconf 70' lang='lat'><strong><em>403,</em></strong></span> <span class='ocrx_word' id='word_1_504' title='bbox 945 5673 1027 5727; x_wconf 73' lang='lat' dir='ltr'><strong><em>aui</em></strong></span> <span class='ocrx_word' id='word_1_505' title='bbox 1050 5673 1190 5740; x_wconf 78' lang='lat' dir='ltr'><strong><em>paulo</em></strong></span> <span class='ocrx_word' id='word_1_506' title='bbox 1213 5680 1334 5737; x_wconf 77' lang='lat' dir='ltr'><strong><em>post.</em></strong></span> 
     </span>
    </p>
   </div>
   <div class='ocr_carea' id='block_1_64' title="bbox 1064 5838 1223 5861">
    <p class='ocr_par' dir='ltr' id='par_1_64' title="bbox 1064 5838 1223 5861">
     <span class='ocr_line' id='line_1_65' title="bbox 1064 5838 1223 5861; baseline -0.006 1"><span class='ocrx_word' id='word_1_507' title='bbox 1064 5850 1070 5855; x_wconf 66' lang='grc' dir='ltr'><strong><em>ι</em></strong></span> <span class='ocrx_word' id='word_1_508' title='bbox 1117 5838 1223 5861; x_wconf 64' lang='grc' dir='ltr'><strong><em>υ-ςυ</em></strong></span> 
     </span>
    </p>
   </div>
   <div class='ocr_carea' id='block_1_65' title="bbox 1765 208 3813 279">
    <p class='ocr_par' dir='ltr' id='par_1_65' title="bbox 1765 208 3813 279">
     <span class='ocr_line' id='line_1_66' title="bbox 1765 208 3813 279; baseline -0.002 -11"><span class='ocrx_word' id='word_1_509' title='bbox 1765 213 1822 268; x_wconf 87' lang='lat' dir='ltr'><strong><em>S.</em></strong></span> <span class='ocrx_word' id='word_1_510' title='bbox 1863 208 2228 267; x_wconf 78' lang='lat' dir='ltr'><strong><em>AUGUSTINI</em></strong></span> <span class='ocrx_word' id='word_1_511' title='bbox 2267 210 2569 268; x_wconf 82' lang='lat' dir='ltr'><strong><em>EPISCOPI</em></strong></span> <span class='ocrx_word' id='word_1_512' title='bbox 3260 228 3263 229; x_wconf 44' lang='grc' dir='ltr'><em>ν</em></span> <span class='ocrx_word' id='word_1_513' title='bbox 3723 216 3813 279; x_wconf 63' lang='grc' dir='ltr'>ω</span> 
     </span>
    </p>
   </div>
   <div class='ocr_carea' id='block_1_66' title="bbox 2239 321 3813 397">
    <p class='ocr_par' dir='ltr' id='par_1_66' title="bbox 2239 321 3813 397">
     <span class='ocr_line' id='line_1_67' title="bbox 2239 321 3813 397; baseline 0.002 -22"><span class='ocrx_word' id='word_1_514' title='bbox 2239 322 2519 387; x_wconf 89' lang='lat' dir='ltr'><strong><em>hominum,</em></strong></span> <span class='ocrx_word' id='word_1_515' title='bbox 2547 338 2797 393; x_wconf 86' lang='lat' dir='ltr'><strong><em>usquequo</em></strong></span> <span class='ocrx_word' id='word_1_516' title='bbox 2820 336 2994 392; x_wconf 72' lang='lat' dir='ltr'><strong><em>graues</em></strong></span> <span class='ocrx_word' id='word_1_517' title='bbox 3020 323 3170 378; x_wconf 85' lang='lat' dir='ltr'><strong><em>corde</em></strong></span> <span class='ocrx_word' id='word_1_518' title='bbox 3187 324 3213 378; x_wconf 71' lang='grc' dir='ltr'><em>ἵ</em></span> <span class='ocrx_word' id='word_1_519' title='bbox 3239 321 3430 393; x_wconf 86' lang='lat' dir='ltr'><strong><em>thuid</em></strong></span> <span class='ocrx_word' id='word_1_520' title='bbox 3451 326 3665 397; x_wconf 80' lang='lat' dir='ltr'><strong><em>diligitis</em></strong></span> <span class='ocrx_word' id='word_1_521' title='bbox 3687 332 3813 386; x_wconf 67' lang='lat' dir='ltr'><strong><em>uani.</em></strong></span> 
     </span>
    </p>
   </div>
   <div class='ocr_carea' id='block_1_67' title="bbox 2237 415 3810 491">
    <p class='ocr_par' dir='ltr' id='par_1_67' title="bbox 2237 415 3810 491">
     <span class='ocr_line' id='line_1_68' title="bbox 2237 415 3810 491; baseline 0.006 -24"><span class='ocrx_word' id='word_1_522' title='bbox 2237 423 2387 468; x_wconf 87' lang='lat' dir='ltr'><strong><em>tatem</em></strong></span> <span class='ocrx_word' id='word_1_523' title='bbox 2414 425 2460 468; x_wconf 87' lang='lat' dir='ltr'><strong><em>et</em></strong></span> <span class='ocrx_word' id='word_1_524' title='bbox 2487 415 2711 483; x_wconf 64' lang='lat' dir='ltr'><strong><em>queritis</em></strong></span> <span class='ocrx_word' id='word_1_525' title='bbox 2737 416 3056 469; x_wconf 89' lang='lat' dir='ltr'><strong><em>mendacium</em></strong></span> <span class='ocrx_word' id='word_1_526' title='bbox 3072 416 3096 469; x_wconf 88' lang='lat'><strong><em>?</em></strong></span> <span class='ocrx_word' id='word_1_527' title='bbox 3112 416 3280 487; x_wconf 83' lang='lat' dir='ltr'><strong><em>(Psal.</em></strong></span> <span class='ocrx_word' id='word_1_528' title='bbox 3306 432 3378 483; x_wconf 83' lang='lat' dir='ltr'><strong><em>tv,</em></strong></span> <span class='ocrx_word' id='word_1_529' title='bbox 3397 419 3478 489; x_wconf 79' lang='grc'><strong><em>5.)</em></strong></span> <span class='ocrx_word' id='word_1_530' title='bbox 3503 419 3705 491; x_wconf 87' lang='lat' dir='ltr'><strong><em>thuid</em></strong></span> <span class='ocrx_word' id='word_1_531' title='bbox 3735 439 3810 481; x_wconf 76' lang='lat' dir='ltr'><strong><em>vos</em></strong></span> 
     </span>
    </p>
   </div>
   <div class='ocr_carea' id='block_1_68' title="bbox 2236 506 3808 583">
    <p class='ocr_par' dir='ltr' id='par_1_68' title="bbox 2236 506 3808 583">
     <span class='ocr_line' id='line_1_69' title="bbox 2236 506 3808 583; baseline 0.006 -23"><span class='ocrx_word' id='word_1_532' title='bbox 2236 522 2266 560; x_wconf 88' lang='lat' dir='ltr'><strong><em>a</em></strong></span> <span class='ocrx_word' id='word_1_533' title='bbox 2295 507 2453 562; x_wconf 81' lang='lat' dir='ltr'><strong><em>totius</em></strong></span> <span class='ocrx_word' id='word_1_534' title='bbox 2478 508 2623 561; x_wconf 88' lang='lat' dir='ltr'><strong><em>orbis</em></strong></span> <span class='ocrx_word' id='word_1_535' title='bbox 2652 507 2852 561; x_wconf 85' lang='lat' dir='ltr'><strong><em>unitate</em></strong></span> <span class='ocrx_word' id='word_1_536' title='bbox 2882 506 3085 561; x_wconf 79' lang='lat' dir='ltr'><strong><em>nefario</em></strong></span> <span class='ocrx_word' id='word_1_537' title='bbox 3112 508 3411 563; x_wconf 71' lang='lat' dir='ltr'><strong><em>scbismalis</em></strong></span> <span class='ocrx_word' id='word_1_538' title='bbox 3436 512 3725 583; x_wconf 80' lang='lat' dir='ltr'><strong><em>sacrilegia</em></strong></span> <span class='ocrx_word' id='word_1_539' title='bbox 3748 514 3808 569; x_wconf 84' lang='lat' dir='ltr'><strong><em>di-</em></strong></span> 
     </span>
    </p>
   </div>
   <div class='ocr_carea' id='block_1_69' title="bbox 2239 596 3811 667">
    <p class='ocr_par' dir='ltr' id='par_1_69' title="bbox 2239 596 3811 667">
     <span class='ocr_line' id='line_1_70' title="bbox 2239 596 3811 667; baseline 0.008 -21"><span class='ocrx_word' id='word_1_540' title='bbox 2239 596 2471 652; x_wconf 86' lang='lat' dir='ltr'><strong><em>visistis?</em></strong></span> <span class='ocrx_word' id='word_1_541' title='bbox 2497 596 2778 652; x_wconf 82' lang='lat' dir='ltr'><strong><em>Attenditis</em></strong></span> <span class='ocrx_word' id='word_1_542' title='bbox 2809 596 2936 650; x_wconf 77' lang='lat' dir='ltr'><strong><em>falsa</em></strong></span> <span class='ocrx_word' id='word_1_543' title='bbox 2962 613 3082 667; x_wconf 69' lang='lat' dir='ltr'><strong><em>quae</em></strong></span> <span class='ocrx_word' id='word_1_544' title='bbox 3110 597 3260 651; x_wconf 90' lang='lat' dir='ltr'><strong><em>vobis</em></strong></span> <span class='ocrx_word' id='word_1_545' title='bbox 3287 597 3536 654; x_wconf 90' lang='lat' dir='ltr'><strong><em>dicuntur</em></strong></span> <span class='ocrx_word' id='word_1_546' title='bbox 3559 603 3627 654; x_wconf 91' lang='lat' dir='ltr'><strong><em>ab</em></strong></span> <span class='ocrx_word' id='word_1_547' title='bbox 3656 602 3811 658; x_wconf 83' lang='lat' dir='ltr'><strong><em>Immi-</em></strong></span> 
     </span>
    </p>
   </div>
   <div class='ocr_carea' id='block_1_70' title="bbox 2238 688 3811 758">
    <p class='ocr_par' dir='ltr' id='par_1_70' title="bbox 2238 688 3811 758">
     <span class='ocr_line' id='line_1_71' title="bbox 2238 688 3811 758; baseline 0.006 -16"><span class='ocrx_word' id='word_1_548' title='bbox 2238 689 2413 755; x_wconf 85' lang='lat' dir='ltr'><strong><em>nibus,</em></strong></span> <span class='ocrx_word' id='word_1_549' title='bbox 2435 700 2525 744; x_wconf 83' lang='lat' dir='ltr'><strong><em>aut</em></strong></span> <span class='ocrx_word' id='word_1_550' title='bbox 2548 688 2948 754; x_wconf 75' lang='lat' dir='ltr'><strong><em>mentientibus,</em></strong></span> <span class='ocrx_word' id='word_1_551' title='bbox 2975 698 3065 743; x_wconf 88' lang='lat' dir='ltr'><strong><em>aut</em></strong></span> <span class='ocrx_word' id='word_1_552' title='bbox 3092 690 3392 746; x_wconf 78' lang='lat' dir='ltr'><strong><em>emmtibns</em></strong></span> <span class='ocrx_word' id='word_1_553' title='bbox 3410 732 3426 758; x_wconf 93' lang='lat'><strong><em>,</em></strong></span> <span class='ocrx_word' id='word_1_554' title='bbox 3452 692 3521 748; x_wconf 86' lang='lat' dir='ltr'><strong><em>de</em></strong></span> <span class='ocrx_word' id='word_1_555' title='bbox 3546 694 3811 754; x_wconf 79' lang='lat' dir='ltr'><strong><em>traditione</em></strong></span> 
     </span>
    </p>
   </div>
   <div class='ocr_carea' id='block_1_71' title="bbox 2238 779 3810 853">
    <p class='ocr_par' dir='ltr' id='par_1_71' title="bbox 2238 779 3810 853">
     <span class='ocr_line' id='line_1_72' title="bbox 2238 779 3810 853; baseline 0.006 -19"><span class='ocrx_word' id='word_1_556' title='bbox 2238 780 2489 834; x_wconf 73' lang='lat' dir='ltr'><strong><em>Codicum</em></strong></span> <span class='ocrx_word' id='word_1_557' title='bbox 2518 779 2816 834; x_wconf 81' lang='lat' dir='ltr'><strong><em>divinorum</em></strong></span> <span class='ocrx_word' id='word_1_558' title='bbox 2838 822 2853 845; x_wconf 93' lang='lat'><strong><em>,</em></strong></span> <span class='ocrx_word' id='word_1_559' title='bbox 2884 788 2940 834; x_wconf 90' lang='lat' dir='ltr'><strong><em>ut</em></strong></span> <span class='ocrx_word' id='word_1_560' title='bbox 2979 780 3030 834; x_wconf 86' lang='lat' dir='ltr'><strong><em>in</em></strong></span> <span class='ocrx_word' id='word_1_561' title='bbox 3061 781 3310 835; x_wconf 77' lang='lat' dir='ltr'><strong><em>breretira</em></strong></span> <span class='ocrx_word' id='word_1_562' title='bbox 3340 784 3682 853; x_wconf 75' lang='lat' dir='ltr'><strong><em>separatione</em></strong></span> <span class='ocrx_word' id='word_1_563' title='bbox 3712 804 3810 843; x_wconf 87' lang='lat' dir='ltr'><strong><em>mo-</em></strong></span> 
     </span>
    </p>
   </div>
   <div class='ocr_carea' id='block_1_72' title="bbox 2239 870 3810 956">
    <p class='ocr_par' dir='ltr' id='par_1_72' title="bbox 2239 870 3810 956">
     <span class='ocr_line' id='line_1_73' title="bbox 2239 870 3810 956; baseline -0.003 -28"><span class='ocrx_word' id='word_1_564' title='bbox 2239 872 2445 956; x_wconf 80' lang='lat' dir='ltr'><strong><em>riamini</em></strong></span> <span class='ocrx_word' id='word_1_565' title='bbox 2469 888 2484 938; x_wconf 92' lang='lat'><strong>;</strong></span> <span class='ocrx_word' id='word_1_566' title='bbox 2512 879 2567 927; x_wconf 87' lang='lat' dir='ltr'><strong><em>et</em></strong></span> <span class='ocrx_word' id='word_1_567' title='bbox 2596 888 2698 924; x_wconf 87' lang='lat' dir='ltr'><strong><em>non</em></strong></span> <span class='ocrx_word' id='word_1_568' title='bbox 2726 870 2998 925; x_wconf 85' lang='lat' dir='ltr'><strong><em>attenditis</em></strong></span> <span class='ocrx_word' id='word_1_569' title='bbox 3023 871 3163 941; x_wconf 73' lang='lat' dir='ltr'><strong><em>quod</em></strong></span> <span class='ocrx_word' id='word_1_570' title='bbox 3195 871 3343 926; x_wconf 89' lang='lat' dir='ltr'><strong><em>vobis</em></strong></span> <span class='ocrx_word' id='word_1_571' title='bbox 3373 873 3471 944; x_wconf 85' lang='lat' dir='ltr'><strong><em>ipsi</em></strong></span> <span class='ocrx_word' id='word_1_572' title='bbox 3499 875 3810 933; x_wconf 48' lang='lat' dir='ltr'><strong><em>Codice-Mli.</em></strong></span> 
     </span>
    </p>
   </div>
   <div class='ocr_carea' id='block_1_73' title="bbox 2238 960 3812 1037">
    <p class='ocr_par' dir='ltr' id='par_1_73' title="bbox 2238 960 3812 1037">
     <span class='ocr_line' id='line_1_74' title="bbox 2238 960 3812 1037; baseline 0.004 -19"><span class='ocrx_word' id='word_1_573' title='bbox 2238 974 2385 1029; x_wconf 86' lang='lat' dir='ltr'><strong><em>cunt,</em></strong></span> <span class='ocrx_word' id='word_1_574' title='bbox 2411 962 2537 1016; x_wconf 92' lang='lat' dir='ltr'><strong><em>utin</em></strong></span> <span class='ocrx_word' id='word_1_575' title='bbox 2558 960 2818 1016; x_wconf 85' lang='lat' dir='ltr'><strong><em>catholica</em></strong></span> <span class='ocrx_word' id='word_1_576' title='bbox 2850 977 2978 1031; x_wconf 87' lang='lat' dir='ltr'><strong><em>pace</em></strong></span> <span class='ocrx_word' id='word_1_577' title='bbox 3000 962 3184 1015; x_wconf 78' lang='lat' dir='ltr'><strong><em>vivatis</em></strong></span> <span class='ocrx_word' id='word_1_578' title='bbox 3226 962 3401 1029; x_wconf 86' lang='lat' dir='ltr'><strong><em>Quare</em></strong></span> <span class='ocrx_word' id='word_1_579' title='bbox 3423 967 3645 1037; x_wconf 58' lang='lat' dir='ltr'><strong><em>apex-itis</em></strong></span> <span class='ocrx_word' id='word_1_580' title='bbox 3672 985 3812 1027; x_wconf 71' lang='lat' dir='ltr'><strong><em>sines</em></strong></span> 
     </span>
    </p>
   </div>
   <div class='ocr_carea' id='block_1_74' title="bbox 2236 1055 3812 1132">
    <p class='ocr_par' dir='ltr' id='par_1_74' title="bbox 2236 1055 3812 1132">
     <span class='ocr_line' id='line_1_75' title="bbox 2236 1055 3812 1132; baseline 0.004 -24"><span class='ocrx_word' id='word_1_581' title='bbox 2236 1055 2302 1109; x_wconf 83' lang='lat' dir='ltr'><strong><em>ad</em></strong></span> <span class='ocrx_word' id='word_1_582' title='bbox 2329 1070 2631 1110; x_wconf 87' lang='lat' dir='ltr'><strong><em>sermonem</em></strong></span> <span class='ocrx_word' id='word_1_583' title='bbox 2655 1056 2925 1109; x_wconf 82' lang='lat' dir='ltr'><strong><em>hominum</em></strong></span> <span class='ocrx_word' id='word_1_584' title='bbox 2947 1055 3234 1111; x_wconf 83' lang='lat' dir='ltr'><strong><em>dicentium</em></strong></span> <span class='ocrx_word' id='word_1_585' title='bbox 3253 1057 3395 1127; x_wconf 87' lang='lat' dir='ltr'><strong><em>quod</em></strong></span> <span class='ocrx_word' id='word_1_586' title='bbox 3417 1074 3690 1129; x_wconf 71' lang='lat' dir='ltr'><strong><em>nummum</em></strong></span> <span class='ocrx_word' id='word_1_587' title='bbox 3709 1078 3812 1132; x_wconf 81' lang='lat' dir='ltr'><strong><em>pm-</em></strong></span> 
     </span>
    </p>
   </div>
   <div class='ocr_carea' id='block_1_75' title="bbox 2238 1148 3808 1219">
    <p class='ocr_par' dir='ltr' id='par_1_75' title="bbox 2238 1148 3808 1219">
     <span class='ocr_line' id='line_1_76' title="bbox 2238 1148 3808 1219; baseline 0.003 -16"><span class='ocrx_word' id='word_1_588' title='bbox 2238 1148 2365 1203; x_wconf 83' lang='lat' dir='ltr'><strong><em>bare</em></strong></span> <span class='ocrx_word' id='word_1_589' title='bbox 2392 1157 2704 1219; x_wconf 78' lang='lat' dir='ltr'><strong><em>potuerunt,</em></strong></span> <span class='ocrx_word' id='word_1_590' title='bbox 2735 1158 2789 1203; x_wconf 87' lang='lat' dir='ltr'><strong><em>et</em></strong></span> <span class='ocrx_word' id='word_1_591' title='bbox 2830 1148 2977 1204; x_wconf 90' lang='lat' dir='ltr'><strong><em>surdi</em></strong></span> <span class='ocrx_word' id='word_1_592' title='bbox 3016 1151 3147 1205; x_wconf 86' lang='lat' dir='ltr'><strong><em>estis</em></strong></span> <span class='ocrx_word' id='word_1_593' title='bbox 3186 1150 3251 1204; x_wconf 92' lang='lat' dir='ltr'><strong><em>ad</em></strong></span> <span class='ocrx_word' id='word_1_594' title='bbox 3286 1166 3590 1209; x_wconf 85' lang='lat' dir='ltr'><strong><em>sermonem</em></strong></span> <span class='ocrx_word' id='word_1_595' title='bbox 3627 1156 3720 1212; x_wconf 76' lang='lat' dir='ltr'><strong><em>Dei</em></strong></span> <span class='ocrx_word' id='word_1_596' title='bbox 3750 1158 3808 1213; x_wconf 74' lang='lat' dir='ltr'><strong><em>ili-</em></strong></span> 
     </span>
    </p>
   </div>
   <div class='ocr_carea' id='block_1_76' title="bbox 2239 1239 3811 1319">
    <p class='ocr_par' dir='ltr' id='par_1_76' title="bbox 2239 1239 3811 1319">
     <span class='ocr_line' id='line_1_77' title="bbox 2239 1239 3811 1319; baseline 0.006 -24"><span class='ocrx_word' id='word_1_597' title='bbox 2239 1240 2445 1295; x_wconf 85' lang='lat' dir='ltr'><strong><em>centis:</em></strong></span> <span class='ocrx_word' id='word_1_598' title='bbox 2480 1239 2726 1294; x_wconf 87' lang='lat' dir='ltr'><strong><em>Dominus</em></strong></span> <span class='ocrx_word' id='word_1_599' title='bbox 2752 1241 2881 1295; x_wconf 71' lang='lat' dir='ltr'><strong><em>dixit</em></strong></span> <span class='ocrx_word' id='word_1_600' title='bbox 2921 1241 2989 1293; x_wconf 90' lang='lat' dir='ltr'><strong><em>ad</em></strong></span> <span class='ocrx_word' id='word_1_601' title='bbox 3019 1257 3129 1306; x_wconf 93' lang='lat' dir='ltr'><strong><em>me,</em></strong></span> <span class='ocrx_word' id='word_1_602' title='bbox 3171 1239 3219 1295; x_wconf 78' lang='lat' dir='ltr'><em>F</em></span> <span class='ocrx_word' id='word_1_603' title='bbox 3220 1243 3337 1297; x_wconf 86' lang='lat' dir='ltr'><strong><em>ilius</em></strong></span> <span class='ocrx_word' id='word_1_604' title='bbox 3363 1260 3500 1298; x_wconf 77' lang='lat' dir='ltr'><strong><em>ruens</em></strong></span> <span class='ocrx_word' id='word_1_605' title='bbox 3542 1262 3596 1299; x_wconf 84' lang='lat' dir='ltr'><strong><em>cs</em></strong></span> <span class='ocrx_word' id='word_1_606' title='bbox 3635 1257 3712 1314; x_wconf 90' lang='lat' dir='ltr'><strong><em>tu,</em></strong></span> <span class='ocrx_word' id='word_1_607' title='bbox 3743 1266 3811 1319; x_wconf 82' lang='lat' dir='ltr'><strong><em>ego</em></strong></span> 
     </span>
    </p>
   </div>
   <div class='ocr_carea' id='block_1_77' title="bbox 2237 1333 3812 1409">
    <p class='ocr_par' dir='ltr' id='par_1_77' title="bbox 2237 1333 3812 1409">
     <span class='ocr_line' id='line_1_78' title="bbox 2237 1333 3812 1409; baseline 0.006 -23"><span class='ocrx_word' id='word_1_608' title='bbox 2237 1333 2385 1387; x_wconf 92' lang='lat' dir='ltr'><strong><em>hodie</em></strong></span> <span class='ocrx_word' id='word_1_609' title='bbox 2413 1335 2565 1405; x_wconf 82' lang='lat' dir='ltr'><strong><em>genui</em></strong></span> <span class='ocrx_word' id='word_1_610' title='bbox 2587 1345 2666 1388; x_wconf 90' lang='lat' dir='ltr'><strong><em>te:</em></strong></span> <span class='ocrx_word' id='word_1_611' title='bbox 2686 1334 2883 1404; x_wconf 87' lang='lat' dir='ltr'><strong><em>postulo</em></strong></span> <span class='ocrx_word' id='word_1_612' title='bbox 2908 1352 2939 1388; x_wconf 91' lang='lat' dir='ltr'><strong><em>a</em></strong></span> <span class='ocrx_word' id='word_1_613' title='bbox 2966 1351 3045 1389; x_wconf 92' lang='lat' dir='ltr'><strong><em>me</em></strong></span> <span class='ocrx_word' id='word_1_614' title='bbox 3070 1345 3117 1390; x_wconf 91' lang='lat' dir='ltr'><strong><em>et</em></strong></span> <span class='ocrx_word' id='word_1_615' title='bbox 3141 1336 3273 1391; x_wconf 88' lang='lat' dir='ltr'><strong><em>dabo</em></strong></span> <span class='ocrx_word' id='word_1_616' title='bbox 3300 1335 3389 1391; x_wconf 90' lang='lat' dir='ltr'><strong><em>tibi</em></strong></span> <span class='ocrx_word' id='word_1_617' title='bbox 3415 1350 3587 1409; x_wconf 82' lang='lat' dir='ltr'><strong><em>gentes</em></strong></span> <span class='ocrx_word' id='word_1_618' title='bbox 3607 1341 3812 1396; x_wconf 66' lang='lat' dir='ltr'><strong><em>haeredi-</em></strong></span> 
     </span>
    </p>
   </div>
   <div class='ocr_carea' id='block_1_78' title="bbox 2238 1427 3809 1503">
    <p class='ocr_par' dir='ltr' id='par_1_78' title="bbox 2238 1427 3809 1503">
     <span class='ocr_line' id='line_1_79' title="bbox 2238 1427 3809 1503; baseline 0.006 -24"><span class='ocrx_word' id='word_1_619' title='bbox 2238 1437 2386 1479; x_wconf 87' lang='lat' dir='ltr'><strong><em>tatem</em></strong></span> <span class='ocrx_word' id='word_1_620' title='bbox 2411 1438 2570 1492; x_wconf 91' lang='lat' dir='ltr'><strong><em>tuam,</em></strong></span> <span class='ocrx_word' id='word_1_621' title='bbox 2589 1437 2638 1481; x_wconf 92' lang='lat' dir='ltr'><strong><em>et</em></strong></span> <span class='ocrx_word' id='word_1_622' title='bbox 2656 1427 3016 1497; x_wconf 87' lang='lat' dir='ltr'><strong><em>possessionem</em></strong></span> <span class='ocrx_word' id='word_1_623' title='bbox 3034 1437 3171 1481; x_wconf 91' lang='lat' dir='ltr'><strong><em>tuam</em></strong></span> <span class='ocrx_word' id='word_1_624' title='bbox 3199 1429 3440 1484; x_wconf 88' lang='lat' dir='ltr'><strong><em>terminos</em></strong></span> <span class='ocrx_word' id='word_1_625' title='bbox 3456 1440 3603 1485; x_wconf 70' lang='lat' dir='ltr'><strong><em>terra!</em></strong></span> <span class='ocrx_word' id='word_1_626' title='bbox 3614 1431 3642 1485; x_wconf 80' lang='lat'><strong><em>.’</em></strong></span> <span class='ocrx_word' id='word_1_627' title='bbox 3656 1431 3809 1503; x_wconf 84' lang='lat' dir='ltr'><strong><em>(Psal.</em></strong></span> 
     </span>
    </p>
   </div>
   <div class='ocr_carea' id='block_1_79' title="bbox 2237 1518 3809 1597">
    <p class='ocr_par' dir='ltr' id='par_1_79' title="bbox 2237 1518 3809 1597">
     <span class='ocr_line' id='line_1_80' title="bbox 2237 1518 3809 1597; baseline 0.005 -23"><span class='ocrx_word' id='word_1_628' title='bbox 2237 1536 2294 1581; x_wconf 87' lang='lat' dir='ltr'><strong><em>ll,</em></strong></span> <span class='ocrx_word' id='word_1_629' title='bbox 2320 1522 2371 1574; x_wconf 88' lang='lat'><strong><em>7.</em></strong></span> <span class='ocrx_word' id='word_1_630' title='bbox 2396 1518 2415 1591; x_wconf 96' lang='lat'>)</span> <span class='ocrx_word' id='word_1_631' title='bbox 2452 1520 2670 1574; x_wconf 66' lang='lat' dir='ltr'><strong><em>Abrahae</em></strong></span> <span class='ocrx_word' id='word_1_632' title='bbox 2693 1520 2843 1573; x_wconf 69' lang='lat' dir='ltr'><strong><em>dicta:</em></strong></span> <span class='ocrx_word' id='word_1_633' title='bbox 2870 1530 2987 1574; x_wconf 89' lang='lat' dir='ltr'><strong><em>sunt</em></strong></span> <span class='ocrx_word' id='word_1_634' title='bbox 3028 1521 3381 1590; x_wconf 88' lang='lat' dir='ltr'><strong><em>promissiones</em></strong></span> <span class='ocrx_word' id='word_1_635' title='bbox 3415 1535 3462 1578; x_wconf 88' lang='lat' dir='ltr'><strong><em>et</em></strong></span> <span class='ocrx_word' id='word_1_636' title='bbox 3487 1525 3675 1578; x_wconf 88' lang='lat' dir='ltr'><strong><em>semini</em></strong></span> <span class='ocrx_word' id='word_1_637' title='bbox 3701 1528 3809 1597; x_wconf 76' lang='lat' dir='ltr'><strong><em>ejus.</em></strong></span> 
     </span>
    </p>
   </div>
   <div class='ocr_carea' id='block_1_80' title="bbox 2239 1609 3812 1687">
    <p class='ocr_par' dir='ltr' id='par_1_80' title="bbox 2239 1609 3812 1687">
     <span class='ocr_line' id='line_1_81' title="bbox 2239 1609 3812 1687; baseline 0.004 -22"><span class='ocrx_word' id='word_1_638' title='bbox 2239 1609 2360 1665; x_wconf 83' lang='lat' dir='ltr'><strong><em>Non</em></strong></span> <span class='ocrx_word' id='word_1_639' title='bbox 2380 1612 2520 1671; x_wconf 86' lang='lat' dir='ltr'><strong><em>dicit,</em></strong></span> <span class='ocrx_word' id='word_1_640' title='bbox 2550 1610 2612 1665; x_wconf 74' lang='lat' dir='ltr'><strong><em>Et</em></strong></span> <span class='ocrx_word' id='word_1_641' title='bbox 2626 1612 2914 1677; x_wconf 89' lang='lat' dir='ltr'><strong><em>seminibus,</em></strong></span> <span class='ocrx_word' id='word_1_642' title='bbox 2932 1623 3171 1681; x_wconf 87' lang='lat' dir='ltr'><strong><em>tanquam</em></strong></span> <span class='ocrx_word' id='word_1_643' title='bbox 3193 1615 3246 1667; x_wconf 89' lang='lat' dir='ltr'><strong><em>in</em></strong></span> <span class='ocrx_word' id='word_1_644' title='bbox 3268 1614 3460 1678; x_wconf 88' lang='lat' dir='ltr'><strong><em>multis,</em></strong></span> <span class='ocrx_word' id='word_1_645' title='bbox 3476 1616 3568 1669; x_wconf 86' lang='lat' dir='ltr'><strong><em>sed</em></strong></span> <span class='ocrx_word' id='word_1_646' title='bbox 3588 1628 3812 1687; x_wconf 78' lang='lat' dir='ltr'><strong><em>tanquam</em></strong></span> 
     </span>
    </p>
   </div>
   <div class='ocr_carea' id='block_1_81' title="bbox 2236 1701 3807 1779">
    <p class='ocr_par' dir='ltr' id='par_1_81' title="bbox 2236 1701 3807 1779">
     <span class='ocr_line' id='line_1_82' title="bbox 2236 1701 3807 1779; baseline 0.004 -24"><span class='ocrx_word' id='word_1_647' title='bbox 2236 1702 2287 1756; x_wconf 87' lang='lat' dir='ltr'><strong><em>iu</em></strong></span> <span class='ocrx_word' id='word_1_648' title='bbox 2310 1718 2444 1766; x_wconf 85' lang='lat' dir='ltr'><strong><em>uno;</em></strong></span> <span class='ocrx_word' id='word_1_649' title='bbox 2468 1701 2532 1756; x_wconf 71' lang='lat' dir='ltr'><strong><em>Et</em></strong></span> <span class='ocrx_word' id='word_1_650' title='bbox 2557 1704 2735 1757; x_wconf 86' lang='lat' dir='ltr'><strong><em>semini</em></strong></span> <span class='ocrx_word' id='word_1_651' title='bbox 2757 1713 2864 1767; x_wconf 85' lang='lat' dir='ltr'><strong><em>tuo,</em></strong></span> <span class='ocrx_word' id='word_1_652' title='bbox 2893 1704 3028 1772; x_wconf 83' lang='lat' dir='ltr'><strong><em>quod</em></strong></span> <span class='ocrx_word' id='word_1_653' title='bbox 3052 1712 3126 1757; x_wconf 90' lang='lat' dir='ltr'><strong><em>est</em></strong></span> <span class='ocrx_word' id='word_1_654' title='bbox 3153 1702 3419 1778; x_wconf 81' lang='lat' dir='ltr'><strong><em>Christus(</em></strong></span> <span class='ocrx_word' id='word_1_655' title='bbox 3439 1703 3559 1760; x_wconf 79' lang='lat' dir='ltr'><strong><em>Gul.</em></strong></span> <span class='ocrx_word' id='word_1_656' title='bbox 3587 1722 3684 1771; x_wconf 84' lang='grc' dir='ltr'>ιιι,</span> <span class='ocrx_word' id='word_1_657' title='bbox 3718 1708 3807 1779; x_wconf 79' lang='grc'><strong><em>16).</em></strong></span> 
     </span>
    </p>
   </div>
   <div class='ocr_carea' id='block_1_82' title="bbox 2236 1792 3809 1869">
    <p class='ocr_par' dir='ltr' id='par_1_82' title="bbox 2236 1792 3809 1869">
     <span class='ocr_line' id='line_1_83' title="bbox 2236 1792 3809 1869; baseline 0.006 -22"><span class='ocrx_word' id='word_1_658' title='bbox 2236 1792 2303 1847; x_wconf 78' lang='lat' dir='ltr'><strong><em>In</em></strong></span> <span class='ocrx_word' id='word_1_659' title='bbox 2332 1796 2536 1855; x_wconf 71' lang='lat' dir='ltr'><strong><em>semine.</em></strong></span> <span class='ocrx_word' id='word_1_660' title='bbox 2562 1795 2749 1866; x_wconf 89' lang='lat' dir='ltr'><strong><em>inquit,</em></strong></span> <span class='ocrx_word' id='word_1_661' title='bbox 2779 1806 2864 1849; x_wconf 92' lang='lat' dir='ltr'><strong><em>tua</em></strong></span> <span class='ocrx_word' id='word_1_662' title='bbox 2893 1794 3245 1850; x_wconf 84' lang='lat' dir='ltr'><strong><em>benedicentur</em></strong></span> <span class='ocrx_word' id='word_1_663' title='bbox 3272 1813 3442 1851; x_wconf 86' lang='lat' dir='ltr'><strong><em>omnes</em></strong></span> <span class='ocrx_word' id='word_1_664' title='bbox 3467 1808 3645 1869; x_wconf 76' lang='lat' dir='ltr'><strong><em>gentes</em></strong></span> <span class='ocrx_word' id='word_1_665' title='bbox 3666 1803 3684 1867; x_wconf 88' lang='lat'><strong>(</strong></span> <span class='ocrx_word' id='word_1_666' title='bbox 3705 1798 3809 1856; x_wconf 78' lang='lat' dir='ltr'><strong><em>Ceu.</em></strong></span> 
     </span>
    </p>
   </div>
   <div class='ocr_carea' id='block_1_83' title="bbox 2239 1887 3811 1960">
    <p class='ocr_par' dir='ltr' id='par_1_83' title="bbox 2239 1887 3811 1960">
     <span class='ocr_line' id='line_1_84' title="bbox 2239 1887 3811 1960; baseline 0.004 -19"><span class='ocrx_word' id='word_1_667' title='bbox 2239 1902 2373 1949; x_wconf 72' lang='grc' dir='ltr'>χιιι,</span> <span class='ocrx_word' id='word_1_668' title='bbox 2402 1887 2513 1959; x_wconf 78' lang='grc'><strong><em>18).</em></strong></span> <span class='ocrx_word' id='word_1_669' title='bbox 2546 1887 2743 1960; x_wconf 76' lang='lat' dir='ltr'><strong><em>Erigite</em></strong></span> <span class='ocrx_word' id='word_1_670' title='bbox 2767 1888 2953 1944; x_wconf 87' lang='lat' dir='ltr'><strong><em>oculos</em></strong></span> <span class='ocrx_word' id='word_1_671' title='bbox 2980 1888 3155 1945; x_wconf 58' lang='lat' dir='ltr'><strong><em>cordi;</em></strong></span> <span class='ocrx_word' id='word_1_672' title='bbox 3175 1931 3191 1955; x_wconf 94' lang='lat'><strong><em>,</em></strong></span> <span class='ocrx_word' id='word_1_673' title='bbox 3219 1899 3273 1944; x_wconf 81' lang='lat' dir='ltr'><strong><em>et</em></strong></span> <span class='ocrx_word' id='word_1_674' title='bbox 3298 1891 3637 1947; x_wconf 82' lang='lat' dir='ltr'><strong><em>considerate</em></strong></span> <span class='ocrx_word' id='word_1_675' title='bbox 3666 1905 3811 1949; x_wconf 86' lang='lat' dir='ltr'><strong><em>totum</em></strong></span> 
     </span>
    </p>
   </div>
   <div class='ocr_carea' id='block_1_84' title="bbox 2237 1978 3810 2051">
    <p class='ocr_par' dir='ltr' id='par_1_84' title="bbox 2237 1978 3810 2051">
     <span class='ocr_line' id='line_1_85' title="bbox 2237 1978 3810 2051; baseline 0.006 -21"><span class='ocrx_word' id='word_1_676' title='bbox 2237 1978 2418 2033; x_wconf 87' lang='lat' dir='ltr'><strong><em>orbem</em></strong></span> <span class='ocrx_word' id='word_1_677' title='bbox 2447 1988 2729 2043; x_wconf 82' lang='lat' dir='ltr'><strong><em>terrarum,</em></strong></span> <span class='ocrx_word' id='word_1_678' title='bbox 2748 1979 3013 2051; x_wconf 84' lang='lat' dir='ltr'><strong><em>quomodo</em></strong></span> <span class='ocrx_word' id='word_1_679' title='bbox 3036 1980 3088 2034; x_wconf 90' lang='lat' dir='ltr'><strong><em>in</em></strong></span> <span class='ocrx_word' id='word_1_680' title='bbox 3118 1980 3321 2035; x_wconf 82' lang='lat' dir='ltr'><strong><em>semine</em></strong></span> <span class='ocrx_word' id='word_1_681' title='bbox 3348 1983 3577 2036; x_wconf 78' lang='lat' dir='ltr'><strong><em>Abraba:</em></strong></span> <span class='ocrx_word' id='word_1_682' title='bbox 3606 1984 3810 2040; x_wconf 83' lang='lat' dir='ltr'><strong><em>benedi-</em></strong></span> 
     </span>
    </p>
   </div>
   <div class='ocr_carea' id='block_1_85' title="bbox 2236 2075 3812 2149">
    <p class='ocr_par' dir='ltr' id='par_1_85' title="bbox 2236 2075 3812 2149">
     <span class='ocr_line' id='line_1_86' title="bbox 2236 2075 3812 2149; baseline 0.004 -22"><span class='ocrx_word' id='word_1_683' title='bbox 2236 2084 2429 2128; x_wconf 83' lang='lat' dir='ltr'><strong><em>cuntur</em></strong></span> <span class='ocrx_word' id='word_1_684' title='bbox 2470 2090 2657 2131; x_wconf 87' lang='lat' dir='ltr'><strong><em>omnes</em></strong></span> <span class='ocrx_word' id='word_1_685' title='bbox 2694 2086 2903 2146; x_wconf 79' lang='lat' dir='ltr'><strong><em>gentes.</em></strong></span> <span class='ocrx_word' id='word_1_686' title='bbox 2934 2075 3084 2130; x_wconf 85' lang='lat' dir='ltr'><strong><em>Tunc</em></strong></span> <span class='ocrx_word' id='word_1_687' title='bbox 3118 2076 3186 2130; x_wconf 88' lang='lat' dir='ltr'><strong><em>ab</em></strong></span> <span class='ocrx_word' id='word_1_688' title='bbox 3213 2092 3317 2131; x_wconf 88' lang='lat' dir='ltr'><strong><em>uno</em></strong></span> <span class='ocrx_word' id='word_1_689' title='bbox 3343 2077 3668 2133; x_wconf 77' lang='lat' dir='ltr'><strong><em>credebatur</em></strong></span> <span class='ocrx_word' id='word_1_690' title='bbox 3691 2077 3812 2149; x_wconf 76' lang='lat' dir='ltr'><strong><em>quod</em></strong></span> 
     </span>
    </p>
   </div>
   <div class='ocr_carea' id='block_1_86' title="bbox 2237 2166 3814 2237">
    <p class='ocr_par' dir='ltr' id='par_1_86' title="bbox 2237 2166 3814 2237">
     <span class='ocr_line' id='line_1_87' title="bbox 2237 2166 3814 2237; baseline 0.004 -17"><span class='ocrx_word' id='word_1_691' title='bbox 2237 2166 2469 2220; x_wconf 89' lang='lat' dir='ltr'><strong><em>nondum</em></strong></span> <span class='ocrx_word' id='word_1_692' title='bbox 2502 2167 2810 2230; x_wconf 83' lang='lat' dir='ltr'><strong><em>videbatur;</em></strong></span> <span class='ocrx_word' id='word_1_693' title='bbox 2838 2169 2947 2237; x_wconf 81' lang='lat' dir='ltr'><strong><em>jam</em></strong></span> <span class='ocrx_word' id='word_1_694' title='bbox 2989 2183 3084 2223; x_wconf 87' lang='lat' dir='ltr'><strong><em>vos</em></strong></span> <span class='ocrx_word' id='word_1_695' title='bbox 3134 2170 3358 2236; x_wconf 81' lang='lat' dir='ltr'><strong><em>videtis,</em></strong></span> <span class='ocrx_word' id='word_1_696' title='bbox 3392 2182 3445 2227; x_wconf 88' lang='lat' dir='ltr'><strong><em>et</em></strong></span> <span class='ocrx_word' id='word_1_697' title='bbox 3481 2170 3656 2227; x_wconf 85' lang='lat' dir='ltr'><strong><em>adhuc</em></strong></span> <span class='ocrx_word' id='word_1_698' title='bbox 3696 2172 3814 2227; x_wconf 78' lang='lat' dir='ltr'><strong><em>invi-</em></strong></span> 
     </span>
    </p>
   </div>
   <div class='ocr_carea' id='block_1_87' title="bbox 2235 2254 3813 2330">
    <p class='ocr_par' dir='ltr' id='par_1_87' title="bbox 2235 2254 3813 2330">
     <span class='ocr_line' id='line_1_88' title="bbox 2235 2254 3813 2330; baseline 0.006 -21"><span class='ocrx_word' id='word_1_699' title='bbox 2235 2254 2392 2311; x_wconf 82' lang='lat' dir='ltr'><strong><em>detis.</em></strong></span> <span class='ocrx_word' id='word_1_700' title='bbox 2424 2256 2607 2312; x_wconf 81' lang='lat' dir='ltr'><strong><em>Passio</em></strong></span> <span class='ocrx_word' id='word_1_701' title='bbox 2636 2258 2837 2313; x_wconf 84' lang='lat' dir='ltr'><strong><em>Domini</em></strong></span> <span class='ocrx_word' id='word_1_702' title='bbox 2866 2259 3089 2330; x_wconf 88' lang='lat' dir='ltr'><strong><em>pretium</em></strong></span> <span class='ocrx_word' id='word_1_703' title='bbox 3118 2270 3200 2315; x_wconf 89' lang='lat' dir='ltr'><strong><em>est</em></strong></span> <span class='ocrx_word' id='word_1_704' title='bbox 3228 2261 3372 2315; x_wconf 85' lang='lat' dir='ltr'><strong><em>orbis</em></strong></span> <span class='ocrx_word' id='word_1_705' title='bbox 3403 2272 3661 2317; x_wconf 78' lang='lat' dir='ltr'><strong><em>terrarum</em></strong></span> <span class='ocrx_word' id='word_1_706' title='bbox 3686 2281 3703 2328; x_wconf 90' lang='lat'><strong><em>;</em></strong></span> <span class='ocrx_word' id='word_1_707' title='bbox 3736 2264 3813 2318; x_wconf 84' lang='lat' dir='ltr'><strong><em>ille</em></strong></span> 
     </span>
    </p>
   </div>
   <div class='ocr_carea' id='block_1_88' title="bbox 2238 2351 3814 2412">
    <p class='ocr_par' dir='ltr' id='par_1_88' title="bbox 2238 2351 3814 2412">
     <span class='ocr_line' id='line_1_89' title="bbox 2238 2351 3814 2412; baseline 0.006 -9"><span class='ocrx_word' id='word_1_708' title='bbox 2238 2358 2404 2404; x_wconf 87' lang='lat' dir='ltr'><strong><em>totum</em></strong></span> <span class='ocrx_word' id='word_1_709' title='bbox 2426 2351 2610 2406; x_wconf 88' lang='lat' dir='ltr'><strong><em>orbem</em></strong></span> <span class='ocrx_word' id='word_1_710' title='bbox 2634 2351 2857 2407; x_wconf 85' lang='lat' dir='ltr'><strong><em>redemit</em></strong></span> <span class='ocrx_word' id='word_1_711' title='bbox 2886 2370 2899 2405; x_wconf 89' lang='lat'><strong>:</strong></span> <span class='ocrx_word' id='word_1_712' title='bbox 2922 2360 2976 2406; x_wconf 86' lang='lat' dir='ltr'><strong><em>et</em></strong></span> <span class='ocrx_word' id='word_1_713' title='bbox 2996 2369 3089 2407; x_wconf 84' lang='lat' dir='ltr'><strong><em>vos</em></strong></span> <span class='ocrx_word' id='word_1_714' title='bbox 3109 2369 3226 2408; x_wconf 84' lang='lat' dir='ltr'><strong><em>cum</em></strong></span> <span class='ocrx_word' id='word_1_715' title='bbox 3255 2364 3366 2409; x_wconf 87' lang='lat' dir='ltr'><strong><em>toto</em></strong></span> <span class='ocrx_word' id='word_1_716' title='bbox 3388 2358 3514 2411; x_wconf 83' lang='lat' dir='ltr'><strong><em>urbe</em></strong></span> <span class='ocrx_word' id='word_1_717' title='bbox 3533 2356 3594 2409; x_wconf 87' lang='lat' dir='ltr'><strong><em>ad</em></strong></span> <span class='ocrx_word' id='word_1_718' title='bbox 3611 2356 3814 2412; x_wconf 78' lang='lat' dir='ltr'><strong><em>lucrum</em></strong></span> 
     </span>
    </p>
   </div>
   <div class='ocr_carea' id='block_1_89' title="bbox 2238 2445 3813 2514">
    <p class='ocr_par' dir='ltr' id='par_1_89' title="bbox 2238 2445 3813 2514">
     <span class='ocr_line' id='line_1_90' title="bbox 2238 2445 3813 2514; baseline 0.004 -18"><span class='ocrx_word' id='word_1_719' title='bbox 2238 2452 2471 2497; x_wconf 66' lang='lat' dir='ltr'><strong><em>vestrum</em></strong></span> <span class='ocrx_word' id='word_1_720' title='bbox 2504 2460 2606 2496; x_wconf 87' lang='lat' dir='ltr'><strong><em>non</em></strong></span> <span class='ocrx_word' id='word_1_721' title='bbox 2635 2445 2969 2499; x_wconf 70' lang='lat' dir='ltr'><strong><em>eunetirdatis</em></strong></span> <span class='ocrx_word' id='word_1_722' title='bbox 2990 2487 3006 2512; x_wconf 92' lang='lat'><strong><em>,</em></strong></span> <span class='ocrx_word' id='word_1_723' title='bbox 3035 2445 3128 2500; x_wconf 79' lang='lat' dir='ltr'><strong><em>Sed</em></strong></span> <span class='ocrx_word' id='word_1_724' title='bbox 3162 2447 3333 2514; x_wconf 68' lang='grc' dir='ltr'><strong><em>μοιίιι-</em></strong></span> <span class='ocrx_word' id='word_1_725' title='bbox 3364 2448 3414 2501; x_wconf 89' lang='lat' dir='ltr'><strong><em>in</em></strong></span> <span class='ocrx_word' id='word_1_726' title='bbox 3443 2448 3702 2502; x_wconf 80' lang='lat' dir='ltr'><strong><em>damnum</em></strong></span> <span class='ocrx_word' id='word_1_727' title='bbox 3742 2466 3813 2503; x_wconf 85' lang='lat' dir='ltr'><strong><em>ve-</em></strong></span> 
     </span>
    </p>
   </div>
   <div class='ocr_carea' id='block_1_90' title="bbox 2237 2535 3812 2607">
    <p class='ocr_par' dir='ltr' id='par_1_90' title="bbox 2237 2535 3812 2607">
     <span class='ocr_line' id='line_1_91' title="bbox 2237 2535 3812 2607; baseline 0.004 -19"><span class='ocrx_word' id='word_1_728' title='bbox 2237 2542 2404 2589; x_wconf 78' lang='lat' dir='ltr'><strong><em>strum</em></strong></span> <span class='ocrx_word' id='word_1_729' title='bbox 2444 2535 2494 2588; x_wconf 91' lang='lat' dir='ltr'><strong><em>iu</em></strong></span> <span class='ocrx_word' id='word_1_730' title='bbox 2523 2548 2672 2605; x_wconf 86' lang='lat' dir='ltr'><strong><em>parte</em></strong></span> <span class='ocrx_word' id='word_1_731' title='bbox 2702 2536 3007 2606; x_wconf 80' lang='lat' dir='ltr'><strong><em>liligatis,ut</em></strong></span> <span class='ocrx_word' id='word_1_732' title='bbox 3047 2546 3213 2591; x_wconf 86' lang='lat' dir='ltr'><strong><em>totum</em></strong></span> <span class='ocrx_word' id='word_1_733' title='bbox 3255 2538 3504 2607; x_wconf 76' lang='lat' dir='ltr'><strong><em>perdatis.</em></strong></span> <span class='ocrx_word' id='word_1_734' title='bbox 3553 2540 3749 2594; x_wconf 76' lang='lat' dir='ltr'><strong><em>Audite</em></strong></span> <span class='ocrx_word' id='word_1_735' title='bbox 3772 2541 3812 2594; x_wconf 90' lang='lat' dir='ltr'><strong><em>in</em></strong></span> 
     </span>
    </p>
   </div>
   <div class='ocr_carea' id='block_1_91' title="bbox 2236 2626 3809 2703">
    <p class='ocr_par' dir='ltr' id='par_1_91' title="bbox 2236 2626 3809 2703">
     <span class='ocr_line' id='line_1_92' title="bbox 2236 2626 3809 2703; baseline 0.003 -22"><span class='ocrx_word' id='word_1_736' title='bbox 2236 2626 2465 2689; x_wconf 76' lang='lat' dir='ltr'><strong><em>Psalmo,</em></strong></span> <span class='ocrx_word' id='word_1_737' title='bbox 2489 2644 2594 2697; x_wconf 72' lang='lat' dir='ltr'><strong><em>quin</em></strong></span> <span class='ocrx_word' id='word_1_738' title='bbox 2618 2627 2786 2693; x_wconf 76' lang='lat' dir='ltr'><strong><em>pretio</em></strong></span> <span class='ocrx_word' id='word_1_739' title='bbox 2807 2628 3062 2697; x_wconf 81' lang='lat' dir='ltr'><strong><em>redempti</em></strong></span> <span class='ocrx_word' id='word_1_740' title='bbox 3081 2644 3266 2683; x_wconf 76' lang='lat' dir='ltr'><strong><em>sumus</em></strong></span> <span class='ocrx_word' id='word_1_741' title='bbox 3290 2648 3303 2682; x_wconf 87' lang='lat'><strong>:</strong></span> <span class='ocrx_word' id='word_1_742' title='bbox 3332 2629 3617 2696; x_wconf 84' lang='lat' dir='ltr'><strong><em>Foderunt,</em></strong></span> <span class='ocrx_word' id='word_1_743' title='bbox 3642 2633 3809 2703; x_wconf 86' lang='lat' dir='ltr'><strong><em>inquit,</em></strong></span> 
     </span>
    </p>
   </div>
   <div class='ocr_carea' id='block_1_92' title="bbox 2237 2720 3811 2791">
    <p class='ocr_par' dir='ltr' id='par_1_92' title="bbox 2237 2720 3811 2791">
     <span class='ocr_line' id='line_1_93' title="bbox 2237 2720 3811 2791; baseline 0.003 -19"><span class='ocrx_word' id='word_1_744' title='bbox 2237 2737 2416 2774; x_wconf 86' lang='lat' dir='ltr'><strong><em>manus</em></strong></span> <span class='ocrx_word' id='word_1_745' title='bbox 2443 2737 2578 2774; x_wconf 90' lang='lat' dir='ltr'><strong><em>meas</em></strong></span> <span class='ocrx_word' id='word_1_746' title='bbox 2603 2732 2648 2774; x_wconf 91' lang='lat' dir='ltr'><strong><em>et</em></strong></span> <span class='ocrx_word' id='word_1_747' title='bbox 2673 2720 2842 2791; x_wconf 85' lang='lat' dir='ltr'><strong><em>pedes,</em></strong></span> <span class='ocrx_word' id='word_1_748' title='bbox 2873 2721 3311 2775; x_wconf 87' lang='lat' dir='ltr'><strong><em>dinumeravernnt</em></strong></span> <span class='ocrx_word' id='word_1_749' title='bbox 3351 2723 3519 2774; x_wconf 89' lang='lat' dir='ltr'><strong><em>onmia</em></strong></span> <span class='ocrx_word' id='word_1_750' title='bbox 3550 2739 3674 2777; x_wconf 88' lang='lat' dir='ltr'><strong><em>ossa</em></strong></span> <span class='ocrx_word' id='word_1_751' title='bbox 3702 2741 3811 2777; x_wconf 77' lang='lat' dir='ltr'><strong><em>mea.</em></strong></span> 
     </span>
    </p>
   </div>
   <div class='ocr_carea' id='block_1_93' title="bbox 2238 2810 3813 2883">
    <p class='ocr_par' dir='ltr' id='par_1_93' title="bbox 2238 2810 3813 2883">
     <span class='ocr_line' id='line_1_94' title="bbox 2238 2810 3813 2883; baseline 0.002 -19"><span class='ocrx_word' id='word_1_752' title='bbox 2238 2810 2264 2864; x_wconf 90' lang='grc' dir='ltr'><strong><em>Ι</em></strong></span> <span class='ocrx_word' id='word_1_753' title='bbox 2271 2812 2348 2882; x_wconf 89' lang='lat' dir='ltr'><strong><em>psi</em></strong></span> <span class='ocrx_word' id='word_1_754' title='bbox 2369 2828 2483 2865; x_wconf 81' lang='lat' dir='ltr'><strong><em>vero</em></strong></span> <span class='ocrx_word' id='word_1_755' title='bbox 2503 2811 2939 2865; x_wconf 78' lang='lat' dir='ltr'><strong><em>considerarerunt</em></strong></span> <span class='ocrx_word' id='word_1_756' title='bbox 2957 2822 3003 2864; x_wconf 85' lang='lat' dir='ltr'><strong><em>et</em></strong></span> <span class='ocrx_word' id='word_1_757' title='bbox 3027 2823 3391 2883; x_wconf 71' lang='lat' dir='ltr'><strong><em>conspexerunt</em></strong></span> <span class='ocrx_word' id='word_1_758' title='bbox 3413 2829 3490 2866; x_wconf 90' lang='lat' dir='ltr'><strong><em>tne</em></strong></span> <span class='ocrx_word' id='word_1_759' title='bbox 3508 2830 3526 2877; x_wconf 84' lang='lat'><strong><em>;</em></strong></span> <span class='ocrx_word' id='word_1_760' title='bbox 3547 2814 3813 2869; x_wconf 73' lang='lat' dir='ltr'><strong><em>diviserunt</em></strong></span> 
     </span>
    </p>
   </div>
   <div class='ocr_carea' id='block_1_94' title="bbox 2234 2902 3814 2972">
    <p class='ocr_par' dir='ltr' id='par_1_94' title="bbox 2234 2902 3814 2972">
     <span class='ocr_line' id='line_1_95' title="bbox 2234 2902 3814 2972; baseline 0.003 -18"><span class='ocrx_word' id='word_1_761' title='bbox 2234 2902 2329 2955; x_wconf 90' lang='lat' dir='ltr'><strong><em>sibi</em></strong></span> <span class='ocrx_word' id='word_1_762' title='bbox 2350 2902 2640 2955; x_wconf 82' lang='lat' dir='ltr'><strong><em>vestimenta</em></strong></span> <span class='ocrx_word' id='word_1_763' title='bbox 2661 2918 2788 2963; x_wconf 84' lang='lat' dir='ltr'><strong><em>utea,</em></strong></span> <span class='ocrx_word' id='word_1_764' title='bbox 2810 2910 2856 2954; x_wconf 74' lang='lat' dir='ltr'><strong><em>rt</em></strong></span> <span class='ocrx_word' id='word_1_765' title='bbox 2876 2918 3025 2972; x_wconf 86' lang='lat' dir='ltr'><strong><em>super</em></strong></span> <span class='ocrx_word' id='word_1_766' title='bbox 3049 2903 3387 2956; x_wconf 82' lang='lat' dir='ltr'><strong><em>vestimentum</em></strong></span> <span class='ocrx_word' id='word_1_767' title='bbox 3403 2920 3570 2957; x_wconf 90' lang='lat' dir='ltr'><strong><em>meum</em></strong></span> <span class='ocrx_word' id='word_1_768' title='bbox 3587 2905 3814 2960; x_wconf 75' lang='lat' dir='ltr'><strong><em>miserunt</em></strong></span> 
     </span>
    </p>
   </div>
   <div class='ocr_carea' id='block_1_95' title="bbox 2234 2991 3813 3065">
    <p class='ocr_par' dir='ltr' id='par_1_95' title="bbox 2234 2991 3813 3065">
     <span class='ocr_line' id='line_1_96' title="bbox 2234 2991 3813 3065; baseline 0.003 -17"><span class='ocrx_word' id='word_1_769' title='bbox 2234 3002 2416 3048; x_wconf 85' lang='lat' dir='ltr'><strong><em>sortem</em></strong></span> <span class='ocrx_word' id='word_1_770' title='bbox 2446 2991 2614 3064; x_wconf 75' lang='lat' dir='ltr'><strong><em>(Ps-al.</em></strong></span> <span class='ocrx_word' id='word_1_771' title='bbox 2644 3008 2759 3058; x_wconf 71' lang='lat' dir='ltr'><strong><em>ut,</em></strong></span> <span class='ocrx_word' id='word_1_772' title='bbox 2785 2991 2871 3059; x_wconf 78' lang='lat' dir='ltr'><strong><em>i8,</em></strong></span> <span class='ocrx_word' id='word_1_773' title='bbox 2903 2992 3009 3065; x_wconf 82' lang='lat' dir='ltr'><strong><em>l9).</em></strong></span> <span class='ocrx_word' id='word_1_774' title='bbox 3038 2992 3213 3061; x_wconf 87' lang='lat' dir='ltr'><strong><em>Quare</em></strong></span> <span class='ocrx_word' id='word_1_775' title='bbox 3243 2995 3501 3049; x_wconf 67' lang='lat' dir='ltr'><strong><em>divisiires</em></strong></span> <span class='ocrx_word' id='word_1_776' title='bbox 3538 2998 3813 3054; x_wconf 63' lang='lat' dir='ltr'><strong><em>Vestimen-</em></strong></span> 
     </span>
    </p>
   </div>
   <div class='ocr_carea' id='block_1_96' title="bbox 2237 3085 3815 3148">
    <p class='ocr_par' dir='ltr' id='par_1_96' title="bbox 2237 3085 3815 3148">
     <span class='ocr_line' id='line_1_97' title="bbox 2237 3085 3815 3148; baseline 0.001 -6"><span class='ocrx_word' id='word_1_777' title='bbox 2237 3096 2409 3142; x_wconf 74' lang='lat' dir='ltr'><strong><em>turum</em></strong></span> <span class='ocrx_word' id='word_1_778' title='bbox 2452 3085 2657 3141; x_wconf 84' lang='lat' dir='ltr'><strong><em>Domini</em></strong></span> <span class='ocrx_word' id='word_1_779' title='bbox 2698 3101 2817 3141; x_wconf 75' lang='lat' dir='ltr'><strong><em>esse</em></strong></span> <span class='ocrx_word' id='word_1_780' title='bbox 2862 3086 3049 3148; x_wconf 77' lang='lat' dir='ltr'><strong><em>vultis.</em></strong></span> <span class='ocrx_word' id='word_1_781' title='bbox 3086 3096 3141 3143; x_wconf 86' lang='lat' dir='ltr'><strong><em>et</em></strong></span> <span class='ocrx_word' id='word_1_782' title='bbox 3184 3088 3412 3142; x_wconf 83' lang='lat' dir='ltr'><strong><em>tunicam</em></strong></span> <span class='ocrx_word' id='word_1_783' title='bbox 3458 3089 3605 3143; x_wconf 83' lang='lat' dir='ltr'><strong><em>illam</em></strong></span> <span class='ocrx_word' id='word_1_784' title='bbox 3659 3090 3815 3145; x_wconf 83' lang='lat' dir='ltr'><strong><em>chari-</em></strong></span> 
     </span>
    </p>
   </div>
   <div class='ocr_carea' id='block_1_97' title="bbox 2238 3179 3816 3251">
    <p class='ocr_par' dir='ltr' id='par_1_97' title="bbox 2238 3179 3816 3251">
     <span class='ocr_line' id='line_1_98' title="bbox 2238 3179 3816 3251; baseline 0.003 -18"><span class='ocrx_word' id='word_1_785' title='bbox 2238 3180 2359 3235; x_wconf 83' lang='lat' dir='ltr'><strong><em>tatis</em></strong></span> <span class='ocrx_word' id='word_1_786' title='bbox 2387 3179 2615 3247; x_wconf 80' lang='lat' dir='ltr'><strong><em>desuper</em></strong></span> <span class='ocrx_word' id='word_1_787' title='bbox 2642 3190 2836 3235; x_wconf 79' lang='lat' dir='ltr'><strong><em>textam</em></strong></span> <span class='ocrx_word' id='word_1_788' title='bbox 2856 3221 2870 3240; x_wconf 88' lang='lat'><strong><em>,</em></strong></span> <span class='ocrx_word' id='word_1_789' title='bbox 2898 3194 3054 3249; x_wconf 84' lang='lat' dir='ltr'><strong><em>quam</em></strong></span> <span class='ocrx_word' id='word_1_790' title='bbox 3086 3193 3182 3233; x_wconf 88' lang='lat' dir='ltr'><strong><em>nec</em></strong></span> <span class='ocrx_word' id='word_1_791' title='bbox 3211 3190 3580 3249; x_wconf 63' lang='lat' dir='ltr'><strong><em>perst&#39;ClllthfS</em></strong></span> <span class='ocrx_word' id='word_1_792' title='bbox 3607 3182 3729 3251; x_wconf 84' lang='lat' dir='ltr'><strong><em>ejus</em></strong></span> <span class='ocrx_word' id='word_1_793' title='bbox 3750 3183 3816 3237; x_wconf 82' lang='lat' dir='ltr'><strong><em>di-</em></strong></span> 
     </span>
    </p>
   </div>
   <div class='ocr_carea' id='block_1_98' title="bbox 2237 3271 3814 3333">
    <p class='ocr_par' dir='ltr' id='par_1_98' title="bbox 2237 3271 3814 3333">
     <span class='ocr_line' id='line_1_99' title="bbox 2237 3271 3814 3333; baseline 0.003 -9"><span class='ocrx_word' id='word_1_794' title='bbox 2237 3273 2502 3333; x_wconf 63' lang='lat' dir='ltr'><strong><em>viserunt.</em></strong></span> <span class='ocrx_word' id='word_1_795' title='bbox 2532 3281 2714 3327; x_wconf 70' lang='lat' dir='ltr'><strong><em>tenere</em></strong></span> <span class='ocrx_word' id='word_1_796' title='bbox 2741 3288 2859 3325; x_wconf 87' lang='lat' dir='ltr'><strong><em>cum</em></strong></span> <span class='ocrx_word' id='word_1_797' title='bbox 2889 3280 2999 3325; x_wconf 84' lang='lat' dir='ltr'><strong><em>toto</em></strong></span> <span class='ocrx_word' id='word_1_798' title='bbox 3025 3271 3155 3325; x_wconf 78' lang='lat' dir='ltr'><strong><em>urbe</em></strong></span> <span class='ocrx_word' id='word_1_799' title='bbox 3182 3288 3285 3325; x_wconf 69' lang='lat' dir='ltr'><strong><em>non</em></strong></span> <span class='ocrx_word' id='word_1_800' title='bbox 3310 3271 3508 3326; x_wconf 82' lang='lat' dir='ltr'><strong><em>vultis?</em></strong></span> <span class='ocrx_word' id='word_1_801' title='bbox 3533 3273 3585 3326; x_wconf 89' lang='lat' dir='ltr'><strong><em>In</em></strong></span> <span class='ocrx_word' id='word_1_802' title='bbox 3615 3275 3814 3329; x_wconf 55' lang='lat' dir='ltr'><strong><em>Psalmo</em></strong></span> 
     </span>
    </p>
   </div>
   <div class='ocr_carea' id='block_1_99' title="bbox 2238 3361 3813 3434">
    <p class='ocr_par' dir='ltr' id='par_1_99' title="bbox 2238 3361 3813 3434">
     <span class='ocr_line' id='line_1_100' title="bbox 2238 3361 3813 3434; baseline 0.001 -18"><span class='ocrx_word' id='word_1_803' title='bbox 2238 3363 2352 3432; x_wconf 61' lang='lat' dir='ltr'><strong><em>ipso</em></strong></span> <span class='ocrx_word' id='word_1_804' title='bbox 2376 3364 2562 3433; x_wconf 71' lang='lat' dir='ltr'><strong><em>legitur</em></strong></span> <span class='ocrx_word' id='word_1_805' title='bbox 2598 3366 2717 3434; x_wconf 87' lang='lat' dir='ltr'><strong><em>quia</em></strong></span> <span class='ocrx_word' id='word_1_806' title='bbox 2749 3373 2886 3417; x_wconf 85' lang='lat' dir='ltr'><strong><em>totus</em></strong></span> <span class='ocrx_word' id='word_1_807' title='bbox 2918 3362 3061 3415; x_wconf 75' lang='lat' dir='ltr'><strong><em>orbis</em></strong></span> <span class='ocrx_word' id='word_1_808' title='bbox 3088 3378 3205 3416; x_wconf 86' lang='lat' dir='ltr'><strong><em>eam</em></strong></span> <span class='ocrx_word' id='word_1_809' title='bbox 3240 3372 3380 3417; x_wconf 85' lang='lat' dir='ltr'><strong><em>tenet</em></strong></span> <span class='ocrx_word' id='word_1_810' title='bbox 3408 3382 3421 3415; x_wconf 88' lang='lat'>:</span> <span class='ocrx_word' id='word_1_811' title='bbox 3450 3361 3813 3419; x_wconf 72' lang='lat' dir='ltr'><strong><em>Commentarii-</em></strong></span> 
     </span>
    </p>
   </div>
   <div class='ocr_carea' id='block_1_100' title="bbox 2234 3450 3813 3525">
    <p class='ocr_par' dir='ltr' id='par_1_100' title="bbox 2234 3450 3813 3525">
     <span class='ocr_line' id='line_1_101' title="bbox 2234 3450 3813 3525; baseline 0.002 -18"><span class='ocrx_word' id='word_1_812' title='bbox 2234 3453 2441 3520; x_wconf 85' lang='lat' dir='ltr'><strong><em>buntur,</em></strong></span> <span class='ocrx_word' id='word_1_813' title='bbox 2467 3453 2652 3522; x_wconf 86' lang='lat' dir='ltr'><strong><em>inquit,</em></strong></span> <span class='ocrx_word' id='word_1_814' title='bbox 2678 3465 2722 3507; x_wconf 92' lang='lat' dir='ltr'><strong><em>et</em></strong></span> <span class='ocrx_word' id='word_1_815' title='bbox 2747 3465 3092 3508; x_wconf 75' lang='lat' dir='ltr'><strong><em>convertentur</em></strong></span> <span class='ocrx_word' id='word_1_816' title='bbox 3116 3457 3183 3507; x_wconf 81' lang='lat' dir='ltr'><strong><em>ad</em></strong></span> <span class='ocrx_word' id='word_1_817' title='bbox 3210 3450 3480 3507; x_wconf 87' lang='lat' dir='ltr'><strong><em>Dominam</em></strong></span> <span class='ocrx_word' id='word_1_818' title='bbox 3518 3457 3741 3511; x_wconf 67' lang='lat' dir='ltr'><strong><em>uniuersi</em></strong></span> <span class='ocrx_word' id='word_1_819' title='bbox 3761 3457 3813 3525; x_wconf 73' lang='lat' dir='ltr'><strong><em>fi-</em></strong></span> 
     </span>
    </p>
   </div>
   <div class='ocr_carea' id='block_1_101' title="bbox 2235 3547 3814 3620">
    <p class='ocr_par' dir='ltr' id='par_1_101' title="bbox 2235 3547 3814 3620">
     <span class='ocr_line' id='line_1_102' title="bbox 2235 3547 3814 3620; baseline 0.001 -17"><span class='ocrx_word' id='word_1_820' title='bbox 2235 3565 2321 3603; x_wconf 86' lang='lat' dir='ltr'><strong><em>nes</em></strong></span> <span class='ocrx_word' id='word_1_821' title='bbox 2338 3560 2511 3612; x_wconf 70' lang='lat' dir='ltr'><strong><em>terraz;</em></strong></span> <span class='ocrx_word' id='word_1_822' title='bbox 2527 3558 2572 3602; x_wconf 90' lang='lat' dir='ltr'><strong><em>et</em></strong></span> <span class='ocrx_word' id='word_1_823' title='bbox 2589 3547 2871 3601; x_wconf 88' lang='lat' dir='ltr'><strong><em>adorabunt</em></strong></span> <span class='ocrx_word' id='word_1_824' title='bbox 2890 3548 2940 3600; x_wconf 90' lang='lat' dir='ltr'><strong><em>in</em></strong></span> <span class='ocrx_word' id='word_1_825' title='bbox 2961 3558 3228 3618; x_wconf 87' lang='lat' dir='ltr'><strong><em>conspectu</em></strong></span> <span class='ocrx_word' id='word_1_826' title='bbox 3253 3550 3361 3617; x_wconf 87' lang='lat' dir='ltr'><strong><em>ejus</em></strong></span> <span class='ocrx_word' id='word_1_827' title='bbox 3378 3549 3629 3603; x_wconf 72' lang='lat' dir='ltr'><strong><em>universa:</em></strong></span> <span class='ocrx_word' id='word_1_828' title='bbox 3650 3550 3814 3620; x_wconf 71' lang='lat' dir='ltr'><strong><em>patric</em></strong></span> 
     </span>
    </p>
   </div>
   <div class='ocr_carea' id='block_1_102' title="bbox 2234 3640 3813 3713">
    <p class='ocr_par' dir='ltr' id='par_1_102' title="bbox 2234 3640 3813 3713">
     <span class='ocr_line' id='line_1_103' title="bbox 2234 3640 3813 3713; baseline 0.001 -20"><span class='ocrx_word' id='word_1_829' title='bbox 2234 3641 2474 3713; x_wconf 79' lang='lat' dir='ltr'><strong><em>gentium,</em></strong></span> <span class='ocrx_word' id='word_1_830' title='bbox 2494 3641 2729 3710; x_wconf 90' lang='lat' dir='ltr'><strong><em>quoniam</em></strong></span> <span class='ocrx_word' id='word_1_831' title='bbox 2754 3640 2914 3711; x_wconf 87' lang='lat' dir='ltr'><strong><em>ipsius</em></strong></span> <span class='ocrx_word' id='word_1_832' title='bbox 2935 3649 3008 3694; x_wconf 85' lang='lat' dir='ltr'><strong><em>est</em></strong></span> <span class='ocrx_word' id='word_1_833' title='bbox 3034 3656 3263 3710; x_wconf 79' lang='lat' dir='ltr'><strong><em>regnum,</em></strong></span> <span class='ocrx_word' id='word_1_834' title='bbox 3288 3648 3334 3693; x_wconf 90' lang='lat' dir='ltr'><strong><em>et</em></strong></span> <span class='ocrx_word' id='word_1_835' title='bbox 3360 3640 3467 3710; x_wconf 71' lang='lat' dir='ltr'><strong><em>ipse</em></strong></span> <span class='ocrx_word' id='word_1_836' title='bbox 3482 3640 3813 3695; x_wconf 80' lang='lat' dir='ltr'><strong><em>dominabitur</em></strong></span> 
     </span>
    </p>
   </div>
   <div class='ocr_carea' id='block_1_103' title="bbox 2233 3728 3812 3803">
    <p class='ocr_par' dir='ltr' id='par_1_103' title="bbox 2233 3728 3812 3803">
     <span class='ocr_line' id='line_1_104' title="bbox 2233 3728 3812 3803; baseline 0.001 -19"><span class='ocrx_word' id='word_1_837' title='bbox 2233 3733 2451 3803; x_wconf 87' lang='lat' dir='ltr'><strong><em>gentium</em></strong></span> <span class='ocrx_word' id='word_1_838' title='bbox 2468 3728 2597 3801; x_wconf 84' lang='lat' dir='ltr'><strong><em>(1b.,</em></strong></span> <span class='ocrx_word' id='word_1_839' title='bbox 2612 3729 2702 3794; x_wconf 57' lang='lat'><strong><em>23,</em></strong></span> <span class='ocrx_word' id='word_1_840' title='bbox 2717 3730 2807 3802; x_wconf 69' lang='lat'><strong><em>29)</em></strong></span> <span class='ocrx_word' id='word_1_841' title='bbox 2820 3769 2831 3782; x_wconf 91' lang='lat'><strong><em>.</em></strong></span> <span class='ocrx_word' id='word_1_842' title='bbox 2850 3731 3063 3799; x_wconf 85' lang='lat' dir='ltr'><strong><em>Aperite</em></strong></span> <span class='ocrx_word' id='word_1_843' title='bbox 3079 3745 3236 3785; x_wconf 80' lang='lat' dir='ltr'><strong><em>aures</em></strong></span> <span class='ocrx_word' id='word_1_844' title='bbox 3251 3752 3265 3782; x_wconf 80' lang='grc' dir='ltr'><strong><em>ι</em></strong></span> <span class='ocrx_word' id='word_1_845' title='bbox 3282 3731 3426 3784; x_wconf 84' lang='lat' dir='ltr'><strong><em>ordis</em></strong></span> <span class='ocrx_word' id='word_1_846' title='bbox 3439 3740 3495 3785; x_wconf 87' lang='lat' dir='ltr'><strong><em>et</em></strong></span> <span class='ocrx_word' id='word_1_847' title='bbox 3510 3732 3812 3801; x_wconf 78' lang='lat' dir='ltr'><strong><em>auditequia</em></strong></span> 
     </span>
    </p>
   </div>
   <div class='ocr_carea' id='block_1_104' title="bbox 2234 3819 3813 3885">
    <p class='ocr_par' dir='ltr' id='par_1_104' title="bbox 2234 3819 3813 3885">
     <span class='ocr_line' id='line_1_105' title="bbox 2234 3819 3813 3885; baseline 0.002 -11"><span class='ocrx_word' id='word_1_848' title='bbox 2234 3820 2372 3875; x_wconf 86' lang='lat' dir='ltr'><strong><em>Deus</em></strong></span> <span class='ocrx_word' id='word_1_849' title='bbox 2397 3826 2429 3875; x_wconf 94' lang='lat' dir='ltr'><strong><em>d</em></strong></span> <span class='ocrx_word' id='word_1_850' title='bbox 2459 3838 2603 3874; x_wconf 88' lang='lat' dir='ltr'><strong><em>orum</em></strong></span> <span class='ocrx_word' id='word_1_851' title='bbox 2631 3819 2879 3874; x_wconf 87' lang='lat' dir='ltr'><strong><em>Dominus</em></strong></span> <span class='ocrx_word' id='word_1_852' title='bbox 2909 3822 3107 3874; x_wconf 87' lang='lat' dir='ltr'><strong><em>locutus</em></strong></span> <span class='ocrx_word' id='word_1_853' title='bbox 3135 3831 3243 3885; x_wconf 88' lang='lat' dir='ltr'><strong><em>est,</em></strong></span> <span class='ocrx_word' id='word_1_854' title='bbox 3268 3834 3316 3877; x_wconf 89' lang='lat' dir='ltr'><strong><em>et</em></strong></span> <span class='ocrx_word' id='word_1_855' title='bbox 3351 3823 3539 3876; x_wconf 76' lang='lat' dir='ltr'><strong><em>vocarit</em></strong></span> <span class='ocrx_word' id='word_1_856' title='bbox 3576 3835 3762 3877; x_wconf 78' lang='lat' dir='ltr'><strong><em>terram</em></strong></span> <span class='ocrx_word' id='word_1_857' title='bbox 3787 3839 3813 3876; x_wconf 78' lang='grc' dir='ltr'><em>α</em></span> 
     </span>
    </p>
   </div>
   <div class='ocr_carea' id='block_1_105' title="bbox 2233 3912 3813 3985">
    <p class='ocr_par' dir='ltr' id='par_1_105' title="bbox 2233 3912 3813 3985">
     <span class='ocr_line' id='line_1_106' title="bbox 2233 3912 3813 3985; baseline 0.001 -19"><span class='ocrx_word' id='word_1_858' title='bbox 2233 3914 2354 3967; x_wconf 84' lang='lat' dir='ltr'><strong><em>solis</em></strong></span> <span class='ocrx_word' id='word_1_859' title='bbox 2376 3925 2488 3966; x_wconf 89' lang='lat' dir='ltr'><strong><em>ortu</em></strong></span> <span class='ocrx_word' id='word_1_860' title='bbox 2511 3930 2663 3982; x_wconf 86' lang='lat' dir='ltr'><strong><em>usque</em></strong></span> <span class='ocrx_word' id='word_1_861' title='bbox 2687 3920 2752 3963; x_wconf 84' lang='lat' dir='ltr'><strong><em>ad</em></strong></span> <span class='ocrx_word' id='word_1_862' title='bbox 2775 3928 3003 3966; x_wconf 72' lang='lat' dir='ltr'><strong><em>occasum</em></strong></span> <span class='ocrx_word' id='word_1_863' title='bbox 3026 3929 3045 3979; x_wconf 87' lang='lat'><em>;</em></span> <span class='ocrx_word' id='word_1_864' title='bbox 3067 3928 3128 3966; x_wconf 77' lang='lat' dir='ltr'><strong><em>rx</em></strong></span> <span class='ocrx_word' id='word_1_865' title='bbox 3150 3912 3276 3966; x_wconf 85' lang='lat' dir='ltr'><strong><em>Sion</em></strong></span> <span class='ocrx_word' id='word_1_866' title='bbox 3297 3915 3485 3983; x_wconf 59' lang='lat' dir='ltr'><strong><em>species</em></strong></span> <span class='ocrx_word' id='word_1_867' title='bbox 3506 3916 3702 3969; x_wconf 58' lang='lat' dir='ltr'><strong><em>deceris</em></strong></span> <span class='ocrx_word' id='word_1_868' title='bbox 3717 3917 3813 3985; x_wconf 80' lang='lat' dir='ltr'><strong><em>ejus</em></strong></span> 
     </span>
    </p>
   </div>
   <div class='ocr_carea' id='block_1_106' title="bbox 2236 4002 3811 4076">
    <p class='ocr_par' dir='ltr' id='par_1_106' title="bbox 2236 4002 3811 4076">
     <span class='ocr_line' id='line_1_107' title="bbox 2236 4002 3811 4076; baseline 0 -20"><span class='ocrx_word' id='word_1_869' title='bbox 2236 4002 2400 4076; x_wconf 37' lang='lat' dir='ltr'><strong><em>(Psal.</em></strong></span> <span class='ocrx_word' id='word_1_870' title='bbox 2433 4019 2574 4064; x_wconf 71' lang='lat' dir='ltr'><strong><em>XLIX,</em></strong></span> <span class='ocrx_word' id='word_1_871' title='bbox 2602 4002 2747 4072; x_wconf 73' lang='lat'><strong><em>1.9.).</em></strong></span> <span class='ocrx_word' id='word_1_872' title='bbox 2777 4002 2830 4057; x_wconf 81' lang='lat' dir='ltr'><strong><em>Si</em></strong></span> <span class='ocrx_word' id='word_1_873' title='bbox 2862 4004 2961 4055; x_wconf 83' lang='lat' dir='ltr'><strong><em>huc</em></strong></span> <span class='ocrx_word' id='word_1_874' title='bbox 2988 4020 3089 4055; x_wconf 84' lang='lat' dir='ltr'><strong><em>tum</em></strong></span> <span class='ocrx_word' id='word_1_875' title='bbox 3122 4005 3276 4056; x_wconf 79' lang='lat' dir='ltr'><strong><em>vultis</em></strong></span> <span class='ocrx_word' id='word_1_876' title='bbox 3305 4004 3618 4073; x_wconf 73' lang='lat' dir='ltr'><strong><em>intelligere,</em></strong></span> <span class='ocrx_word' id='word_1_877' title='bbox 3647 4006 3811 4057; x_wconf 76' lang='lat' dir='ltr'><strong><em>audae</em></strong></span> 
     </span>
    </p>
   </div>
   <div class='ocr_carea' id='block_1_107' title="bbox 2236 4078 3814 4165">
    <p class='ocr_par' dir='ltr' id='par_1_107' title="bbox 2236 4078 3814 4165">
     <span class='ocr_line' id='line_1_108' title="bbox 2236 4078 3814 4165; baseline -0.002 -16"><span class='ocrx_word' id='word_1_878' title='bbox 2236 4078 2717 4165; x_wconf 53' lang='lat' dir='ltr'><strong><em>Evangeliumjam</em></strong></span> <span class='ocrx_word' id='word_1_879' title='bbox 2738 4110 2828 4163; x_wconf 80' lang='lat' dir='ltr'><strong><em>per</em></strong></span> <span class='ocrx_word' id='word_1_880' title='bbox 2842 4109 2900 4145; x_wconf 83' lang='lat' dir='ltr'><strong><em>us</em></strong></span> <span class='ocrx_word' id='word_1_881' title='bbox 2920 4108 3185 4162; x_wconf 81' lang='lat' dir='ltr'><strong><em>pmprnuu</em></strong></span> <span class='ocrx_word' id='word_1_882' title='bbox 3204 4095 3451 4163; x_wconf 72' lang='lat' dir='ltr'><strong><em>loquente</em></strong></span> <span class='ocrx_word' id='word_1_883' title='bbox 3470 4096 3582 4163; x_wconf 80' lang='lat' dir='ltr'><strong><em>ipso</em></strong></span> <span class='ocrx_word' id='word_1_884' title='bbox 3600 4097 3814 4149; x_wconf 70' lang='lat' dir='ltr'><strong><em>[knuino</em></strong></span> 
     </span>
    </p>
   </div>
   <div class='ocr_carea' id='block_1_108' title="bbox 2233 4180 3810 4255">
    <p class='ocr_par' dir='ltr' id='par_1_108' title="bbox 2233 4180 3810 4255">
     <span class='ocr_line' id='line_1_109' title="bbox 2233 4180 3810 4255; baseline -0.004 -13"><span class='ocrx_word' id='word_1_885' title='bbox 2233 4197 2287 4242; x_wconf 85' lang='lat' dir='ltr'><strong><em>et</em></strong></span> <span class='ocrx_word' id='word_1_886' title='bbox 2323 4188 2567 4242; x_wconf 79' lang='lat' dir='ltr'><strong><em>dicente:</em></strong></span> <span class='ocrx_word' id='word_1_887' title='bbox 2602 4186 2730 4250; x_wconf 77' lang='lat' dir='ltr'><strong><em>Quia</em></strong></span> <span class='ocrx_word' id='word_1_888' title='bbox 2766 4186 3023 4255; x_wconf 81' lang='lat' dir='ltr'><strong><em>oportebat</em></strong></span> <span class='ocrx_word' id='word_1_889' title='bbox 3058 4185 3118 4237; x_wconf 91' lang='lat' dir='ltr'><strong><em>de</em></strong></span> <span class='ocrx_word' id='word_1_890' title='bbox 3141 4180 3337 4239; x_wconf 80' lang='lat' dir='ltr'><strong><em>Christo</em></strong></span> <span class='ocrx_word' id='word_1_891' title='bbox 3375 4188 3615 4253; x_wconf 81' lang='lat' dir='ltr'><strong><em>compleri</em></strong></span> <span class='ocrx_word' id='word_1_892' title='bbox 3652 4186 3810 4238; x_wconf 72' lang='lat' dir='ltr'><strong><em>omniJ</em></strong></span> 
     </span>
    </p>
   </div>
   <div class='ocr_carea' id='block_1_109' title="bbox 2232 4273 3808 4351">
    <p class='ocr_par' dir='ltr' id='par_1_109' title="bbox 2232 4273 3808 4351">
     <span class='ocr_line' id='line_1_110' title="bbox 2232 4273 3808 4351; baseline -0.001 -21"><span class='ocrx_word' id='word_1_893' title='bbox 2232 4295 2345 4351; x_wconf 79' lang='lat' dir='ltr'><strong><em>qua:</em></strong></span> <span class='ocrx_word' id='word_1_894' title='bbox 2367 4280 2428 4332; x_wconf 91' lang='lat' dir='ltr'><strong><em>de</em></strong></span> <span class='ocrx_word' id='word_1_895' title='bbox 2450 4280 2537 4331; x_wconf 88' lang='lat' dir='ltr'><strong><em>illo</em></strong></span> <span class='ocrx_word' id='word_1_896' title='bbox 2562 4277 2747 4347; x_wconf 85' lang='lat' dir='ltr'><strong><em>scripta</em></strong></span> <span class='ocrx_word' id='word_1_897' title='bbox 2769 4288 2882 4331; x_wconf 89' lang='lat' dir='ltr'><strong><em>sunt</em></strong></span> <span class='ocrx_word' id='word_1_898' title='bbox 2908 4276 2957 4328; x_wconf 93' lang='lat' dir='ltr'><strong><em>in</em></strong></span> <span class='ocrx_word' id='word_1_899' title='bbox 2982 4273 3113 4344; x_wconf 84' lang='lat' dir='ltr'><strong><em>Lege</em></strong></span> <span class='ocrx_word' id='word_1_900' title='bbox 3137 4287 3184 4328; x_wconf 93' lang='lat' dir='ltr'><strong><em>et</em></strong></span> <span class='ocrx_word' id='word_1_901' title='bbox 3212 4275 3476 4345; x_wconf 79' lang='lat' dir='ltr'><strong><em>Prop/retis</em></strong></span> <span class='ocrx_word' id='word_1_902' title='bbox 3500 4287 3547 4329; x_wconf 88' lang='lat' dir='ltr'><strong><em>et</em></strong></span> <span class='ocrx_word' id='word_1_903' title='bbox 3574 4274 3808 4336; x_wconf 79' lang='lat' dir='ltr'><strong><em>Psalmis,</em></strong></span> 
     </span>
    </p>
   </div>
   <div class='ocr_carea' id='block_1_110' title="bbox 2233 4368 3809 4443">
    <p class='ocr_par' dir='ltr' id='par_1_110' title="bbox 2233 4368 3809 4443">
     <span class='ocr_line' id='line_1_111' title="bbox 2233 4368 3809 4443; baseline -0.006 -16"><span class='ocrx_word' id='word_1_904' title='bbox 2233 4382 2278 4427; x_wconf 87' lang='lat' dir='ltr'><strong><em>et</em></strong></span> <span class='ocrx_word' id='word_1_905' title='bbox 2321 4371 2587 4443; x_wconf 62' lang='lat' dir='ltr'><strong><em>praedicari</em></strong></span> <span class='ocrx_word' id='word_1_906' title='bbox 2613 4371 2664 4422; x_wconf 91' lang='lat' dir='ltr'><strong><em>in</em></strong></span> <span class='ocrx_word' id='word_1_907' title='bbox 2694 4370 2893 4421; x_wconf 85' lang='lat' dir='ltr'><strong><em>nomine</em></strong></span> <span class='ocrx_word' id='word_1_908' title='bbox 2917 4369 3025 4437; x_wconf 84' lang='lat' dir='ltr'><strong><em>ejus</em></strong></span> <span class='ocrx_word' id='word_1_909' title='bbox 3052 4368 3389 4437; x_wconf 77' lang='lat' dir='ltr'><strong><em>pwnitentium</em></strong></span> <span class='ocrx_word' id='word_1_910' title='bbox 3413 4377 3456 4419; x_wconf 78' lang='lat' dir='ltr'><strong><em>et</em></strong></span> <span class='ocrx_word' id='word_1_911' title='bbox 3477 4370 3809 4421; x_wconf 68' lang='lat' dir='ltr'><strong><em>remissionem</em></strong></span> 
     </span>
    </p>
   </div>
   <div class='ocr_carea' id='block_1_111' title="bbox 2232 4458 3810 4535">
    <p class='ocr_par' dir='ltr' id='par_1_111' title="bbox 2232 4458 3810 4535">
     <span class='ocr_line' id='line_1_112' title="bbox 2232 4458 3810 4535; baseline -0.005 -19"><span class='ocrx_word' id='word_1_912' title='bbox 2232 4474 2582 4535; x_wconf 78' lang='lat' dir='ltr'><strong><em>peccatorum,</em></strong></span> <span class='ocrx_word' id='word_1_913' title='bbox 2613 4476 2700 4531; x_wconf 86' lang='lat' dir='ltr'><strong><em>per</em></strong></span> <span class='ocrx_word' id='word_1_914' title='bbox 2735 4475 2906 4514; x_wconf 84' lang='lat' dir='ltr'><strong><em>omnes</em></strong></span> <span class='ocrx_word' id='word_1_915' title='bbox 2947 4472 3114 4529; x_wconf 83' lang='lat' dir='ltr'><strong><em>gentes</em></strong></span> <span class='ocrx_word' id='word_1_916' title='bbox 3152 4459 3395 4525; x_wconf 85' lang='lat' dir='ltr'><strong><em>incipiens</em></strong></span> <span class='ocrx_word' id='word_1_917' title='bbox 3432 4458 3492 4509; x_wconf 92' lang='lat' dir='ltr'><strong><em>ab</em></strong></span> <span class='ocrx_word' id='word_1_918' title='bbox 3533 4458 3810 4512; x_wconf 70' lang='lat' dir='ltr'><strong><em>Jerusalem</em></strong></span> 
     </span>
    </p>
   </div>
   <div class='ocr_carea' id='block_1_112' title="bbox 2235 4550 3799 4625">
    <p class='ocr_par' dir='ltr' id='par_1_112' title="bbox 2235 4550 3799 4625">
     <span class='ocr_line' id='line_1_113' title="bbox 2235 4550 3799 4625; baseline -0.004 -18"><span class='ocrx_word' id='word_1_919' title='bbox 2235 4554 2385 4625; x_wconf 82' lang='lat' dir='ltr'><strong><em>(Luc.</em></strong></span> <span class='ocrx_word' id='word_1_920' title='bbox 2410 4568 2556 4618; x_wconf 77' lang='lat' dir='ltr'><strong><em>xxiv,</em></strong></span> <span class='ocrx_word' id='word_1_921' title='bbox 2581 4553 2671 4617; x_wconf 69' lang='grc'>44,</span> <span class='ocrx_word' id='word_1_922' title='bbox 2695 4551 2809 4622; x_wconf 74' lang='grc'><strong><em>47).</em></strong></span> <span class='ocrx_word' id='word_1_923' title='bbox 2835 4551 2982 4617; x_wconf 84' lang='lat' dir='ltr'><strong><em>Quod</em></strong></span> <span class='ocrx_word' id='word_1_924' title='bbox 3008 4552 3056 4604; x_wconf 88' lang='lat' dir='ltr'><strong><em>in</em></strong></span> <span class='ocrx_word' id='word_1_925' title='bbox 3089 4550 3298 4605; x_wconf 85' lang='lat' dir='ltr'><strong><em>Psalmo</em></strong></span> <span class='ocrx_word' id='word_1_926' title='bbox 3325 4550 3475 4614; x_wconf 79' lang='lat' dir='ltr'><strong><em>dixit,</em></strong></span> <span class='ocrx_word' id='word_1_927' title='bbox 3500 4551 3685 4603; x_wconf 75' lang='lat' dir='ltr'><strong><em>vocarit</em></strong></span> <span class='ocrx_word' id='word_1_928' title='bbox 3720 4560 3799 4601; x_wconf 83' lang='lat' dir='ltr'><strong><em>ter-</em></strong></span> 
     </span>
    </p>
   </div>
   <div class='ocr_carea' id='block_1_113' title="bbox 2231 4639 3811 4708">
    <p class='ocr_par' dir='ltr' id='par_1_113' title="bbox 2231 4639 3811 4708">
     <span class='ocr_line' id='line_1_114' title="bbox 2231 4639 3811 4708; baseline -0.005 -11"><span class='ocrx_word' id='word_1_929' title='bbox 2231 4662 2339 4699; x_wconf 86' lang='lat' dir='ltr'><strong><em>ram</em></strong></span> <span class='ocrx_word' id='word_1_930' title='bbox 2365 4662 2395 4697; x_wconf 94' lang='lat' dir='ltr'><strong><em>a</em></strong></span> <span class='ocrx_word' id='word_1_931' title='bbox 2424 4645 2543 4697; x_wconf 85' lang='lat' dir='ltr'><strong><em>solis</em></strong></span> <span class='ocrx_word' id='word_1_932' title='bbox 2578 4654 2692 4697; x_wconf 88' lang='lat' dir='ltr'><strong><em>ortu</em></strong></span> <span class='ocrx_word' id='word_1_933' title='bbox 2716 4659 2868 4705; x_wconf 73' lang='lat' dir='ltr'><strong><em>usque</em></strong></span> <span class='ocrx_word' id='word_1_934' title='bbox 2893 4642 2959 4694; x_wconf 90' lang='lat' dir='ltr'><strong><em>ad</em></strong></span> <span class='ocrx_word' id='word_1_935' title='bbox 2987 4656 3252 4698; x_wconf 75' lang='lat' dir='ltr'><strong><em>occasum;</em></strong></span> <span class='ocrx_word' id='word_1_936' title='bbox 3282 4640 3384 4694; x_wconf 83' lang='lat' dir='ltr'><strong><em>hoc</em></strong></span> <span class='ocrx_word' id='word_1_937' title='bbox 3423 4640 3472 4693; x_wconf 91' lang='lat' dir='ltr'><strong><em>in</em></strong></span> <span class='ocrx_word' id='word_1_938' title='bbox 3504 4639 3811 4708; x_wconf 68' lang='lat' dir='ltr'><strong><em>Evangelia,</em></strong></span> 
     </span>
    </p>
   </div>
   <div class='ocr_carea' id='block_1_114' title="bbox 2232 4727 3812 4807">
    <p class='ocr_par' dir='ltr' id='par_1_114' title="bbox 2232 4727 3812 4807">
     <span class='ocr_line' id='line_1_115' title="bbox 2232 4727 3812 4807; baseline -0.008 -17"><span class='ocrx_word' id='word_1_939' title='bbox 2232 4754 2319 4807; x_wconf 86' lang='lat' dir='ltr'><strong><em>per</em></strong></span> <span class='ocrx_word' id='word_1_940' title='bbox 2342 4751 2510 4789; x_wconf 88' lang='lat' dir='ltr'><strong><em>omnes</em></strong></span> <span class='ocrx_word' id='word_1_941' title='bbox 2543 4744 2751 4806; x_wconf 83' lang='lat' dir='ltr'><strong><em>gentes:</em></strong></span> <span class='ocrx_word' id='word_1_942' title='bbox 2784 4740 2839 4786; x_wconf 88' lang='lat' dir='ltr'><strong><em>et</em></strong></span> <span class='ocrx_word' id='word_1_943' title='bbox 2879 4731 3017 4802; x_wconf 89' lang='lat' dir='ltr'><strong><em>quod</em></strong></span> <span class='ocrx_word' id='word_1_944' title='bbox 3062 4733 3111 4783; x_wconf 91' lang='lat' dir='ltr'><strong><em>in</em></strong></span> <span class='ocrx_word' id='word_1_945' title='bbox 3156 4730 3363 4784; x_wconf 73' lang='lat' dir='ltr'><strong><em>l‘salmn</em></strong></span> <span class='ocrx_word' id='word_1_946' title='bbox 3402 4730 3568 4795; x_wconf 74' lang='lat' dir='ltr'><strong><em>dixit,</em></strong></span> <span class='ocrx_word' id='word_1_947' title='bbox 3594 4745 3654 4783; x_wconf 72' lang='lat' dir='ltr'><strong><em>ea:</em></strong></span> <span class='ocrx_word' id='word_1_948' title='bbox 3684 4727 3812 4781; x_wconf 81' lang='lat' dir='ltr'><strong><em>Sion</em></strong></span> 
     </span>
    </p>
   </div>
   <div class='ocr_carea' id='block_1_115' title="bbox 2230 4817 3816 4897">
    <p class='ocr_par' dir='ltr' id='par_1_115' title="bbox 2230 4817 3816 4897">
     <span class='ocr_line' id='line_1_116' title="bbox 2230 4817 3816 4897; baseline -0.008 -15"><span class='ocrx_word' id='word_1_949' title='bbox 2230 4828 2417 4897; x_wconf 86' lang='lat' dir='ltr'><strong><em>species</em></strong></span> <span class='ocrx_word' id='word_1_950' title='bbox 2444 4825 2638 4880; x_wconf 90' lang='lat' dir='ltr'><strong><em>decoris</em></strong></span> <span class='ocrx_word' id='word_1_951' title='bbox 2662 4826 2810 4897; x_wconf 86' lang='lat' dir='ltr'><strong><em>ejus;</em></strong></span> <span class='ocrx_word' id='word_1_952' title='bbox 2839 4821 2942 4876; x_wconf 84' lang='lat' dir='ltr'><strong><em>hoc</em></strong></span> <span class='ocrx_word' id='word_1_953' title='bbox 2980 4823 3031 4876; x_wconf 87' lang='lat' dir='ltr'><strong><em>in</em></strong></span> <span class='ocrx_word' id='word_1_954' title='bbox 3067 4820 3355 4892; x_wconf 78' lang='lat' dir='ltr'><strong><em>Evangelia</em></strong></span> <span class='ocrx_word' id='word_1_955' title='bbox 3384 4820 3545 4887; x_wconf 57' lang='lat' dir='ltr'><strong><em>dixit,</em></strong></span> <span class='ocrx_word' id='word_1_956' title='bbox 3574 4817 3816 4887; x_wconf 83' lang='lat' dir='ltr'><strong><em>incipiens</em></strong></span> 
     </span>
    </p>
   </div>
   <div class='ocr_carea' id='block_1_116' title="bbox 2229 4918 2621 4974">
    <p class='ocr_par' dir='ltr' id='par_1_116' title="bbox 2229 4918 2621 4974">
     <span class='ocr_line' id='line_1_117' title="bbox 2229 4918 2621 4974; baseline -0.01 0"><span class='ocrx_word' id='word_1_957' title='bbox 2229 4920 2291 4974; x_wconf 92' lang='lat' dir='ltr'><strong><em>ab</em></strong></span> <span class='ocrx_word' id='word_1_958' title='bbox 2318 4918 2621 4973; x_wconf 79' lang='lat' dir='ltr'><strong><em>Jerusalem.</em></strong></span> 
     </span>
    </p>
   </div>
   <div class='ocr_carea' id='block_1_117' title="bbox 2299 5003 3813 5081">
    <p class='ocr_par' dir='ltr' id='par_1_117' title="bbox 2299 5003 3813 5081">
     <span class='ocr_line' id='line_1_118' title="bbox 2299 5003 3813 5081; baseline -0.006 -15"><span class='ocrx_word' id='word_1_959' title='bbox 2299 5012 2353 5066; x_wconf 77' lang='grc'><strong><em>2.</em></strong></span> <span class='ocrx_word' id='word_1_960' title='bbox 2385 5011 2603 5081; x_wconf 81' lang='lat' dir='ltr'><strong><em>Fingitis</em></strong></span> <span class='ocrx_word' id='word_1_961' title='bbox 2629 5024 2724 5063; x_wconf 84' lang='lat' dir='ltr'><strong><em>vos</em></strong></span> <span class='ocrx_word' id='word_1_962' title='bbox 2745 5019 2868 5064; x_wconf 86' lang='lat' dir='ltr'><strong><em>ante</em></strong></span> <span class='ocrx_word' id='word_1_963' title='bbox 2894 5019 3102 5079; x_wconf 84' lang='lat' dir='ltr'><strong><em>tempus</em></strong></span> <span class='ocrx_word' id='word_1_964' title='bbox 3127 5008 3317 5062; x_wconf 84' lang='lat' dir='ltr'><strong><em>messis</em></strong></span> <span class='ocrx_word' id='word_1_965' title='bbox 3343 5006 3523 5077; x_wconf 76' lang='lat' dir='ltr'><strong><em>iugere</em></strong></span> <span class='ocrx_word' id='word_1_966' title='bbox 3554 5003 3813 5075; x_wconf 78' lang='lat' dir='ltr'><strong><em>permixta</em></strong></span> 
     </span>
    </p>
   </div>
   <div class='ocr_carea' id='block_1_118' title="bbox 2231 5099 3812 5174">
    <p class='ocr_par' dir='ltr' id='par_1_118' title="bbox 2231 5099 3812 5174">
     <span class='ocr_line' id='line_1_119' title="bbox 2231 5099 3812 5174; baseline -0.006 -15"><span class='ocrx_word' id='word_1_967' title='bbox 2231 5106 2451 5170; x_wconf 79' lang='lat' dir='ltr'><strong><em>zizania,</em></strong></span> <span class='ocrx_word' id='word_1_968' title='bbox 2475 5105 2594 5174; x_wconf 85' lang='lat' dir='ltr'><strong><em>quia</em></strong></span> <span class='ocrx_word' id='word_1_969' title='bbox 2622 5115 2719 5156; x_wconf 89' lang='lat' dir='ltr'><strong><em>vos</em></strong></span> <span class='ocrx_word' id='word_1_970' title='bbox 2748 5102 2877 5156; x_wconf 83' lang='lat' dir='ltr'><strong><em>estis</em></strong></span> <span class='ocrx_word' id='word_1_971' title='bbox 2905 5101 3017 5155; x_wconf 83' lang='lat' dir='ltr'><strong><em>sola</em></strong></span> <span class='ocrx_word' id='word_1_972' title='bbox 3046 5101 3269 5154; x_wconf 83' lang='lat' dir='ltr'><strong><em>zizania.</em></strong></span> <span class='ocrx_word' id='word_1_973' title='bbox 3312 5099 3440 5154; x_wconf 82' lang='lat' dir='ltr'><strong><em>Nam</em></strong></span> <span class='ocrx_word' id='word_1_974' title='bbox 3471 5101 3515 5154; x_wconf 90' lang='lat' dir='ltr'><strong><em>si</em></strong></span> <span class='ocrx_word' id='word_1_975' title='bbox 3552 5101 3812 5153; x_wconf 75' lang='lat' dir='ltr'><strong><em>frumenta</em></strong></span> 
     </span>
    </p>
   </div>
   <div class='ocr_carea' id='block_1_119' title="bbox 2232 5191 3816 5266">
    <p class='ocr_par' dir='ltr' id='par_1_119' title="bbox 2232 5191 3816 5266">
     <span class='ocr_line' id='line_1_120' title="bbox 2232 5191 3816 5266; baseline -0.007 -14"><span class='ocrx_word' id='word_1_976' title='bbox 2232 5198 2457 5260; x_wconf 86' lang='lat' dir='ltr'><strong><em>essetis,</em></strong></span> <span class='ocrx_word' id='word_1_977' title='bbox 2518 5195 2777 5266; x_wconf 75' lang='lat' dir='ltr'><strong><em>pennista</em></strong></span> <span class='ocrx_word' id='word_1_978' title='bbox 2830 5193 3026 5247; x_wconf 84' lang='lat' dir='ltr'><strong><em>zizauia</em></strong></span> <span class='ocrx_word' id='word_1_979' title='bbox 3071 5191 3409 5260; x_wconf 81' lang='lat' dir='ltr'><strong><em>tuleraretis,</em></strong></span> <span class='ocrx_word' id='word_1_980' title='bbox 3456 5201 3508 5247; x_wconf 91' lang='lat' dir='ltr'><strong><em>et</em></strong></span> <span class='ocrx_word' id='word_1_981' title='bbox 3552 5207 3581 5246; x_wconf 82' lang='lat' dir='ltr'><strong><em>a</em></strong></span> <span class='ocrx_word' id='word_1_982' title='bbox 3625 5196 3816 5258; x_wconf 71' lang='lat' dir='ltr'><strong><em>segete</em></strong></span> 
     </span>
    </p>
   </div>
   <div class='ocr_carea' id='block_1_120' title="bbox 2229 5281 3813 5355">
    <p class='ocr_par' dir='ltr' id='par_1_120' title="bbox 2229 5281 3813 5355">
     <span class='ocr_line' id='line_1_121' title="bbox 2229 5281 3813 5355; baseline -0.007 -10"><span class='ocrx_word' id='word_1_983' title='bbox 2229 5288 2427 5345; x_wconf 75' lang='lat' dir='ltr'><strong><em>Clu-isti</em></strong></span> <span class='ocrx_word' id='word_1_984' title='bbox 2458 5305 2560 5343; x_wconf 87' lang='lat' dir='ltr'><strong><em>nou</em></strong></span> <span class='ocrx_word' id='word_1_985' title='bbox 2592 5303 2687 5342; x_wconf 84' lang='lat' dir='ltr'><strong><em>vos</em></strong></span> <span class='ocrx_word' id='word_1_986' title='bbox 2717 5286 3133 5342; x_wconf 75' lang='lat' dir='ltr'><strong><em>divideretis.De</em></strong></span> <span class='ocrx_word' id='word_1_987' title='bbox 3154 5281 3813 5355; x_wconf 80' lang='lat' dir='ltr'><strong><em>zizauiisquidemdictum</em></strong></span> 
     </span>
    </p>
   </div>
   <div class='ocr_carea' id='block_1_121' title="bbox 2228 5373 3815 5451">
    <p class='ocr_par' dir='ltr' id='par_1_121' title="bbox 2228 5373 3815 5451">
     <span class='ocr_line' id='line_1_122' title="bbox 2228 5373 3815 5451; baseline -0.007 -15"><span class='ocrx_word' id='word_1_988' title='bbox 2228 5393 2341 5451; x_wconf 81' lang='lat' dir='ltr'><strong><em>est,</em></strong></span> <span class='ocrx_word' id='word_1_989' title='bbox 2367 5381 2617 5447; x_wconf 85' lang='lat' dir='ltr'><strong><em>Quoniam</em></strong></span> <span class='ocrx_word' id='word_1_990' title='bbox 2645 5377 2918 5433; x_wconf 88' lang='lat' dir='ltr'><strong><em>abundabit</em></strong></span> <span class='ocrx_word' id='word_1_991' title='bbox 2972 5377 3231 5447; x_wconf 88' lang='lat' dir='ltr'><strong><em>iniquitas,</em></strong></span> <span class='ocrx_word' id='word_1_992' title='bbox 3280 5377 3562 5449; x_wconf 73' lang='lat' dir='ltr'><strong><em>refrigescet</em></strong></span> <span class='ocrx_word' id='word_1_993' title='bbox 3587 5373 3815 5428; x_wconf 83' lang='lat' dir='ltr'><strong><em>charitas</em></strong></span> 
     </span>
    </p>
   </div>
   <div class='ocr_carea' id='block_1_122' title="bbox 2228 5470 3817 5540">
    <p class='ocr_par' dir='ltr' id='par_1_122' title="bbox 2228 5470 3817 5540">
     <span class='ocr_line' id='line_1_123' title="bbox 2228 5470 3817 5540; baseline -0.007 -11"><span class='ocrx_word' id='word_1_994' title='bbox 2228 5475 2500 5529; x_wconf 86' lang='lat' dir='ltr'><strong><em>multorum</em></strong></span> <span class='ocrx_word' id='word_1_995' title='bbox 2529 5490 2547 5529; x_wconf 90' lang='lat'><strong><em>:</em></strong></span> <span class='ocrx_word' id='word_1_996' title='bbox 2576 5472 2668 5528; x_wconf 87' lang='lat' dir='ltr'><strong><em>sed</em></strong></span> <span class='ocrx_word' id='word_1_997' title='bbox 2695 5482 2750 5527; x_wconf 89' lang='lat' dir='ltr'><strong><em>et</em></strong></span> <span class='ocrx_word' id='word_1_998' title='bbox 2772 5471 2839 5525; x_wconf 88' lang='lat' dir='ltr'><strong><em>de</em></strong></span> <span class='ocrx_word' id='word_1_999' title='bbox 2871 5471 3045 5525; x_wconf 70' lang='lat' dir='ltr'><strong><em>tritico</em></strong></span> <span class='ocrx_word' id='word_1_1000' title='bbox 3068 5470 3265 5525; x_wconf 82' lang='lat' dir='ltr'><strong><em>dictum</em></strong></span> <span class='ocrx_word' id='word_1_1001' title='bbox 3293 5482 3396 5533; x_wconf 86' lang='lat' dir='ltr'><strong><em>est,</em></strong></span> <span class='ocrx_word' id='word_1_1002' title='bbox 3416 5470 3514 5536; x_wconf 84' lang='lat' dir='ltr'><strong><em>Qui</em></strong></span> <span class='ocrx_word' id='word_1_1003' title='bbox 3529 5482 3817 5540; x_wconf 73' lang='lat' dir='ltr'><strong><em>persevera-</em></strong></span> 
     </span>
    </p>
   </div>
   <div class='ocr_carea' id='block_1_123' title="bbox 2229 5554 3810 5638">
    <p class='ocr_par' dir='ltr' id='par_1_123' title="bbox 2229 5554 3810 5638">
     <span class='ocr_line' id='line_1_124' title="bbox 2229 5554 3810 5638; baseline -0.009 -16"><span class='ocrx_word' id='word_1_1004' title='bbox 2229 5570 2350 5623; x_wconf 62' lang='lat' dir='ltr'><strong><em>verit</em></strong></span> <span class='ocrx_word' id='word_1_1005' title='bbox 2381 5582 2536 5638; x_wconf 85' lang='lat' dir='ltr'><strong><em>usque</em></strong></span> <span class='ocrx_word' id='word_1_1006' title='bbox 2566 5567 2619 5620; x_wconf 90' lang='lat' dir='ltr'><strong><em>in</em></strong></span> <span class='ocrx_word' id='word_1_1007' title='bbox 2644 5566 2819 5635; x_wconf 83' lang='lat' dir='ltr'><strong><em>finem,</em></strong></span> <span class='ocrx_word' id='word_1_1008' title='bbox 2848 5563 2930 5616; x_wconf 91' lang='lat' dir='ltr'><strong><em>hic</em></strong></span> <span class='ocrx_word' id='word_1_1009' title='bbox 2967 5561 3137 5616; x_wconf 86' lang='lat' dir='ltr'><strong><em>salvus</em></strong></span> <span class='ocrx_word' id='word_1_1010' title='bbox 3163 5562 3253 5616; x_wconf 86' lang='lat' dir='ltr'><strong><em>erit</em></strong></span> <span class='ocrx_word' id='word_1_1011' title='bbox 3279 5560 3487 5635; x_wconf 80' lang='lat' dir='ltr'><strong><em>(.llatth.</em></strong></span> <span class='ocrx_word' id='word_1_1012' title='bbox 3531 5568 3676 5620; x_wconf 68' lang='lat' dir='ltr'><strong><em>xx&quot;,</em></strong></span> <span class='ocrx_word' id='word_1_1013' title='bbox 3710 5554 3810 5621; x_wconf 67' lang='grc' dir='ltr'><strong><em>η,</em></strong></span> 
     </span>
    </p>
   </div>
   <div class='ocr_carea' id='block_1_124' title="bbox 2231 5648 3813 5739">
    <p class='ocr_par' dir='ltr' id='par_1_124' title="bbox 2231 5648 3813 5739">
     <span class='ocr_line' id='line_1_125' title="bbox 2231 5648 3813 5739; baseline -0.01 -16"><span class='ocrx_word' id='word_1_1014' title='bbox 2231 5667 2343 5739; x_wconf 80' lang='grc'><strong><em>15).</em></strong></span> <span class='ocrx_word' id='word_1_1015' title='bbox 2367 5666 2541 5735; x_wconf 86' lang='lat' dir='ltr'><strong><em>Quare</em></strong></span> <span class='ocrx_word' id='word_1_1016' title='bbox 2567 5663 2784 5722; x_wconf 87' lang='lat' dir='ltr'><strong><em>creditis</em></strong></span> <span class='ocrx_word' id='word_1_1017' title='bbox 2801 5661 3031 5719; x_wconf 79' lang='lat' dir='ltr'><strong><em>crevisse</em></strong></span> <span class='ocrx_word' id='word_1_1018' title='bbox 3051 5656 3252 5714; x_wconf 81' lang='lat' dir='ltr'><strong><em>zizauia</em></strong></span> <span class='ocrx_word' id='word_1_1019' title='bbox 3281 5665 3332 5714; x_wconf 84' lang='lat' dir='ltr'><strong><em>et</em></strong></span> <span class='ocrx_word' id='word_1_1020' title='bbox 3358 5653 3599 5713; x_wconf 85' lang='lat' dir='ltr'><strong><em>mundum</em></strong></span> <span class='ocrx_word' id='word_1_1021' title='bbox 3616 5648 3813 5722; x_wconf 77' lang='lat' dir='ltr'><strong><em>reple-</em></strong></span> 
     </span>
    </p>
   </div>
  </div>
