3962 6370
207 583 473 643 mansisse?
502 581 825 639 Christianos
854 594 950 635 vos
974 579 1165 644 dicitis,
1194 588 1247 634 et
1286 577 1499 634 Christo
1529 589 1744 636 contra-

206 668 372 725 dicitis.
399 666 507 738 Ipse
519 664 665 731 dixit,
686 664 851 721 Sinite
869 673 1081 735 utraque
1098 679 1317 719 crescere
1348 680 1504 734 usque
1518 665 1585 717 ad
1609 681 1744 720 mes-

205 777 317 826 sem;
337 775 433 814 non
454 757 595 820 dixit,
609 753 864 811 Crescant
889 756 1109 820 zizania,
1126 754 1437 811 decrescant
1456 754 1739 811 frumenta.

206 850 303 921 Ipse
327 850 468 914 dixit,
493 848 623 919 Ager
647 858 719 902 est
744 849 824 902 hic
857 847 1105 912 mundus;
1132 862 1238 901 non
1281 847 1447 913 dixit,
1478 850 1618 918 Ager
1659 858 1744 904 est

204 942 392 996 Africa.‘
416 938 523 1010 Ipse
561 938 713 1005 dixit,
757 936 939 993 Messis
966 948 1040 992 est
1070 938 1187 1007 ﬁnis
1205 939 1405 1005 seaculi;
1438 954 1541 993 non
1585 938 1737 1006 dixit,

203 1033 362 1089 messis
385 1040 460 1086 est
487 1040 692 1101 tempus
716 1033 732 1063 ¹
754 1030 960 1085 Donati.
984 1029 1102 1100 Ipse
1120 1029 1271 1097 dixit,
1291 1029 1541 1084 Messores
1562 1029 1740 1100 Angeli

202 1134 295 1180 sunt
312 1122 501 1195 (Matth.
527 1138 644 1187 xm,
663 1121 751 1187 50,
770 1122 858 1184 38,
875 1121 963 1193 59)
981 1138 995 1186 ;
1015 1136 1118 1176 non
1141 1121 1290 1186 dixit,
1312 1121 1572 1224 Messores
1588 1122 1736 1224 priu-

200 1216 320 1286 eipes
335 1213 818 1269 Circumcellionum
845 1222 986 1267 sunt.
1004 1212 1107 1268 Sed
1123 1213 1240 1282 quia
1260 1229 1355 1282 pro
1372 1214 1587 1268 zizaniis
1605 1214 1737 1267 triti-

199 1322 299 1363 cum
333 1305 635 1371 accusastis,
684 1320 779 1360 vos
807 1319 927 1359 esse
960 1304 1159 1358 zizania
1208 1304 1641 1371 demonstrastis,
1682 1314 1737 1359 et

201 1397 317 1469 quod
346 1405 416 1451 est
432 1396 654 1466 gravius,
678 1405 802 1450 ante
823 1404 1030 1465 tempus
1055 1410 1194 1449 vosa
1222 1395 1397 1450 tritico
1425 1396 1729 1466 separastis.

202 1487 393 1556 Maiores
414 1488 540 1541 enim
568 1485 732 1542 vestri
771 1486 825 1539 in
864 1500 1090 1555 quorum
1124 1486 1375 1555 sacrilega
1423 1486 1732 1555 prmcisione

201 1580 525 1650 perseveretis,
573 1578 788 1649 quidam
824 1578 1000 1634 Gestis
1033 1579 1434 1649 municipalibus
1462 1578 1539 1650 (a)
1572 1578 1730 1634 Codi-

198 1685 272 1727 ces
301 1681 486 1727 sanctos
518 1680 572 1726 et
625 1671 975 1726 instrumenta
1007 1670 1261 1725 Ecclesia:
1302 1670 1730 1739 persecutoribus

203 1760 496 1827 tradiderunt,
526 1760 742 1831 quidam
795 1775 888 1817 eos
929 1760 1156 1817 fatentes
1204 1761 1518 1816 dimiserunt
1557 1769 1611 1817 et
1648 1764 1728 1818 eis

197 1854 703 1918 communicaverunt,
756 1862 811 1909 et
854 1854 1065 1925 utrique
1107 1853 1479 1924 Carthaginem
1529 1852 1724 1909 furiosa

191 1945 379 2002 factione
415 1955 804 2013 convenerunt,
835 1946 903 2002 de
947 1946 1167 2001 crimine
1203 1946 1501 2002 traditionis
1529 1946 1595 2002 de
1620 1962 1725 2017 quo

189 2036 268 2107 ipsi
286 2038 406 2094 inter
421 2039 591 2108 sejam
608 2046 1010 2103 consenserant,
1035 2036 1298 2092 inauditos
1319 2037 1720 2105 damnaverunt,

188 2130 451 2201 epismpum
465 2140 647 2187 contra
669 2130 978 2201 episcopum
997 2128 1393 2193 ordinaverunt,
1411 2129 1577 2183 altare
1596 2143 1723 2183 con-

190 2231 252 2275 tra
273 2222 419 2277 altare
443 2230 747 2278 erexerunt.
795 2222 984 2277 Postea
1028 2221 1227 2276 litteras
1257 2220 1321 2275 ad
1351 2221 1721 2291 imperatorem

186 2312 568 2380 Constantinum,
599 2322 657 2367 ut
687 2312 826 2368 inter
849 2312 1006 2367 Afros
1026 2312 1259 2382 episcopi
1284 2313 1614 2367 transmarini
1632 2312 1720 2382 ju-

191 2399 401 2466 dicarent,
442 2404 739 2467 miserunt;
791 2402 929 2457 datis
951 2402 1219 2472 judicihus
1254 2419 1387 2473 quos
1422 2404 1722 2472 postulave-

192 2502 291 2547 rant
320 2504 364 2548 et
401 2494 578 2550 Roma:
618 2492 979 2565 judicantihus
1029 2510 1135 2547 non
1187 2493 1716 2563 obtemperaverunt,

189 2586 424 2657 episcopos
446 2587 585 2657 apud
628 2586 1004 2657 Imperatorem
1056 2595 1304 2656 tanquam
1335 2586 1473 2640 male
1510 2585 1718 2655 judica-

184 2678 328 2733 verint
344 2689 636 2750 arguerunt.
668 2678 751 2733 Ab
796 2679 914 2733 aliis
943 2692 1125 2733 rursus
1154 2679 1415 2749 episcopis
1442 2679 1508 2733 ad
1534 2680 1720 2735 Arela-

186 2778 279 2823 tum
308 2771 457 2827 missis
482 2771 548 2826 ad
582 2771 754 2841 ipsum
786 2770 1161 2840 Imperatorem
1191 2769 1621 2839 appellaverunt;
1651 2771 1718 2827 ab

183 2860 282 2930 ipso
305 2862 443 2918 auditi
467 2873 519 2920 et
544 2863 955 2918 calumniatores
982 2862 1202 2929 inventi,
1227 2861 1278 2916 iu
1304 2862 1494 2918 eodem
1516 2863 1718 2919 scelere

178 2966 559 3024 permanserunt.
608 2957 869 3028 Evigilate
914 2957 980 3012 ad
1023 2958 1280 3023 salutem,
1310 2967 1483 3013 amate
1509 2974 1711 3030 pacem,

177 3044 315 3102 redite
330 3047 390 3103 ad
416 3050 696 3104 unitatem.
731 3048 855 3104 Haec
878 3048 1030 3104 vobis
1078 3049 1522 3120 quemadmodum
1567 3060 1714 3122 gesta

176 3137 278 3205 sint,
299 3142 499 3209 quando
527 3143 711 3208 vultis,
739 3143 916 3197 omnia
950 3142 1254 3198 recitamus.

231 3229 274 3283 3.
296 3227 378 3285 Ille
403 3232 759 3288 communicat
779 3232 951 3297 malis,
985 3233 1072 3302 qui
1104 3233 1368 3287 consentit
1389 3232 1537 3289 factis
1558 3236 1715 3290 malo-

175 3334 287 3386 rum,
318 3337 414 3377 non
443 3323 532 3393 qui
560 3323 755 3379 tolerat
781 3323 832 3376 iu
860 3338 986 3394 agro
1015 3321 1283 3378 dominico
1308 3324 1507 3379 zizania
1545 3342 1715 3397 usque

172 3409 223 3464 ad
238 3427 465 3479 messem,
499 3414 582 3469 vel
617 3414 825 3484 paleam
853 3429 1020 3485 usque
1042 3414 1108 3468 ad
1134 3414 1375 3469 ultimam
1409 3416 1711 3471 ventilatio-

173 3516 289 3556 nem.
308 3504 358 3559 Si
387 3507 556 3561 malos
598 3505 807 3572 odistis,
842 3520 935 3560 vos
966 3506 1062 3576 ipsi
1093 3506 1369 3561 mutamini
1409 3508 1475 3561 ab
1512 3509 1715 3565 scelere

172 3596 449 3655 schismatis.
472 3601 527 3656 Si
554 3600 815 3655 malorum
833 3600 1236 3670 permixtioncm
1261 3601 1535 3665 timeretis,
1553 3601 1714 3672 Opta-

175 3693 264 3741 tum
291 3690 352 3761 (b)
381 3690 522 3746 inter
561 3706 657 3747 vos
686 3691 740 3746 in
782 3692 1113 3761 apertissima
1147 3692 1421 3763 iniquitate
1444 3695 1710 3751 viventem

174 3787 251 3843 per
272 3786 336 3834 tot
352 3796 517 3837 annos
542 3797 649 3837 non
681 3783 952 3837 teneretis.
998 3782 1166 3850 Quem
1190 3798 1310 3839 cum
1337 3784 1494 3841 modo
1510 3794 1710 3857 marty-

172 3879 261 3922 rem
282 3868 461 3937 dicitis,
491 3881 736 3941 superest
763 3881 821 3926 ut
847 3887 989 3940 eum,
1022 3882 1240 3943 propter
1261 3890 1419 3945 quem
1469 3885 1710 3930 mortuus

171 3967 263 4022 est,
303 3960 562 4018 Christum
614 3963 821 4019 dicatis.
879 3965 1160 4023 Postremo
1188 3967 1313 4037 quid
1343 3983 1438 4023 vos
1492 3967 1710 4025 oti‘eudit

169 4050 285 4106 orbis
298 4054 628 4120 christianus,
648 4070 677 4108 a
698 4070 803 4125 quo
826 4070 920 4111 vos
935 4058 1137 4113 nefario
1160 4058 1335 4114 furore
1358 4058 1707 4129 praacidistis?

168 4144 335 4213 etquid
364 4162 455 4201 vos
480 4155 896 4216 promeruerunt
912 4148 1330 4215 Maximianistac,
1354 4166 1489 4220 quos
1509 4166 1537 4204 a
1559 4152 1708 4208 vobis

168 4228 402 4293 damnatos
428 4248 485 4292 et
508 4253 603 4308 per
624 4237 823 4306 judicia
852 4239 1061 4309 publica
1088 4240 1155 4295 de
1180 4241 1413 4297 basilicis
1431 4243 1707 4312 proturba-

168 4330 263 4390 tos,
288 4326 332 4381 in
354 4344 445 4385 suo
467 4344 655 4385 rursus
676 4330 879 4386 honore
906 4331 1224 4402 recepistis?
1256 4333 1392 4400 Quid
1418 4349 1513 4389 vos
1539 4334 1706 4390 offen-

167 4409 236 4466 dit
260 4419 569 4486 paxChristi,
593 4432 778 4476 contra
800 4436 958 4492 quam
984 4437 1078 4479 vos
1105 4422 1339 4479 diriditis
1366 4425 1433 4481 ab
1461 4426 1538 4481 eis
1570 4442 1704 4497 quos

167 4502 422 4566 infamatis?
448 4520 505 4568 et
524 4512 651 4584 quid
679 4527 774 4568 vos
792 4516 1082 4584 promeruit
1104 4530 1204 4585 pax
1244 4517 1453 4586 Donati,
1477 4534 1573 4589 pro
1601 4536 1701 4590 qua

162 4597 386 4666 suscipitis
406 4617 544 4673 quos
572 4601 873 4658 damnatis?
901 4605 1196 4661 Felicianus
1208 4607 1518 4665 Mustitanus
1544 4611 1703 4668 modo

162 4683 394 4746 vobiscum
436 4702 541 4748 est.
585 4692 834 4763 Legimus
868 4711 989 4751 eum
1027 4697 1173 4767 prius
1199 4699 1250 4754 in
1277 4710 1456 4756 vestro
1474 4703 1701 4759 concilio

160 4770 423 4837 damnatum
440 4825 458 4851 ,
478 4792 532 4840 et
551 4800 583 4839 a
604 4784 753 4840 vobis
772 4796 958 4857 postea
980 4788 1031 4842 iu
1050 4787 1251 4858 judicio
1272 4794 1600 4861 proconsulis
1621 4810 1701 4849 ac-

160 4875 383 4939 cusatum,
409 4883 465 4930 et
490 4874 542 4929 in
571 4874 848 4932 Mustitaua
875 4878 1087 4934 civitate
1101 4878 1275 4937 Cestis
1299 4883 1700 4954 municipalibus

156 4966 491 5029 oppugnatum.

216 5047 259 5103 4.
272 5049 321 5106 Si
337 5055 547 5112 traditio
560 5055 811 5112 Codicum
824 5060 1082 5117 scelerata
1096 5071 1196 5127 est,
1213 5078 1371 5134 quam
1387 5063 1527 5121 Deus
1542 5066 1594 5120 in
1611 5082 1698 5123 re-

156 5151 252 5204 gem
264 5144 338 5211 qui
351 5144 595 5202 Jeremice
616 5146 806 5203 librum
821 5150 1073 5219 incendit,
1092 5162 1262 5211 morte
1277 5155 1460 5212 bellica
1486 5159 1506 5189 ²
1523 5158 1698 5214 vindi-

155 5233 268 5291 cavit
288 5237 409 5311 (Ier.
422 5259 616 5311 xxxvr,
634 5245 725 5313 23,
745 5246 859 5319 30),
877 5257 1074 5319 quanto
1089 5250 1395 5307 sceleratius
1419 5262 1502 5309 est
1521 5255 1695 5321 sacri-

153 5317 317 5392 legium
349 5333 648 5393 schismatis
671 5378 687 5403 ,
714 5317 866 5409 cujus
892 5350 1140 5397 auctores
1157 5384 1173 5410 ,
1206 5344 1396 5415 quibus
1423 5344 1695 5402 Maximia-

154 5412 292 5476 nistas
313 5430 673 5498 comparastis,
698 5441 879 5501 aperta
898 5441 1035 5488 terra
1056 5434 1204 5489 vivos
1217 5412 1488 5493 absorbuit
1505 5436 1688 5511 (Num.

201 5526 1423 5672 ἷὲἕεξτιέαέἓωωῗωθῗῗεῖοδῶυᾜωρὶιυηω.

218 5681 245 5717 a
281 5676 503 5731 confectis
524 5681 652 5745 apud
674 5684 930 5735 Itunatium
943 5685 1167 5737 Felicem.

219 5670 261 5842 δί
281 5742 464 5800 optatus
482 5743 893 5809 Thamugadensis
916 5757 1109 5819 propter
1129 5758 1165 5824 β

407 5811 490 5842 Ml,
522 5817 585 5842 at
611 5805 677 5842 Iih
719 5806 878 5842 9mm
927 5809 992 5842 Im
1043 5811 1157 5842 ουρ-1

201 5667 245 5791 ξε
281 5676 503 5731 Confectis
524 5681 652 5745 apud
674 5684 930 5735 Itunatium
943 5685 1177 5761 Felicem.
1220 5667 1230 5672 ⁷
1416 5754 1426 5764 _

202 5670 893 5824 ,θῖηὲιιιέιὶιὶτιξτπξξὲεθέίίιξξίβ
916 5748 1375 5824 ρεφιηςνριιάοηεξη
1415 5766 1691 5824 nascere

407 5811 496 5866 est,
522 5817 587 5855 ex
609 5805 695 5855 lib'.
719 5806 899 5856 2mm.
916 5805 1017 5860 'littl
1043 5811 1198 5875 Pctil.,
1223 5826 1265 5865 c.
1291 5813 1369 5875 92,
1394 5828 1443 5864 η.
1460 5814 1568 5870 299.

442 5888 664 5955 Sacr.
693 5893 971 5961 Δυθυετ.
1006 5895 1088 5961 ll.

1328 367 1798 428 EPISTOLARUM
1835 367 2105 432 CLASSIS
2139 376 2202 432 II.

148 478 151 479 ν
211 495 347 559 visse,
379 489 590 547 triticum
637 496 818 543 autem
868 484 1173 541 decrevisse
1214 484 1348 540 etin
1402 486 1513 540 sola
1566 484 1746 541 Africa
1789 476 1797 481 ’

3323 392 3429 457 268

1857 502 1968 555 xvi,
2002 489 2231 563 3l-53)!
2264 491 2539 560 Quomodo
2568 513 2699 572 ergo
2715 502 2919 560 crimen
2945 505 3241 567 traditionis
3268 498 3423 572 nobis

1853 578 2101 650 objicitis,
2133 583 2273 653 quod
2303 600 2406 641 non
2434 590 2690 659 probatis,
2720 602 2773 648 et
2813 595 3180 656 schismaticos
3220 614 3425 662 vestros
3500 676 3511 694 '

1852 681 1905 726 et
1937 673 2199 730 damnatis
2224 688 2277 734 et
2321 684 2643 752 acceptatis?
2672 686 2726 741 Si
2777 699 3054 761 propterea
3097 696 3226 764 justi
3261 699 3423 767 estis,

1851 764 1970 833 quia
2010 771 2428 835 persecutionem
2472 792 2566 844 per
2604 776 2955 848 Imperatores
2996 789 3133 854 passi
3170 790 3317 856 estis,
3341 792 3427 861 ju-

1850 856 2040 912 stiores
2070 861 2217 917 vobis
2240 874 2363 918 sunt
2391 867 2489 936 ipsi
2518 868 2936 941 Maximianistm,
2958 894 3090 948 quos
3109 897 3203 951 per
3216 884 3425 953 judices

1848 947 1915 1002 ab
1945 950 2360 1022 lmperatorihus
2383 960 2655 1018 catholicis
2684 967 2877 1023 missos
2902 987 2997 1025 vos
3024 973 3120 1044 ipsi
3157 982 3426 1047 persecuti

1850 1040 1999 1095 estis.
2030 1042 2086 1097 Si
2116 1044 2441 1120 Baptismum
2474 1069 2567 1108 vos
2597 1057 2693 1111 soli
2726 1057 2950 1129 habetis,
2980 1040 3103 1134 quid
3142 1040 3279 1139 apud
3324 1088 3424 1129 vos

1845 1129 1968 1185 facit
1995 1132 2282 1204 baptismus
2307 1141 2807 1205 Maximianistarum
2826 1154 2875 1207 in
2892 1155 2970 1208 eis
2990 1129 3122 1226 quos
3139 1129 3422 1231 baptizavit

1845 1221 2143 1282 Felicianus
2182 1232 2481 1303 damnatus,
2509 1254 2631 1294 cum
2659 1243 2959 1311 quibus'est
3004 1250 3068 1303 ad
3102 1267 3196 1305 vos
3232 1265 3417 1323 postea

1842 1322 2160 1375 revocatus?
2186 1323 2281 1379 Vel
2318 1328 2467 1382 vobis
2496 1331 2644 1386 laicis
2688 1334 2754 1389 ad
2788 1336 2886 1391 ista
2920 1344 3275 1410 respondeant
3304 1349 3418 1417 cpi-

1839 1410 1987 1476 scopi
2010 1414 2190 1480 vestri,
2216 1416 2258 1470 si
2277 1419 2553 1476 nobiscum
2576 1424 2718 1495 loqui
2747 1430 2959 1496 nolunt;
2984 1440 3037 1486 et
3064 1436 3294 1504 cogitate
3321 1454 3418 1508 pro

1839 1499 2009 1556 salute
2035 1514 2230 1570 vestra,
2262 1510 2415 1577 quale
2439 1512 2507 1565 sit
2537 1513 2637 1569 hoc
2664 1517 2837 1585 ipsum
2860 1521 2997 1589 quod
3032 1524 3303 1581 nobiscum
3334 1529 3416 1584 Io-

1836 1590 1926 1660 qui
1955 1593 2158 1648 nolunt.
2188 1596 2240 1652 Si
2274 1598 2381 1670 lupi
2420 1606 2700 1661 concilium
2745 1608 3006 1681 fecerunt,
3038 1625 3095 1669 ut
3121 1620 3417 1685 pastoribus

1835 1698 1941 1737 non
1972 1688 2345 1757 respondeant,
2376 1710 2541 1764 quare.
2568 1713 2695 1755 oves
2724 1705 3013 1762 concilium
3042 1709 3406 1781 perdiderunt,

1835 1783 1894 1829 ut
1916 1777 1983 1831 ad
2010 1778 2252 1849 luporum
2275 1788 2559 1855 speluncas
2586 1795 2878 1852 accedant?

2220 1893 2550 1955 EPISTOLA
2589 1902 2826 1959 Lxxvn
2856 1909 2991 1981 ‘(a).

1831 1978 2141 2051 Augustinus
2172 1984 2332 2041 Felici
2372 2001 2416 2043 et
2442 1991 2701 2061 Hilarino,
2726 2008 2782 2051 ut
2814 2017 2876 2055 ne
2895 1978 3241 2072 perturbentur
3266 2012 3411 2065 obor-

1902 2073 1965 2125 tis
1990 2074 2043 2127 in
2070 2075 2299 2133 Ecclesia
2324 2085 2595 2140 scandulis.
2642 2087 2807 2144 Porro
2838 2093 2899 2146 de
2926 2093 3211 2168 Boni/acia,
3243 2103 3325 2171 qui
3353 2102 3408 2156 in

1900 2164 2041 2219 nullo
2075 2170 2213 2237 apud
2255 2188 2307 2226 se
2350 2176 2559 2231 crimine
2592 2180 2928 2249 deprehensus
2964 2189 3147 2257 fuerit,
3193 2202 3409 2248 statuere

1899 2272 1999 2309 non
2023 2276 2169 2327 posse
2189 2273 2241 2315 ut
2256 2264 2364 2332 ejus
2386 2283 2563 2323 nomen
2586 2271 2647 2324 de
2668 2274 3065 2345 presbyterorum
3080 2282 3192 2335 albo
3212 2301 3406 2354 expun-

1898 2357 2062 2415 gatur,
2094 2354 2310 2408 maxime
2334 2372 2447 2411 cum
2491 2360 2650 2430 ipsius
2679 2380 2883 2420 causam
2927 2370 2994 2421 ad
3022 2368 3117 2425 Dei
3155 2374 3407 2442 judicium

1899 2443 2247 2500 transmiserit.

1830 2526 2068 2586 Dominis
2097 2534 2457 2595 dilectissimis
2483 2545 2780 2616 meritoque
2808 2549 3130 2609 honorandis
3159 2555 3406 2614 fratribus

1898 2623 2079 2680 Faucr
2125 2637 2179 2683 et
2230 2630 2544 2702 Iliunmo‘,
2582 2639 2932 2710 AUGUSTINUS,
2971 2645 3023 2699 in
3055 2647 3278 2704 Domino
3315 2666 3403 2706 sa-

1931 2713 2114 2769 Iutem.

1903 2802 1949 2855 I.
1990 2804 2104 2860 Non
2132 2808 2296 2865 miror
2319 2820 2555 2869 satanam
2587 2816 2818 2875 ﬁdelium
2858 2825 3062 2882 animos
3091 2831 3405 2898 perturban-

1825 2899 1933 2947 tem
1964 2911 1978 2946 :
2007 2897 2089 2950 cui
2120 2901 2370 2968 resistite,
2397 2919 2771 2974 permanentes
2796 2913 2845 2968 in
2888 2931 2985 2985 spe
3018 2923 3401 2988 promissorum

1824 2985 1917 3040 Dei
1944 2990 2032 3057 qui
2059 2989 2243 3048 fallere
2269 3011 2373 3049 non
2402 3008 2604 3068 potest;
2629 3003 2716 3073 qui
2748 3020 2853 3060 non
2890 2985 3060 3064 solum
3092 3014 3320 3072 nobisin
3344 3033 3404 3073 se

1822 3078 2180 3151 credentibus,
2209 3096 2263 3141 et
2290 3092 2645 3161 sperantibus,
2669 3106 2723 3151 et
2740 3098 2792 3151 in
2816 3100 2929 3168 ejus
2955 3102 3209 3161 charitate
3235 3124 3405 3181 usque

1820 3168 1875 3222 in
1921 3170 2079 3226 ﬁnem
2128 3182 2589 3244 perseverantibus
2637 3187 2874 3256 polliceri
2928 3195 3144 3262 praemia
3205 3209 3403 3258 aeterna

1821 3260 2065 3331 dignatus
2095 3275 2195 3335 est,
2240 3284 2426 3326 verum
2471 3274 2629 3330 etiam
2666 3282 2976 3349 temporalia
3006 3288 3253 3342 scandala
3296 3307 3407 3348 non

1821 3351 2060 3410 defutura
2100 3360 2362 3429 praedixit,
2390 3365 2581 3434 quibus
2612 3367 2769 3425 fidem
2803 3384 3036 3431 nostram
3065 3384 3301 3437 exerceri
3348 3396 3405 3440 et

1821 3445 2031 3515 probari
2059 3462 2364 3519 oporteret:
2416 3458 2489 3511 ait
2523 3460 2684 3526 enim,
2724 3462 2976 3527 Quoniam
3004 3469 3281 3526 abundabit
3305 3475 3404 3531 ini-

1818 3537 2001 3606 quitus,
2029 3542 2310 3612 refrigescet
2330 3546 2549 3603 charitas
2569 3551 2875 3620 multorum;
2895 3558 2988 3612 sed
3008 3563 3257 3619 continuo
3272 3566 3399 3620 sub-

1813 3626 1964 3697 jecit,
1983 3630 2081 3695 Qui
2102 3642 2268 3687 autem
2289 3642 2667 3705 perseveraverit
2693 3660 2848 3715 usque
2874 3648 2927 3702 in
2947 3651 3121 3719 ﬁnem,
3139 3656 3219 3709 hic
3233 3658 3402 3714 salvus

1819 3719 1912 3772 erit
1938 3718 2148 3788 (Matth.
2178 3739 2332 3792 xxxv,
2366 3729 2452 3795 l2,
2490 3731 2598 3802 15).
2622 3733 2757 3801 Quid
2786 3752 2913 3808 ergo
2933 3718 3145 3812 mirum,
3170 3748 3211 3801 si
3231 3747 3400 3805 homi-

1818 3826 1913 3866 nes
1938 3815 2109 3869 servis
2138 3816 2229 3871 Dei
2271 3817 2576 3889 detrahunt,
2606 3834 2661 3881 et
2701 3829 2824 3897 quia
2852 3846 3036 3888 eorum
3068 3837 3229 3892 vitam
3271 3856 3398 3910 per-

1818 3912 2025 3959 vertere
2060 3922 2164 3962 non
2213 3921 2472 3979 possunt,
2523 3914 2715 3972 famam
2760 3919 3069 3981 decolorare
3113 3941 3394 4000 conantur,

1818 4008 1938 4048 cum
1984 3995 2155 4065 ipsum
2186 3998 2357 4055 Deum
2398 4011 2453 4057 et
2481 4004 2764 4061 Dominum
2792 4024 2979 4067 eorum
3024 4018 3257 4083 quotidie
3282 4021 3395 4075 hla-

1816 4083 2095 4152 sphemare
2114 4102 2219 4142 non
2245 4101 2475 4156 cessent,
2496 4108 2617 4148 eum
2634 4096 2712 4150 eis
2731 4097 2973 4167 displicet
2987 4105 3237 4174 quidquid
3261 4124 3392 4165 con-

1816 4180 1897 4226 tra
1923 4188 2106 4229 eorum
2133 4178 2456 4234 voluntatem
2479 4182 2624 4251 justo
2671 4195 2725 4240 et
2764 4191 2972 4245 occulto
3001 4193 3200 4262 judicio
3232 4198 3392 4256 facit?

1816 4263 1968 4321 Unde
2000 4267 2252 4324 exhortor
2280 4272 2611 4341 prudentiam
2641 4289 2890 4347 vestram,
2926 4283 3124 4342 domini
3158 4289 3392 4349 dilectis-

1814 4356 1935 4412 simi
1964 4360 2259 4431 meritoque
2291 4364 2582 4421 honorandi
2601 4368 2810 4439 fratres,
2841 4375 3239 4448 utScripturam
3269 4385 3385 4451 Dei,

1814 4465 1932 4519 qua:
1956 4452 1977 4481 ¹
2004 4450 2158 4506 nobis
2185 4452 2300 4509 haec
2319 4456 2495 4510 omnia
2523 4458 2692 4514 l'utura
2718 4468 3107 4535 prmnuntiavit,
3131 4480 3185 4525 et
3202 4450 3390 4530 adveré

1815 4555 1907 4595 sus
1930 4557 1991 4596 ea
2012 4558 2109 4597 nos
2138 4543 2318 4601 firmos
2338 4561 2457 4603 esse
2485 4548 2684 4607 debere
2709 4559 3045 4627 praemonuit,
3077 4571 3259 4618 contra
3287 4566 3386 4621 ho-

1814 4634 2014 4690 minum
2037 4636 2288 4693 maledica
2315 4640 2612 4711 vaniloquia
2633 4646 3065 4720 suspicionesque
3079 4658 3386 4715 temerarias

1811 4726 1971 4782 corde
1998 4727 2438 4786 christianissimo
2461 4734 2721 4803 cogitetis.

1878 4818 1933 4872 2.
1961 4818 2201 4875 Breviter
2227 4821 2796 4891 itaquedicoCharitati
2821 4842 3029 4901 vestrae,
3056 4835 3381 4897 Bonifacium

1808 4909 2173 4981 presbyterum
2192 4911 2244 4966 in
2258 4914 2402 4968 nttllo
2420 4916 2641 4972 crimine
2659 4920 2797 4989 apud
2816 4936 2900 4977 me
2919 4922 3080 4981 fuisse
3091 4927 3377 5001 detectum,

1805 5017 2134 5074 nequaquam
2161 5020 2248 5061 me
2265 5005 2334 5061 de
2358 5006 2451 5064 illo
2480 5010 2582 5064 tale
2608 5011 2803 5080 aliquid
2833 5015 3124 5075 credidisse
3154 5024 3233 5077 vel
3259 5040 3379 5079 cre-

1804 5093 1954 5150 dere.
1982 5096 2259 5161 Quomodo
2285 5113 2413 5169 ergo
2436 5099 2675 5170 juberem
2707 5102 2772 5157 de
2799 5119 3021 5163 numero
3042 5113 3380 5185 presbytero-

1804 5203 1921 5243 rum
1949 5204 2141 5245 nomen
2170 5190 2285 5260 ejus
2304 5192 2521 5258 auferri,
2554 5192 2899 5253 vehementer
2938 5210 3169 5259 terrente
3199 5206 3374 5259 Evan-

1805 5279 1943 5349 gelio
1986 5280 2073 5334 ubi
2107 5281 2358 5337 Dominus
2395 5283 2505 5338 ait:
2535 5282 2601 5337 In
2625 5301 2723 5355 quo
2764 5290 2959 5360 judicio
3006 5295 3371 5364 judicaveritis,

1798 5372 2150 5442 judicabimim’
2182 5373 2290 5446 (Id.
2312 5389 2407 5437 vn,
2429 5374 2529 5447 2)?
2555 5375 2686 5432 Cum
2710 5381 2852 5435 enim
2896 5397 3052 5437 causa
3080 5400 3197 5453 quae
3236 5387 3374 5443 inter

1776 5514 1786 5522 .
1868 5467 2017 5537 mss.
2043 5467 2278 5537 quinque,
2310 5465 2511 5519 Hiltn'ia.
2537 5468 2625 5521 Alii
2647 5474 2881 5537 quinque,
2902 5472 3163 5527 Hilarum}.

1867 5529 1887 5559 ¹
1908 5530 1981 5577 Sic
2004 5527 2106 5577 Mss.
2136 5527 2273 5592 [qui].

1863 5610 2070 5661 'Collata
2095 5623 2205 5660 cum
2235 5625 2283 5662 a.
2328 5612 2412 5677 bg.
2438 5628 2480 5665 c.
2504 5629 2576 5680 cc.
2613 5616 2663 5666 ti‘.
2701 5631 2781 5680 εν.

1800 5680 2004 5737 quatuor
2024 5687 2068 5722 v.
2098 5680 2277 5722 etcum
2300 5682 2399 5723 Am.
2427 5677 2534 5724 Bad.
2562 5684 2634 5725 Er.
2658 5677 2765 5727 Lov.

1861 5757 1933 5819 (a)
1960 5754 2082 5803 Alias
2102 5754 2214 5803 136:
2240 5768 2358 5835 quas
2371 5760 2608 5835 autng
2635 5768 2756 5819 erat,
2783 5774 2907 5812 nunc
2930 5765 3006 5815 41.
3034 5772 3211 5835 Scripta
3234 5772 3376 5835 paqu

1799 5838 1910 5881 ante
1937 5827 2183 5890 epistolam
2208 5824 2515 5877 sequentem.

2732 5912 2991 5997 ίΝθηΗ

2801 5620 2839 5682 j.
2875 5632 2924 5666 n.
2961 5633 3001 5668 r.
3036 5636 3078 5672 s.
3116 5624 3192 5675 sb.
3227 5633 3264 5677 t.
3296 5641 3373 5681 vc.
