3962 6394
528 352 661 419 16⁵1

436 490 445 495 “
517 511 531 537 .-.
559 478 708 533 illum
730 482 785 529 et
802 471 962 543 Spem
982 476 1162 524 exorta
1184 474 1289 529 est,
1317 461 1414 514 sub
1437 458 1613 511 divino
1638 450 1881 507 examine
1903 445 2133 518 pendeat

558 565 853 625 secundum
887 561 1132 633 placitum
1164 570 1370 616 eorum,
1421 545 1563 620 quod
1606 544 1756 600 vobis
1793 543 1837 597 si
1864 538 2136 595 volueritis

497 639 759 735 {poterit
785 631 1024 717 recitari;
1064 651 1181 721 quis
1221 662 1318 715 ego
1342 658 1481 709 sum,
1527 648 1581 735 ut
1622 635 1842 691 audeam
1872 631 1965 735 Dei
2002 644 2131 731 pra:-

559 719 745 809 ienire
796 719 1111 804 sententiam
1141 742 1192 794 in
1235 734 1460 790 delendo
1491 728 1574 785 vel
1604 722 1979 798 supprimenda
2022 719 2137 790 ejus

561 845 795 909 nomine,
825 840 889 894 de
930 851 1035 908 quo
1090 846 1186 886 nec
1231 824 1489 894 suspicari
1532 830 1729 876 temere
1774 816 1895 871 mali
1940 810 2136 883 aliquid

559 903 1023 1009 episcopusdebui,
1052 938 1149 979 nec
1177 915 1405 975 dilucide
1425 914 1661 985 judicare
1682 910 1841 964 homo
1868 904 1934 1009 de
1957 903 2135 1009 occul-

564 997 629 1085 tis
662 1026 934 1083 hominum
964 1016 1129 1087 potui,
1156 1028 1277 1068 eum
1318 1010 1369 1065 in
1398 1006 1525 1078 ipsis
1553 1005 1728 1060 causis
1770 997 2133 1061 smcularibus,

562 1119 772 1193 quando
792 1114 857 1176 ad
886 1086 1138 1179 majorem
1161 1112 1476 1178 potestatem
1505 1098 1728 1152 refertur
1752 1091 2025 1147 arbitrium
2052 1086 2139 1157 ju-

560 1181 790 1271 dicandi,
824 1200 1160 1259 manentibus
1212 1193 1365 1251 sicuti
1394 1198 1547 1247 erant
1576 1184 1822 1242 omnibus
1849 1181 2027 1243 rebus,
2046 1194 2139 1233 ex-

559 1306 826 1374 Spectetur
848 1296 935 1350 illa
960 1288 1244 1353 sententia,
1259 1283 1398 1339 unde
1418 1287 1525 1351 jam
1548 1294 1652 1333 non
1670 1277 1824 1330 liceat
1841 1270 2136 1374 provocari,

560 1361 629 1452 ne
659 1388 916 1461 superiori
948 1380 1208 1454 cognituri
1254 1380 1341 1431 fiat
1370 1373 1560 1443 injuria
1581 1414 1597 1436 ,
1641 1368 1686 1424 si
1716 1367 1830 1436 ejus
1880 1361 2139 1461 pendente

557 1451 756 1556 judicio
782 1478 977 1550 aliquid
1007 1451 1161 1528 fuerit
1186 1460 1600 1523 commutatum?
1632 1460 1697 1513 Et
1722 1457 1900 1526 utique
1919 1451 2137 1508 multum

561 1548 785 1637 interest
810 1548 947 1630 inter
972 1569 1202 1625 divinam
1234 1573 1289 1618 et
1316 1561 1600 1615 humanam
1648 1549 1936 1625 quamlibet
1962 1548 2141 1602 excel-

562 1636 829 1729 sissimam
848 1669 1187 1736 potestatem.
1226 1651 1435 1709 Domini
1458 1648 1551 1704 Dei
1576 1645 1741 1701 nostri
1777 1636 2141 1697 misericordia

561 1776 835 1835 nunquam
847 1728 946 1814 vos
963 1754 1195 1817 deserat,
1211 1744 1411 1803 domini
1431 1736 1759 1798 dilectissimi
1783 1742 1837 1789 et
1851 1728 2141 1786 honorandi

561 1859 774 1913 fratres.

936 1952 1264 2015 EPISTOLA
1304 1941 1562 2003 Lxxvut
1596 1943 1617 1965 ο
1655 1938 1755 2009 (α).

566 2078 785 2144 Quidam
812 2091 839 2128 e
868 2066 1167 2124 monasterio
1193 2057 1460 2130 Augustini
1484 2054 1614 2123 Spes
1637 2049 1857 2111 nomine,
1882 2051 2145 2097 accusatus

635 2186 665 2221 a
685 2163 946 2235 Bonifacio
976 2158 1258 2229 presbytero
1279 2193 1291 2215 ,
1318 2148 1503 2201 crimen
1540 2146 1591 2197 in
1628 2139 1945 2207 Bonifacium
1980 2135 2144 2202 ipsum

635 2225 907 2313 transtulit.
947 2251 1071 2307 Cum
1113 2225 1190 2301 res
1229 2240 1531 2297 evidentibus
1570 2231 1875 2305 argumentis
1917 2225 2146 2296 cegnosri

634 2352 695 2405 ab
723 2347 999 2425 Augustino
1027 2359 1126 2395 non
1154 2348 1351 2410 posset,
1373 2335 1547 2402 jussus
1574 2336 1645 2381 cst
1671 2333 1872 2395 uterque
1901 2321 2040 2372 adire
2065 2334 2143 2370 se-

636 2414 869 2515 pulcrum
891 2438 950 2492 S.
983 2433 1167 2489 Felicis
1208 2427 1398 2483 Nolani
1418 2467 1433 2490 ,
1453 2434 1508 2477 ut
1527 2420 1767 2475 miraculo
1791 2414 2147 2482 transigeretur

627 2508 899 2603 judicium.
930 2524 995 2579 Id
1042 2524 1171 2576 clam
1212 2520 1319 2587 ﬁeri
1360 2523 1562 2570 curarat
1591 2508 1899 2580 Augustinus
1932 2520 1949 2556 :
1977 2516 2146 2555 verum

636 2624 873 2696 quoniam
897 2636 974 2673 res
1002 2622 1232 2686 eruperat
1255 2613 1306 2665 in
1328 2609 1554 2663 notitiam
1583 2604 1874 2685 hominum,
1906 2595 2147 2669 permittit

634 2685 823 2769 interea
847 2721 900 2763 ut
928 2705 1179 2777 Bonifacii
1204 2718 1381 2756 nomen
1410 2700 1537 2752 inter
1567 2693 1876 2764 presbyteros
1902 2705 2000 2742 non
2020 2685 2149 2739 reci-

636 2815 799 2866 tetur;
844 2776 1070 2853 hortatur
1117 2809 1286 2848 omnes
1316 2807 1376 2844 ne
1405 2799 1585 2842 temere
1614 2785 1882 2855 judicent,
1923 2796 2042 2833 neve
2084 2776 2146 2831 ob

636 2904 909 2966 paucorum
953 2889 1132 2940 delicta
1170 2885 1245 2939 vel
1288 2882 1383 2953 ipsi
1413 2880 1648 2947 deﬁciant
1673 2894 1702 2928 a
1730 2876 1939 2944 pietate,
1980 2886 2035 2924 ve
2086 2869 2149 2922 de

636 2963 865 3041 omnibus
908 2981 1037 3033 male
1076 2978 1424 3046 suspicentur;
1467 2971 1730 3024 observans
1759 2966 1951 3019 nullam
1994 2963 2149 3031 fuisse

638 3090 740 3131 tam
770 3074 963 3145 felicem
992 3068 1322 3128 sodalitatem,
1349 3065 1400 3117 in
1426 3078 1525 3134 qua
1546 3077 1646 3114 non
1667 3059 1848 3128 aliquis
1868 3056 2147 3126 ﬂagitiosus

636 3166 868 3221 extiterit.

568 3273 935 3334 Dilectissimis
980 3268 1261 3331 fratribus,
1309 3266 1487 3329 clero,
1530 3262 1869 3323 senioribus,
1927 3268 1980 3313 et
2032 3256 2145 3311 uni-

641 3382 805 3422 versa:
867 3362 1006 3433 plebi
1077 3358 1325 3413 Ecclesia:
1396 3353 1777 3423 Hipponensis,
1835 3350 1919 3405 cui
1975 3348 2148 3403 servio

642 3463 695 3515 in
749 3456 1029 3513 dilectione
1071 3449 1302 3515 Christi,
1349 3450 1715 3505 AUGUSTINUS,
1766 3444 1813 3495 ἰει
1865 3441 2087 3495 00ιηὶηο
2130 3441 2144 3471 ¹

638 3551 882 3606 salutem.

642 3666 696 3717 1.
730 3662 942 3716 Utinam
969 3657 1254 3724 Scripturze
1296 3652 1387 3704 Dei
1419 3649 1641 3703 soliicita
1670 3655 1846 3699 mente
1873 3643 2150 3698 intenden-

574 3768 685 3820 tes,
722 3754 775 3806 in
806 3750 1098 3820 quibusque
1128 3742 1391 3799 scandatis
1414 3740 1675 3809 adjutorio
1700 3737 1864 3790 nostri
1891 3736 2150 3789 sermonis

573 3864 678 3901 non
707 3844 956 3914 egeretis,
984 3850 1036 3893 et
1064 3838 1151 3891 ille
1177 3851 1272 3889 vos
1294 3834 1467 3903 potius
1490 3831 1871 3891 consolaretur,
1901 3828 1988 3897 qui
2015 3840 2147 3881 con-

572 3937 775 3993 solatur
804 3942 856 3987 et
884 3946 980 3985 nos
1010 3948 1022 3983 :
1056 3928 1144 3998 qui
1173 3941 1275 3979 non
1306 3925 1477 3979 solum
1502 3922 1640 3975 bona
1660 3962 1673 3985 ,
1713 3935 1831 3989 quae
1877 3919 2072 3973 sanctis
2096 3929 2152 3973 et

576 4025 816 4082 fidelibus
843 4024 953 4077 suis
975 4030 1059 4075 est
1083 4017 1383 4072 redditurus
1400 4056 1415 4079 ,
1448 4026 1630 4067 verum
1656 4011 1816 4065 etiam
1834 4009 1974 4063 mala
1992 4049 2008 4074 ,
2035 4008 2152 4077 qni-

576 4122 672 4173 bus
712 4127 829 4171 erat
869 4114 954 4168 hic
1000 4109 1231 4165 mundus
1263 4104 1657 4168 abundaturus,
1706 4111 1825 4156 ante
1873 4101 2147 4169 praedixit,

573 4219 697 4263 ante
719 4203 1096 4261 eonscribenda
1122 4199 1321 4255 curavit
1344 4241 1354 4261 ,
1389 4206 1445 4250 ut
1474 4197 1606 4248 bona
1634 4200 1750 4263 post
1778 4191 1955 4246 saeculi
1994 4191 2152 4245 finem

575 4307 815 4353 secutura
856 4296 1108 4348 certiores
1137 4300 1566 4357 exspectaremus
1586 4327 1600 4349 ,
1629 4300 1784 4354 quam
1808 4284 1942 4336 mala
1962 4282 2151 4336 simili-

578 4397 662 4442 ter
692 4384 1033 4453 praznuntiata
1076 4391 1198 4434 ante
1223 4378 1401 4432 seaculi
1431 4376 1589 4429 ﬁnem
1616 4376 1963 4444 praecedentia
1992 4374 2155 4427 senti-

580 4489 777 4532 remus.
823 4472 973 4528 Unde
1022 4480 1076 4524 et
1117 4469 1397 4538 Apostolus
1436 4467 1563 4519 dicit
1605 4484 1618 4518 :
1664 4464 1998 4532 Qtta’cumque
2022 4466 2154 4517 enim

580 4579 697 4622 ante
717 4567 905 4633 scripta
930 4572 1045 4617 sunt
1063 4602 1077 4626 ,
1108 4568 1164 4614 ut
1183 4574 1273 4612 nos
1297 4557 1587 4611 doceremur
1611 4556 1795 4624 scripta
1814 4563 1958 4617 sunt,
1986 4564 2038 4606 ut
2069 4572 2155 4624 per

578 4658 869 4728 patientiam
885 4664 929 4708 et
950 4653 1334 4707 consolationem
1348 4649 1726 4716 Scripturnrum
1738 4662 1876 4715 spem
1884 4646 2155 4699 habeamus

582 4752 647 4803 ad
681 4749 837 4803 Deum
878 4744 1047 4816 (Rom.
1076 4759 1164 4808 xv,
1194 4742 1277 4810 4).
1303 4740 1434 4806 Quid
1458 4748 1637 4792 autem
1670 4753 1803 4807 opus
1824 4748 1943 4792 erat
1970 4747 2026 4791 ut
2045 4738 2156 4806 ipse

587 4844 838 4896 Dominus
878 4840 1031 4894 Jesus
1068 4852 1173 4890 non
1212 4836 1381 4887 solum
1412 4833 1640 4894 diceret,
1669 4830 1809 4884 Tunc
1840 4832 1968 4903 justi
1994 4830 2157 4900 fulge-

584 4934 703 4984 bunt
744 4933 870 4984 sicut
895 4930 971 4985 σοι
1012 4930 1065 4980 in
1094 4942 1247 4996 regno
1297 4924 1465 4977 Patris
1500 4925 1581 4977 sui
1634 4923 1841 4992 (Matth.
1874 4937 1996 4989 xm,
2024 4924 2152 4991 45),

586 5023 721 5091 quod
748 5032 855 5089 post
888 5021 1061 5075 smeuli
1096 5020 1251 5071 finem
1282 5017 1513 5070 futurum
1534 5024 1643 5077 est;
1678 5031 1857 5068 rerum
1884 5015 2040 5067 etiam
2064 5029 2156 5067 ex-

595 5115 882 5175 clamaret,
915 5110 998 5164 Vw
1026 5111 1210 5163 mundo
1237 5111 1298 5162 ab
1323 5108 1575 5162 scandatis
1606 5106 1711 5177 (Id.
1745 5123 1896 5171 xvtu,
1926 5107 1977 5176 Ἰ)
2010 5125 2022 5158 :
2056 5106 2155 5160 nisi

588 5215 644 5260 ut
687 5202 839 5256 nobis
879 5216 983 5254 non
1011 5200 1369 5254 blandiremur
1398 5199 1575 5251 venire
1603 5213 1700 5250 nos
1731 5212 1885 5264 posse
1909 5196 1971 5247 ad
2002 5195 2158 5248 sedes

584 5294 857 5353 felicitatis
896 5302 1141 5353 aeternae,
1178 5292 1276 5343 nisi
1325 5289 1699 5358 temporalibus
1740 5287 1892 5339 malis
1937 5284 2158 5341 exerciti

651 5411 667 5441 ³
694 5414 800 5457 Mss.
833 5406 911 5454 ch.
932 5411 985 5453 et
1008 5410 1065 5461 t.,
1081 5401 1131 5451 in
1154 5402 1347 5450 Dentato
1374 5410 1603 5451 wternarn
1626 5398 1839 5447 salutem.

652 5493 665 5508 ‘
690 5496 816 5537 itane
844 5484 1132 5536 contulimus
1152 5496 1322 5531 omna.
1348 5496 1394 5530 a.
1428 5484 1512 5541 bg.
1538 5481 1604 5529 bl.
1630 5493 1674 5528 c.
1701 5492 1771 5527 cc.
1796 5480 1874 5527 cb.
1909 5479 1958 5528 if.
1988 5494 2048 5541 ε.
2072 5494 2155 5543 g3.

585 5567 668 5615 gv.
689 5552 728 5613 j.
754 5565 801 5597 n.
822 5564 863 5597 r.
892 5562 931 5598 s.
956 5556 990 5596 t.
1013 5547 1201 5595 duobus
1222 5547 1295 5594 sb.
1334 5545 1522 5592 duobus
1546 5558 1617 5591 vc.
1657 5548 1859 5604 quatuor
1892 5555 1937 5591 v.
1979 5549 2159 5591 etcum

589 5623 689 5660 Am.
715 5611 822 5659 Bad.
844 5619 916 5658 Er.
946 5616 1052 5656 Lor.

650 5689 1319 5802 (ciuiliailmgi‘qugautem
1342 5688 1404 5737 78
1428 5696 1548 5741 erm,
1574 5700 1697 5735 nunc
1726 5687 1828 5736 197.
1845 5688 2021 5750 Scripta
2036 5688 2158 5737 forte.

653 5787 665 5802 .
786 5784 799 5802 .
824 5768 849 5800 υ
881 5769 932 5800 'c.
994 5767 1163 5802 ﬁtJllml.

587 5750 668 5808 In.
693 5750 799 5808 404.
824 5755 932 5800 circ.
962 5750 1163 5813 dfij’unii.

2056 5881 2171 5895 «ro

1774 339 1831 392 S.
1871 331 2237 391 AUGUSTINI
2276 326 2578 383 EPISCOPI
3699 318 3784 375 κε

2244 456 2349 496 non
2381 437 2769 494 defecerimus?
2795 434 2931 504 Quid
2957 448 3091 503 Opus
3113 434 3207 487 fuit
3230 442 3286 486 ut
3310 433 3513 486 diceret
3534 475 3549 497 ,
3574 430 3787 495 Quonim

2243 530 2511 585 abundabit
2537 529 2774 599 iniquitas
2790 569 2804 592 ,
2831 527 3114 598 refrigescet
3140 522 3358 576 charitas
3388 522 3686 587 nuntiorum;
3709 525 3787 581 nisi

2244 632 2300 678 ut
2320 622 2392 677 illi
2419 622 2484 676 de
2510 621 2697 691 quibus
2725 618 2975 674 continuo
2995 615 3204 670 elocutus
3233 612 3501 683 adjunxit,
3534 612 3635 679 Qui
3659 631 3791 685 perse-

2241 717 2479 771 veraverit
2507 731 2658 786 usque
2695 714 2747 767 in
2776 714 2954 782 liuent,
2981 712 3058 765 hic
3082 710 3249 765 salvus
3275 710 3366 763 erit
3397 706 3508 778 (Id.
3540 720 3685 772 XXIV,
3712 705 3789 771 i2,

2244 807 2365 877 15),
2400 821 2519 861 cum
2566 805 2663 860 hac
2694 802 2981 873 iniquitatis
3026 799 3343 856 abundantia
3392 799 3792 867 refrigeseenlem

2241 898 2553 952 charitatem
2584 894 2845 961 viderent,
2885 888 2989 947 non
3023 890 3479 961 perturbarentur,
3510 902 3623 941 non
3661 902 3792 956 expa-

2241 998 2551 1051 vescerent,
2598 1004 2705 1042 non
2753 984 2903 1056 quasi
2950 984 3107 1039 rebus
3139 983 3422 1052 insperatis
3447 988 3501 1035 et
3546 979 3795 1048 inopinatis

2242 1078 2538 1134 contristati
2583 1078 2902 1139 deficerent;
2934 1073 3025 1129 sed
3073 1074 3246 1144 potius
3274 1071 3513 1126 videntes
3551 1068 3793 1136 accidere,

2241 1183 2359 1239 qua:
2402 1168 2568 1221 futura
2608 1166 2854 1237 praedicta
2885 1172 3009 1218 sunt
3048 1172 3170 1217 ante
3196 1165 3354 1217 linem
3377 1204 3391 1227 ,
3421 1162 3685 1231 patienter
3708 1172 3797 1228 per-

2242 1268 2547 1315 severarent
2597 1274 2764 1329 usque
2812 1258 2864 1311 in
2931 1258 3124 1322 finem,
3178 1263 3234 1309 ut
3278 1253 3449 1308 securi
3498 1260 3798 1307 mererentur

2243 1370 2465 1424 regnare
2494 1362 2609 1421 post
2639 1352 2795 1407 finem
2820 1350 2869 1405 in
2899 1366 2959 1405 ea
2986 1350 3090 1404 vita
3116 1364 3233 1419 qua:
3265 1363 3369 1402 non
3390 1344 3551 1401 habet
3582 1344 3746 1401 ﬁnem.

2314 1446 2368 1500 2.
2399 1444 2661 1510 Proinde,
2693 1442 2987 1499 charissimi
3009 1484 3025 1509 ,
3068 1441 3118 1496 in
3169 1441 3269 1495 isto
3308 1434 3601 1503 seandalo,
3632 1452 3724 1508 quo
3751 1438 3801 1493 de

2244 1534 2515 1593 Bonifacio
2537 1536 2843 1606 presbytero
2867 1531 3110 1587 nonnulli
3138 1530 3525 1602 perturbantur,
3560 1543 3668 1581 non
3686 1527 3801 1583 vobis

2245 1626 2367 1682 dico
2393 1637 2448 1681 ut
2476 1643 2580 1681 non
2626 1624 2850 1679 doleatis
2884 1644 2897 1678 ε
2925 1622 3015 1693 qui
3042 1621 3181 1675 enim
3211 1621 3310 1674 ista
3339 1632 3443 1673 non
3471 1618 3695 1682 dolent,
3723 1632 3802 1671 non

2246 1729 2330 1774 est
2367 1720 2417 1772 in
2467 1716 2545 1773 eis
2586 1717 2816 1771 eharitas
2857 1712 3087 1778 Christi;
3115 1710 3205 1782 qui
3232 1720 3405 1764 autem
3431 1710 3597 1764 etiam
3624 1707 3688 1762 'de
3708 1708 3801 1762 tali-

2245 1812 2347 1867 bus
2370 1811 2603 1882 gaudent
2621 1851 2635 1875 ,
2662 1807 2892 1863 abundat
2938 1807 2990 1860 in
3030 1806 3107 1860 eis
3136 1803 3432 1875 malignitas
3471 1801 3692 1857 diaboli.
3717 1800 3804 1857 Non

2248 1906 2371 1975 quia
2401 1906 2451 1958 in
2484 1910 2778 1958 memorato
2804 1899 3111 1970 presbytero
3140 1897 3384 1967 apparuit
3424 1886 3633 1965 aliquid
3655 1938 3668 1961 ,
3694 1894 3804 1965 quod

2248 1995 2463 2065 dignum
2508 1994 2845 2047 damnatione
2888 1987 3249 2059 judicaretur;
3293 1984 3387 2041 sed
3430 1985 3554 2056 quia
3622 1984 3717 2040 duo
3753 1985 3806 2040 de

2249 2085 2409 2141 domo
2457 2094 2633 2139 nostra
2684 2084 2839 2139 talem
2886 2081 3082 2137 habent
3126 2093 3374 2145 causam,
3404 2087 3459 2132 ut
3486 2093 3624 2133 unus
3658 2093 3805 2133 eorum

2250 2177 2365 2231 sine
2410 2175 2571 2230 dubio
2612 2174 2849 2245 perditus
2893 2170 3173 2236 habeatur,
3209 2180 3273 2223 et
3315 2169 3385 2223 sit
3430 2167 3658 2223 alterius
3695 2167 3806 2223 fama

2250 2267 2385 2337 apud
2426 2267 2679 2335 quosdam
2712 2264 2880 2327 mala,
2911 2260 3049 2330 apud
3091 2259 3347 2330 quosdam
3392 2256 3582 2322 dubia,
3627 2258 3805 2312 etiamsi

2251 2372 2356 2411 non
2383 2356 2450 2409 sit
2480 2355 2739 2409 maculata
2791 2352 3133 2406 conscientia.
3186 2348 3372 2404 Dolete
3415 2348 3512 2402 ista
3539 2390 3555 2415 ,
3582 2348 3808 2417 quoniam

2249 2447 2473 2502 dolenda
2501 2456 2622 2500 sunt
2646 2463 2660 2499 :
2691 2461 2792 2499 non
2821 2454 2994 2499 tamen
3021 2443 3098 2497 sie
3124 2452 3179 2496 ut
3202 2456 3268 2497 eo
3291 2440 3475 2495 dolore
3501 2451 3679 2495 vestra
3703 2442 3807 2494 cha-

2250 2539 2381 2595 ritas
2405 2555 2434 2593 a
2460 2540 2592 2593 bene
2620 2536 2846 2592 vivendo
2871 2536 3177 2606 refrigescat
3195 2577 3209 2602 ,
3238 2534 3333 2589 sed
3362 2540 3537 2604 potius
3562 2532 3629 2588 ad
3664 2535 3809 2589 Domi-

2251 2649 2377 2689 num
2400 2631 2786 2702 deprecandum
2817 2630 3147 2693 inardeseat;
3181 2636 3237 2682 ut
3259 2628 3303 2681 si
3326 2628 3585 2681 innocens
3598 2634 3693 2681 est
3716 2641 3810 2695 pre-

2248 2724 2432 2796 sbyter
2457 2731 2633 2777 vester
2661 2722 2700 2786 ¹,
2729 2720 2870 2791 quod
2902 2720 3067 2790 magis
3086 2718 3266 2786 credo,
3287 2719 3406 2789 quia
3436 2732 3555 2773 cum
3584 2720 3811 2773 sensisset

2249 2817 2469 2872 alterius
2502 2825 2703 2869 motum
2743 2812 3065 2883 impudicum
3094 2822 3149 2867 et
3173 2810 3531 2873 immundum,
3581 2825 3685 2865 nec
3704 2824 3809 2864 con-

2250 2907 2450 2963 sentire
2480 2906 2644 2959 voluit
2687 2919 2781 2960 nec
2822 2913 3033 2970 tacere,
3065 2904 3170 2958 cito
3209 2919 3328 2959 eum
3357 2903 3533 2957 divina
3576 2903 3810 2958 sententia

2250 2999 2643 3055 manifestatum
2673 2998 2965 3052 ministerio
2989 2995 3201 3066 proprio
3230 3005 3576 3065 reprtesentet
3610 3014 3625 3051 :
3672 2997 3713 3050 si
3736 3011 3809 3049 au-

2250 3099 2357 3146 tem
2388 3091 2525 3145 male
2552 3090 2651 3145 sibi
2678 3089 2954 3156 conscius,
2996 3088 3135 3159 quod
3182 3087 3437 3158 suspicari
3483 3103 3591 3142 non
3633 3086 3807 3152 audeo,

2250 3183 2416 3238 voluit
2441 3182 2660 3236 alterius
2683 3179 3131 3236 existimationem
3175 3177 3398 3245 laedere,
3431 3193 3549 3232 cum
3596 3179 3712 3249 ejus
3738 3193 3809 3247 pu-

2250 3273 2485 3329 dicitiam
2516 3273 2875 3328 contaminare
2904 3286 3008 3325 non
3036 3278 3241 3340 posset,
3271 3270 3408 3324 sicut
3427 3268 3555 3323 dicit
3576 3270 3691 3339 ipse
3713 3283 3810 3323 cum

2251 3380 2357 3435 quo
2379 3365 2537 3419 habet
2560 3378 2771 3419 causam
2790 3405 2803 3429 ,
2830 3376 2932 3417 non
2954 3377 3073 3417 eum
3101 3363 3367 3431 permittat
3394 3375 3542 3415 suam
3570 3360 3811 3416 occultare

2252 3456 2571 3525 nequitiam,
2618 3462 2674 3507 ut
2714 3452 2855 3524 quod
2899 3452 3136 3507 homines
3167 3453 3403 3506 invenire
3445 3466 3549 3507 non
3580 3458 3810 3521 possunt,

2251 3546 2318 3601 de
2343 3545 2579 3615 quolibet
2606 3559 2787 3598 eorum
2817 3543 2995 3598 divino
3019 3543 3217 3612 judicio
3249 3542 3569 3612 propalctur.

2321 3636 2375 3691 3.
2404 3634 2534 3689 Cum
2563 3635 2702 3689 enim
2732 3635 2829 3688 ista
2871 3650 2957 3688 me
2985 3648 3140 3688 causa
3163 3634 3251 3687 diu
3278 3635 3598 3699 cruciasset,
3627 3647 3721 3687 nec
3741 3632 3809 3686 in~

2255 3727 2486 3780 venirem
2550 3724 2815 3794 quomodo
2878 3738 3012 3777 unus
3060 3739 3089 3777 e
3143 3723 3349 3777 duobus
3409 3724 3809 3784 convinceretur,

2252 3815 2493 3886 quamvis
2532 3815 2703 3884 magis
2746 3816 3056 3885 presbytero
3081 3813 3451 3877 credidissem;
3482 3814 3811 3883 cogitaverant

2253 3907 2425 3977 primo
2461 3906 2536 3959 sic
2561 3905 2744 3958 ambos
2770 3904 2878 3958 Deo
2905 3903 3229 3973 relinquere,
3255 3902 3423 3956 donec
3450 3904 3499 3957 in
3528 3917 3631 3956 uno
3646 3914 3810 3955 eorum

2252 3999 2341 4067 qui
2373 3998 2501 4051 mihi
2545 4005 2822 4066 suspectus
2843 4006 2989 4061 erat,
3020 3993 3215 4063 aliquid
3247 3995 3529 4061 existeret,
3561 3993 3695 4048 unde
3722 4006 3809 4045 non

2254 4090 2369 4144 sine
2409 4089 2549 4158 justa
2592 4097 2638 4142 e'
2684 4084 2959 4141 manifesta
3002 4099 3157 4139 causa
3200 4085 3270 4139 de
3316 4095 3496 4139 nostro
3541 4083 3812 4139 babitaculo

2254 4182 2617 4252 projicerctur.
2645 4179 2751 4235 Sed
2780 4193 2899 4232 cum
2940 4178 3237 4247 promoveri
3268 4178 3317 4231 in
3348 4178 3647 4232 clericatum
3670 4177 3694 4207 ¹
3714 4176 3811 4228 sive

2254 4272 2363 4327 illic
2392 4288 2485 4341 per
2508 4287 2622 4336 me,
2647 4270 2759 4324 sive
2789 4268 2910 4323 alibi
2934 4283 3029 4337 per
3053 4269 3252 4321 litteras
3293 4281 3436 4322 meas
3477 4265 3812 4323 vehementis-

2255 4364 2389 4417 sime
2415 4368 2713 4423 conaretur,
2745 4372 2843 4429 ego
2869 4367 3043 4411 autem
3087 4358 3228 4412 nullo
3270 4357 3425 4412 modo
3450 4357 3735 4413 addueerer
3768 4356 3809 4409 ei

2257 4454 2455 4508 homini
2474 4495 2489 4521 ,
2518 4453 2584 4506 de
2606 4467 2710 4521 quo
2737 4460 2938 4505 tantum
2961 4450 3086 4505 mali
3114 4450 3472 4507 existimarem
3491 4492 3506 4518 ,
3537 4464 3714 4504 manus
3731 4462 3810 4503 oro

2256 4545 2540 4599 dinationis
2562 4547 2835 4612 imponere
2855 4582 2869 4607 ,
2893 4550 2982 4595 aut
3006 4555 3100 4610 per
3122 4540 3629 4595 commendationem
3656 4553 3810 4591 meam

2258 4636 2415 4691 alicui
2454 4636 2601 4689 fratri
2646 4648 2765 4688 meo
2818 4647 2937 4688 eum
2980 4631 3443 4694 subintroducere,
3484 4630 3814 4686 turbulentius

2257 4743 2414 4799 agere
2443 4729 2603 4797 coepit
2623 4770 2637 4794 ,
2666 4737 2725 4782 ut
2751 4727 2793 4781 si
2820 4727 2931 4796 ipse
2950 4725 3003 4778 in
3027 4725 3331 4780 clericatum
3361 4739 3464 4779 non
3497 4735 3814 4795 promovere-

2260 4831 2363 4885 tur,
2395 4836 2495 4877 nec
2526 4819 2801 4891 presbyter
2830 4816 3130 4872 Bonifacius
3160 4817 3214 4871 in
3241 4831 3338 4871 suo
3362 4817 3526 4885 gradu
3556 4828 3662 4871 esse
3701 4827 3818 4882 per-

2258 4916 2573 4970 mitteretur.
2597 4912 2654 4966 ln
2679 4926 2779 4982 qua
2803 4910 2917 4979 ejus
2942 4909 3314 4977 provocatione
3334 4923 3453 4962 cum
3481 4908 3698 4962 viderem
3722 4902 3817 4957 Bo-

2260 5007 2507 5062 nifacium
2530 5006 2669 5059 nolle
2697 5003 3019 5073 quibuslibet
3052 5001 3276 5056 infirmis
3305 5012 3359 5057 et
3386 5001 3453 5055 ad
3480 5000 3814 5071 suspicionem

2260 5098 2538 5169 propensis
2579 5095 2647 5150 de
2673 5110 2781 5148 sua:
2812 5095 2931 5147 vita:
2974 5092 3299 5148 dubitatione
3340 5094 3635 5148 scandalum
3670 5088 3813 5149 ﬂeri,

2259 5194 2606 5258 paratumque
2635 5200 2753 5239 esse
2778 5182 2995 5237 honoris
3026 5183 3105 5236 sui
3132 5182 3268 5252 apud
3314 5184 3555 5237 homines
3581 5181 3815 5237 damnum

2261 5278 2493 5351 perpeti,
2526 5277 2695 5346 potius
2726 5289 2879 5344 quam
2926 5275 2976 5327 in
3021 5291 3083 5329 ea
3121 5274 3493 5339 contentione,
3523 5276 3572 5327 in
3598 5284 3682 5341 qua
3712 5282 3814 5322 non

2262 5380 2442 5440 posset
2466 5368 2826 5439 ignorantibus
2842 5376 2897 5420 et
2918 5366 3278 5420 dubitantibus
3306 5365 3389 5421 vel
3412 5366 3476 5419 ad
3503 5366 3630 5420 male
3652 5361 3816 5427 suspi-

2261 5459 2487 5516 eandem
2531 5458 2930 5528 proclivioribus
2974 5473 3122 5511 snam
3163 5457 3523 5513 demonstrate
3561 5452 3816 5509 conscien-

2263 5560 2411 5614 tiam,
2440 5564 2607 5618 usque
2632 5549 2695 5600 ad
2718 5547 2978 5601 Ecclesize
2999 5547 3445 5615 perurbationem
3464 5544 3675 5603 tanaim
3694 5552 3815 5609 pro-

2331 5689 2346 5718 ι
2367 5693 2499 5743 Lov.,
2518 5689 2691 5733 noster.
2722 5676 2803 5729 Alii
2827 5679 2957 5740 t‘dd.,
2972 5684 3143 5743 uester.

2332 5748 2350 5779 ²
2366 5738 2496 5805 tum,
2518 5743 2757 5795 clericum.
2788 5748 2914 5802 Nam,
2935 5738 3211 5795 clericum"
