3962 6392
518 377 621 446 271

523 504 664 564 tales
710 516 829 560 esse
867 497 1125 564 credant,
1172 495 1411 566 jactent,
1456 485 1810 547 contendant,
1860 482 1953 538 sed
2001 492 2106 534 non

530 613 719 658 omnes
762 610 917 669 posse
960 586 1325 648 manifestari?
1367 585 1432 639 Et
1457 591 1632 637 tamen
1661 579 1819 634 etiam
1861 576 1961 669 ipsi
1989 588 2108 669 cum

530 693 705 763 aliqua
750 664 995 743 maritata
1052 680 1321 737 invenitur
1366 674 1636 736 adultera,
1687 683 1812 763 nec.
1830 664 2113 736 projicinnt

536 757 733 840 νιᾶτρε
758 793 879 835 suas
899 818 915 843 ,
961 789 1060 829 nec
1097 776 1347 825 accusant
1375 774 1571 821 matres
1600 776 1741 817 suas.
1773 757 1904 814 Clllll
1936 766 2113 810 autem

531 873 604 929 de
643 869 907 941 aliquibus
936 865 1024 936 qui
1052 870 1292 917 sanctum
1320 870 1511 912 nomen
1556 852 1891 925 profitentur,
1919 845 2115 917 aliquid

534 964 775 1023 criminis
802 960 883 1016 vel
910 958 1023 1014 falsi
1050 953 1306 1016 souuerit,
1336 951 1419 1005 vel
1446 949 1555 1003 veri
1585 945 1843 1018 patuerit,
1886 943 2111 1005 instant,

533 1064 801 1126 satagunt,
843 1050 1113 1111 ambiunt,
1146 1054 1202 1099 ut
1220 1043 1287 1099 de
1310 1041 1558 1097 omnibus
1587 1039 1688 1092 hoc
1711 1035 1976 1126 credatur.
2009 1031 2119 1085 llos

537 1124 674 1219 ergo
696 1146 762 1200 de
785 1141 980 1197 nostris
999 1136 1275 1193 doloribus
1295 1132 1607 1188 suavitatem
1629 1143 1738 1184 sua:
1761 1125 1911 1180 mala:
1929 1124 2120 1219 linguze

533 1212 806 1308 captantes
828 1274 842 1295 ,
883 1230 1033 1285 facile
1058 1239 1141 1283 est
1166 1237 1222 1281 ut
1243 1225 1349 1280 illis
1375 1223 1596 1277 canibus
1622 1231 1992 1287 comparemus
2011 1256 2026 1279 ,
2075 1212 2121 1265 si

536 1307 675 1384 forte
698 1329 749 1381 in
786 1325 924 1380 man
954 1320 1285 1391 intelligendi
1315 1326 1463 1381 sunt,
1490 1314 1579 1384 qui
1617 1312 1883 1382 lingebant
1908 1307 2122 1362 vulnera

539 1419 788 1493 pauperis
817 1417 986 1480 illius,
1029 1414 1118 1483 qui
1161 1420 1285 1465 ante
1318 1409 1534 1479 januam
1577 1404 1754 1460 divizis
1787 1402 2029 1493 jacehat.,
2072 1404 2127 1451 et

536 1489 813 1584 quousque
834 1508 1040 1562 veniret
1058 1503 1124 1558 ad
1150 1501 1384 1572 requiem
1410 1500 1558 1553 sinus
1584 1494 1833 1558 Abrahae,
1862 1489 2124 1546 laboriosa

541 1611 597 1658 ct
623 1601 836 1670 indigna
866 1597 1042 1652 omnia
1068 1593 1323 1648 tolerabat
1348 1588 1500 1655 (Luc.
1534 1602 1649 1653 xvr,
1680 1584 1879 1653 21-25).

611 1693 667 1748 7.
711 1690 817 1745 Vos
859 1703 945 1744 me
985 1685 1151 1741 nolite
1178 1683 1405 1753 amplius
1448 1679 1704 1741 cruciare,
1755 1676 1845 1745 qui
1895 1672 2127 1741 aliquam

542 1798 693 1855 spem
721 1781 926 1835 habetis
950 1777 1019 1833 ad
1047 1777 1211 1831 Deum
1238 1793 1251 1828 :
1281 1788 1375 1827 vos
1402 1771 1566 1825 nolite
1607 1770 1717 1840 ipsa
1759 1766 1975 1820 vulnera
2012 1776 2130 1832 qua:

549 1877 628 1931 illi
656 1876 880 1945 lingunt,
906 1870 1288 1939 multiplicare;
1318 1880 1412 1920 vos
1439 1878 1534 1933 pro
1560 1863 1749 1932 quibus
1776 1859 2133 1929 periclitamur

545 1966 692 2021 omni
725 1966 889 2030 hora,
928 1960 1185 2015 habentes
1212 1957 1337 2011 foris
1362 1968 1563 2025 pugnas
1583 1993 1597 2017 ,
1627 1954 1767 2005 intus
1795 1952 2010 2004 timores
2060 1945 2133 2017 (ll

550 2057 671 2114 Cor.
702 2070 797 2119 vn,
829 2053 906 2125 5),
938 2049 1230 2122 periculum
1258 2048 1310 2102 in
1353 2046 1594 2110 civitate,
1625 2041 1915 2114 periculum
1953 2039 2007 2093 in
2036 2037 2131 2092 de-

542 2158 711 2213 serto,
738 2145 1032 2219 periculum
1059 2159 1124 2199 ex
1148 2140 1415 2213 gentibus,
1450 2136 1740 2208 periculum
1769 2150 1833 2188 ex
1858 2131 2002 2186 falsis
2024 2129 2133 2185 fra-

544 2240 717 2298 tribus
747 2238 856 2311 (Id.
883 2253 960 2304 xr,
988 2236 1106 2307 26).
1152 2233 1275 2289 Scio
1318 2232 1438 2302 quia
1486 2228 1704 2289 doletis;
1746 2224 1840 2280 sed
1883 2221 2136 2292 numquid

548 2335 726 2389 acrius
754 2347 913 2402 quam
940 2328 1077 2399 ego?
1107 2327 1229 2383 Scio
1257 2324 1380 2393 quia
1401 2318 1700 2377 conturbati
1721 2317 1868 2379 estis,
1900 2324 1955 2370 et
1975 2315 2137 2368 timeo

548 2441 620 2481 ne
648 2424 788 2479 inter
814 2423 1020 2491 linguas
1047 2417 1429 2474 maledicorum
1460 2411 1671 2467 deﬁciat
1696 2418 1750 2464 et
1779 2416 1961 2478 pereat
1987 2407 2138 2461 infir-

548 2532 692 2582 mus,
719 2522 940 2584 propter
968 2526 1124 2582 quem
1149 2509 1392 2565 Christus
1420 2514 1661 2559 mortuus
1687 2510 1790 2557 est.
1817 2501 1932 2555 Non
1958 2515 2021 2555 ex
2049 2514 2141 2553 vo-

549 2607 636 2663 bis
660 2607 919 2660 increscat
945 2602 1097 2657 dolor
1123 2610 1319 2664 noster,
1360 2597 1483 2667 quia
1515 2611 1620 2649 non
1664 2593 1816 2662 culpa
1853 2601 2031 2646 nostra
2059 2589 2140 2643 fa-

556 2707 680 2754 ctus
705 2707 789 2754 est
815 2705 1010 2752 vester.
1042 2692 1175 2749 Nam
1205 2694 1303 2746 hoc
1331 2698 1411 2745 est
1438 2688 1576 2758 quod
1605 2699 1903 2757 prmcavere
1921 2691 2143 2738 conatus

553 2806 697 2857 sum,
736 2797 796 2844 ut
828 2789 871 2843 si
898 2788 1011 2842 fieri
1040 2794 1239 2857 posset,
1268 2783 1369 2837 hoc
1398 2782 1592 2836 malum
1624 2793 1723 2833 nec
1748 2776 2016 2831 vitandum
2048 2789 2143 2828 ne-

557 2880 879 2952 gligerctur,
912 2892 1015 2933 nec
1044 2876 1095 2930 in
1140 2883 1370 2929 vestram
1412 2871 1653 2926 notitiam
1682 2867 2025 2939 perferretur,
2056 2865 2145 2919 ubi

554 2970 885 3026 infructuose
910 2968 1275 3022 cruciarentur
1296 2962 1455 3028 firmi,
1479 2971 1532 3016 et
1556 2959 1849 3030 periculose
1872 2957 2147 3011 turbaren-

554 3070 644 3115 tur
670 3059 887 3114 infirmi.
918 3055 1022 3112 Sed
1049 3056 1138 3125 qui
1168 3056 1266 3109 hoc
1292 3052 1505 3122 cognito
1534 3049 1772 3120 permisit
1798 3062 1892 3102 vos
1923 3046 2143 3111 tentari,

557 3150 652 3205 det
680 3149 831 3203 vobis
858 3147 1000 3203 vires
1025 3145 1343 3210 sustinendi,
1375 3153 1428 3197 et
1448 3143 1653 3197 erudiat
1674 3156 1766 3196 vos
1795 3156 1861 3195 ex
1888 3141 2001 3209 lege
2022 3153 2145 3203 sua;

563 3239 754 3294 doceat
778 3251 872 3291 vos
901 3246 956 3291 et
985 3235 1189 3304 mitiget
1212 3250 1241 3287 a
1268 3234 1455 3288 diebus
1485 3233 1749 3302 malignis,
1779 3230 1952 3284 donec
1978 3228 2150 3284 fodia-

564 3339 651 3384 tur
677 3326 939 3399 peccatori
965 3323 1118 3379 fovea
1150 3322 1323 3388 (Psal.
1350 3337 1495 3387 xcni,
1528 3321 1615 3384 12,
1651 3320 1759 3391 15).

632 3421 687 3475 8.
725 3418 895 3474 Audio
940 3415 1224 3471 nonnullos
1262 3423 1494 3468 vestrum
1537 3412 1658 3465 hinc
1698 3410 1924 3479 amplius
1950 3409 2152 3463 contri-

566 3511 718 3577 stari,
746 3525 903 3581 quam
933 3508 998 3563 de
1021 3509 1173 3577 lapsu
1203 3505 1430 3561 duorum
1464 3504 1671 3558 illorum
1694 3502 2038 3556 diaconorum
2063 3500 2152 3571 qui

566 3620 632 3658 ex
658 3614 803 3673 parte
830 3601 1015 3656 Donati
1045 3608 1319 3665 venerant,
1354 3607 1601 3668 tauquam
1631 3596 1925 3667 disciplinzc
1951 3594 2152 3651 Procu-

566 3693 727 3749 leiani
776 3691 1159 3755 insultaverint,
1193 3690 1338 3745 velut
1370 3689 1660 3759 gloriantes
1697 3687 1764 3742 de
1796 3686 1983 3750 nobis,
2013 3685 2153 3755 quod

568 3802 633 3842 ex
666 3795 845 3840 nostra
885 3783 1159 3853 disciplina
1190 3782 1319 3836 nihil
1350 3781 1454 3835 tale
1488 3780 1538 3834 in
1580 3780 1787 3833 clericis
1826 3778 2151 3832 exstitisset:

569 3875 713 3948 quod
740 3876 1058 3946 quicumque
1106 3873 1325 3939 fecistis,
1376 3873 1543 3926 fateor
1571 3871 1739 3937 vobis,
1784 3885 1889 3924 non
1915 3870 2049 3925 bene
2074 3868 2155 3924 fe-

570 3940 737 4024 cistis.
758 3940 907 4021 -Ecce
931 3940 1114 4020 docuit
1141 3978 1236 4019 vos
1262 3965 1400 4018 Deus
1421 4005 1435 4030 ,
1477 3972 1533 4016 ut
1559 3963 1645 4032 qui
1669 3961 1934 4032 gloriatur,
1962 3961 2015 4014 in
2044 3960 2156 4015 Do-
2245 3940 2256 3957 δ

572 4063 711 4115 mino
737 4059 979 4131 glorietur
1007 4057 1057 4130 (ι
1079 4057 1194 4111 Cor.
1227 4073 1265 4123 ι,
1300 4055 1389 4129 51)
1420 4074 1431 4109 :
1461 4070 1560 4110 nec
1589 4054 1851 4125 objiciatis
1874 4053 2157 4119 haereticis,

571 4154 674 4209 nisi
700 4154 821 4223 quia
852 4167 956 4207 non
986 4160 1111 4206 sunt
1148 4149 1427 4215 catholici;
1457 4164 1524 4202 ne
1559 4148 1755 4203 similes
1783 4148 1861 4203 eis
1886 4148 2030 4215 silis,
2071 4147 2160 4217 qui

574 4261 682 4301 non
711 4244 955 4300 habendo
981 4242 1121 4313 quod
1143 4243 1195 4297 in
1224 4257 1384 4297 causa
1414 4256 1524 4295 sua:
1553 4240 1828 4295 divisionis
1847 4238 2157 4306 defendant,

574 4350 684 4391 non
715 4334 815 4387 nisi
845 4333 1119 4388 hominum
1149 4333 1370 4386 crimina
1400 4331 1648 4401 colligere
1688 4330 1960 4397 affectant,
2007 4340 2062 4386 et
2098 4346 2161 4386 ea

576 4427 690 4496 ipsa
729 4424 879 4496 plura
910 4423 1188 4477 falsissime
1214 4423 1417 4492 jactant
1446 4441 1458 4476 :
1488 4431 1550 4477 ut
1591 4423 1713 4493 quia
1759 4424 1925 4492 ipsam
1969 4424 2163 4480 divina:

578 4516 869 4586 Scriptura:
904 4513 1213 4581 veritatem,
1245 4529 1345 4583 qua
1373 4513 1567 4583 ubique
1605 4511 1795 4567 ditl‘usa
1835 4514 2029 4569 Christi
2056 4514 2162 4569 Ec-

583 4605 744 4661 clesia
770 4602 1190 4667 commendatur,
1219 4602 1490 4657 criminari
1516 4610 1569 4656 et
1593 4602 1880 4657 obscurare
1911 4618 2013 4659 non
2043 4618 2165 4673 pos-

580 4704 722 4761 sunt,
745 4692 988 4748 homines
1011 4708 1103 4763 per
1123 4708 1255 4762 quos
1273 4691 1585 4762 prmdicatur
1601 4691 1864 4747 adducant
1884 4692 1934 4746 in
1952 4693 2161 4761 odium;

581 4786 652 4842 de
674 4785 864 4857 quibus
890 4792 943 4841 et
966 4783 1165 4854 fingere
1188 4782 1440 4854 quidquid
1467 4784 1517 4837 in
1545 4792 1777 4838 mentem
1799 4784 2020 4851 venerit,
2043 4799 2168 4855 pos-

584 4888 728 4933 sunt.
760 4876 869 4933 Vos
896 4886 1073 4933 autem
1118 4891 1222 4931 non
1269 4876 1338 4930 ita
1381 4875 1638 4931 didicistis
1665 4875 1967 4943 Christum;
2009 4878 2053 4931 si
2085 4886 2166 4932 ta-

589 4984 714 5024 men
740 4969 886 5024 illum
916 4968 1157 5036 audistis,
1190 4978 1243 5024 et
1271 4969 1321 5022 in
1350 4968 1439 5023 illo
1463 4966 1603 5022 docti
1630 4967 1757 5023 estis
1788 4967 1946 5040 (Eph.
1976 4985 2047 5037 iv,
2073 4971 2163 5037 20,

585 5058 704 5130 2f).
740 5059 857 5131 Ipse
884 5062 1077 5131 quippe
1117 5059 1301 5116 fideles
1343 5074 1468 5114 suos
1508 5072 1724 5114 securos
1760 5057 1885 5113 fecit.
1911 5061 2069 5115 etiam
2100 5061 2167 5117 de

588 5152 1046 5222 dispensatoribus
1070 5153 1254 5219 malis,
1280 5152 1418 5208 mala
1445 5167 1540 5208 sua
1569 5149 1911 5219 facientibus,
1941 5161 1994 5207 et
2028 5152 2167 5207 bona

592 5246 710 5317 ejus
737 5245 1093 5317 loquentibus,
1124 5245 1210 5300 ubi
1238 5246 1345 5300 ait:
1380 5240 1508 5311 Qua:
1533 5244 1703 5298 dicunt
1728 5245 1911 5314 facile;
1939 5262 2050 5315 qua:
2072 5263 2168 5298 au-

592 5348 691 5393 tent
721 5337 943 5409 faciunt,
980 5339 1146 5409 facere
1170 5338 1363 5392 nolite:
1388 5337 1560 5395 dicunt
1594 5340 1747 5403 enim,
1775 5345 1822 5390 et
1852 5353 1950 5390 non
1978 5337 2169 5406 faciunt

590 5428 803 5503 (Matth.
831 5442 986 5495 xxiii,
1014 5426 1090 5497 3).
1122 5426 1281 5483 Orate
1309 5428 1520 5499 quidem
1543 5444 1639 5500 pro
1663 5442 1768 5492 me,
1802 5442 1868 5481 ne
1892 5426 2028 5481 forte
2052 5428 2169 5483 aliis

587 5518 886 5589 prtedicans
912 5518 1025 5590 ipse
1050 5519 1304 5589 reprobus
1334 5520 1574 5574 inveniar
1601 5518 1649 5591 (l
1672 5516 1788 5571 Cor.
1816 5534 1893 5581 ix,
1924 5516 2015 5588 27)
2038 5536 2051 5581 ;
2079 5535 2171 5574 ve-

586 5617 887 5665 rumtamen
913 5624 1033 5665 cum
1060 5608 1375 5681 gloriamini,
1405 5625 1509 5663 non
1535 5608 1589 5662 in
1616 5622 1721 5672 me,
1751 5607 1843 5662 sed
1866 5608 1916 5662 in
1946 5607 2171 5666 Domino

586 5704 911 5775 gloriamini.
943 5706 1343 5775 Quantnmlibet
1388 5703 1529 5759 enim
1560 5702 1739 5773 vigilet
1767 5701 2040 5772 disciplina
2068 5702 2168 5757 do-

590 5810 713 5853 mus
753 5813 916 5868 mete,
964 5798 1122 5855 homo
1148 5814 1301 5865 sum,
1345 5806 1395 5854 et
1443 5796 1579 5853 inter
1623 5793 1866 5853 homines
1895 5794 2037 5864 vivo,
2068 5810 2171 5852 nec

1750 367 1804 422 S.
1845 354 2206 420 AUGUSTINI
2246 355 2542 413 EPISCOPI

3697 351 3791 410 27!

2213 476 2340 531 mihi
2388 492 2636 549 arrogare
2661 477 2830 533 audeo
2868 485 2926 532 ut
2960 476 3151 534 domus
3173 492 3291 533 mea
3321 477 3515 534 melior
3542 477 3615 533 sit
3642 493 3790 549 quam

2216 585 2336 626 arca
2377 570 2509 637 Noe,
2557 570 2645 624 ubi
2692 578 2866 624 tamen
2911 564 3049 624 inter
3091 578 3213 625 octo
3256 569 3504 626 homines
3541 571 3793 641 reprobus

2218 678 2356 719 unus
2384 664 2627 718 iuventus
2654 671 2735 717 est
2764 661 2915 734 (Gen.
2948 678 3024 729 ix,
3050 662 3144 733 27)
3170 680 3183 715 :
3211 670 3303 716 ant
3328 663 3517 717 melior
3547 663 3615 717 sit
3646 677 3797 733 quam

2217 757 2411 814 domus
2432 756 2677 822 Abrahae,
2698 755 2786 810 ubi
2808 755 3004 811 dictum
3025 764 3126 822 est,
3152 752 3295 827 Ejice
3308 755 3551 809 ancillam
3571 767 3621 811 et
3646 756 3797 825 [ilium

2222 851 2329 921 ejus
2356 849 2467 919 (Id.
2497 866 2609 913 xxi,
2640 848 2729 917 10)
2755 866 2767 902 :
2795 858 2887 902 aut
2914 848 3104 903 melior
3130 848 3377 919 sitquam
3417 847 3613 903 domus
3642 847 3797 917 Isaac,

2222 944 2372 1011 cujus
2396 943 2413 974 ¹
2449 941 2516 997 de
2553 941 2759 997 duobus
2789 940 3016 1011 geminis
3042 940 3241 995 dictum
3283 950 3386 1008 est,
3426 939 3588 994 Jacob
3623 941 3795 1007 dilexi,

2224 1032 2365 1087 Esau
2394 1043 2558 1087 autem
2585 1032 2699 1086 odio
2729 1031 2879 1085 habui
2909 1031 3163 1102 (Malach.
3195 1048 3233 1099 ι,
3262 1031 3319 1103 2)
3348 1051 3359 1086 :
3390 1041 3479 1087 aut
3508 1033 3709 1087 melior
3746 1034 3802 1088 sit

2225 1138 2381 1193 quam
2409 1123 2596 1177 domus
2624 1124 2789 1192 ipsius
2814 1122 2999 1187 Jacob,
3029 1122 3115 1177 ubi
3146 1122 3339 1177 lectum
3372 1124 3536 1193 patris
3558 1123 3703 1177 filius
3732 1124 3803 1177 in-

2226 1215 2445 1269 cestavit
2488 1215 2639 1282 (Gen.
2670 1230 2817 1280 xux,
2841 1215 2934 1285 4):
2967 1223 3059 1268 aut
3097 1213 3287 1269 melior
3310 1213 3379 1268 sit
3417 1230 3575 1284 quam
3622 1214 3804 1269 domus

2228 1305 2415 1369 David,
2441 1305 2593 1375 cujus
2618 1306 2756 1360 filius
2781 1321 2899 1361 cum
2934 1319 3119 1361 sorore
3142 1303 3428 1360 concubuit
3447 1304 3514 1375 (ll
3539 1305 3670 1377 Reg.
3696 1322 3803 1373 xm,

2230 1397 2351 1469 id);
2379 1397 2531 1468 cujus
2555 1400 2689 1452 alter
2715 1397 2852 1452 filius
2873 1408 3057 1452 contra
3089 1399 3251 1468 patris
3279 1407 3386 1453 tam
3406 1410 3647 1454 sanctam
3672 1415 3809 1453 man-

2229 1489 2559 1543 suetudinem
2581 1489 2855 1543 rebellavit
2877 1488 3039 1558 (Ibid.
3063 1505 3154 1556 xv,
3180 1491 3270 1561 12)
3294 1505 3307 1543 :
3340 1500 3429 1545 aut
3450 1490 3643 1546 melior
3661 1505 3806 1561 quam

2232 1581 2556 1635 cohabitatio
2596 1580 2742 1636 Pauli
2776 1582 3031 1652 apostoli,
3061 1582 3150 1652 qui
3182 1592 3359 1637 tamen
3389 1584 3432 1637 si
3465 1582 3605 1637 inter
3632 1598 3809 1638 omnes

2233 1671 2401 1727 bonos
2442 1672 2737 1737 habitaret,
2778 1688 2880 1728 non
2911 1673 3115 1728 diceret
3138 1673 3278 1744 quod
3304 1675 3550 1743 superius
3577 1689 3807 1729 coinme-

2234 1763 2434 1818 momvi
2455 1805 2470 1829 ,
2513 1765 2637 1835 foris
2666 1780 2883 1834 pugnat,
2928 1764 3063 1817 intus
3102 1764 3303 1817 timores
3348 1762 3423 1832 (ll
3452 1763 3570 1818 Cor.
3604 1779 3703 1827 vlt,
3730 1766 3809 1833 5);

2235 1869 2335 1909 nec
2363 1855 2564 1909 diceret
2590 1870 2711 1909 cum
2736 1854 2802 1909 de
2829 1863 3106 1909 sanctitate
3126 1864 3181 1910 et
3214 1853 3316 1908 fide
3340 1854 3604 1909 Timothei
3634 1855 3810 1925 loque-

2238 1954 2405 2009 retur,
2440 1944 2703 2000 Neminem
2747 1947 2905 2000 habeo
2937 1946 3023 2016 qui
3060 1962 3295 2017 germane
3323 1946 3386 1999 de
3412 1946 3551 2000 vobis
3579 1946 3813 2002 sollicitus

2237 2040 2321 2092 sit.
2355 2037 2541 2094 Omnes
2565 2040 2697 2093 enim
2716 2055 2809 2093 sua
2828 2048 3079 2110 quarunt,
3103 2056 3203 2093 non
3223 2055 3336 2110 qua:
3357 2048 3473 2093 sunt
3489 2036 3528 2092 Ι
3531 2056 3617 2095 esu
3639 2037 3815 2095 Christi

2240 2128 2497 2201 (Philipp.
2536 2146 2603 2197 ll,
2633 2130 2724 2198 20,
2755 2129 2885 2200 21):
2929 2140 3020 2185 aut
3061 2130 3253 2186 melior
3297 2146 3455 2201 quam
3504 2130 3816 2186 eohabitatio

2242 2223 2407 2292 ipsius
2436 2224 2644 2279 Domini
2673 2224 2890 2291 Christi,
2923 2224 2977 2277 in
3002 2238 3104 2294 qua
3134 2223 3378 2278 undecim
3411 2223 3538 2279 boni
3570 2223 3815 2294 perfidum

2242 2324 2296 2369 et
2318 2313 2490 2369 furem
2512 2313 2541 2369 Ι
2547 2314 2701 2369 udam
2723 2315 3080 2370 toleraverunt
3104 2332 3116 2367 :
3145 2324 3235 2369 aut
3262 2314 3448 2369 melior
3468 2313 3539 2369 sit
3559 2324 3817 2385 postremo

2244 2421 2400 2476 quam
2429 2407 2645 2472 caelum,
2676 2406 2814 2461 unde
2843 2404 3033 2476 Angeli
3052 2404 3375 2460 ceciderunt.

2315 2497 2369 2552 9.
2401 2495 2721 2568 Simpliciter
2749 2507 2925 2552 autem
2954 2495 3127 2552 fateor
3152 2496 3410 2551 Charitati
3436 2506 3631 2551 vestrae
3654 2510 3817 2551 coram

2250 2590 2476 2646 Domino
2531 2590 2638 2646 Deo
2686 2600 2904 2657 nostro,
2961 2590 3053 2660 qui
3100 2590 3249 2644 testis
3278 2598 3359 2644 est
3402 2604 3565 2659 super
3601 2587 3819 2643 animam

2250 2697 2453 2748 meam,
2486 2697 2549 2737 ex
2577 2696 2683 2752 quo
2711 2683 2821 2737 Deo
2861 2681 3063 2737 servire
3108 2681 3245 2750 οωρὶ
3272 2700 3285 2735 :
3313 2680 3584 2751 quomodo
3622 2678 3821 2734 difficile

2250 2788 2366 2828 sum
2396 2782 2648 2844 expertus
2685 2772 2936 2828 meliores
2962 2787 3120 2843 quam
3147 2773 3237 2843 qui
3268 2773 3320 2826 in
3349 2773 3690 2826 monasteriis
3716 2786 3823 2841 pro.

2253 2865 2523 2931 fecerunt;
2570 2865 2639 2919 ita
2685 2880 2791 2919 non
2830 2879 2948 2919 sum
2993 2872 3245 2934 expertus
3295 2863 3501 2933 pejores
3543 2878 3707 2933 quam
3750 2861 3823 2932 qui

2254 2958 2307 3013 in
2349 2956 2687 3012 monasteriis
2712 2959 2733 2989 ³
2760 2957 3101 3025 ceciderunt,
3132 2957 3201 3010 ita
3247 2966 3301 3010 ut
3347 2955 3471 3009 hinc
3512 2956 3745 3011 arbitrer
3784 2954 3824 3006 in

2258 3048 2576 3119 Apocalypsi
2625 3048 2914 3118 scriptum,
2955 3046 3136 3101 Justus
3177 3048 3356 3115 iustior
3392 3048 3514 3116 ﬁat,
3573 3056 3622 3100 et
3673 3048 3825 3101 sardi.

2256 3142 2351 3194 dus
2402 3143 2655 3195 sordeseat
2700 3141 2867 3195 adhuc
2920 3141 3116 3213 (Apoc.
3146 3157 3293 3208 χιιι,
3340 3139 3461 3213 11).
3508 3139 3829 3210 Quapropter

2256 3235 2355 3289 etsi
2392 3235 2767 3289 contristamur
2799 3234 2866 3289 de
2893 3234 3159 3305 aliquibus
3187 3235 3566 3305 purgamentis,
3597 3234 3827 3288 consola-

2258 3344 2380 3383 mur
2404 3336 2580 3383 tamen
2608 3328 2769 3383 etiam
2793 3327 2861 3384 de
2880 3328 3119 3400 pluribus
3139 3328 3485 3383 ornamentis.
3516 3326 3693 3383 Nolite
3718 3341 3829 3398 ergo

2257 3430 2478 3489 pr0pter
2501 3434 2770 3473 amurcam
2799 3434 2903 3488 qua
2936 3419 3075 3473 oculi
3103 3419 3262 3473 vestri
3282 3417 3638 3485 offenduntur,
3671 3427 3829 3473 torcu-

2259 3509 2387 3563 laria
2419 3509 2707 3577 detestari,
2752 3510 2895 3564 unde
2923 3510 3195 3581 apothecae
3233 3509 3513 3564 dominicze
3543 3508 3719 3564 fructu
3742 3507 3829 3564 olei

2262 3602 2625 3657 luminosioris
2655 3604 2960 3674 implentur,
2991 3602 3197 3657 Domini
3226 3602 3317 3657 Dei
3349 3602 3515 3657 nostri
3546 3602 3829 3656 misericor-

2262 3694 2348 3749 dia
2382 3709 2476 3749 vos
2504 3694 2757 3751 adversus
2803 3710 2990 3751 omnes
3035 3695 3252 3750 insidias
3282 3695 3479 3750 inimici
3512 3696 3564 3749 in
3593 3710 3685 3749 sua
3716 3707 3831 3765 pace

2264 3788 2545 3855 custodiat,
2578 3789 2904 3845 dilectissimi
2930 3789 3141 3845 fratres.

2681 3924 3009 3981 EPISTULA
3049 3923 3265 3979 LXXIX
3293 3928 3309 3946 ‘
3352 3923 3447 3995 (a).

2268 4040 2537 4112 Augustini
2578 4040 2800 4111 episcopi
2856 4038 2923 4092 ad
2973 4038 3310 4109 presbyterum
3361 4038 3626 4109 quemdam
3674 4035 3828 4091 Μαιή-

2341 4132 2554 4197 cltceum,
2577 4130 2879 4185 denuntians
2906 4139 2963 4183 ut
2981 4129 3140 4183 solvat
3163 4130 3482 4199 quarstionem
3511 4130 3564 4183 in
3592 4145 3691 4201 qua
3716 4142 3831 4198 prc-

2342 4240 2510 4279 cessor
2535 4225 2643 4294 ejus
2684 4221 2997 4276 Fortunatus
3038 4221 3321 4291 defecerat,
3355 4222 3431 4275 vel
3478 4220 3657 4291 procul
3693 4236 3722 4273 a
3751 4232 3831 4273 sua

2343 4316 2574 4371 Ecclesia
2599 4316 2838 4370 discedat.

2346 4429 2473 4485 Sine
2500 4444 2659 4483 causa
2681 4426 3065 4497 tergiversaris,
3096 4442 3218 4482 cum
3239 4427 3394 4497 longe
3413 4435 3669 4496 appareat
3688 4419 3834 4494 qualis

2274 4523 2367 4578 sis.
2399 4522 2534 4589 Quid
2578 4529 2751 4576 tecum
2782 4521 2941 4574 locuti
2987 4520 3181 4575 fuerint
3222 4518 3439 4582 fratres,
3489 4516 3837 4573 indicaverunt

2276 4613 2429 4668 mihi.
2463 4613 2633 4677 Bene,
2666 4612 2786 4681 quia
2828 4626 2933 4666 non
2969 4611 3125 4666 times
3151 4618 3409 4665 mortem:
3442 4607 3537 4663 sed
3563 4623 3685 4661 eam
3710 4618 3836 4660 mor-

2275 4715 2382 4760 tem
2410 4705 2572 4759 debes
2607 4704 2829 4769 timere,
2863 4718 3019 4774 quam
3061 4701 3155 4757 tibi
3200 4702 3311 4772 ipse
3342 4700 3469 4755 facis
3501 4700 3626 4754 talia
3654 4697 3716 4754 de
3740 4694 3839 4749 Deo

2275 4794 2716 4866 blaSphemando.
2748 4794 2817 4849 Et
2843 4793 2981 4864 quod
3009 4792 3256 4863 intelligis
3284 4798 3511 4846 mortem
3546 4791 3698 4845 istam
3723 4785 3838 4840 visi-

2274 4888 2466 4954 bilem,
2510 4902 2668 4958 quam
2698 4900 2885 4940 omnes
2923 4885 3164 4939 homines
3198 4892 3424 4949 norunt,
3468 4882 3837 4952 separationem

2277 4996 2397 5037 esse
2424 4982 2620 5035 mentis
2648 4994 2677 5032 a
2708 4993 2931 5049 corpore
2952 5019 2966 5042 ,
3006 4992 3111 5031 non
3141 4986 3223 5031 est
3250 4992 3498 5047 magnum
3542 4974 3837 5041 intelligere.

2276 5072 2381 5128 Sed
2410 5070 2547 5142 quod
2579 5070 2823 5140 adjungis
2848 5070 2916 5123 de
2940 5078 3138 5135 vestro,
3171 5068 3562 5137 separationem
3589 5079 3701 5120 esse
3724 5060 3841 5115 boni

2280 5181 2311 5220 a
2337 5164 2478 5220 malo
2499 5163 2588 5221 :si
2615 5177 2765 5217 mens
2791 5162 2987 5217 bonum
3016 5169 3099 5216 est
3122 5170 3176 5214 et
3201 5175 3395 5229 corpus
3425 5159 3646 5217 malum,
3674 5154 3747 5225 qui
3778 5165 3839 5205 ea

2278 5256 2612 5314 commiscuit
2638 5272 2741 5311 non
2770 5263 2852 5309 est
2880 5253 3082 5319 bonus;
3128 5252 3301 5306 dicitis
3339 5261 3517 5307 autem
3562 5248 3673 5319 quia
3708 5246 3845 5299 Deus

2354 5357 2545 5379 “suasu;
2558 5356 2615 5374 4—1
2638 5358 2677 5371 -~~
2750 5367 2752 5370 ν

2344 5426 2363 5456 ί
2383 5419 2519 5478 Fdd.,
2541 5416 2635 5467 cui.
2663 5422 2718 5465 At
2740 5414 2971 5466 meliores
2991 5420 3097 5478 Mss.
3118 5412 3299 5478 habent
3318 5446 3337 5478 ,_
3373 5410 3528 5472 cujus.

2343 5488 2365 5519 ²
2388 5471 2516 5533 ωδε(
2538 5494 2642 5543 gg.,
2665 5491 2729 5529 ea:
2760 5473 3060 5527 monasterio.
3097 5476 3227 5523 Idem
3247 5473 3357 5521 Cod.
3384 5471 3492 5521 cum
3522 5471 3596 5519 ὼ.
3620 5474 3767 5517 etuno
3793 5475 3841 5510 τ.

2279 5547 2461 5605 subdit,
2486 5543 2776 5605 defecerunt.

2346 5634 2364 5651 ⁶
2386 5638 2487 5680 Non
2522 5626 2767 5690 reperitur
2787 5624 2880 5674 nisi
2902 5625 2953 5672 in
2985 5622 3206 5672 Vaticano
3226 5614 3505 5679 exemplari.

2344 5739 2416 5802 (a)
2437 5736 2556 5802 Alias
2577 5730 2668 5783 244
2693 5745 2704 5782 :
2731 5740 2840 5794 quae
2853 5733 3019 5779 autem
3038 5725 3101 5777 79
3125 5731 3248 5784 erat,
3269 5733 3397 5775 nunc
3419 5716 3525 5771 198.
3546 5705 3850 5776 εει-ἱμεωο

2210 5871 2222 5878 δ
2280 5801 2484 5854 sum.
