3962 6386
196 386 288 444 275

196 503 340 554 bonus
366 492 458 549 ista
481 485 803 545 commiscuit
831 504 844 541 :
875 499 1002 557 ergo
1020 492 1112 540 aut
1136 485 1304 538 malus
1329 493 1404 538 est
1432 527 1444 548 ,
1477 491 1566 537 aut
1608 496 1724 536 ma-

194 595 282 649 lum
324 585 538 642 timebat.
567 581 635 636 Et
678 590 731 634 tu
758 578 1026 650 gloriaris,
1057 577 1178 648 quia
1219 592 1323 632 non
1365 578 1518 631 times
1548 575 1723 632 homi-

194 698 313 740 nem.
335 694 444 734 cum
466 676 619 730 Deum
645 674 800 728 talcm
825 671 916 726 tibi
939 672 1124 741 ﬁngas,
1147 670 1238 741 qui
1264 670 1508 726 tenebras
1529 669 1720 734 timuit,

194 784 239 831 ut
258 770 596 827 commiscet-ct
622 765 818 819 bonum
849 773 902 818 et
928 763 1160 817 malum?
1189 762 1303 816 Noli
1334 773 1511 817 autem
1541 760 1723 815 extolli

192 866 359 927 animo,
387 861 513 916 sicut
537 856 827 926 scripsisti,
857 855 977 924 quia
1005 869 1100 909 vos
1128 869 1344 924 magnos
1371 853 1592 908 facimus
1612 894 1627 919 ,
1656 866 1722 906 eo

192 955 305 1029 quod
330 949 564 1020 impedire
586 947 830 1001 volumus
852 960 1056 1000 venena
1077 953 1273 1006 vestra,
1300 960 1366 999 ne
1390 944 1455 997 ad
1477 943 1722 998 homines

191 1043 446 1118 pestilentia
484 1048 695 1109 serpat:
726 1052 829 1092 non
857 1035 998 1091 enim
1039 1035 1357 1106 Apostolus,
1386 1050 1522 1105 quos
1559 1048 1721 1089 canes

193 1136 384 1207 appellat
419 1145 629 1202 magnos
657 1129 812 1194 facit,
859 1143 980 1182 cum
1005 1127 1166 1190 dicit,
1198 1126 1375 1182 Cavete
1399 1142 1546 1180 canes
1569 1123 1722 1192 (Plii-

193 1233 294 1300 lipp.
322 1243 390 1289 Ill,
417 1224 496 1294 2);
531 1232 622 1278 aut
650 1222 771 1277 illos
808 1236 1026 1292 magnos
1050 1219 1304 1283 faciebat,
1349 1233 1574 1287 quorum
1603 1232 1718 1272 ser-

191 1334 367 1376 monem
389 1315 584 1370 dicebat
626 1327 841 1383 serpere
877 1319 935 1366 ut
961 1326 1209 1366 cancrum
1253 1309 1322 1380 (ll
1347 1308 1481 1363 Tim.
1511 1325 1571 1374 ιι,
1605 1309 1714 1379 Π).

193 1411 342 1480 Itaque
361 1406 599 1463 denuntio
630 1404 722 1460 tibi
769 1406 820 1458 in
850 1402 1063 1457 nomine
1086 1401 1284 1457 Christi
1303 1443 1317 1464 ,
1347 1410 1404 1454 ut
1429 1401 1473 1454 si
1505 1408 1719 1470 paratus

197 1515 274 1562 es.
305 1499 424 1554 solve
443 1496 790 1566 quaestionem
818 1494 869 1547 in
907 1509 1008 1561 qua
1047 1491 1238 1546 defecit
1283 1505 1571 1560 prmcessor
1598 1500 1718 1544 tuus

197 1592 466 1648 Fortunatus
494 1585 593 1659 (η).
625 1587 691 1642 Et
711 1587 780 1641 ita
813 1587 934 1639 hinc
960 1585 1114 1650 ierat,
1144 1592 1203 1638 ut
1223 1598 1325 1636 non
1348 1581 1564 1644 rediret,
1592 1580 1714 1645 nisi,

193 1699 288 1738 cum
308 1685 402 1738 suis
436 1679 790 1749 disputatione
815 1677 1002 1732 collata
1022 1718 1037 1740 ,
1084 1674 1343 1730 inveniret
1368 1671 1494 1743 quid
1533 1681 1716 1727 contra

197 1773 462 1839 respondere
490 1779 689 1840 posset,
715 1768 989 1837 disputans
1016 1781 1136 1820 cum
1163 1764 1429 1818 fratribus.
1457 1761 1512 1818 Si
1540 1769 1716 1816 autent

192 1868 244 1922 ad
264 1867 347 1921 hoc
371 1879 466 1918 non
496 1879 554 1920 es
585 1869 838 1933 paratus;
869 1858 1083 1913 discede
1112 1858 1255 1919 hinc,
1283 1863 1339 1912 et
1367 1855 1472 1911 noli
1498 1870 1714 1925 perver-

190 1967 277 2012 tere
293 1957 388 2009 vias
407 1953 630 2018 Domini,
655 1961 708 2006 et
735 1951 1018 2020 illaqueare
1043 1956 1102 2002 ut
1129 1946 1348 2002 venenis
1371 1945 1585 2001 inficere
1603 1944 1717 2000 ani-

187 2063 278 2103 mas
303 2047 545 2111 infirmas,
584 2059 652 2098 ne
689 2043 972 2111 adiuvante
1011 2039 1226 2094 dextera
1267 2036 1476 2093 Domini
1515 2035 1715 2100 nostri,

187 2138 408 2210 quomodo
432 2153 536 2192 non
562 2144 844 2205 putaveras
874 2132 1178 2186 erubescas.

567 2225 895 2283 EPISTOLA
927 2223 1118 2279 Lxxx
1147 2227 1165 2246 ο
1197 2222 1293 2294 (b).
1386 2261 1397 2272 .

185 2323 304 2394 Cupit
337 2320 567 2396 explicari
601 2319 838 2389 liquidius
866 2333 899 2370 a
928 2314 1147 2369 Paulino
1167 2356 1181 2380 ,
1211 2329 1428 2384 quonam
1452 2311 1601 2366 modo
1627 2327 1716 2366 vo-

246 2415 445 2468 luntalem
476 2411 591 2478 Dei,
619 2426 732 2481 qua:
753 2418 938 2464 nostra:
963 2405 1278 2476 praferenda
1303 2412 1398 2467 est,
1433 2419 1576 2457 nosse
1596 2417 1715 2472 pos-

191 2601 359 2655 Sanctis
397 2608 444 2654 et
463 2598 576 2652 Deo
602 2595 810 2650 dilectis
827 2635 841 2659 ,
867 2594 1059 2649 merito
1085 2588 1476 2646 venerabilihns
1503 2594 1558 2640 et
1582 2584 1720 2639 mul-

245 2700 334 2746 tum
357 2686 792 2745 desiderabililnts
812 2683 1061 2739 fratribus
1085 2683 1316 2737 Panemo
1335 2688 1390 2735 et
1407 2679 1714 2739 Tantusne,

247 2783 566 2840 Aecusmus.
596 2779 646 2832 in
672 2777 895 2831 Domino
918 2775 1162 2831 salutem.

245 2873 288 2928 l.
325 2872 664 2928 Charissimus
701 2869 864 2924 frater
904 2866 1090 2922 Celsus
1127 2881 1247 2920 cum
1276 2863 1530 2932 rescripta
1559 2877 1718 2932 repe-

185 2971 321 3025 teret,
359 2963 584 3018 debitum
625 2960 850 3016 reddere
880 2958 1119 3015 festinari
1145 2972 1160 3019 ;
1191 2956 1284 3011 sed
1310 2971 1433 3010 vere
1456 2953 1716 3009 festinavi.

180 3052 287 3109 Cum
316 3055 440 3109 enim
468 3070 589 3108 eum
616 3060 855 3121 putarem
884 3049 1057 3104 adhuc
1086 3049 1286 3118 aliquot
1309 3047 1424 3101 dies
1449 3045 1721 3100 nobiscum

181 3159 458 3201 moraturum
490 3189 506 3213 ,
564 3153 784 3215 repente
833 3153 1106 3212 comperta
1156 3139 1437 3194 occasione
1493 3135 1720 3207 navigii,

179 3238 283 3292 mihi
326 3238 608 3306 pridianam
657 3251 804 3290 suam
850 3233 1230 3305 profecxionem
1267 3232 1377 3301 jam
1417 3239 1572 3285 nocte
1600 3244 1725 3299 sug-

180 3330 329 3397 gessit.
351 3329 481 3397 Quid
508 3327 733 3382 facerem
761 3341 881 3381 cum
909 3341 1032 3380 eum
1055 3333 1237 3379 tenere
1268 3338 1372 3378 non
1400 3337 1609 3392 pcescm
1629 3362 1644 3386 ,
1670 3329 1726 3376 et

180 3420 277 3488 quia
303 3421 360 3474 ad
387 3436 511 3483 vos,
541 3435 662 3474 cum
689 3418 882 3488 quibus
907 3417 955 3472 ei
983 3417 1173 3471 melius
1193 3423 1355 3479 esset,
1385 3413 1721 3484 properabat,

181 3523 258 3564 nec
296 3511 334 3565 si
378 3525 618 3579 possem,
659 3507 931 3563 deberem.
979 3505 1205 3560 Proinde
1253 3519 1414 3573 pauca
1443 3504 1582 3559 illico
1610 3503 1726 3559 hare

180 3600 341 3671 arripui
379 3600 622 3657 dictanda
651 3610 808 3670 atque
835 3596 1090 3653 mittenda
1112 3638 1126 3661 ,
1161 3595 1462 3664 prolixioris
1486 3594 1724 3665 epistolae

183 3710 249 3746 me
279 3694 524 3750 conﬁtens
565 3692 860 3747 debitorem
882 3731 897 3757 ,
939 3704 1058 3744 cum
1099 3696 1220 3758 post
1246 3687 1470 3742 reditum
1498 3701 1722 3742 venera-

182 3783 332 3840 bilium
357 3787 570 3841 fratrum
599 3794 902 3840 nostrorum
932 3782 1254 3852 collegarum
1282 3795 1522 3834 meorum
1547 3779 1723 3834 Thea-

183 3876 267 3928 sii‘
305 3887 350 3931 et
389 3876 597 3940 Evodii,
629 3876 856 3946 primum
875 3873 1037 3928 vestri
1060 3887 1122 3928 ex
1144 3881 1292 3940 parte
1311 3871 1529 3926 satiatus
1552 3871 1720 3927 fuero.

182 3963 372 4022 Uberius
410 3968 548 4023 enim
587 3965 653 4020 ad
687 3981 783 4019 nos
807 3965 858 4018 in
887 3979 1069 4018 eorum
1096 3962 1400 4034 pectoribus
1423 3971 1477 4018 et
1500 3963 1682 4016 oribus
1701 3963 1722 3995 ²

182 4069 258 4110 vos
300 4073 406 4114 esse
455 4067 713 4112 venturos
753 4054 1118 4125 jamjamque,
1169 4053 1221 4108 in
1269 4051 1466 4107 Christi
1510 4053 1724 4109 nomine

185 4156 310 4216 atque
331 4149 584 4220 adiutorio
608 4163 903 4218 speramus.
932 4144 1063 4200 Cum
1093 4145 1209 4198 hmc
1233 4145 1539 4204 scriberem,
1563 4145 1722 4199 etiam

185 4253 261 4308 per
283 4243 562 4298 unanimem
593 4241 755 4296 lilium
784 4248 1020 4293 nostrum
1044 4235 1419 4308 Thagastensis
1440 4236 1460 4266 ³
1476 4236 1723 4291 Ecclesia:

187 4332 506 4403 presbyterum
551 4330 984 4386 Fortunatianmn
1008 4370 1021 4394 ,
1072 4327 1294 4382 Romam
1326 4327 1719 4396 navigaturum,

188 4419 320 4476 aliam
363 4425 631 4494 epistolam
682 4422 863 4493 paucis
907 4428 1031 4474 ante
1073 4419 1259 4473 diebus
1295 4417 1403 4486 jam
1445 4417 1719 4472 dederam.

187 4511 312 4570 Nunc
346 4533 455 4588 ergo
496 4515 641 4588 quod
679 4515 825 4570 soleo
853 4529 1010 4584 rogo,
1039 4519 1096 4565 ut
1119 4511 1259 4582 quod
1287 4509 1468 4565 soletis
1498 4509 1718 4566 faciatis.

236 4651 388 4712 ιλιιιύ
411 4657 482 4701 Er.
505 4657 558 4712 et
586 4657 722 4712 Lov.,
744 4643 988 4712 _Tlterasii.
1025 4650 1184 4712 Inus.
1223 4639 1723 4712 cervas.,_1'hesii.__l_n

185 4701 334 4773 aliquot
353 4711 469 4772 aliis,
497 4701 720 4762 Tlteaaiif
744 4708 836 4773 hoc
855 4715 995 4773 tacto
1035 4707 1179 4773 etiam
1196 4704 1422 4773 scribitur
1445 4701 1722 4773 inconcilio

183 4763 320 4837 habito
329 4763 622 4837 Carthagine,
640 4773 722 4822 die
745 4769 807 4818 28
827 4763 950 4818 Junii
970 4780 1047 4837 an.
1068 4766 1129 4815 40
1138 4765 1177 4837 ξ,
1201 4767 1342 4837 cujus!
1352 4763 1724 4837 decretolegati

183 4833 231 4896 ad
271 4831 514 4884 Honorium
546 4831 889 4896 imperatorem
937 4835 1103 4896 contra
1119 4831 1405 4896 _Donatistas
1430 4831 1572 4896 missi
1612 4831 1725 4896 sunt

184 4893 382 4955 Ibeasius
394 4903 444 4945 et
453 4885 671 4952 Evoditis,
685 4895 792 4944 sive
802 4891 1037 4955 Evhodius
1051 4896 1104 4937 ut
1119 4889 1166 4936 in
1178 4886 1471 4955 membranis
1488 4885 1693 4935 habetur
1707 4900 1722 4947 ;

322 4958 423 5019 ipsr,
447 4957 572 5007 haud
584 4945 733 5020 (hihic
751 4988 766 5012 ,
784 4954 868 5020 qui
892 4953 1037 5020 visuri
1063 4955 1202 5020 erant
1219 4945 1476 4998 Paulinum.

235 5009 519 5081 fua'in
554 5025 612 5068 At
646 5019 696 5066 in
718 5009 872 5078 νίιιίισ,
893 5009 1211 5081 ριάιίοΐέίθυδκ
1344 5066 1356 5081 ,
1416 5065 1426 5077 .

237 5076 256 5108 ³
271 5066 392 5139 Apud
541 5066 641 5128 Am.
661 5085 758 5136 Er.,
774 5066 1234 5138 C‘Etftlmgustinensis
1255 5066 1486 5120 ecclesiae.
1505 5076 1554 5118 In
1575 5082 1672 5119 uno
1695 5083 1725 5120 e

192 5141 271 5187 vat.
289 5144 388 5190 Mss.
411 5139 750 5206 Thaganensis.

237 5220 254 5236 ‘
270 5224 501 5273 ltecensita
533 5231 607 5274 est
622 5223 681 5272 ad
704 5234 751 5270 a.
776 5223 860 5284 bg.
885 5218 953 5268 bl.
969 5232 1022 5284 _c.
1052 5231 1122 5267 cc.
1144 5215 1193 5265 if.
1209 5230 1330 5284 _ggv.
1351 5216 1390 5284 j.
1426 5213 1460 5263 l.
1485 5228 1533 5264 ιι.
1567 5229 1609 5264 r.
1647 5215 1721 5264 sb.

189 5278 244 5328 th.
265 5294 330 5334 vc.
351 5284 468 5334 duos
486 5292 522 5335 t.
545 5291 750 5348 quatuor
766 5278 890 5332 v.'et
924 5281 982 5330 ad
1006 5289 1106 5330 Am.
1132 5278 1238 5332 Bad.
1272 5283 1346 5326 Er.
1371 5283 1478 5326 Lov.

236 5364 598 5429 (a)t-‘ortunatum
623 5369 670 5416 in
694 5365 1017 5429 disputatione
1040 5364 1154 5414 vicit
1176 5362 1485 5429 Augustinus,
1509 5373 1620 5410 cum
1640 5359 1725 5429 ad-

185 5421 514 5492 htcin-esbyter
537 5436 688 5489 esset,
705 5421 785 5492 _ex'
802 5424 886 5476 lib.
915 5427 936 5492 _l
964 5430 1190 5492 setmet,
1205 5421 1354 5474 cle.
1379 5430 1599 5492 Jamvero
1622 5422 1726 5492 epi-

187 5483 337 5552 ltop'us
354 5483 489 5538 aliam
509 5503 616 5540 etim
638 5483 794 5540 Felice
808 5524 822 5546 ,
846 5488 929 5552 qui
955 5487 1253 5552 cuipponem
1277 5491 1482 5534 venerat
1503 5483 1727 5552 eumdetn

193 5544 520 5601 sséminatm'us
541 5563 758 5601 errorem
774 5544 826 5611 ,ι
855 5544 909 5598 t'tt
924 5548 990 5611 ait
1010 5544 1061 5596 in
1073 5544 1166 5611 ιιι).
1191 5546 1222 5595 2
1243 5551 1466 5611 κεινῇσι,
1491 5556 1537 5593 e.
1560 5544 1730 5611 8,_dis-

190 5611 457 5672 [lationem
488 5611 683 5672 habuit;
707 5604 830 5661 anno
851 5610 1037 5660 scilicet
1057 5607 1152 5672 4ρι
1179 5621 1243 5657 ex
1276 5607 1399 5672 Actis
1419 5618 1535 5672 cum
1549 5604 1724 5655 Felice.

307 5683 419 5729 ergo
442 5665 686 5729 epistolam
709 5674 831 5722 hanc
851 5672 1075 5729 scriptam
1087 5668 1240 5718 fuisse
1262 5667 1490 5729 suSpicari
1504 5665 1636 5729 licet.

242 5683 288 5719 llic
442 5684 472 5721 e
491 5683 686 5724 .ist0lam
710 5683 831 5722 hanc
851 5683 1075 5729 scriptam
1087 5683 1240 5718 tuisse
1262 5683 1346 5717 sus
1377 5683 1490 5716 Icari
1505 5683 1636 5716 licet.

242 5683 448 5804 ςινῆΕέ
465 5687 524 5784 ἇῦ
548 5746 690 5798 :qute
711 5739 874 5804 autem
908 5731 972 5782 80
1005 5736 1129 5790 erat,
1153 5743 1280 5780 nunc
1305 5683 1409 5780 liii).
1437 5728 1613 5790 Scripta
1648 5739 1724 5777 an.

193 5787 400 5850 masne.
425 5787 634 5848 mensem
656 5794 891 5847 martium.

1282 366 1755 428 EPISTOLARUM
1794 363 2068 428 CLASSIS
2104 370 2166 425 11.

3305 383 3418 445 ειη

1830 476 2002 534 Orctis
2023 496 2118 549 pro
2147 481 2296 537 nobis
2317 523 2330 544 ,
2361 492 2417 538 ut
2447 483 2620 542 videat
2647 487 2782 542 Deus
2807 485 3151 547 humilitatem
3175 501 3411 552 nostram

1829 579 1884 624 et
1906 571 2136 627 laborem
2167 583 2404 630 nostrum
2420 620 2434 642 ,
2462 586 2515 631 ct
2529 576 2758 632 dimittat
2777 581 2954 634 omnia
2972 591 3184 650 peccata
3205 592 3408 642 nostra.

1897 661 1950 714 2.
1991 663 2232 734 Collnqui
2266 675 2444 721 autem
2474 667 2746 722 vobiscum
2778 669 2899 724 talia
2928 671 3117 740 cupio,
3148 673 3194 728 si
3221 674 3410 745 digne-

1826 752 1985 819 mini,
2035 753 2268 821 litteris;
2319 757 2494 826 qualia
2540 759 2767 829 colloqui
2817 775 3127 830 possemus,
3155 764 3199 819 si
3228 781 3409 821 coram

1827 845 2017 899 vestris
2067 846 2310 901 sensibus
2360 847 2690 904 adessemus.
2740 851 2878 907 Ecce
2925 852 3068 908 illam
3119 857 3410 926 quaestiun-

1825 935 1998 988 culam
2023 975 2037 998 ,
2082 951 2240 1004 quam
2286 953 2455 1007 nuper
2479 955 2856 1009 proposueram
2877 985 2893 1010 ,
2926 950 3174 1016 tanquam
3199 948 3245 1003 si
3270 964 3412 1018 prae-

1825 1039 1949 1079 sens
1975 1028 2220 1094 praesenti
2247 1029 2385 1084 inter
2412 1029 2597 1085 dulces
2621 1031 2860 1101 loquelas
2889 1035 3140 1092 obderem
3165 1038 3183 1071 ⁸
3204 1079 3220 1106 ,
3243 1040 3405 1110 plane

1823 1117 2110 1174 christiano
2150 1122 2421 1178 intellectu
2463 1133 2518 1179 et
2545 1124 2827 1181 devotione
2854 1128 3091 1193 solvisti,
3122 1130 3219 1187 sed
3249 1132 3409 1189 nimis

1823 1211 2024 1266 cursim
2055 1221 2108 1266 ct
2127 1213 2395 1281 breviter;
2419 1225 2599 1285 posset
2620 1218 2814 1287 quippe
2834 1218 2903 1272 ibi
2924 1218 3192 1288 aliquanto
3208 1221 3407 1280 diutius

1823 1309 1878 1354 et
1901 1302 2114 1357 uberius
2144 1303 2382 1360 habitare
2408 1305 2576 1374 gratia
2601 1306 2709 1360 oris
2739 1307 2843 1371 tui,
2876 1307 2922 1362 si
2941 1323 3062 1363 cum
3084 1309 3310 1367 dixisses
3331 1312 3407 1368 ita

1825 1401 1874 1447 te
1914 1393 1966 1447 in
2007 1395 2125 1460 illo,
2173 1411 2280 1466 quo
2326 1398 2546 1452 feliciter
2571 1400 2766 1462 uteris,
2801 1399 2919 1454 loco
2947 1415 3288 1470 perseverare
3309 1403 3406 1460 de-

1821 1483 2052 1539 crevisse
2071 1526 2085 1548 ,
2117 1494 2175 1540 ut
2198 1486 2243 1540 si
2271 1487 2396 1556 quid
2420 1487 2487 1542 de
2514 1496 2566 1543 te
2585 1488 2725 1543 aliud
2749 1489 2974 1544 Domino
2997 1491 3270 1560 placuerit,
3287 1493 3406 1564 ejus

1819 1573 2141 1630 voluntatem
2169 1575 2420 1645 praeferas
2469 1586 2601 1644 tum,
2634 1578 2860 1648 idipsum
2883 1580 3152 1650 aliquanto
3170 1583 3405 1651 apertius

1819 1665 2129 1735 explicares.
2152 1668 2391 1735 Quonam
2413 1669 2569 1724 modo
2590 1671 2912 1726 voluntatem
2936 1673 3049 1737 Dei,
3076 1689 3195 1744 qua:
3211 1685 3408 1732 nostra

1819 1756 2072 1812 voluntati
2099 1759 2453 1829 prmponeuda
2478 1769 2589 1826 est,
2624 1762 2926 1816 noverimus
2954 1779 2967 1816 :
2999 1772 3176 1820 utrum
3201 1773 3407 1822 tantum

1820 1847 1874 1901 in
1923 1863 1985 1902 ea
2031 1865 2089 1904 re
2109 1891 2123 1915 ,
2173 1865 2330 1919 quam
2362 1860 2644 1922 propterea
2675 1853 2915 1909 volentes
2935 1855 2955 1886 ⁸
2983 1854 3218 1925 perferre
3245 1857 3409 1914 debe-

1820 1955 1969 2004 mus,
2018 1941 2141 2011 quia
2186 1952 2241 1998 et
2281 1943 2430 1998 inviti
2479 1959 2808 2015 cogeremur.
2840 1946 2914 2001 lbi
2939 1948 3079 2002 enim
3110 1948 3167 2004 fit
3190 1952 3407 2021 quidem
3480 1989 3487 1996 -

1818 2031 1958 2100 quod
1999 2032 2243 2088 nolumus
2277 2050 2288 2086 :
2321 2035 2416 2090 sed
2447 2035 2566 2091 ideo
2594 2052 2694 2092 nos
2721 2038 3033 2107 corrigimus
3058 2049 3115 2094 ut
3141 2043 3403 2108 velimus,

1819 2122 1942 2192 quia
1985 2123 2073 2178 ille
2113 2125 2260 2192 vult,
2309 2125 2461 2194 cujus
2495 2126 2780 2182 voluntatis
2810 2143 2909 2183 nec
2931 2130 3299 2187 excellentiam
3326 2131 3406 2188 fas

1821 2221 1906 2268 est
1918 2227 2184 2280 recusare,
2201 2231 2301 2271 nec
2317 2218 2750 2287 omnipotentiam
2772 2219 3131 2287 licetevitare;
3149 2223 3287 2278 sicut
3305 2224 3408 2280 Ρο-

1822 2312 1960 2359 trum
1977 2305 2113 2360 alter
2123 2306 2288 2360 cinxit
2301 2315 2358 2361 et
2378 2307 2496 2362 tulit
2511 2323 2614 2378 quo
2630 2309 2876 2364 noluerat
2892 2309 3408 2386 (Joan.xx1,18),ve-

1822 2407 2120 2452 rumtamen
2149 2415 2254 2469 quo
2283 2400 2449 2455 nollet
2488 2401 2575 2467 iit,
2621 2410 2679 2456 et
2709 2401 2895 2457 volens
2933 2413 3160 2459 mortem
3199 2406 3410 2477 subegit

1820 2502 2085 2558 asperam.
2101 2489 2181 2543 An
2201 2499 2253 2544 et
2271 2491 2340 2545 ibi
2358 2490 2445 2545 ubi
2466 2500 2550 2546 est
2569 2502 2821 2562 potestas,
2846 2509 2950 2548 non
2971 2503 3178 2552 mutare
3193 2507 3408 2552 senten-

1823 2579 1948 2633 tiam
1965 2621 1980 2642 ,
2014 2580 2254 2650 quamvis
2275 2582 2418 2637 aliud
2443 2593 2719 2650 occurrat,
2751 2584 2805 2638 in
2827 2600 2934 2655 quo
2961 2586 3137 2655 potius
3153 2599 3411 2658 appareat

1821 2671 2064 2726 voluntas
2111 2673 2200 2727 Dei
2240 2673 2308 2727 ad
2348 2674 2655 2730 mutandam
2681 2675 2994 2730 sententiam
3023 2691 3120 2732 nos
3140 2680 3406 2745 vocantis,

1823 2776 1926 2816 non
1973 2762 2095 2832 quia
2143 2771 2322 2818 nostra
2366 2764 2504 2818 mala
2531 2772 2679 2829 erat,
2711 2764 2803 2818 sed
2828 2765 2880 2819 in
2906 2780 3007 2836 qua
3036 2776 3178 2822 recte
3201 2783 3412 2838 perma-

1823 2863 2070 2922 nerctur,
2117 2855 2218 2909 nisi
2262 2855 2330 2910 ab
2374 2855 2464 2911 illo
2507 2855 2560 2910 in
2601 2857 2822 2912 alteram
2863 2873 3193 2915 vocaremur.
3224 2861 3412 2931 Neque

1825 2947 1964 3000 enim
2008 2945 2201 2999 malum
2243 2944 2341 3000 fuit
2379 2946 2605 3001 Abraha:
2644 2947 2844 3002 nutrire
2882 2958 2936 3002 et
2955 2949 3182 3006 educare
3205 2951 3409 3020 illium,

1825 3036 1995 3106 quoad
2027 3045 2241 3106 posset,
2266 3047 2521 3107 quantum
2548 3037 2600 3093 in
2632 3037 2748 3109 ipso
2779 3047 2950 3105 esset,
2974 3054 3140 3110 usque
3159 3042 3228 3097 ad
3249 3044 3410 3099 linem

1826 3127 1948 3181 vita:
1968 3142 2112 3192 sum;
2136 3128 2228 3183 sed
2254 3139 2472 3198 repente
2489 3129 2672 3198 jussus
2687 3130 2949 3195 occidere,
2981 3137 3203 3187 tnutavit
3228 3133 3414 3204 utique

1827 3233 1932 3272 non
1966 3219 2109 3288 prius
2135 3219 2328 3273 malam
2355 3220 2704 3284 sententiam,
2738 3219 2832 3273 sed
2860 3236 2978 3289 qua:
3010 3223 3144 3276 mala
3167 3232 3341 3293 esset,
3362 3225 3414 3283 si

1829 3319 1949 3380 post
1957 3314 2162 3378 jussum
2183 3320 2379 3365 mutata
2406 3325 2510 3365 non
2528 3311 2701 3366 esset'
2723 3308 2874 3378 (Gen.
2897 3327 3035 3380 χχιι,
3052 3311 3222 3386 2,10)
3247 3332 3262 3369 :
3286 3314 3412 3370 hinc

1829 3418 2038 3473 quoque
2065 3417 2168 3457 non
2189 3402 2372 3456 dubito
2395 3401 2524 3457 nihil
2550 3402 2692 3457 aliud
2715 3401 2880 3458 videri
2904 3401 3017 3457 tibi.

1899 3495 1951 3549 ὅ.
1982 3493 2085 3550 Sed
2117 3493 2425 3564 plerumque
2455 3510 2559 3548 non
2585 3510 2716 3550 voce
2743 3495 2812 3550 de
2835 3495 2972 3551 coelo
2990 3536 3004 3557 .
3032 3510 3140 3552 non
3165 3511 3260 3566 per
3282 3512 3408 3566 pro-

1829 3585 2062 3656 phetam,
2087 3602 2191 3640 non
2212 3601 2302 3655 per
2319 3586 2694 3641 revelationem
2712 3588 2792 3642 vel
2814 3587 3027 3652 somnii,
3055 3589 3139 3644 vel
3159 3604 3412 3646 excessus

1830 3677 2022 3732 mentis
2063 3677 2149 3746 qui
2193 3677 2384 3731 dicitur
2421 3678 2641 3732 ecstasis
2666 3718 2683 3744 ,
2713 3678 2806 3733 sed
2827 3680 2987 3735 rebus
3007 3680 3135 3750 ipsis
3162 3681 3411 3737 acciden-

1830 3769 2001 3833 tibus,
2043 3775 2096 3823 et
2135 3767 2201 3822 ad
2244 3767 2384 3822 aliud
2418 3784 2576 3838 quam
2610 3778 2963 3826 statueramus
2991 3771 3302 3827 vocantibus
3318 3787 3412 3828 co-

1827 3859 2000 3929 gimur
2025 3873 2312 3927 agnoscere
2333 3859 2425 3914 Dei
2446 3859 2774 3914 voluntatem
2800 3874 2920 3914 esse
2942 3860 3097 3914 aliam
3116 3875 3272 3930 quam
3295 3868 3412 3915 erat

1828 3960 2008 4006 nostra
2039 3967 2052 4003 :
2085 3959 2332 4022 tanquam
2358 3951 2402 4005 si
2431 3950 2691 4020 proficisci
2721 3960 3073 4006 statueremus
3092 3992 3106 4016 ,
3138 3951 3408 4021 etaliquid

1827 4042 2057 4097 oriretur
2101 4041 2241 4111 quod
2284 4041 2527 4097 consulta
2575 4041 2640 4096 de
2678 4039 2856 4096 officio
2881 4049 3062 4095 nostro
3088 4043 3284 4097 veritas
3308 4058 3404 4096 ve-

1828 4142 1964 4189 taret
1992 4133 2238 4189 deserere
2256 4173 2272 4196 ,
2299 4142 2390 4187 aut
2418 4133 2825 4188 decernentibus
2851 4134 2920 4187 ibi
2951 4149 3168 4188 manere
3195 4135 3409 4188 nuntia-

1828 4234 1975 4279 retur
2001 4221 2195 4293 aliquid
2217 4264 2231 4286 ,
2263 4222 2403 4291 quod
2425 4221 2609 4276 eadem
2631 4221 2853 4276 veritate
2877 4221 3118 4276 consulta
3143 4237 3244 4277 nos
3261 4238 3407 4277 como

1829 4313 2049 4384 pelleret
2090 4311 2370 4381 proficisci.
2420 4311 2494 4366 De
2541 4310 2642 4366 hoc
2690 4311 2844 4366 tertio
2890 4327 3084 4382 genere
3126 4328 3404 4368 causarum

1827 4403 2092 4459 mutanda:
2131 4402 2441 4468 sententim,
2489 4401 2612 4472 quid
2660 4401 2752 4456 tibi
2791 4402 3030 4458 videatur
3054 4413 3174 4474 peto
3198 4421 3405 4460 mecum

1828 4497 2034 4567 plenius
2075 4504 2128 4550 et
2177 4494 2454 4549 enodatius
2497 4494 2834 4576 colloquaris.
2882 4497 3034 4568 Stepe
3076 4513 3173 4552 nos
3209 4499 3404 4570 quippe

1829 4586 2144 4652 conturbat,
2186 4593 2240 4640 et
2267 4584 2480 4640 difficile
2506 4594 2589 4640 est
2616 4601 2718 4640 non
2745 4588 2941 4657 aliquid
2969 4589 3108 4658 quod
3135 4591 3303 4658 magis
3329 4592 3406 4644 fa-

1829 4677 2072 4734 ciendum
2115 4684 2229 4732 erat
2269 4675 2514 4730 omittere
2535 4717 2549 4740 ,
2581 4674 2706 4730 dum
2734 4677 2859 4730 illud
2889 4689 3089 4731 mutare
3117 4679 3361 4734 nolumus
3384 4681 3405 4710 ³

1830 4771 1881 4824 in
1930 4785 2034 4839 quo
2086 4769 2228 4836 prius
2274 4782 2584 4836 permanere
2630 4776 3012 4830 statueramus,
3056 4785 3159 4823 non
3190 4772 3404 4840 quidem

1829 4861 2026 4915 malum
2071 4872 2252 4912 verum
2273 4898 2287 4922 ,
2330 4857 2440 4926 jam
2466 4856 2586 4934 ideo
2613 4857 2807 4912 malum
2834 4858 2952 4926 quia
2981 4857 3034 4912 id
3062 4859 3200 4929 quod
3230 4863 3404 4931 potius

1829 4947 2089 5022 agendum
2113 4955 2194 5004 est
2221 4961 2506 5003 occurrens
2535 4947 2829 5012 deseritur;
2858 4947 2996 5018 quod
3024 4948 3068 5003 si
3095 4965 3200 5005 non
3216 4967 3402 5006 occur-

1894 5108 1910 5139 ι
1936 5112 2065 5166 bov.,
2085 5101 2352 5166 objicerem.
2383 5102 2465 5152 Alii
2490 5102 2712 5166 plerique
2732 5101 2863 5160 Cdd.,
2886 5100 3123 5152 abderent.

1892 5170 1913 5233 ξ
1935 5169 2006 5218 sic
2027 5164 2361 5226 septem.
2380 5171 2442 5233 _At
2463 5164 2569 5212 Bad.
2583 5164 2694 5233 χλιιι.
2718 5169 2774 5233 et
2793 5169 2888 5222 Er.,
2906 5170 3159 5233 propterea
3173 5166 3405 5229 prtzferre

1831 5229 2067 5295 debente-
2093 5221 2225 5295 ξρνιέ
2246 5221 2765 5295 ρνονεετςαροιιξηηξιί.
2790 5221 3023 5295 Prsia"?
3066 5221 3304 5295 ἀερὲῖηιιέ·
3349 5233 3406 5295 ες

1830 5305 1941 5342 mox
1966 5290 2077 5338 Edd.
2105 5287 2206 5348 illae
2222 5285 2425 5348 q'uat'uor
2448 5286 2630 5348 habent
2654 5298 2666 5333 :
2697 5285 2766 5335 Ili
2791 5285 2922 5337 enim
2962 5287 3024 5338 sit
3062 5285 3253 5348 quidem
3273 5288 3404 5348 quod

1831 5351 2056 5411 volumus,
2081 5348 2166 5401 sed
2188 5345 2298 5399 ideo
2318 5360 2402 5398 nos
2423 5345 2653 5410 cogimur,
2682 5345 3124 5398 etc.Substitmmns
3143 5345 3404 5396 lectionem

1834 5417 1886 5466 in
1909 5413 2190 5463 melioribus
2210 5416 2319 5471 Mss,
2341 5418 2604 5471 repertam.

1896 5477 1916 5509 ³
1940 5484 2069 5537 Lov.,
2093 5485 2201 5537 quae
2222 5469 2351 5537 mela
2393 5467 2512 5522 esset
2555 5473 2710 5537 potius
2732 5475 2776 5524 si
2788 5475 2987 5537 mutata.
3013 5467 3120 5537 uad.
3148 5475 3199 5518 et
3219 5468 3404 5537 aliquot

1834 5547 1961 5608 pse,
1975 5536 2018 5589 si
2039 5531 2191 5608 ponus
2210 5533 2494 5608 submulata.
2519 5531 2614 5608 ιείι.2
2637 5533 2682 5608 si
2700 5532 2956 5600 potioribus
2965 5534 3159 5581 imitata.
3183 5531 3272 5582 sed
3294 5531 3401 5582 me-

1832 5600 1929 5650 lius
1950 5608 2028 5661 Ms.
2041 5599 2106 5661 'j.,
2127 5599 2171 5647 si
2190 5601 2293 5660 post
2303 5599 2495 5661 juasum
2515 5599 2708 5661 ηιιιιςιεαέ

1897 5663 1919 5693 δ
1942 5654 2074 5719 addi,
2089 5654 2274 5719 mittiue
2285 5654 2513 5708 nolimus.
2537 5654 2929 5719 Sedlegendum,
2944 5660 3000 5706 ut
3021 5660 3100 5707 est
3118 5655 3168 5706 in
3189 5662 3294 5719 Mss.
3317 5669 3402 5719 no-

1836 5715 2174 5787 vem,_mtitare
2195 5717 2446 5779 nolumus;
2467 5731 2564 5787 quo
2593 5715 2817 5787 nimirum
2858 5715 2938 5779 fit,
2985 5721 3037 5768 ut
3077 5717 3206 5785 quod
3248 5717 3421 5787 petitu

1838 5783 2074 5848 agndum
2094 5787 2163 5833 est
2183 5793 2439 5839 occurrat;
2461 5780 2723 5830 deseratur.
3091 5780 3102 5785 ‘
3249 5780 3258 5784 '
3289 5843 3295 5848 _
