  <div class='ocr_page' id='page_1' title='image "/cluster/home/n/w/nwhite01/storage/ocr_20150623/33/uva.x000669810/145.png"; bbox 0 0 3962 6396; ppageno 0'>
   <div class='ocr_carea' id='block_1_1' title="bbox 602 321 709 380">
    <p class='ocr_par' dir='ltr' id='par_1_1' title="bbox 602 321 709 380">
     <span class='ocr_line' id='line_1_1' title="bbox 602 321 709 380; baseline 0.009 -1"><span class='ocrx_word' id='word_1_1' title='bbox 602 321 709 380; x_wconf 72' lang='grc'><strong>275</strong></span> 
     </span>
    </p>
   </div>
   <div class='ocr_carea' id='block_1_2' title="bbox 600 433 2173 507">
    <p class='ocr_par' dir='ltr' id='par_1_2' title="bbox 600 433 2173 507">
     <span class='ocr_line' id='line_1_2' title="bbox 600 433 2173 507; baseline -0.001 -18"><span class='ocrx_word' id='word_1_2' title='bbox 600 446 776 503; x_wconf 89' lang='lat' dir='ltr'><strong>reret,</strong></span> <span class='ocrx_word' id='word_1_3' title='bbox 823 452 927 491; x_wconf 92' lang='lat' dir='ltr'><strong>non</strong></span> <span class='ocrx_word' id='word_1_4' title='bbox 955 436 1125 490; x_wconf 87' lang='lat' dir='ltr'><strong>solum</strong></span> <span class='ocrx_word' id='word_1_5' title='bbox 1155 439 1270 491; x_wconf 84' lang='lat' dir='ltr'><strong>sine</strong></span> <span class='ocrx_word' id='word_1_6' title='bbox 1296 436 1678 507; x_wconf 84' lang='lat' dir='ltr'><strong>vituperatione</strong></span> <span class='ocrx_word' id='word_1_7' title='bbox 1698 476 1713 500; x_wconf 94' lang='lat'><strong>,</strong></span> <span class='ocrx_word' id='word_1_8' title='bbox 1743 433 1834 488; x_wconf 88' lang='lat' dir='ltr'><strong>sed</strong></span> <span class='ocrx_word' id='word_1_9' title='bbox 1863 435 2020 489; x_wconf 83' lang='lat' dir='ltr'><strong>etiam</strong></span> <span class='ocrx_word' id='word_1_10' title='bbox 2051 451 2173 488; x_wconf 90' lang='lat' dir='ltr'><strong>cum</strong></span> 
     </span>
    </p>
   </div>
   <div class='ocr_carea' id='block_1_3' title="bbox 602 524 2181 596">
    <p class='ocr_par' dir='ltr' id='par_1_3' title="bbox 602 524 2181 596">
     <span class='ocr_line' id='line_1_3' title="bbox 602 524 2181 596; baseline -0.001 -17"><span class='ocrx_word' id='word_1_11' title='bbox 602 525 756 580; x_wconf 80' lang='lat' dir='ltr'><strong>laude</strong></span> <span class='ocrx_word' id='word_1_12' title='bbox 779 567 793 590; x_wconf 93' lang='lat'><strong>,</strong></span> <span class='ocrx_word' id='word_1_13' title='bbox 843 527 892 580; x_wconf 92' lang='lat' dir='ltr'><strong>in</strong></span> <span class='ocrx_word' id='word_1_14' title='bbox 921 526 1010 580; x_wconf 91' lang='lat' dir='ltr'><strong>illo</strong></span> <span class='ocrx_word' id='word_1_15' title='bbox 1040 527 1212 596; x_wconf 85' lang='lat' dir='ltr'><strong>priore</strong></span> <span class='ocrx_word' id='word_1_16' title='bbox 1240 527 1632 596; x_wconf 88' lang='lat' dir='ltr'><strong>perduraretur.</strong></span> <span class='ocrx_word' id='word_1_17' title='bbox 1661 525 1754 579; x_wconf 91' lang='lat' dir='ltr'><strong>llic</strong></span> <span class='ocrx_word' id='word_1_18' title='bbox 1781 541 1884 578; x_wconf 92' lang='lat' dir='ltr'><strong>non</strong></span> <span class='ocrx_word' id='word_1_19' title='bbox 1915 524 2021 578; x_wconf 84' lang='lat' dir='ltr'><strong>falli</strong></span> <span class='ocrx_word' id='word_1_20' title='bbox 2043 524 2181 579; x_wconf 84' lang='lat' dir='ltr'><strong>dilll-</strong></span> 
     </span>
    </p>
   </div>
   <div class='ocr_carea' id='block_1_4' title="bbox 599 614 2182 685">
    <p class='ocr_par' dir='ltr' id='par_1_4' title="bbox 599 614 2182 685">
     <span class='ocr_line' id='line_1_4' title="bbox 599 614 2182 685; baseline 0 -17"><span class='ocrx_word' id='word_1_21' title='bbox 599 616 698 669; x_wconf 89' lang='lat' dir='ltr'><strong>cile</strong></span> <span class='ocrx_word' id='word_1_22' title='bbox 721 625 796 669; x_wconf 66' lang='lat' dir='ltr'><strong>est</strong></span> <span class='ocrx_word' id='word_1_23' title='bbox 823 633 836 677; x_wconf 89' lang='lat'><strong>;</strong></span> <span class='ocrx_word' id='word_1_24' title='bbox 864 615 947 668; x_wconf 90' lang='lat' dir='ltr'><strong>hic</strong></span> <span class='ocrx_word' id='word_1_25' title='bbox 968 617 1183 668; x_wconf 84' lang='lat' dir='ltr'><strong>omnino</strong></span> <span class='ocrx_word' id='word_1_26' title='bbox 1210 633 1308 668; x_wconf 77' lang='lat' dir='ltr'><strong>vox</strong></span> <span class='ocrx_word' id='word_1_27' title='bbox 1341 614 1646 685; x_wconf 70' lang='lat' dir='ltr'><strong>prophvtica</strong></span> <span class='ocrx_word' id='word_1_28' title='bbox 1675 617 1923 684; x_wconf 77' lang='lat' dir='ltr'><strong>praevalet</strong></span> <span class='ocrx_word' id='word_1_29' title='bbox 1947 634 1960 669; x_wconf 88' lang='lat'>:</span> <span class='ocrx_word' id='word_1_30' title='bbox 1993 616 2182 670; x_wconf 85' lang='lat' dir='ltr'><strong>Delicta</strong></span> 
     </span>
    </p>
   </div>
   <div class='ocr_carea' id='block_1_5' title="bbox 599 704 2180 778">
    <p class='ocr_par' dir='ltr' id='par_1_5' title="bbox 599 704 2180 778">
     <span class='ocr_line' id='line_1_5' title="bbox 599 704 2180 778; baseline 0.001 -17"><span class='ocrx_word' id='word_1_31' title='bbox 599 707 710 778; x_wconf 82' lang='lat' dir='ltr'><strong>quis</strong></span> <span class='ocrx_word' id='word_1_32' title='bbox 747 706 981 778; x_wconf 83' lang='lat' dir='ltr'><strong>intelligit</strong></span> <span class='ocrx_word' id='word_1_33' title='bbox 1011 707 1178 778; x_wconf 85' lang='lat' dir='ltr'><strong>(Psal.</strong></span> <span class='ocrx_word' id='word_1_34' title='bbox 1206 723 1333 760; x_wconf 77' lang='lat' dir='ltr'><strong>mu</strong></span> <span class='ocrx_word' id='word_1_35' title='bbox 1357 749 1372 773; x_wconf 93' lang='lat'><strong>,</strong></span> <span class='ocrx_word' id='word_1_36' title='bbox 1398 707 1488 776; x_wconf 79' lang='lat' dir='ltr'><strong>l3)</strong></span> <span class='ocrx_word' id='word_1_37' title='bbox 1511 707 1535 760; x_wconf 67' lang='grc' dir='ltr'><em>Υ</em></span> <span class='ocrx_word' id='word_1_38' title='bbox 1558 704 1689 761; x_wconf 83' lang='lat' dir='ltr'><strong>Hinc</strong></span> <span class='ocrx_word' id='word_1_39' title='bbox 1713 722 1836 772; x_wconf 91' lang='lat' dir='ltr'><strong>oro,</strong></span> <span class='ocrx_word' id='word_1_40' title='bbox 1870 707 2180 776; x_wconf 69' lang='lat' dir='ltr'><strong>participem</strong></span> 
     </span>
    </p>
   </div>
   <div class='ocr_carea' id='block_1_6' title="bbox 599 796 2180 868">
    <p class='ocr_par' dir='ltr' id='par_1_6' title="bbox 599 796 2180 868">
     <span class='ocr_line' id='line_1_6' title="bbox 599 796 2180 868; baseline 0 -18"><span class='ocrx_word' id='word_1_41' title='bbox 599 814 686 854; x_wconf 88' lang='lat' dir='ltr'><strong>me</strong></span> <span class='ocrx_word' id='word_1_42' title='bbox 728 797 887 853; x_wconf 82' lang='lat' dir='ltr'><strong>facias</strong></span> <span class='ocrx_word' id='word_1_43' title='bbox 926 797 1302 867; x_wconf 73' lang='lat' dir='ltr'><strong>cogitationum</strong></span> <span class='ocrx_word' id='word_1_44' title='bbox 1359 807 1596 863; x_wconf 87' lang='lat' dir='ltr'><strong>tuarum,</strong></span> <span class='ocrx_word' id='word_1_45' title='bbox 1640 797 1764 868; x_wconf 89' lang='lat' dir='ltr'><strong>quid</strong></span> <span class='ocrx_word' id='word_1_46' title='bbox 1796 798 1848 852; x_wconf 93' lang='lat' dir='ltr'><strong>in</strong></span> <span class='ocrx_word' id='word_1_47' title='bbox 1878 797 2067 852; x_wconf 77' lang='lat' dir='ltr'><strong>talibus</strong></span> <span class='ocrx_word' id='word_1_48' title='bbox 2097 796 2180 852; x_wconf 91' lang='lat' dir='ltr'><strong>vel</strong></span> 
     </span>
    </p>
   </div>
   <div class='ocr_carea' id='block_1_7' title="bbox 600 886 1826 957">
    <p class='ocr_par' dir='ltr' id='par_1_7' title="bbox 600 886 1826 957">
     <span class='ocr_line' id='line_1_7' title="bbox 600 886 1826 957; baseline -0.003 -15"><span class='ocrx_word' id='word_1_49' title='bbox 600 887 775 946; x_wconf 78' lang='lat' dir='ltr'><strong>facere</strong></span> <span class='ocrx_word' id='word_1_50' title='bbox 795 888 1081 949; x_wconf 85' lang='lat' dir='ltr'><strong>soleas,vel</strong></span> <span class='ocrx_word' id='word_1_51' title='bbox 1111 886 1405 940; x_wconf 70' lang='lat' dir='ltr'><strong>laci-udum</strong></span> <span class='ocrx_word' id='word_1_52' title='bbox 1431 903 1549 940; x_wconf 81' lang='lat' dir='ltr'><strong>esse</strong></span> <span class='ocrx_word' id='word_1_53' title='bbox 1574 888 1826 957; x_wconf 83' lang='lat' dir='ltr'><strong>reperias.</strong></span> 
     </span>
    </p>
   </div>
   <div class='ocr_carea' id='block_1_8' title="bbox 1004 974 1762 1050">
    <p class='ocr_par' dir='ltr' id='par_1_8' title="bbox 1004 974 1762 1050">
     <span class='ocr_line' id='line_1_8' title="bbox 1004 974 1762 1050; baseline 0.003 -19"><span class='ocrx_word' id='word_1_54' title='bbox 1004 974 1332 1032; x_wconf 80' lang='lat' dir='ltr'><strong>EPISTOLA</strong></span> <span class='ocrx_word' id='word_1_55' title='bbox 1363 974 1578 1032; x_wconf 81' lang='lat' dir='ltr'><strong>LXXXI</strong></span> <span class='ocrx_word' id='word_1_56' title='bbox 1616 980 1634 1001; x_wconf 74' lang='grc' dir='ltr'><strong><em>ο</em></strong></span> <span class='ocrx_word' id='word_1_57' title='bbox 1666 979 1762 1050; x_wconf 90' lang='lat' dir='ltr'><strong>(a).</strong></span> 
     </span>
    </p>
   </div>
   <div class='ocr_carea' id='block_1_9' title="bbox 601 1067 2180 1142">
    <p class='ocr_par' dir='ltr' id='par_1_9' title="bbox 601 1067 2180 1142">
     <span class='ocr_line' id='line_1_9' title="bbox 601 1067 2180 1142; baseline -0.001 -16"><span class='ocrx_word' id='word_1_58' title='bbox 601 1067 940 1142; x_wconf 74' lang='lat' dir='ltr'><strong>Hieronymus</strong></span> <span class='ocrx_word' id='word_1_59' title='bbox 983 1069 1292 1140; x_wconf 76' lang='lat' dir='ltr'><strong>Augustino,</strong></span> <span class='ocrx_word' id='word_1_60' title='bbox 1342 1085 1584 1123; x_wconf 69' lang='lat' dir='ltr'><strong>excusans</strong></span> <span class='ocrx_word' id='word_1_61' title='bbox 1623 1068 1759 1137; x_wconf 88' lang='lat' dir='ltr'><strong>quod</strong></span> <span class='ocrx_word' id='word_1_62' title='bbox 1804 1069 1965 1138; x_wconf 90' lang='lat' dir='ltr'><strong>ipsius</strong></span> <span class='ocrx_word' id='word_1_63' title='bbox 2003 1069 2180 1124; x_wconf 88' lang='lat' dir='ltr'><strong>litteris</strong></span> 
     </span>
    </p>
   </div>
   <div class='ocr_carea' id='block_1_10' title="bbox 669 1160 2180 1232">
    <p class='ocr_par' dir='ltr' id='par_1_10' title="bbox 669 1160 2180 1232">
     <span class='ocr_line' id='line_1_10' title="bbox 669 1160 2180 1232; baseline -0.002 -14"><span class='ocrx_word' id='word_1_64' title='bbox 669 1163 978 1232; x_wconf 83' lang='lat' dir='ltr'><strong>responderit</strong></span> <span class='ocrx_word' id='word_1_65' title='bbox 1006 1161 1207 1216; x_wconf 89' lang='lat' dir='ltr'><strong>liberius</strong></span> <span class='ocrx_word' id='word_1_66' title='bbox 1238 1160 1467 1231; x_wconf 77' lang='lat' dir='ltr'><strong>Epistola</strong></span> <span class='ocrx_word' id='word_1_67' title='bbox 1490 1162 1577 1225; x_wconf 79' lang='lat'><strong>75,</strong></span> <span class='ocrx_word' id='word_1_68' title='bbox 1597 1177 1875 1232; x_wconf 71' lang='lat' dir='ltr'><strong>rogansque</strong></span> <span class='ocrx_word' id='word_1_69' title='bbox 1890 1171 1964 1224; x_wconf 87' lang='lat' dir='ltr'><strong>ut,</strong></span> <span class='ocrx_word' id='word_1_70' title='bbox 1983 1160 2180 1215; x_wconf 87' lang='lat' dir='ltr'><strong>omissis</strong></span> 
     </span>
    </p>
   </div>
   <div class='ocr_carea' id='block_1_11' title="bbox 672 1251 2180 1322">
    <p class='ocr_par' dir='ltr' id='par_1_11' title="bbox 672 1251 2180 1322">
     <span class='ocr_line' id='line_1_11' title="bbox 672 1251 2180 1322; baseline -0.003 -14"><span class='ocrx_word' id='word_1_71' title='bbox 672 1254 984 1308; x_wconf 55' lang='lat' dir='ltr'><strong>contentiosis</strong></span> <span class='ocrx_word' id='word_1_72' title='bbox 1037 1253 1390 1319; x_wconf 67' lang='lat' dir='ltr'><strong>questionibus</strong></span> <span class='ocrx_word' id='word_1_73' title='bbox 1413 1293 1432 1318; x_wconf 90' lang='lat'><strong>,</strong></span> <span class='ocrx_word' id='word_1_74' title='bbox 1480 1251 1713 1322; x_wconf 80' lang='lat' dir='ltr'><strong>deinceps</strong></span> <span class='ocrx_word' id='word_1_75' title='bbox 1759 1268 1924 1305; x_wconf 80' lang='lat' dir='ltr'><strong>secum</strong></span> <span class='ocrx_word' id='word_1_76' title='bbox 1971 1251 2180 1305; x_wconf 84' lang='lat' dir='ltr'><strong>invicem</strong></span> 
     </span>
    </p>
   </div>
   <div class='ocr_carea' id='block_1_12' title="bbox 666 1345 2179 1417">
    <p class='ocr_par' dir='ltr' id='par_1_12' title="bbox 666 1345 2179 1417">
     <span class='ocr_line' id='line_1_12' title="bbox 666 1345 2179 1417; baseline 0 -17"><span class='ocrx_word' id='word_1_77' title='bbox 666 1347 825 1400; x_wconf 86' lang='lat' dir='ltr'><strong>amice</strong></span> <span class='ocrx_word' id='word_1_78' title='bbox 849 1351 1140 1417; x_wconf 87' lang='lat' dir='ltr'><strong>conferant,</strong></span> <span class='ocrx_word' id='word_1_79' title='bbox 1168 1355 1212 1400; x_wconf 86' lang='lat' dir='ltr'><strong>et</strong></span> <span class='ocrx_word' id='word_1_80' title='bbox 1239 1345 1436 1416; x_wconf 83' lang='lat' dir='ltr'><strong>placide</strong></span> <span class='ocrx_word' id='word_1_81' title='bbox 1459 1355 1715 1400; x_wconf 72' lang='lat' dir='ltr'><strong>versentur</strong></span> <span class='ocrx_word' id='word_1_82' title='bbox 1739 1346 1791 1399; x_wconf 88' lang='lat' dir='ltr'><strong>in</strong></span> <span class='ocrx_word' id='word_1_83' title='bbox 1811 1361 1991 1416; x_wconf 87' lang='lat' dir='ltr'><strong>campo</strong></span> <span class='ocrx_word' id='word_1_84' title='bbox 2005 1362 2179 1400; x_wconf 86' lang='lat' dir='ltr'><strong>sacra-</strong></span> 
     </span>
    </p>
   </div>
   <div class='ocr_carea' id='block_1_13' title="bbox 666 1435 1204 1506">
    <p class='ocr_par' dir='ltr' id='par_1_13' title="bbox 666 1435 1204 1506">
     <span class='ocr_line' id='line_1_13' title="bbox 666 1435 1204 1506; baseline -0.004 -15"><span class='ocrx_word' id='word_1_85' title='bbox 666 1454 776 1492; x_wconf 85' lang='lat' dir='ltr'><strong>rum</strong></span> <span class='ocrx_word' id='word_1_86' title='bbox 802 1435 1204 1506; x_wconf 84' lang='lat' dir='ltr'><strong>Scripturarum.</strong></span> 
     </span>
    </p>
   </div>
   <div class='ocr_carea' id='block_1_14' title="bbox 598 1526 2176 1598">
    <p class='ocr_par' dir='ltr' id='par_1_14' title="bbox 598 1526 2176 1598">
     <span class='ocr_line' id='line_1_14' title="bbox 598 1526 2176 1598; baseline -0.001 -16"><span class='ocrx_word' id='word_1_87' title='bbox 598 1526 816 1583; x_wconf 89' lang='lat' dir='ltr'><strong>Domino</strong></span> <span class='ocrx_word' id='word_1_88' title='bbox 866 1545 977 1582; x_wconf 80' lang='lat' dir='ltr'><strong>uere</strong></span> <span class='ocrx_word' id='word_1_89' title='bbox 1017 1539 1191 1582; x_wconf 86' lang='lat' dir='ltr'><strong>sancto</strong></span> <span class='ocrx_word' id='word_1_90' title='bbox 1235 1537 1284 1596; x_wconf 82' lang='lat' dir='ltr'><strong>et</strong></span> <span class='ocrx_word' id='word_1_91' title='bbox 1317 1527 1600 1582; x_wconf 89' lang='lat' dir='ltr'><strong>beatissimo</strong></span> <span class='ocrx_word' id='word_1_92' title='bbox 1649 1542 1797 1598; x_wconf 71' lang='lat' dir='ltr'><strong>papa!</strong></span> <span class='ocrx_word' id='word_1_93' title='bbox 1835 1527 2134 1583; x_wconf 72' lang='lat' dir='ltr'><strong>AUGUSTINO</strong></span> <span class='ocrx_word' id='word_1_94' title='bbox 2161 1567 2176 1592; x_wconf 91' lang='lat'><strong>,</strong></span> 
     </span>
    </p>
   </div>
   <div class='ocr_carea' id='block_1_15' title="bbox 927 1603 1853 1686">
    <p class='ocr_par' dir='ltr' id='par_1_15' title="bbox 927 1603 1853 1686">
     <span class='ocr_line' id='line_1_15' title="bbox 927 1603 1853 1686; baseline -0.001 -14"><span class='ocrx_word' id='word_1_95' title='bbox 927 1617 1298 1686; x_wconf 74' lang='lat' dir='ltr'><strong>Hrenosvuus,</strong></span> <span class='ocrx_word' id='word_1_96' title='bbox 1325 1619 1378 1671; x_wconf 86' lang='lat' dir='ltr'><strong>in</strong></span> <span class='ocrx_word' id='word_1_97' title='bbox 1402 1616 1598 1672; x_wconf 83' lang='lat' dir='ltr'><strong>Christo</strong></span> <span class='ocrx_word' id='word_1_98' title='bbox 1619 1603 1853 1671; x_wconf 76' lang='lat' dir='ltr'><strong>salutem.</strong></span> 
     </span>
    </p>
   </div>
   <div class='ocr_carea' id='block_1_16' title="bbox 669 1707 2178 1781">
    <p class='ocr_par' dir='ltr' id='par_1_16' title="bbox 669 1707 2178 1781">
     <span class='ocr_line' id='line_1_16' title="bbox 669 1707 2178 1781; baseline -0.001 -18"><span class='ocrx_word' id='word_1_99' title='bbox 669 1707 793 1764; x_wconf 84' lang='lat' dir='ltr'><strong>Cum</strong></span> <span class='ocrx_word' id='word_1_100' title='bbox 833 1725 870 1762; x_wconf 81' lang='grc' dir='ltr'><em>α</em></span> <span class='ocrx_word' id='word_1_101' title='bbox 904 1720 1076 1762; x_wconf 86' lang='lat' dir='ltr'><strong>sancto</strong></span> <span class='ocrx_word' id='word_1_102' title='bbox 1117 1711 1274 1781; x_wconf 90' lang='lat' dir='ltr'><strong>fratre</strong></span> <span class='ocrx_word' id='word_1_103' title='bbox 1310 1719 1482 1763; x_wconf 85' lang='lat' dir='ltr'><strong>nostro</strong></span> <span class='ocrx_word' id='word_1_104' title='bbox 1532 1707 1706 1762; x_wconf 83' lang='lat' dir='ltr'><strong>Firmo</strong></span> <span class='ocrx_word' id='word_1_105' title='bbox 1733 1707 1750 1739; x_wconf 83' lang='grc'>¹</span> <span class='ocrx_word' id='word_1_106' title='bbox 1796 1707 2010 1762; x_wconf 88' lang='lat' dir='ltr'><strong>sollicite</strong></span> <span class='ocrx_word' id='word_1_107' title='bbox 2036 1722 2178 1778; x_wconf 72' lang='lat' dir='ltr'><strong>quae-</strong></span> 
     </span>
    </p>
   </div>
   <div class='ocr_carea' id='block_1_17' title="bbox 597 1797 2181 1872">
    <p class='ocr_par' dir='ltr' id='par_1_17' title="bbox 597 1797 2181 1872">
     <span class='ocr_line' id='line_1_17' title="bbox 597 1797 2181 1872; baseline -0.002 -18"><span class='ocrx_word' id='word_1_108' title='bbox 597 1818 756 1855; x_wconf 87' lang='lat' dir='ltr'><strong>rerem</strong></span> <span class='ocrx_word' id='word_1_109' title='bbox 795 1800 916 1872; x_wconf 84' lang='lat' dir='ltr'><strong>quid</strong></span> <span class='ocrx_word' id='word_1_110' title='bbox 955 1818 1156 1872; x_wconf 83' lang='lat' dir='ltr'><strong>ageres,</strong></span> <span class='ocrx_word' id='word_1_111' title='bbox 1198 1801 1432 1870; x_wconf 76' lang='lat' dir='ltr'><strong>sospitem</strong></span> <span class='ocrx_word' id='word_1_112' title='bbox 1476 1811 1523 1855; x_wconf 91' lang='lat' dir='ltr'><strong>te</strong></span> <span class='ocrx_word' id='word_1_113' title='bbox 1564 1801 1708 1855; x_wconf 68' lang='lat' dir='ltr'><strong>lwtus</strong></span> <span class='ocrx_word' id='word_1_114' title='bbox 1741 1800 1928 1853; x_wconf 83' lang='lat' dir='ltr'><strong>audiui.</strong></span> <span class='ocrx_word' id='word_1_115' title='bbox 1961 1797 2181 1853; x_wconf 83' lang='lat' dir='ltr'><strong>Rursum</strong></span> 
     </span>
    </p>
   </div>
   <div class='ocr_carea' id='block_1_18' title="bbox 597 1889 2179 1960">
    <p class='ocr_par' dir='ltr' id='par_1_18' title="bbox 597 1889 2179 1960">
     <span class='ocr_line' id='line_1_18' title="bbox 597 1889 2179 1960; baseline -0.001 -16"><span class='ocrx_word' id='word_1_116' title='bbox 597 1908 709 1944; x_wconf 88' lang='lat' dir='ltr'><strong>cum</strong></span> <span class='ocrx_word' id='word_1_117' title='bbox 738 1902 851 1945; x_wconf 91' lang='lat' dir='ltr'><strong>tuas</strong></span> <span class='ocrx_word' id='word_1_118' title='bbox 875 1891 1065 1945; x_wconf 83' lang='lat' dir='ltr'><strong>litteras</strong></span> <span class='ocrx_word' id='word_1_119' title='bbox 1092 1909 1190 1945; x_wconf 90' lang='lat' dir='ltr'><strong>non</strong></span> <span class='ocrx_word' id='word_1_120' title='bbox 1216 1891 1329 1944; x_wconf 87' lang='lat' dir='ltr'><strong>dico</strong></span> <span class='ocrx_word' id='word_1_121' title='bbox 1354 1905 1636 1960; x_wconf 79' lang='lat' dir='ltr'><strong>sperarent,</strong></span> <span class='ocrx_word' id='word_1_122' title='bbox 1669 1889 1756 1945; x_wconf 87' lang='lat' dir='ltr'><strong>sed</strong></span> <span class='ocrx_word' id='word_1_123' title='bbox 1789 1889 2068 1960; x_wconf 72' lang='lat' dir='ltr'><strong>exigerem;</strong></span> <span class='ocrx_word' id='word_1_124' title='bbox 2090 1907 2179 1942; x_wconf 87' lang='lat' dir='ltr'><strong>ne-</strong></span> 
     </span>
    </p>
   </div>
   <div class='ocr_carea' id='block_1_19' title="bbox 597 1978 2180 2055">
    <p class='ocr_par' dir='ltr' id='par_1_19' title="bbox 597 1978 2180 2055">
     <span class='ocr_line' id='line_1_19' title="bbox 597 1978 2180 2055; baseline -0.003 -17"><span class='ocrx_word' id='word_1_125' title='bbox 597 1985 779 2038; x_wconf 80' lang='lat' dir='ltr'><strong>sciente</strong></span> <span class='ocrx_word' id='word_1_126' title='bbox 798 1993 864 2048; x_wconf 88' lang='lat' dir='ltr'><strong>te,</strong></span> <span class='ocrx_word' id='word_1_127' title='bbox 888 1984 950 2037; x_wconf 89' lang='lat' dir='ltr'><strong>de</strong></span> <span class='ocrx_word' id='word_1_128' title='bbox 970 1983 1041 2051; x_wconf 80' lang='lat' dir='ltr'><strong>Af</strong></span> <span class='ocrx_word' id='word_1_129' title='bbox 1041 1983 1143 2037; x_wconf 84' lang='lat' dir='ltr'><strong>rica</strong></span> <span class='ocrx_word' id='word_1_130' title='bbox 1162 1999 1214 2037; x_wconf 91' lang='lat' dir='ltr'><strong>se</strong></span> <span class='ocrx_word' id='word_1_131' title='bbox 1233 1986 1508 2055; x_wconf 82' lang='lat' dir='ltr'><strong>profectum</strong></span> <span class='ocrx_word' id='word_1_132' title='bbox 1531 1999 1634 2036; x_wconf 89' lang='lat' dir='ltr'><strong>esse</strong></span> <span class='ocrx_word' id='word_1_133' title='bbox 1653 1981 1798 2036; x_wconf 72' lang='lat' dir='ltr'><strong>dixit.</strong></span> <span class='ocrx_word' id='word_1_134' title='bbox 1826 1978 2003 2054; x_wconf 85' lang='lat' dir='ltr'><strong>Itaque</strong></span> <span class='ocrx_word' id='word_1_135' title='bbox 2025 1981 2180 2036; x_wconf 88' lang='lat' dir='ltr'><strong>reddo</strong></span> 
     </span>
    </p>
   </div>
   <div class='ocr_carea' id='block_1_20' title="bbox 599 2074 2182 2149">
    <p class='ocr_par' dir='ltr' id='par_1_20' title="bbox 599 2074 2182 2149">
     <span class='ocr_line' id='line_1_20' title="bbox 599 2074 2182 2149; baseline -0.002 -18"><span class='ocrx_word' id='word_1_136' title='bbox 599 2079 687 2131; x_wconf 87' lang='lat' dir='ltr'><strong>tibi</strong></span> <span class='ocrx_word' id='word_1_137' title='bbox 741 2095 830 2149; x_wconf 88' lang='lat' dir='ltr'><strong>per</strong></span> <span class='ocrx_word' id='word_1_138' title='bbox 877 2095 988 2131; x_wconf 89' lang='lat' dir='ltr'><strong>eum</strong></span> <span class='ocrx_word' id='word_1_139' title='bbox 1036 2076 1358 2130; x_wconf 81' lang='lat' dir='ltr'><strong>salutationis</strong></span> <span class='ocrx_word' id='word_1_140' title='bbox 1403 2074 1590 2147; x_wconf 76' lang='lat' dir='ltr'><strong>ofﬁcia,</strong></span> <span class='ocrx_word' id='word_1_141' title='bbox 1629 2075 1716 2146; x_wconf 87' lang='lat' dir='ltr'><strong>qui</strong></span> <span class='ocrx_word' id='word_1_142' title='bbox 1757 2085 1804 2129; x_wconf 89' lang='lat' dir='ltr'><strong>te</strong></span> <span class='ocrx_word' id='word_1_143' title='bbox 1842 2077 1988 2128; x_wconf 85' lang='lat' dir='ltr'><strong>unico</strong></span> <span class='ocrx_word' id='word_1_144' title='bbox 2013 2091 2182 2128; x_wconf 89' lang='lat' dir='ltr'><strong>amore</strong></span> 
     </span>
    </p>
   </div>
   <div class='ocr_carea' id='block_1_21' title="bbox 597 2165 2177 2237">
    <p class='ocr_par' dir='ltr' id='par_1_21' title="bbox 597 2165 2177 2237">
     <span class='ocr_line' id='line_1_21' title="bbox 597 2165 2177 2237; baseline -0.003 -15"><span class='ocrx_word' id='word_1_145' title='bbox 597 2167 944 2237; x_wconf 83' lang='lat' dir='ltr'><strong>complectitur</strong></span> <span class='ocrx_word' id='word_1_146' title='bbox 965 2184 983 2221; x_wconf 92' lang='lat'><strong><em>:</em></strong></span> <span class='ocrx_word' id='word_1_147' title='bbox 1001 2167 1247 2237; x_wconf 83' lang='lat' dir='ltr'><strong>simulque</strong></span> <span class='ocrx_word' id='word_1_148' title='bbox 1275 2166 1477 2219; x_wconf 85' lang='lat' dir='ltr'><strong>obsecro</strong></span> <span class='ocrx_word' id='word_1_149' title='bbox 1506 2176 1560 2219; x_wconf 87' lang='lat' dir='ltr'><strong>ut</strong></span> <span class='ocrx_word' id='word_1_150' title='bbox 1591 2166 1822 2236; x_wconf 85' lang='lat' dir='ltr'><strong>ignoscas</strong></span> <span class='ocrx_word' id='word_1_151' title='bbox 1848 2165 2031 2235; x_wconf 88' lang='lat' dir='ltr'><strong>pudori</strong></span> <span class='ocrx_word' id='word_1_152' title='bbox 2049 2180 2177 2233; x_wconf 88' lang='lat' dir='ltr'><strong>meo,</strong></span> 
     </span>
    </p>
   </div>
   <div class='ocr_carea' id='block_1_22' title="bbox 596 2255 2176 2329">
    <p class='ocr_par' dir='ltr' id='par_1_22' title="bbox 596 2255 2176 2329">
     <span class='ocr_line' id='line_1_22' title="bbox 596 2255 2176 2329; baseline -0.001 -17"><span class='ocrx_word' id='word_1_153' title='bbox 596 2259 734 2329; x_wconf 83' lang='lat' dir='ltr'><strong>quod</strong></span> <span class='ocrx_word' id='word_1_154' title='bbox 761 2259 848 2311; x_wconf 86' lang='lat' dir='ltr'><strong>diu</strong></span> <span class='ocrx_word' id='word_1_155' title='bbox 887 2258 1198 2328; x_wconf 69' lang='lat' dir='ltr'><strong>pra-cipienti</strong></span> <span class='ocrx_word' id='word_1_156' title='bbox 1227 2269 1281 2310; x_wconf 89' lang='lat' dir='ltr'><strong>ut</strong></span> <span class='ocrx_word' id='word_1_157' title='bbox 1309 2255 1625 2310; x_wconf 83' lang='lat' dir='ltr'><strong>rescriberem</strong></span> <span class='ocrx_word' id='word_1_158' title='bbox 1645 2299 1658 2320; x_wconf 93' lang='lat'><strong>,</strong></span> <span class='ocrx_word' id='word_1_159' title='bbox 1686 2273 1868 2327; x_wconf 84' lang='lat' dir='ltr'><strong>negare</strong></span> <span class='ocrx_word' id='word_1_160' title='bbox 1894 2274 1992 2310; x_wconf 89' lang='lat' dir='ltr'><strong>non</strong></span> <span class='ocrx_word' id='word_1_161' title='bbox 2020 2257 2176 2327; x_wconf 83' lang='lat' dir='ltr'><strong>potui.</strong></span> 
     </span>
    </p>
   </div>
   <div class='ocr_carea' id='block_1_23' title="bbox 604 2347 2181 2421">
    <p class='ocr_par' dir='ltr' id='par_1_23' title="bbox 604 2347 2181 2421">
     <span class='ocr_line' id='line_1_23' title="bbox 604 2347 2181 2421; baseline 0.001 -19"><span class='ocrx_word' id='word_1_162' title='bbox 604 2349 710 2403; x_wconf 77' lang='lat' dir='ltr'><strong>Nec</strong></span> <span class='ocrx_word' id='word_1_163' title='bbox 755 2365 846 2420; x_wconf 90' lang='lat' dir='ltr'><strong>ego</strong></span> <span class='ocrx_word' id='word_1_164' title='bbox 891 2347 1009 2413; x_wconf 89' lang='lat' dir='ltr'><strong>tibi,</strong></span> <span class='ocrx_word' id='word_1_165' title='bbox 1058 2347 1148 2403; x_wconf 77' lang='lat' dir='ltr'><strong>sed</strong></span> <span class='ocrx_word' id='word_1_166' title='bbox 1185 2365 1352 2403; x_wconf 62' lang='lat' dir='ltr'><strong>causae</strong></span> <span class='ocrx_word' id='word_1_167' title='bbox 1380 2365 1534 2402; x_wconf 87' lang='lat' dir='ltr'><strong>causa</strong></span> <span class='ocrx_word' id='word_1_168' title='bbox 1563 2349 1839 2421; x_wconf 86' lang='lat' dir='ltr'><strong>respondit.</strong></span> <span class='ocrx_word' id='word_1_169' title='bbox 1874 2348 1939 2403; x_wconf 85' lang='lat' dir='ltr'><strong>Et</strong></span> <span class='ocrx_word' id='word_1_170' title='bbox 1962 2349 2007 2404; x_wconf 88' lang='lat' dir='ltr'><strong>si</strong></span> <span class='ocrx_word' id='word_1_171' title='bbox 2031 2351 2181 2420; x_wconf 88' lang='lat' dir='ltr'><strong>culpa</strong></span> 
     </span>
    </p>
   </div>
   <div class='ocr_carea' id='block_1_24' title="bbox 598 2439 2184 2512">
    <p class='ocr_par' dir='ltr' id='par_1_24' title="bbox 598 2439 2184 2512">
     <span class='ocr_line' id='line_1_24' title="bbox 598 2439 2184 2512; baseline 0 -17"><span class='ocrx_word' id='word_1_172' title='bbox 598 2448 670 2495; x_wconf 85' lang='lat' dir='ltr'><strong>est</strong></span> <span class='ocrx_word' id='word_1_173' title='bbox 693 2440 1037 2512; x_wconf 89' lang='lat' dir='ltr'><strong>respondisse,</strong></span> <span class='ocrx_word' id='word_1_174' title='bbox 1067 2456 1236 2508; x_wconf 75' lang='lat' dir='ltr'><strong>quteso</strong></span> <span class='ocrx_word' id='word_1_175' title='bbox 1263 2449 1314 2492; x_wconf 90' lang='lat' dir='ltr'><strong>ut</strong></span> <span class='ocrx_word' id='word_1_176' title='bbox 1340 2439 1585 2512; x_wconf 82' lang='lat' dir='ltr'><strong>patienter</strong></span> <span class='ocrx_word' id='word_1_177' title='bbox 1609 2439 1805 2503; x_wconf 89' lang='lat' dir='ltr'><strong>audias,</strong></span> <span class='ocrx_word' id='word_1_178' title='bbox 1837 2441 1994 2494; x_wconf 88' lang='lat' dir='ltr'><strong>multo</strong></span> <span class='ocrx_word' id='word_1_179' title='bbox 2019 2441 2184 2509; x_wconf 88' lang='lat' dir='ltr'><strong>major</strong></span> 
     </span>
    </p>
   </div>
   <div class='ocr_carea' id='block_1_25' title="bbox 598 2528 2183 2602">
    <p class='ocr_par' dir='ltr' id='par_1_25' title="bbox 598 2528 2183 2602">
     <span class='ocr_line' id='line_1_25' title="bbox 598 2528 2183 2602; baseline -0.001 -18"><span class='ocrx_word' id='word_1_180' title='bbox 598 2539 671 2584; x_wconf 81' lang='lat' dir='ltr'><strong>est</strong></span> <span class='ocrx_word' id='word_1_181' title='bbox 694 2546 1006 2602; x_wconf 80' lang='lat' dir='ltr'><strong>provocasse.</strong></span> <span class='ocrx_word' id='word_1_182' title='bbox 1032 2528 1136 2584; x_wconf 87' lang='lat' dir='ltr'><strong>Sed</strong></span> <span class='ocrx_word' id='word_1_183' title='bbox 1156 2533 1406 2600; x_wconf 82' lang='lat' dir='ltr'><strong>facessunt</strong></span> <span class='ocrx_word' id='word_1_184' title='bbox 1429 2529 1714 2584; x_wconf 87' lang='lat' dir='ltr'><strong>istiusmodi</strong></span> <span class='ocrx_word' id='word_1_185' title='bbox 1730 2530 2058 2602; x_wconf 72' lang='lat' dir='ltr'><strong>querimonia:</strong></span> <span class='ocrx_word' id='word_1_186' title='bbox 2080 2531 2183 2585; x_wconf 90' lang='lat' dir='ltr'><strong>:sit</strong></span> 
     </span>
    </p>
   </div>
   <div class='ocr_carea' id='block_1_26' title="bbox 598 2622 2176 2693">
    <p class='ocr_par' dir='ltr' id='par_1_26' title="bbox 598 2622 2176 2693">
     <span class='ocr_line' id='line_1_26' title="bbox 598 2622 2176 2693; baseline -0.001 -19"><span class='ocrx_word' id='word_1_187' title='bbox 598 2622 726 2675; x_wconf 85' lang='lat' dir='ltr'><strong>inter</strong></span> <span class='ocrx_word' id='word_1_188' title='bbox 753 2639 842 2675; x_wconf 91' lang='lat' dir='ltr'><strong>nos</strong></span> <span class='ocrx_word' id='word_1_189' title='bbox 867 2639 1000 2693; x_wconf 88' lang='lat' dir='ltr'><strong>pura</strong></span> <span class='ocrx_word' id='word_1_190' title='bbox 1025 2623 1359 2692; x_wconf 81' lang='lat' dir='ltr'><strong>germanitas;</strong></span> <span class='ocrx_word' id='word_1_191' title='bbox 1383 2631 1429 2676; x_wconf 88' lang='lat' dir='ltr'><strong>et</strong></span> <span class='ocrx_word' id='word_1_192' title='bbox 1455 2622 1685 2692; x_wconf 85' lang='lat' dir='ltr'><strong>deinceps</strong></span> <span class='ocrx_word' id='word_1_193' title='bbox 1707 2638 1806 2676; x_wconf 91' lang='lat' dir='ltr'><strong>non</strong></span> <span class='ocrx_word' id='word_1_194' title='bbox 1827 2622 2176 2689; x_wconf 71' lang='lat' dir='ltr'><strong>quwstionum,</strong></span> 
     </span>
    </p>
   </div>
   <div class='ocr_carea' id='block_1_27' title="bbox 597 2711 2180 2781">
    <p class='ocr_par' dir='ltr' id='par_1_27' title="bbox 597 2711 2180 2781">
     <span class='ocr_line' id='line_1_27' title="bbox 597 2711 2180 2781; baseline -0.003 -13"><span class='ocrx_word' id='word_1_195' title='bbox 597 2713 686 2768; x_wconf 86' lang='lat' dir='ltr'><strong>sed</strong></span> <span class='ocrx_word' id='word_1_196' title='bbox 718 2711 976 2766; x_wconf 87' lang='lat' dir='ltr'><strong>charitatis</strong></span> <span class='ocrx_word' id='word_1_197' title='bbox 996 2711 1064 2764; x_wconf 90' lang='lat' dir='ltr'><strong>ad</strong></span> <span class='ocrx_word' id='word_1_198' title='bbox 1092 2729 1181 2767; x_wconf 90' lang='lat' dir='ltr'><strong>nos</strong></span> <span class='ocrx_word' id='word_1_199' title='bbox 1205 2714 1394 2781; x_wconf 85' lang='lat' dir='ltr'><strong>scripta</strong></span> <span class='ocrx_word' id='word_1_200' title='bbox 1425 2711 1698 2766; x_wconf 88' lang='lat' dir='ltr'><strong>mittamus.</strong></span> <span class='ocrx_word' id='word_1_201' title='bbox 1729 2713 1906 2766; x_wconf 86' lang='lat' dir='ltr'><strong>Sancti</strong></span> <span class='ocrx_word' id='word_1_202' title='bbox 1933 2712 2112 2780; x_wconf 76' lang='lat' dir='ltr'><strong>fratres</strong></span> <span class='ocrx_word' id='word_1_203' title='bbox 2136 2713 2180 2779; x_wconf 82' lang='lat'><strong>’,</strong></span> 
     </span>
    </p>
   </div>
   <div class='ocr_carea' id='block_1_28' title="bbox 596 2799 2179 2875">
    <p class='ocr_par' dir='ltr' id='par_1_28' title="bbox 596 2799 2179 2875">
     <span class='ocr_line' id='line_1_28' title="bbox 596 2799 2179 2875; baseline 0 -19"><span class='ocrx_word' id='word_1_204' title='bbox 596 2805 683 2875; x_wconf 90' lang='lat' dir='ltr'><strong>qui</strong></span> <span class='ocrx_word' id='word_1_205' title='bbox 743 2802 997 2857; x_wconf 88' lang='lat' dir='ltr'><strong>nobiscum</strong></span> <span class='ocrx_word' id='word_1_206' title='bbox 1061 2801 1279 2856; x_wconf 86' lang='lat' dir='ltr'><strong>Domino</strong></span> <span class='ocrx_word' id='word_1_207' title='bbox 1322 2802 1574 2870; x_wconf 85' lang='lat' dir='ltr'><strong>serviunt,</strong></span> <span class='ocrx_word' id='word_1_208' title='bbox 1621 2799 1817 2869; x_wconf 62' lang='lat' dir='ltr'><strong>aiatim</strong></span> <span class='ocrx_word' id='word_1_209' title='bbox 1855 2811 1902 2855; x_wconf 88' lang='lat' dir='ltr'><strong>te</strong></span> <span class='ocrx_word' id='word_1_210' title='bbox 1940 2803 2179 2856; x_wconf 89' lang='lat' dir='ltr'><strong>salutant.</strong></span> 
     </span>
    </p>
   </div>
   <div class='ocr_carea' id='block_1_29' title="bbox 605 2892 2186 2966">
    <p class='ocr_par' dir='ltr' id='par_1_29' title="bbox 605 2892 2186 2966">
     <span class='ocr_line' id='line_1_29' title="bbox 605 2892 2186 2966; baseline -0.003 -14"><span class='ocrx_word' id='word_1_211' title='bbox 605 2896 818 2953; x_wconf 88' lang='lat' dir='ltr'><strong>Sanctos</strong></span> <span class='ocrx_word' id='word_1_212' title='bbox 846 2896 930 2966; x_wconf 86' lang='lat' dir='ltr'><strong>qui</strong></span> <span class='ocrx_word' id='word_1_213' title='bbox 960 2904 1120 2950; x_wconf 87' lang='lat' dir='ltr'><strong>tecum</strong></span> <span class='ocrx_word' id='word_1_214' title='bbox 1145 2892 1334 2950; x_wconf 83' lang='lat' dir='ltr'><strong>Christi</strong></span> <span class='ocrx_word' id='word_1_215' title='bbox 1361 2894 1464 2949; x_wconf 83' lang='lat' dir='ltr'><strong>leve</strong></span> <span class='ocrx_word' id='word_1_216' title='bbox 1489 2893 1697 2948; x_wconf 87' lang='lat' dir='ltr'><strong>trahunt</strong></span> <span class='ocrx_word' id='word_1_217' title='bbox 1710 2895 1917 2966; x_wconf 87' lang='lat' dir='ltr'><strong>jugum,</strong></span> <span class='ocrx_word' id='word_1_218' title='bbox 1936 2894 2186 2965; x_wconf 72' lang='lat' dir='ltr'><strong>prtecipue</strong></span> 
     </span>
    </p>
   </div>
   <div class='ocr_carea' id='block_1_30' title="bbox 599 2983 2187 3058">
    <p class='ocr_par' dir='ltr' id='par_1_30' title="bbox 599 2983 2187 3058">
     <span class='ocr_line' id='line_1_30' title="bbox 599 2983 2187 3058; baseline -0.003 -16"><span class='ocrx_word' id='word_1_219' title='bbox 599 2996 825 3042; x_wconf 88' lang='lat' dir='ltr'><strong>sanctum</strong></span> <span class='ocrx_word' id='word_1_220' title='bbox 851 2996 898 3040; x_wconf 88' lang='lat' dir='ltr'><strong>et</strong></span> <span class='ocrx_word' id='word_1_221' title='bbox 925 2986 1296 3056; x_wconf 88' lang='lat' dir='ltr'><strong>suscipiendum</strong></span> <span class='ocrx_word' id='word_1_222' title='bbox 1324 3002 1508 3057; x_wconf 85' lang='lat' dir='ltr'><strong>papam</strong></span> <span class='ocrx_word' id='word_1_223' title='bbox 1533 2983 1799 3058; x_wconf 80' lang='lat' dir='ltr'><strong>Alypium,</strong></span> <span class='ocrx_word' id='word_1_224' title='bbox 1827 2993 1881 3038; x_wconf 88' lang='lat' dir='ltr'><strong>ut</strong></span> <span class='ocrx_word' id='word_1_225' title='bbox 1909 3001 2017 3038; x_wconf 90' lang='lat' dir='ltr'><strong>meo</strong></span> <span class='ocrx_word' id='word_1_226' title='bbox 2046 2983 2187 3038; x_wconf 88' lang='lat' dir='ltr'><strong>obse-</strong></span> 
     </span>
    </p>
   </div>
   <div class='ocr_carea' id='block_1_31' title="bbox 599 3074 2181 3150">
    <p class='ocr_par' dir='ltr' id='par_1_31' title="bbox 599 3074 2181 3150">
     <span class='ocr_line' id='line_1_31' title="bbox 599 3074 2181 3150; baseline 0.001 -21"><span class='ocrx_word' id='word_1_227' title='bbox 599 3078 716 3150; x_wconf 88' lang='lat' dir='ltr'><strong>quio</strong></span> <span class='ocrx_word' id='word_1_228' title='bbox 759 3078 974 3143; x_wconf 78' lang='lat' dir='ltr'><strong>salutes,</strong></span> <span class='ocrx_word' id='word_1_229' title='bbox 1024 3094 1217 3147; x_wconf 87' lang='lat' dir='ltr'><strong>precor.</strong></span> <span class='ocrx_word' id='word_1_230' title='bbox 1267 3074 1581 3131; x_wconf 81' lang='lat' dir='ltr'><strong>Incolumem</strong></span> <span class='ocrx_word' id='word_1_231' title='bbox 1620 3087 1667 3130; x_wconf 83' lang='lat' dir='ltr'><strong>te</strong></span> <span class='ocrx_word' id='word_1_232' title='bbox 1693 3085 1741 3130; x_wconf 89' lang='lat' dir='ltr'><strong>et</strong></span> <span class='ocrx_word' id='word_1_233' title='bbox 1766 3093 2033 3130; x_wconf 86' lang='lat' dir='ltr'><strong>memorem</strong></span> <span class='ocrx_word' id='word_1_234' title='bbox 2057 3077 2181 3143; x_wconf 87' lang='lat' dir='ltr'><strong>mei,</strong></span> 
     </span>
    </p>
   </div>
   <div class='ocr_carea' id='block_1_32' title="bbox 601 3164 2186 3246">
    <p class='ocr_par' dir='ltr' id='par_1_32' title="bbox 601 3164 2186 3246">
     <span class='ocr_line' id='line_1_32' title="bbox 601 3164 2186 3246; baseline 0.003 -28"><span class='ocrx_word' id='word_1_235' title='bbox 601 3164 828 3219; x_wconf 80' lang='lat' dir='ltr'><strong>Christus</strong></span> <span class='ocrx_word' id='word_1_236' title='bbox 877 3164 1013 3218; x_wconf 87' lang='lat' dir='ltr'><strong>Deus</strong></span> <span class='ocrx_word' id='word_1_237' title='bbox 1060 3176 1226 3219; x_wconf 88' lang='lat' dir='ltr'><strong>noster</strong></span> <span class='ocrx_word' id='word_1_238' title='bbox 1255 3177 1454 3220; x_wconf 86' lang='lat' dir='ltr'><strong>tueatur</strong></span> <span class='ocrx_word' id='word_1_239' title='bbox 1479 3167 1822 3238; x_wconf 89' lang='lat' dir='ltr'><strong>omnipotens,</strong></span> <span class='ocrx_word' id='word_1_240' title='bbox 1848 3168 2048 3246; x_wconf 77' lang='lat' dir='ltr'><strong>domine</strong></span> <span class='ocrx_word' id='word_1_241' title='bbox 2076 3186 2186 3223; x_wconf 82' lang='lat' dir='ltr'><strong>vere</strong></span> 
     </span>
    </p>
   </div>
   <div class='ocr_carea' id='block_1_33' title="bbox 599 3253 2182 3330">
    <p class='ocr_par' dir='ltr' id='par_1_33' title="bbox 599 3253 2182 3330">
     <span class='ocr_line' id='line_1_33' title="bbox 599 3253 2182 3330; baseline 0.002 -19"><span class='ocrx_word' id='word_1_242' title='bbox 599 3265 773 3311; x_wconf 85' lang='lat' dir='ltr'><strong>sancte</strong></span> <span class='ocrx_word' id='word_1_243' title='bbox 817 3265 866 3312; x_wconf 81' lang='lat' dir='ltr'><strong>et</strong></span> <span class='ocrx_word' id='word_1_244' title='bbox 915 3253 1194 3310; x_wconf 85' lang='lat' dir='ltr'><strong>beatissime</strong></span> <span class='ocrx_word' id='word_1_245' title='bbox 1236 3273 1386 3328; x_wconf 87' lang='lat' dir='ltr'><strong>papa.</strong></span> <span class='ocrx_word' id='word_1_246' title='bbox 1431 3256 1492 3312; x_wconf 89' lang='lat' dir='ltr'><strong>Si</strong></span> <span class='ocrx_word' id='word_1_247' title='bbox 1523 3257 1684 3329; x_wconf 87' lang='lat' dir='ltr'><strong>legisti</strong></span> <span class='ocrx_word' id='word_1_248' title='bbox 1712 3257 1888 3312; x_wconf 87' lang='lat' dir='ltr'><strong>librum</strong></span> <span class='ocrx_word' id='word_1_249' title='bbox 1918 3259 2182 3330; x_wconf 74' lang='lat' dir='ltr'><strong>Explana-</strong></span> 
     </span>
    </p>
   </div>
   <div class='ocr_carea' id='block_1_34' title="bbox 602 3347 2186 3420">
    <p class='ocr_par' dir='ltr' id='par_1_34' title="bbox 602 3347 2186 3420">
     <span class='ocr_line' id='line_1_34' title="bbox 602 3347 2186 3420; baseline 0.002 -17"><span class='ocrx_word' id='word_1_250' title='bbox 602 3351 791 3403; x_wconf 79' lang='lat' dir='ltr'><strong>tionum</strong></span> <span class='ocrx_word' id='word_1_251' title='bbox 828 3350 881 3403; x_wconf 84' lang='lat' dir='ltr'><strong>in</strong></span> <span class='ocrx_word' id='word_1_252' title='bbox 922 3347 1144 3416; x_wconf 73' lang='lat' dir='ltr'><strong>Ionam,</strong></span> <span class='ocrx_word' id='word_1_253' title='bbox 1188 3359 1310 3420; x_wconf 90' lang='lat' dir='ltr'><strong>puto</strong></span> <span class='ocrx_word' id='word_1_254' title='bbox 1345 3349 1476 3420; x_wconf 87' lang='lat' dir='ltr'><strong>quod</strong></span> <span class='ocrx_word' id='word_1_255' title='bbox 1500 3349 1765 3404; x_wconf 87' lang='lat' dir='ltr'><strong>ridiculam</strong></span> <span class='ocrx_word' id='word_1_256' title='bbox 1791 3351 2060 3406; x_wconf 79' lang='lat' dir='ltr'><strong>cucurbin</strong></span> <span class='ocrx_word' id='word_1_257' title='bbox 2084 3369 2186 3407; x_wconf 86' lang='lat' dir='ltr'><strong>non</strong></span> 
     </span>
    </p>
   </div>
   <div class='ocr_carea' id='block_1_35' title="bbox 601 3439 2182 3512">
    <p class='ocr_par' dir='ltr' id='par_1_35' title="bbox 601 3439 2182 3512">
     <span class='ocr_line' id='line_1_35' title="bbox 601 3439 2182 3512; baseline 0.003 -19"><span class='ocrx_word' id='word_1_258' title='bbox 601 3440 813 3510; x_wconf 83' lang='lat' dir='ltr'><strong>recipias</strong></span> <span class='ocrx_word' id='word_1_259' title='bbox 856 3441 1196 3510; x_wconf 63' lang='lat' dir='ltr'><strong>quastionem.</strong></span> <span class='ocrx_word' id='word_1_260' title='bbox 1251 3439 1310 3494; x_wconf 91' lang='lat' dir='ltr'><strong>Si</strong></span> <span class='ocrx_word' id='word_1_261' title='bbox 1339 3451 1502 3494; x_wconf 89' lang='lat' dir='ltr'><strong>autem</strong></span> <span class='ocrx_word' id='word_1_262' title='bbox 1529 3441 1716 3494; x_wconf 89' lang='lat' dir='ltr'><strong>amicus</strong></span> <span class='ocrx_word' id='word_1_263' title='bbox 1735 3483 1748 3505; x_wconf 97' lang='lat'><strong>,</strong></span> <span class='ocrx_word' id='word_1_264' title='bbox 1774 3441 1860 3512; x_wconf 89' lang='lat' dir='ltr'><strong>qui</strong></span> <span class='ocrx_word' id='word_1_265' title='bbox 1889 3459 1964 3495; x_wconf 89' lang='lat' dir='ltr'><strong>me</strong></span> <span class='ocrx_word' id='word_1_266' title='bbox 1993 3444 2182 3512; x_wconf 86' lang='lat' dir='ltr'><strong>primus</strong></span> 
     </span>
    </p>
   </div>
   <div class='ocr_carea' id='block_1_36' title="bbox 601 3530 2184 3601">
    <p class='ocr_par' dir='ltr' id='par_1_36' title="bbox 601 3530 2184 3601">
     <span class='ocr_line' id='line_1_36' title="bbox 601 3530 2184 3601; baseline 0.001 -17"><span class='ocrx_word' id='word_1_267' title='bbox 601 3530 772 3601; x_wconf 85' lang='lat' dir='ltr'><strong>gladio</strong></span> <span class='ocrx_word' id='word_1_268' title='bbox 825 3531 996 3600; x_wconf 87' lang='lat' dir='ltr'><strong>petiit,</strong></span> <span class='ocrx_word' id='word_1_269' title='bbox 1045 3530 1162 3586; x_wconf 87' lang='lat' dir='ltr'><strong>stilo</strong></span> <span class='ocrx_word' id='word_1_270' title='bbox 1208 3531 1437 3601; x_wconf 85' lang='lat' dir='ltr'><strong>repulsus</strong></span> <span class='ocrx_word' id='word_1_271' title='bbox 1475 3539 1586 3594; x_wconf 85' lang='lat' dir='ltr'><strong>est;</strong></span> <span class='ocrx_word' id='word_1_272' title='bbox 1628 3531 1689 3583; x_wconf 85' lang='lat' dir='ltr'><strong>sit</strong></span> <span class='ocrx_word' id='word_1_273' title='bbox 1723 3531 2046 3585; x_wconf 86' lang='lat' dir='ltr'><strong>humanitatis</strong></span> <span class='ocrx_word' id='word_1_274' title='bbox 2084 3541 2184 3586; x_wconf 76' lang='lat' dir='ltr'><strong>tua:</strong></span> 
     </span>
    </p>
   </div>
   <div class='ocr_carea' id='block_1_37' title="bbox 603 3621 2181 3692">
    <p class='ocr_par' dir='ltr' id='par_1_37' title="bbox 603 3621 2181 3692">
     <span class='ocr_line' id='line_1_37' title="bbox 603 3621 2181 3692; baseline 0.001 -18"><span class='ocrx_word' id='word_1_275' title='bbox 603 3630 752 3689; x_wconf 85' lang='lat' dir='ltr'><strong>atque</strong></span> <span class='ocrx_word' id='word_1_276' title='bbox 782 3621 1033 3692; x_wconf 67' lang='lat' dir='ltr'><strong>justitiar,</strong></span> <span class='ocrx_word' id='word_1_277' title='bbox 1072 3630 1389 3674; x_wconf 88' lang='lat' dir='ltr'><strong>accusantem</strong></span> <span class='ocrx_word' id='word_1_278' title='bbox 1425 3621 1814 3691; x_wconf 75' lang='lat' dir='ltr'><strong>reprehendere,</strong></span> <span class='ocrx_word' id='word_1_279' title='bbox 1843 3639 1941 3675; x_wconf 87' lang='lat' dir='ltr'><strong>non</strong></span> <span class='ocrx_word' id='word_1_280' title='bbox 1971 3639 2181 3691; x_wconf 84' lang='lat' dir='ltr'><strong>respon-</strong></span> 
     </span>
    </p>
   </div>
   <div class='ocr_carea' id='block_1_38' title="bbox 605 3707 2181 3782">
    <p class='ocr_par' dir='ltr' id='par_1_38' title="bbox 605 3707 2181 3782">
     <span class='ocr_line' id='line_1_38' title="bbox 605 3707 2181 3782; baseline 0.005 -20"><span class='ocrx_word' id='word_1_281' title='bbox 605 3711 818 3763; x_wconf 85' lang='lat' dir='ltr'><strong>dentem.</strong></span> <span class='ocrx_word' id='word_1_282' title='bbox 850 3707 914 3763; x_wconf 83' lang='grc' dir='ltr'><em>Ιη</em></span> <span class='ocrx_word' id='word_1_283' title='bbox 941 3709 1321 3781; x_wconf 87' lang='lat' dir='ltr'><strong>Scripturarum</strong></span> <span class='ocrx_word' id='word_1_284' title='bbox 1347 3728 1525 3782; x_wconf 89' lang='lat' dir='ltr'><strong>campo</strong></span> <span class='ocrx_word' id='word_1_285' title='bbox 1545 3753 1558 3774; x_wconf 92' lang='lat'><strong>,</strong></span> <span class='ocrx_word' id='word_1_286' title='bbox 1587 3712 1631 3765; x_wconf 88' lang='lat' dir='ltr'><strong>si</strong></span> <span class='ocrx_word' id='word_1_287' title='bbox 1657 3713 1848 3782; x_wconf 84' lang='lat' dir='ltr'><strong>placet,</strong></span> <span class='ocrx_word' id='word_1_288' title='bbox 1877 3715 1984 3768; x_wconf 80' lang='lat' dir='ltr'><strong>sine</strong></span> <span class='ocrx_word' id='word_1_289' title='bbox 2011 3725 2181 3770; x_wconf 87' lang='lat' dir='ltr'><strong>nostra</strong></span> 
     </span>
    </p>
   </div>
   <div class='ocr_carea' id='block_1_39' title="bbox 601 3798 1278 3853">
    <p class='ocr_par' dir='ltr' id='par_1_39' title="bbox 601 3798 1278 3853">
     <span class='ocr_line' id='line_1_39' title="bbox 601 3798 1278 3853; baseline 0 -1"><span class='ocrx_word' id='word_1_290' title='bbox 601 3799 811 3852; x_wconf 81' lang='lat' dir='ltr'><strong>inuicem</strong></span> <span class='ocrx_word' id='word_1_291' title='bbox 834 3798 1007 3853; x_wconf 91' lang='lat' dir='ltr'><strong>dolore</strong></span> <span class='ocrx_word' id='word_1_292' title='bbox 1028 3798 1278 3853; x_wconf 89' lang='lat' dir='ltr'><strong>ludamus.</strong></span> 
     </span>
    </p>
   </div>
   <div class='ocr_carea' id='block_1_40' title="bbox 1005 3889 1788 3978">
    <p class='ocr_par' dir='ltr' id='par_1_40' title="bbox 1005 3889 1788 3978">
     <span class='ocr_line' id='line_1_40' title="bbox 1005 3889 1788 3978; baseline -0.004 -31"><span class='ocrx_word' id='word_1_293' title='bbox 1005 3889 1330 3947; x_wconf 74' lang='lat' dir='ltr'><strong>EPISTULA</strong></span> <span class='ocrx_word' id='word_1_294' title='bbox 1359 3891 1594 3949; x_wconf 78' lang='lat' dir='ltr'><strong>Lxxxu</strong></span> <span class='ocrx_word' id='word_1_295' title='bbox 1625 3899 1662 3918; x_wconf 78' lang='grc' dir='ltr'><strong>ο·</strong></span> <span class='ocrx_word' id='word_1_296' title='bbox 1692 3893 1788 3978; x_wconf 61' lang='grc' dir='ltr'><strong>φ).</strong></span> 
     </span>
    </p>
   </div>
   <div class='ocr_carea' id='block_1_41' title="bbox 605 3981 2180 4060">
    <p class='ocr_par' dir='ltr' id='par_1_41' title="bbox 605 3981 2180 4060">
     <span class='ocr_line' id='line_1_41' title="bbox 605 3981 2180 4060; baseline 0.005 -22"><span class='ocrx_word' id='word_1_297' title='bbox 605 3981 833 4054; x_wconf 78' lang='lat' dir='ltr'><strong>Receptis</strong></span> <span class='ocrx_word' id='word_1_298' title='bbox 869 3984 932 4038; x_wconf 90' lang='lat' dir='ltr'><strong>ab</strong></span> <span class='ocrx_word' id='word_1_299' title='bbox 973 3982 1282 4056; x_wconf 77' lang='lat' dir='ltr'><strong>Hieronymo</strong></span> <span class='ocrx_word' id='word_1_300' title='bbox 1324 3986 1659 4056; x_wconf 87' lang='lat' dir='ltr'><strong>superioribus</strong></span> <span class='ocrx_word' id='word_1_301' title='bbox 1703 3985 1942 4060; x_wconf 81' lang='lat' dir='ltr'><strong>Epistolis</strong></span> <span class='ocrx_word' id='word_1_302' title='bbox 1977 3990 2080 4058; x_wconf 74' lang='lat'><strong>72,</strong></span> <span class='ocrx_word' id='word_1_303' title='bbox 2113 3990 2180 4047; x_wconf 84' lang='lat'><strong>75</strong></span> 
     </span>
    </p>
   </div>
   <div class='ocr_carea' id='block_1_42' title="bbox 670 4071 2180 4149">
    <p class='ocr_par' dir='ltr' id='par_1_42' title="bbox 670 4071 2180 4149">
     <span class='ocr_line' id='line_1_42' title="bbox 670 4071 2180 4149; baseline 0.005 -23"><span class='ocrx_word' id='word_1_304' title='bbox 670 4081 720 4126; x_wconf 88' lang='lat' dir='ltr'><strong>et</strong></span> <span class='ocrx_word' id='word_1_305' title='bbox 759 4071 820 4128; x_wconf 78' lang='grc'><strong>81</strong></span> <span class='ocrx_word' id='word_1_306' title='bbox 845 4116 859 4138; x_wconf 83' lang='grc'>,</span> <span class='ocrx_word' id='word_1_307' title='bbox 905 4075 1130 4130; x_wconf 86' lang='lat' dir='ltr'><strong>rescribit</strong></span> <span class='ocrx_word' id='word_1_308' title='bbox 1152 4075 1434 4131; x_wconf 87' lang='lat' dir='ltr'><strong>accuratius</strong></span> <span class='ocrx_word' id='word_1_309' title='bbox 1463 4077 1768 4148; x_wconf 80' lang='lat' dir='ltr'><strong>Augustinus</strong></span> <span class='ocrx_word' id='word_1_310' title='bbox 1798 4078 1858 4134; x_wconf 84' lang='lat' dir='ltr'><strong>de</strong></span> <span class='ocrx_word' id='word_1_311' title='bbox 1882 4080 2180 4149; x_wconf 86' lang='lat' dir='ltr'><strong>interpreta-</strong></span> 
     </span>
    </p>
   </div>
   <div class='ocr_carea' id='block_1_43' title="bbox 672 4162 2179 4243">
    <p class='ocr_par' dir='ltr' id='par_1_43' title="bbox 672 4162 2179 4243">
     <span class='ocr_line' id='line_1_43' title="bbox 672 4162 2179 4243; baseline 0.006 -26"><span class='ocrx_word' id='word_1_312' title='bbox 672 4165 803 4218; x_wconf 87' lang='lat' dir='ltr'><strong>tione</strong></span> <span class='ocrx_word' id='word_1_313' title='bbox 830 4163 927 4220; x_wconf 90' lang='lat' dir='ltr'><strong>loci</strong></span> <span class='ocrx_word' id='word_1_314' title='bbox 959 4162 1199 4237; x_wconf 67' lang='lat' dir='ltr'><strong>Epistolis</strong></span> <span class='ocrx_word' id='word_1_315' title='bbox 1225 4165 1295 4220; x_wconf 90' lang='lat' dir='ltr'><strong>ad</strong></span> <span class='ocrx_word' id='word_1_316' title='bbox 1317 4165 1524 4223; x_wconf 85' lang='lat' dir='ltr'><strong>Galatas</strong></span> <span class='ocrx_word' id='word_1_317' title='bbox 1541 4210 1555 4234; x_wconf 91' lang='lat'><strong>,</strong></span> <span class='ocrx_word' id='word_1_318' title='bbox 1585 4170 1889 4239; x_wconf 74' lang='lat' dir='ltr'><strong>conﬁrmans</strong></span> <span class='ocrx_word' id='word_1_319' title='bbox 1913 4173 2049 4243; x_wconf 88' lang='lat' dir='ltr'><strong>quod</strong></span> <span class='ocrx_word' id='word_1_320' title='bbox 2077 4171 2179 4226; x_wconf 89' lang='lat' dir='ltr'><strong>Pe-</strong></span> 
     </span>
    </p>
   </div>
   <div class='ocr_carea' id='block_1_44' title="bbox 673 4257 2174 4332">
    <p class='ocr_par' dir='ltr' id='par_1_44' title="bbox 673 4257 2174 4332">
     <span class='ocr_line' id='line_1_44' title="bbox 673 4257 2174 4332; baseline 0.009 -25"><span class='ocrx_word' id='word_1_321' title='bbox 673 4265 779 4308; x_wconf 88' lang='lat' dir='ltr'><strong>trus</strong></span> <span class='ocrx_word' id='word_1_322' title='bbox 820 4257 994 4310; x_wconf 87' lang='lat' dir='ltr'><strong>merito</strong></span> <span class='ocrx_word' id='word_1_323' title='bbox 1030 4258 1361 4325; x_wconf 84' lang='lat' dir='ltr'><strong>ueraciterque</strong></span> <span class='ocrx_word' id='word_1_324' title='bbox 1391 4262 1715 4330; x_wconf 84' lang='lat' dir='ltr'><strong>reprehensus</strong></span> <span class='ocrx_word' id='word_1_325' title='bbox 1752 4263 1901 4332; x_wconf 89' lang='lat' dir='ltr'><strong>fuerit</strong></span> <span class='ocrx_word' id='word_1_326' title='bbox 1927 4281 1957 4316; x_wconf 92' lang='lat' dir='ltr'><strong>a</strong></span> <span class='ocrx_word' id='word_1_327' title='bbox 1989 4261 2174 4320; x_wconf 86' lang='lat' dir='ltr'><strong>Paulo.</strong></span> 
     </span>
    </p>
   </div>
   <div class='ocr_carea' id='block_1_45' title="bbox 671 4342 2178 4423">
    <p class='ocr_par' dir='ltr' id='par_1_45' title="bbox 671 4342 2178 4423">
     <span class='ocr_line' id='line_1_45' title="bbox 671 4342 2178 4423; baseline 0.007 -25"><span class='ocrx_word' id='word_1_328' title='bbox 671 4342 916 4398; x_wconf 66' lang='lat' dir='ltr'><strong>Caeterum</strong></span> <span class='ocrx_word' id='word_1_329' title='bbox 956 4345 1251 4416; x_wconf 88' lang='lat' dir='ltr'><strong>deprecatur</strong></span> <span class='ocrx_word' id='word_1_330' title='bbox 1289 4349 1482 4401; x_wconf 81' lang='lat' dir='ltr'><strong>ueniam</strong></span> <span class='ocrx_word' id='word_1_331' title='bbox 1501 4390 1514 4412; x_wconf 94' lang='lat'><strong>,</strong></span> <span class='ocrx_word' id='word_1_332' title='bbox 1539 4351 1582 4403; x_wconf 90' lang='lat' dir='ltr'><strong>si</strong></span> <span class='ocrx_word' id='word_1_333' title='bbox 1604 4351 1746 4405; x_wconf 87' lang='lat' dir='ltr'><strong>dictis</strong></span> <span class='ocrx_word' id='word_1_334' title='bbox 1770 4353 2065 4423; x_wconf 88' lang='lat' dir='ltr'><strong>quibusdam</strong></span> <span class='ocrx_word' id='word_1_335' title='bbox 2095 4356 2178 4408; x_wconf 87' lang='lat' dir='ltr'><strong>in-</strong></span> 
     </span>
    </p>
   </div>
   <div class='ocr_carea' id='block_1_46' title="bbox 673 4433 2179 4507">
    <p class='ocr_par' dir='ltr' id='par_1_46' title="bbox 673 4433 2179 4507">
     <span class='ocr_line' id='line_1_46' title="bbox 673 4433 2179 4507; baseline 0.008 -20"><span class='ocrx_word' id='word_1_336' title='bbox 673 4433 973 4490; x_wconf 86' lang='lat' dir='ltr'><strong>cautioribus</strong></span> <span class='ocrx_word' id='word_1_337' title='bbox 1018 4433 1314 4506; x_wconf 79' lang='lat' dir='ltr'><strong>Hieronymi</strong></span> <span class='ocrx_word' id='word_1_338' title='bbox 1354 4438 1576 4491; x_wconf 79' lang='lat' dir='ltr'><strong>animant</strong></span> <span class='ocrx_word' id='word_1_339' title='bbox 1614 4439 1910 4507; x_wconf 67' lang='lat' dir='ltr'><strong>offenderit,</strong></span> <span class='ocrx_word' id='word_1_340' title='bbox 1939 4460 2179 4499; x_wconf 69' lang='lat' dir='ltr'><strong>excusans</strong></span> 
     </span>
    </p>
   </div>
   <div class='ocr_carea' id='block_1_47' title="bbox 672 4523 2180 4598">
    <p class='ocr_par' dir='ltr' id='par_1_47' title="bbox 672 4523 2180 4598">
     <span class='ocr_line' id='line_1_47' title="bbox 672 4523 2180 4598; baseline 0.007 -21"><span class='ocrx_word' id='word_1_341' title='bbox 672 4523 809 4596; x_wconf 86' lang='lat' dir='ltr'><strong>quod</strong></span> <span class='ocrx_word' id='word_1_342' title='bbox 841 4524 978 4578; x_wconf 89' lang='lat' dir='ltr'><strong>nulla</strong></span> <span class='ocrx_word' id='word_1_343' title='bbox 1011 4541 1103 4579; x_wconf 86' lang='lat' dir='ltr'><strong>sua</strong></span> <span class='ocrx_word' id='word_1_344' title='bbox 1144 4525 1295 4595; x_wconf 74' lang='lat' dir='ltr'><strong>atlpa</strong></span> <span class='ocrx_word' id='word_1_345' title='bbox 1321 4543 1410 4598; x_wconf 91' lang='lat' dir='ltr'><strong>per</strong></span> <span class='ocrx_word' id='word_1_346' title='bbox 1432 4528 1703 4583; x_wconf 89' lang='lat' dir='ltr'><strong>multorum</strong></span> <span class='ocrx_word' id='word_1_347' title='bbox 1731 4548 1910 4586; x_wconf 84' lang='lat' dir='ltr'><strong>manus</strong></span> <span class='ocrx_word' id='word_1_348' title='bbox 1944 4535 2180 4588; x_wconf 88' lang='lat' dir='ltr'><strong>obambu-</strong></span> 
     </span>
    </p>
   </div>
   <div class='ocr_carea' id='block_1_48' title="bbox 672 4615 2175 4696">
    <p class='ocr_par' dir='ltr' id='par_1_48' title="bbox 672 4615 2175 4696">
     <span class='ocr_line' id='line_1_48' title="bbox 672 4615 2175 4696; baseline 0.007 -26"><span class='ocrx_word' id='word_1_349' title='bbox 672 4616 789 4671; x_wconf 82' lang='lat' dir='ltr'><strong>larit</strong></span> <span class='ocrx_word' id='word_1_350' title='bbox 835 4615 1076 4685; x_wconf 86' lang='lat' dir='ltr'><strong>epistola,</strong></span> <span class='ocrx_word' id='word_1_351' title='bbox 1116 4617 1409 4688; x_wconf 84' lang='lat' dir='ltr'><strong>priusquam</strong></span> <span class='ocrx_word' id='word_1_352' title='bbox 1445 4617 1516 4674; x_wconf 86' lang='lat' dir='ltr'><strong>ad</strong></span> <span class='ocrx_word' id='word_1_353' title='bbox 1545 4637 1658 4675; x_wconf 88' lang='lat' dir='ltr'><strong>eum</strong></span> <span class='ocrx_word' id='word_1_354' title='bbox 1697 4621 1779 4676; x_wconf 89' lang='lat' dir='ltr'><strong>cui</strong></span> <span class='ocrx_word' id='word_1_355' title='bbox 1816 4625 2000 4696; x_wconf 89' lang='lat' dir='ltr'><strong>scripta</strong></span> <span class='ocrx_word' id='word_1_356' title='bbox 2036 4637 2175 4694; x_wconf 88' lang='lat' dir='ltr'><strong>erat,</strong></span> 
     </span>
    </p>
   </div>
   <div class='ocr_carea' id='block_1_49' title="bbox 671 4717 974 4781">
    <p class='ocr_par' dir='ltr' id='par_1_49' title="bbox 671 4717 974 4781">
     <span class='ocr_line' id='line_1_49' title="bbox 671 4717 974 4781; baseline -0.003 -16"><span class='ocrx_word' id='word_1_357' title='bbox 671 4717 974 4781; x_wconf 83' lang='lat' dir='ltr'><strong>pervenerat.</strong></span> 
     </span>
    </p>
   </div>
   <div class='ocr_carea' id='block_1_50' title="bbox 665 4840 2182 4908">
    <p class='ocr_par' dir='ltr' id='par_1_50' title="bbox 665 4840 2182 4908">
     <span class='ocr_line' id='line_1_50' title="bbox 665 4840 2182 4908; baseline 0.02 -34"><span class='ocrx_word' id='word_1_358' title='bbox 665 4844 680 4874; x_wconf 80' lang='grc' dir='ltr'><strong>ι</strong></span> <span class='ocrx_word' id='word_1_359' title='bbox 709 4840 865 4893; x_wconf 64' lang='lat' dir='ltr'><strong>pm</strong></span> <span class='ocrx_word' id='word_1_360' title='bbox 885 4854 1060 4908; x_wconf 80' lang='lat' dir='ltr'><strong>nomen</strong></span> <span class='ocrx_word' id='word_1_361' title='bbox 1082 4841 1163 4892; x_wconf 84' lang='lat' dir='ltr'><strong>hic</strong></span> <span class='ocrx_word' id='word_1_362' title='bbox 1183 4841 1274 4908; x_wconf 73' lang='lat' dir='ltr'><strong>loci</strong></span> <span class='ocrx_word' id='word_1_363' title='bbox 1293 4844 1524 4908; x_wconf 60' lang='lat' dir='ltr'><strong>omittam</strong></span> <span class='ocrx_word' id='word_1_364' title='bbox 1547 4845 1594 4895; x_wconf 87' lang='lat' dir='ltr'><strong>in</strong></span> <span class='ocrx_word' id='word_1_365' title='bbox 1616 4849 1759 4898; x_wconf 81' lang='lat' dir='ltr'><strong>vatio.</strong></span> <span class='ocrx_word' id='word_1_366' title='bbox 1781 4858 1906 4908; x_wconf 84' lang='lat' dir='ltr'><strong>octo,</strong></span> <span class='ocrx_word' id='word_1_367' title='bbox 1933 4852 2053 4901; x_wconf 87' lang='lat' dir='ltr'><strong>etin</strong></span> <span class='ocrx_word' id='word_1_368' title='bbox 2072 4851 2182 4904; x_wconf 85' lang='lat' dir='ltr'><strong>aliis</strong></span> 
     </span>
    </p>
   </div>
   <div class='ocr_carea' id='block_1_51' title="bbox 599 4903 2183 4978">
    <p class='ocr_par' dir='ltr' id='par_1_51' title="bbox 599 4903 2183 4978">
     <span class='ocr_line' id='line_1_51' title="bbox 599 4903 2183 4978; baseline 0.008 -26"><span class='ocrx_word' id='word_1_369' title='bbox 599 4915 748 4978; x_wconf 49' lang='lat' dir='ltr'><strong>sese</strong></span> <span class='ocrx_word' id='word_1_370' title='bbox 772 4905 951 4978; x_wconf 73' lang='lat' dir='ltr'><strong>nostris</strong></span> <span class='ocrx_word' id='word_1_371' title='bbox 971 4910 1100 4964; x_wconf 71' lang='lat' dir='ltr'><strong>Mss,</strong></span> <span class='ocrx_word' id='word_1_372' title='bbox 1133 4903 1226 4978; x_wconf 72' lang='lat' dir='ltr'><strong>sed</strong></span> <span class='ocrx_word' id='word_1_373' title='bbox 1237 4905 1296 4978; x_wconf 26' lang='lat' dir='ltr'><strong>Ain</strong></span> <span class='ocrx_word' id='word_1_374' title='bbox 1318 4907 1542 4956; x_wconf 87' lang='lat' dir='ltr'><strong>omnibus</strong></span> <span class='ocrx_word' id='word_1_375' title='bbox 1565 4908 1670 4958; x_wconf 85' lang='lat' dir='ltr'><strong>fere</strong></span> <span class='ocrx_word' id='word_1_376' title='bbox 1694 4903 1904 4962; x_wconf 78' lang='lat' dir='ltr'><strong>habetur</strong></span> <span class='ocrx_word' id='word_1_377' title='bbox 1924 4913 2059 4964; x_wconf 84' lang='lat' dir='ltr'><strong>initio</strong></span> <span class='ocrx_word' id='word_1_378' title='bbox 2081 4903 2183 4978; x_wconf 59' lang='grc' dir='ltr'><strong>Ειὶέ</strong></span> 
     </span>
    </p>
   </div>
   <div class='ocr_carea' id='block_1_52' title="bbox 601 4961 1271 5036">
    <p class='ocr_par' dir='ltr' id='par_1_52' title="bbox 601 4961 1271 5036">
     <span class='ocr_line' id='line_1_52' title="bbox 601 4961 1271 5036; baseline -0.001 -22"><span class='ocrx_word' id='word_1_379' title='bbox 601 4961 748 5036; x_wconf 54' lang='grc' dir='ltr'><strong>αριὲ</strong></span> <span class='ocrx_word' id='word_1_380' title='bbox 761 4965 978 5036; x_wconf 76' lang='lat' dir='ltr'><strong>proxime</strong></span> <span class='ocrx_word' id='word_1_381' title='bbox 1001 4961 1271 5036; x_wconf 70' lang='lat' dir='ltr'><strong>sequentis.</strong></span> 
     </span>
    </p>
   </div>
   <div class='ocr_carea' id='block_1_53' title="bbox 601 5025 2181 5097">
    <p class='ocr_par' dir='ltr' id='par_1_53' title="bbox 601 5025 2181 5097">
     <span class='ocr_line' id='line_1_53' title="bbox 601 5025 2181 5097; baseline 0.01 -25"><span class='ocrx_word' id='word_1_382' title='bbox 601 5027 687 5097; x_wconf 49' lang='grc' dir='ltr'><strong>Μ’</strong></span> <span class='ocrx_word' id='word_1_383' title='bbox 706 5025 814 5097; x_wconf 44' lang='grc' dir='ltr'><strong>μὲ..</strong></span> <span class='ocrx_word' id='word_1_384' title='bbox 834 5031 894 5097; x_wconf 84' lang='lat' dir='ltr'><strong>t.,</strong></span> <span class='ocrx_word' id='word_1_385' title='bbox 917 5025 1280 5097; x_wconf 48' lang='lat' dir='ltr'><strong>sanc‘tj&#39;patres.</strong></span> <span class='ocrx_word' id='word_1_386' title='bbox 1321 5025 1409 5077; x_wconf 83' lang='lat' dir='ltr'><strong>Alii</strong></span> <span class='ocrx_word' id='word_1_387' title='bbox 1433 5041 1604 5097; x_wconf 77' lang='lat' dir='ltr'><strong>omnes</strong></span> <span class='ocrx_word' id='word_1_388' title='bbox 1633 5033 1814 5097; x_wconf 78' lang='lat' dir='ltr'><strong>verius,</strong></span> <span class='ocrx_word' id='word_1_389' title='bbox 1839 5034 2031 5097; x_wconf 81' lang='lat' dir='ltr'><strong>fratres.</strong></span> <span class='ocrx_word' id='word_1_390' title='bbox 2068 5044 2181 5088; x_wconf 73' lang='lat' dir='ltr'><strong>Nam</strong></span> 
     </span>
    </p>
   </div>
   <div class='ocr_carea' id='block_1_54' title="bbox 599 5082 2177 5208">
    <p class='ocr_par' dir='ltr' id='par_1_54' title="bbox 599 5082 2177 5208">
     <span class='ocr_line' id='line_1_54' title="bbox 599 5082 2177 5198; baseline 0.01 -64"><span class='ocrx_word' id='word_1_391' title='bbox 599 5082 734 5158; x_wconf 47' lang='lat' dir='ltr'><strong>illud.</strong></span> <span class='ocrx_word' id='word_1_392' title='bbox 745 5082 888 5147; x_wconf 75' lang='lat' dir='ltr'><strong>prius</strong></span> <span class='ocrx_word' id='word_1_393' title='bbox 899 5082 1236 5198; x_wconf 47' lang='lat' dir='ltr'><strong>sppae‘llst&#39;ionis</strong></span> <span class='ocrx_word' id='word_1_394' title='bbox 1255 5100 1416 5152; x_wconf 80' lang='lat' dir='ltr'><strong>genus</strong></span> <span class='ocrx_word' id='word_1_395' title='bbox 1436 5090 1672 5154; x_wconf 70' lang='lat' dir='ltr'><strong>immbat</strong></span> <span class='ocrx_word' id='word_1_396' title='bbox 1680 5082 2050 5157; x_wconf 75' lang='lat' dir='ltr'><strong>Hierotiymusin</strong></span> <span class='ocrx_word' id='word_1_397' title='bbox 2069 5082 2177 5163; x_wconf 58' lang='lat' dir='ltr'><strong>ab“.</strong></span> 
     </span>
     <span class='ocr_line' id='line_1_55' title="bbox 599 5145 1052 5208; baseline 0.004 -14"><span class='ocrx_word' id='word_1_398' title='bbox 599 5145 634 5194; x_wconf 81' lang='grc'><strong>4</strong></span> <span class='ocrx_word' id='word_1_399' title='bbox 655 5153 799 5208; x_wconf 70' lang='lat' dir='ltr'><strong>epist.</strong></span> <span class='ocrx_word' id='word_1_400' title='bbox 824 5145 884 5196; x_wconf 81' lang='lat' dir='ltr'><strong>ad</strong></span> <span class='ocrx_word' id='word_1_401' title='bbox 904 5153 968 5196; x_wconf 81' lang='lat' dir='ltr'><strong>os</strong></span> <span class='ocrx_word' id='word_1_402' title='bbox 1039 5182 1052 5195; x_wconf 93' lang='lat'><strong>.</strong></span> 
     </span>
    </p>
   </div>
   <div class='ocr_carea' id='block_1_55' title="bbox 670 5223 2182 5296">
    <p class='ocr_par' dir='ltr' id='par_1_55' title="bbox 670 5223 2182 5296">
     <span class='ocr_line' id='line_1_56' title="bbox 670 5223 2182 5296; baseline 0.01 -21"><span class='ocrx_word' id='word_1_403' title='bbox 670 5227 686 5246; x_wconf 86' lang='lat'>&#39;</span> <span class='ocrx_word' id='word_1_404' title='bbox 711 5226 778 5276; x_wconf 79' lang='lat' dir='ltr'><strong>Ad</strong></span> <span class='ocrx_word' id='word_1_405' title='bbox 797 5237 842 5276; x_wconf 71' lang='grc' dir='ltr'>ι.</span> <span class='ocrx_word' id='word_1_406' title='bbox 976 5227 1045 5277; x_wconf 86' lang='lat' dir='ltr'><strong>bl.</strong></span> <span class='ocrx_word' id='word_1_407' title='bbox 1070 5229 1220 5296; x_wconf 69' lang='lat' dir='ltr'><strong>lm._c.</strong></span> <span class='ocrx_word' id='word_1_408' title='bbox 1245 5243 1314 5280; x_wconf 86' lang='lat' dir='ltr'><strong>oc.</strong></span> <span class='ocrx_word' id='word_1_409' title='bbox 1340 5229 1398 5281; x_wconf 71' lang='lat' dir='ltr'><strong>is.</strong></span> <span class='ocrx_word' id='word_1_410' title='bbox 1425 5243 1474 5295; x_wconf 86' lang='lat' dir='ltr'><strong>g.</strong></span> <span class='ocrx_word' id='word_1_411' title='bbox 1500 5245 1580 5296; x_wconf 84' lang='lat' dir='ltr'><strong>gv.</strong></span> <span class='ocrx_word' id='word_1_412' title='bbox 1601 5234 1637 5296; x_wconf 84' lang='lat' dir='ltr'><strong>j.</strong></span> <span class='ocrx_word' id='word_1_413' title='bbox 1665 5233 1698 5282; x_wconf 92' lang='lat' dir='ltr'><strong>l.</strong></span> <span class='ocrx_word' id='word_1_414' title='bbox 1721 5249 1772 5284; x_wconf 86' lang='grc' dir='ltr'><strong>η.</strong></span> <span class='ocrx_word' id='word_1_415' title='bbox 1797 5248 1836 5284; x_wconf 89' lang='lat' dir='ltr'><strong>r.</strong></span> <span class='ocrx_word' id='word_1_416' title='bbox 1863 5238 1936 5285; x_wconf 98' lang='lat' dir='ltr'><strong>sb.</strong></span> <span class='ocrx_word' id='word_1_417' title='bbox 1957 5244 1992 5287; x_wconf 87' lang='lat' dir='ltr'><strong>t.</strong></span> <span class='ocrx_word' id='word_1_418' title='bbox 2009 5251 2083 5288; x_wconf 90' lang='lat' dir='ltr'><strong>vc.</strong></span> <span class='ocrx_word' id='word_1_419' title='bbox 2100 5253 2182 5290; x_wconf 86' lang='lat' dir='ltr'><strong>no-</strong></span> 
     </span>
    </p>
   </div>
   <div class='ocr_carea' id='block_1_56' title="bbox 600 5289 1721 5357">
    <p class='ocr_par' dir='ltr' id='par_1_56' title="bbox 600 5289 1721 5357">
     <span class='ocr_line' id='line_1_57' title="bbox 600 5289 1721 5357; baseline 0.004 -19"><span class='ocrx_word' id='word_1_420' title='bbox 600 5296 714 5357; x_wconf 67' lang='lat' dir='ltr'><strong>vem</strong></span> <span class='ocrx_word' id='word_1_421' title='bbox 735 5299 784 5357; x_wconf 78' lang='lat' dir='ltr'><strong>v.</strong></span> <span class='ocrx_word' id='word_1_422' title='bbox 802 5289 944 5357; x_wconf 60' lang='lat' dir='ltr'><strong>etsi!</strong></span> <span class='ocrx_word' id='word_1_423' title='bbox 966 5296 1066 5338; x_wconf 80' lang='lat' dir='ltr'><strong>Am.</strong></span> <span class='ocrx_word' id='word_1_424' title='bbox 1093 5292 1199 5357; x_wconf 62' lang='lat' dir='ltr'><strong>sed.</strong></span> <span class='ocrx_word' id='word_1_425' title='bbox 1226 5297 1297 5342; x_wconf 82' lang='lat' dir='ltr'><strong>Er.</strong></span> <span class='ocrx_word' id='word_1_426' title='bbox 1325 5289 1721 5357; x_wconf 57' lang='lat' dir='ltr'><strong>ltgy.&#39;recognita.</strong></span> 
     </span>
    </p>
   </div>
   <div class='ocr_carea' id='block_1_57' title="bbox 666 5350 2178 5422">
    <p class='ocr_par' dir='ltr' id='par_1_57' title="bbox 666 5350 2178 5422">
     <span class='ocr_line' id='line_1_58' title="bbox 666 5350 2178 5422; baseline 0.01 -23"><span class='ocrx_word' id='word_1_427' title='bbox 666 5351 708 5369; x_wconf 86' lang='lat'>“</span> <span class='ocrx_word' id='word_1_428' title='bbox 732 5356 784 5400; x_wconf 88' lang='lat' dir='ltr'><strong>In</strong></span> <span class='ocrx_word' id='word_1_429' title='bbox 801 5350 947 5422; x_wconf 51' lang='lat' dir='ltr'><strong>huius</strong></span> <span class='ocrx_word' id='word_1_430' title='bbox 960 5353 1291 5422; x_wconf 76' lang='lat' dir='ltr'><strong>recognitione</strong></span> <span class='ocrx_word' id='word_1_431' title='bbox 1308 5353 1464 5403; x_wconf 83' lang='lat' dir='ltr'><strong>collati</strong></span> <span class='ocrx_word' id='word_1_432' title='bbox 1496 5350 1606 5405; x_wconf 72' lang='grc' dir='ltr'><strong>δυιῆ</strong></span> <span class='ocrx_word' id='word_1_433' title='bbox 1622 5371 1666 5404; x_wconf 87' lang='lat' dir='ltr'><strong>a.</strong></span> <span class='ocrx_word' id='word_1_434' title='bbox 1691 5370 1738 5406; x_wconf 84' lang='grc' dir='ltr'>ιι.</span> <span class='ocrx_word' id='word_1_435' title='bbox 1758 5358 1841 5422; x_wconf 80' lang='lat' dir='ltr'><strong>bg.</strong></span> <span class='ocrx_word' id='word_1_436' title='bbox 1860 5358 1928 5408; x_wconf 86' lang='lat' dir='ltr'><strong>bl.</strong></span> <span class='ocrx_word' id='word_1_437' title='bbox 1949 5361 2029 5409; x_wconf 88' lang='lat' dir='ltr'><strong>bn.</strong></span> <span class='ocrx_word' id='word_1_438' title='bbox 2045 5375 2089 5411; x_wconf 90' lang='lat' dir='ltr'><strong>c.</strong></span> <span class='ocrx_word' id='word_1_439' title='bbox 2108 5375 2178 5414; x_wconf 83' lang='lat' dir='ltr'><strong>cc.</strong></span> 
     </span>
    </p>
   </div>
   <div class='ocr_carea' id='block_1_58' title="bbox 599 5408 2180 5522">
    <p class='ocr_par' dir='ltr' id='par_1_58' title="bbox 599 5408 2180 5522">
     <span class='ocr_line' id='line_1_59' title="bbox 599 5408 2180 5522; baseline 0.009 -63"><span class='ocrx_word' id='word_1_440' title='bbox 599 5408 737 5522; x_wconf 44' lang='grc' dir='ltr'><strong>Εὖγε.</strong></span> <span class='ocrx_word' id='word_1_441' title='bbox 763 5426 845 5475; x_wconf 85' lang='lat' dir='ltr'><strong>gv.</strong></span> <span class='ocrx_word' id='word_1_442' title='bbox 865 5408 905 5476; x_wconf 66' lang='lat' dir='ltr'><strong>&#39;j.</strong></span> <span class='ocrx_word' id='word_1_443' title='bbox 930 5411 964 5460; x_wconf 93' lang='lat' dir='ltr'><strong>l.</strong></span> <span class='ocrx_word' id='word_1_444' title='bbox 991 5426 1039 5461; x_wconf 89' lang='grc' dir='ltr'>ιι.</span> <span class='ocrx_word' id='word_1_445' title='bbox 1064 5408 1107 5460; x_wconf 64' lang='grc' dir='ltr'>ιζ</span> <span class='ocrx_word' id='word_1_446' title='bbox 1152 5427 1194 5462; x_wconf 89' lang='lat' dir='ltr'><strong>s.</strong></span> <span class='ocrx_word' id='word_1_447' title='bbox 1219 5415 1295 5464; x_wconf 90' lang='lat' dir='ltr'><strong>sb.</strong></span> <span class='ocrx_word' id='word_1_448' title='bbox 1323 5421 1358 5464; x_wconf 90' lang='lat' dir='ltr'><strong>t.</strong></span> <span class='ocrx_word' id='word_1_449' title='bbox 1384 5427 1458 5464; x_wconf 86' lang='lat' dir='ltr'><strong>vc.</strong></span> <span class='ocrx_word' id='word_1_450' title='bbox 1484 5428 1658 5466; x_wconf 85' lang='lat' dir='ltr'><strong>novem</strong></span> <span class='ocrx_word' id='word_1_451' title='bbox 1682 5431 1727 5466; x_wconf 75' lang='grc' dir='ltr'><strong>ν.</strong></span> <span class='ocrx_word' id='word_1_452' title='bbox 1776 5408 1827 5469; x_wconf 70' lang='grc' dir='ltr'>ἄ</span> <span class='ocrx_word' id='word_1_453' title='bbox 1851 5429 1948 5468; x_wconf 81' lang='lat' dir='ltr'><strong>Am.</strong></span> <span class='ocrx_word' id='word_1_454' title='bbox 2107 5408 2180 5474; x_wconf 66' lang='lat' dir='ltr'><strong>EE;</strong></span> 
     </span>
    </p>
   </div>
   <div class='ocr_carea' id='block_1_59' title="bbox 601 5507 2185 5645">
    <p class='ocr_par' dir='ltr' id='par_1_59' title="bbox 601 5507 2185 5645">
     <span class='ocr_line' id='line_1_60' title="bbox 601 5507 2185 5645; baseline 0.008 -62"><span class='ocrx_word' id='word_1_455' title='bbox 601 5507 888 5645; x_wconf 42' lang='lat' dir='ltr'><strong>ﬁgas</strong></span> <span class='ocrx_word' id='word_1_456' title='bbox 913 5535 971 5585; x_wconf 79' lang='grc'><strong>18</strong></span> <span class='ocrx_word' id='word_1_457' title='bbox 999 5547 1010 5584; x_wconf 92' lang='lat'><strong>:</strong></span> <span class='ocrx_word' id='word_1_458' title='bbox 1033 5545 1145 5599; x_wconf 75' lang='lat' dir='ltr'><strong>qum</strong></span> <span class='ocrx_word' id='word_1_459' title='bbox 1166 5541 1331 5589; x_wconf 74' lang='grc' dir='ltr'>ιιιιειιι</span> <span class='ocrx_word' id='word_1_460' title='bbox 1354 5535 1410 5586; x_wconf 79' lang='grc'><strong>81</strong></span> <span class='ocrx_word' id='word_1_461' title='bbox 1446 5545 1570 5600; x_wconf 82' lang='lat' dir='ltr'><strong>erat,</strong></span> <span class='ocrx_word' id='word_1_462' title='bbox 1596 5552 1723 5591; x_wconf 90' lang='lat' dir='ltr'><strong>nunc</strong></span> <span class='ocrx_word' id='word_1_463' title='bbox 1744 5540 1820 5591; x_wconf 72' lang='grc'><strong>48.</strong></span> <span class='ocrx_word' id='word_1_464' title='bbox 1858 5544 2038 5607; x_wconf 73' lang='lat' dir='ltr'><strong>scripta</strong></span> <span class='ocrx_word' id='word_1_465' title='bbox 2058 5545 2185 5597; x_wconf 83' lang='lat' dir='ltr'><strong>forte</strong></span> 
     </span>
    </p>
   </div>
   <div class='ocr_carea' id='block_1_60' title="bbox 593 5653 2184 5783">
    <p class='ocr_par' dir='ltr' id='par_1_60' title="bbox 593 5653 2184 5783">
     <span class='ocr_line' id='line_1_61' title="bbox 593 5653 2184 5783; baseline 0.007 -75"><span class='ocrx_word' id='word_1_466' title='bbox 1338 5655 1394 5711; x_wconf 70' lang='grc'><strong>81</strong></span> <span class='ocrx_word' id='word_1_467' title='bbox 1425 5666 1548 5724; x_wconf 68' lang='lat' dir='ltr'><strong>erat,</strong></span> <span class='ocrx_word' id='word_1_468' title='bbox 1574 5675 1702 5715; x_wconf 82' lang='lat' dir='ltr'><strong>nunc</strong></span> <span class='ocrx_word' id='word_1_469' title='bbox 1723 5663 1830 5716; x_wconf 68' lang='lat' dir='ltr'><strong>eos.</strong></span> <span class='ocrx_word' id='word_1_470' title='bbox 1846 5667 2027 5730; x_wconf 68' lang='lat' dir='ltr'><strong>Scripta</strong></span> <span class='ocrx_word' id='word_1_471' title='bbox 2041 5668 2184 5736; x_wconf 85' lang='lat' dir='ltr'><strong>paulo</strong></span> 
     </span>
    </p>
   </div>
   <div class='ocr_carea' id='block_1_61' title="bbox 1805 318 3768 408">
    <p class='ocr_par' dir='ltr' id='par_1_61' title="bbox 1805 318 3768 408">
     <span class='ocr_line' id='line_1_62' title="bbox 1805 318 3768 408; baseline 0.015 -32"><span class='ocrx_word' id='word_1_472' title='bbox 1805 320 1863 377; x_wconf 86' lang='lat' dir='ltr'><strong>S.</strong></span> <span class='ocrx_word' id='word_1_473' title='bbox 1903 318 2268 378; x_wconf 78' lang='lat' dir='ltr'><strong>AUGUSTINI</strong></span> <span class='ocrx_word' id='word_1_474' title='bbox 2306 320 2605 379; x_wconf 81' lang='lat' dir='ltr'><strong>EPISCOPI</strong></span> <span class='ocrx_word' id='word_1_475' title='bbox 3690 350 3768 408; x_wconf 66' lang='lat'><strong>276</strong></span> 
     </span>
    </p>
   </div>
   <div class='ocr_carea' id='block_1_62' title="bbox 2289 432 3769 519">
    <p class='ocr_par' dir='ltr' id='par_1_62' title="bbox 2289 432 3769 519">
     <span class='ocr_line' id='line_1_63' title="bbox 2289 432 3769 519; baseline 0.014 -34"><span class='ocrx_word' id='word_1_476' title='bbox 2289 432 2511 488; x_wconf 90' lang='lat' dir='ltr'><strong>Domino</strong></span> <span class='ocrx_word' id='word_1_477' title='bbox 2548 433 2924 505; x_wconf 89' lang='lat' dir='ltr'><strong>dilectissimo,</strong></span> <span class='ocrx_word' id='word_1_478' title='bbox 2973 447 3030 494; x_wconf 90' lang='lat' dir='ltr'><strong>et</strong></span> <span class='ocrx_word' id='word_1_479' title='bbox 3068 440 3118 495; x_wconf 93' lang='lat' dir='ltr'><strong>in</strong></span> <span class='ocrx_word' id='word_1_480' title='bbox 3149 439 3342 499; x_wconf 85' lang='lat' dir='ltr'><strong>Christi</strong></span> <span class='ocrx_word' id='word_1_481' title='bbox 3370 447 3626 510; x_wconf 79' lang='lat' dir='ltr'><strong>visceribus</strong></span> <span class='ocrx_word' id='word_1_482' title='bbox 3643 457 3769 519; x_wconf 83' lang='lat' dir='ltr'><strong>hono.</strong></span> 
     </span>
    </p>
   </div>
   <div class='ocr_carea' id='block_1_63' title="bbox 2352 525 3769 620">
    <p class='ocr_par' dir='ltr' id='par_1_63' title="bbox 2352 525 3769 620">
     <span class='ocr_line' id='line_1_64' title="bbox 2352 525 3769 620; baseline 0.02 -41"><span class='ocrx_word' id='word_1_483' title='bbox 2352 525 2553 594; x_wconf 91' lang='lat' dir='ltr'><strong>rando,</strong></span> <span class='ocrx_word' id='word_1_484' title='bbox 2592 537 2776 583; x_wconf 89' lang='lat' dir='ltr'><strong>sancto</strong></span> <span class='ocrx_word' id='word_1_485' title='bbox 2806 529 2949 584; x_wconf 81' lang='lat' dir='ltr'><strong>fratri</strong></span> <span class='ocrx_word' id='word_1_486' title='bbox 2980 540 3033 584; x_wconf 91' lang='lat' dir='ltr'><strong>et</strong></span> <span class='ocrx_word' id='word_1_487' title='bbox 3058 535 3473 608; x_wconf 75' lang='lat' dir='ltr'><strong>compresbytero</strong></span> <span class='ocrx_word' id='word_1_488' title='bbox 3497 543 3769 620; x_wconf 79' lang='lat' dir='ltr'><strong>lltsnomo,</strong></span> 
     </span>
    </p>
   </div>
   <div class='ocr_carea' id='block_1_64' title="bbox 2353 617 3318 684">
    <p class='ocr_par' dir='ltr' id='par_1_64' title="bbox 2353 617 3318 684">
     <span class='ocr_line' id='line_1_65' title="bbox 2353 617 3318 684; baseline 0.008 -13"><span class='ocrx_word' id='word_1_489' title='bbox 2353 617 2720 684; x_wconf 71' lang='lat' dir='ltr'><strong>AUGUSTINUS,</strong></span> <span class='ocrx_word' id='word_1_490' title='bbox 2752 619 2803 674; x_wconf 94' lang='lat' dir='ltr'><strong>in</strong></span> <span class='ocrx_word' id='word_1_491' title='bbox 2835 621 3055 676; x_wconf 90' lang='lat' dir='ltr'><strong>Domino</strong></span> <span class='ocrx_word' id='word_1_492' title='bbox 3079 623 3318 679; x_wconf 76' lang='lat' dir='ltr'><strong>salutem.</strong></span> 
     </span>
    </p>
   </div>
   <div class='ocr_carea' id='block_1_65' title="bbox 2352 707 3768 788">
    <p class='ocr_par' dir='ltr' id='par_1_65' title="bbox 2352 707 3768 788">
     <span class='ocr_line' id='line_1_66' title="bbox 2352 707 3768 788; baseline 0.016 -25"><span class='ocrx_word' id='word_1_493' title='bbox 2352 707 2577 766; x_wconf 85' lang='lat' dir='ltr'><strong>CAPUT</strong></span> <span class='ocrx_word' id='word_1_494' title='bbox 2606 710 2887 766; x_wconf 72' lang='lat' dir='ltr'><strong>PRIMUM.</strong></span> <span class='ocrx_word' id='word_1_495' title='bbox 2915 739 2989 752; x_wconf 87' lang='lat'><strong><em>——</em></strong></span> <span class='ocrx_word' id='word_1_496' title='bbox 3017 713 3068 766; x_wconf 86' lang='lat' dir='ltr'><strong>l.</strong></span> <span class='ocrx_word' id='word_1_497' title='bbox 3097 711 3212 768; x_wconf 84' lang='lat' dir='ltr'><strong>Jam</strong></span> <span class='ocrx_word' id='word_1_498' title='bbox 3243 716 3433 785; x_wconf 88' lang='lat' dir='ltr'><strong>pridem</strong></span> <span class='ocrx_word' id='word_1_499' title='bbox 3461 729 3552 776; x_wconf 76' lang='lat' dir='ltr'><strong>tua:</strong></span> <span class='ocrx_word' id='word_1_500' title='bbox 3571 723 3768 788; x_wconf 81' lang='lat' dir='ltr'><strong>Charilau</strong></span> 
     </span>
    </p>
   </div>
   <div class='ocr_carea' id='block_1_66' title="bbox 2283 803 3776 892">
    <p class='ocr_par' dir='ltr' id='par_1_66' title="bbox 2283 803 3776 892">
     <span class='ocr_line' id='line_1_67' title="bbox 2283 803 3776 892; baseline 0.012 -37"><span class='ocrx_word' id='word_1_501' title='bbox 2283 803 2542 872; x_wconf 78' lang='lat' dir='ltr'><strong>prolixam</strong></span> <span class='ocrx_word' id='word_1_502' title='bbox 2563 805 2838 872; x_wconf 87' lang='lat' dir='ltr'><strong>epistolam</strong></span> <span class='ocrx_word' id='word_1_503' title='bbox 2862 805 3003 872; x_wconf 88' lang='lat' dir='ltr'><strong>misi,</strong></span> <span class='ocrx_word' id='word_1_504' title='bbox 3028 807 3348 877; x_wconf 87' lang='lat' dir='ltr'><strong>respondens</strong></span> <span class='ocrx_word' id='word_1_505' title='bbox 3365 810 3433 865; x_wconf 92' lang='lat' dir='ltr'><strong>illi</strong></span> <span class='ocrx_word' id='word_1_506' title='bbox 3459 823 3549 869; x_wconf 80' lang='lat' dir='ltr'><strong>tua:</strong></span> <span class='ocrx_word' id='word_1_507' title='bbox 3565 833 3694 887; x_wconf 87' lang='lat' dir='ltr'><strong>quam</strong></span> <span class='ocrx_word' id='word_1_508' title='bbox 3710 840 3776 892; x_wconf 78' lang='lat' dir='ltr'><strong>per</strong></span> 
     </span>
    </p>
   </div>
   <div class='ocr_carea' id='block_1_67' title="bbox 2283 895 3772 972">
    <p class='ocr_par' dir='ltr' id='par_1_67' title="bbox 2283 895 3772 972">
     <span class='ocr_line' id='line_1_68' title="bbox 2283 895 3772 972; baseline 0.015 -25"><span class='ocrx_word' id='word_1_509' title='bbox 2283 904 2522 950; x_wconf 89' lang='lat' dir='ltr'><strong>sanctum</strong></span> <span class='ocrx_word' id='word_1_510' title='bbox 2535 895 2698 950; x_wconf 85' lang='lat' dir='ltr'><strong>filium</strong></span> <span class='ocrx_word' id='word_1_511' title='bbox 2717 905 2860 951; x_wconf 91' lang='lat' dir='ltr'><strong>tuum</strong></span> <span class='ocrx_word' id='word_1_512' title='bbox 2875 897 3162 966; x_wconf 86' lang='lat' dir='ltr'><strong>Asterium,</strong></span> <span class='ocrx_word' id='word_1_513' title='bbox 3177 915 3311 956; x_wconf 91' lang='lat' dir='ltr'><strong>nunc</strong></span> <span class='ocrx_word' id='word_1_514' title='bbox 3320 900 3424 972; x_wconf 84' lang='lat' dir='ltr'><strong>jam</strong></span> <span class='ocrx_word' id='word_1_515' title='bbox 3443 920 3537 960; x_wconf 93' lang='lat' dir='ltr'><strong>non</strong></span> <span class='ocrx_word' id='word_1_516' title='bbox 3551 909 3690 966; x_wconf 86' lang='lat' dir='ltr'><strong>solum</strong></span> <span class='ocrx_word' id='word_1_517' title='bbox 3704 913 3772 969; x_wconf 83' lang='lat' dir='ltr'><strong>fn-</strong></span> 
     </span>
    </p>
   </div>
   <div class='ocr_carea' id='block_1_68' title="bbox 2285 987 3775 1061">
    <p class='ocr_par' dir='ltr' id='par_1_68' title="bbox 2285 987 3775 1061">
     <span class='ocr_line' id='line_1_69' title="bbox 2285 987 3775 1061; baseline 0.015 -23"><span class='ocrx_word' id='word_1_518' title='bbox 2285 993 2438 1050; x_wconf 91' lang='lat' dir='ltr'><strong>trem,</strong></span> <span class='ocrx_word' id='word_1_519' title='bbox 2459 1001 2643 1041; x_wconf 81' lang='lat' dir='ltr'><strong>verum</strong></span> <span class='ocrx_word' id='word_1_520' title='bbox 2667 987 2824 1042; x_wconf 91' lang='lat' dir='ltr'><strong>etiam</strong></span> <span class='ocrx_word' id='word_1_521' title='bbox 2841 989 3099 1060; x_wconf 73' lang='lat' dir='ltr'><strong>collegam</strong></span> <span class='ocrx_word' id='word_1_522' title='bbox 3123 1006 3319 1060; x_wconf 91' lang='lat' dir='ltr'><strong>meum,</strong></span> <span class='ocrx_word' id='word_1_523' title='bbox 3338 995 3532 1051; x_wconf 87' lang='lat' dir='ltr'><strong>misisse</strong></span> <span class='ocrx_word' id='word_1_524' title='bbox 3557 1008 3603 1055; x_wconf 88' lang='lat' dir='ltr'><strong>te</strong></span> <span class='ocrx_word' id='word_1_525' title='bbox 3618 1005 3775 1061; x_wconf 81' lang='lat' dir='ltr'><strong>recolis.</strong></span> 
     </span>
    </p>
   </div>
   <div class='ocr_carea' id='block_1_69' title="bbox 2283 1077 3777 1156">
    <p class='ocr_par' dir='ltr' id='par_1_69' title="bbox 2283 1077 3777 1156">
     <span class='ocr_line' id='line_1_70' title="bbox 2283 1077 3777 1156; baseline 0.016 -26"><span class='ocrx_word' id='word_1_526' title='bbox 2283 1077 2410 1146; x_wconf 65' lang='lat' dir='ltr'><strong>Quae</strong></span> <span class='ocrx_word' id='word_1_527' title='bbox 2433 1087 2606 1134; x_wconf 91' lang='lat' dir='ltr'><strong>utrum</strong></span> <span class='ocrx_word' id='word_1_528' title='bbox 2633 1081 2685 1135; x_wconf 91' lang='lat' dir='ltr'><strong>in</strong></span> <span class='ocrx_word' id='word_1_529' title='bbox 2707 1096 2895 1136; x_wconf 85' lang='lat' dir='ltr'><strong>manus</strong></span> <span class='ocrx_word' id='word_1_530' title='bbox 2919 1090 3037 1137; x_wconf 83' lang='lat' dir='ltr'><strong>tuas</strong></span> <span class='ocrx_word' id='word_1_531' title='bbox 3060 1085 3334 1155; x_wconf 85' lang='lat' dir='ltr'><strong>pervenire</strong></span> <span class='ocrx_word' id='word_1_532' title='bbox 3361 1091 3594 1146; x_wconf 90' lang='lat' dir='ltr'><strong>meruerit</strong></span> <span class='ocrx_word' id='word_1_533' title='bbox 3613 1134 3628 1156; x_wconf 86' lang='lat'><strong>,</strong></span> <span class='ocrx_word' id='word_1_534' title='bbox 3650 1095 3777 1154; x_wconf 84' lang='lat' dir='ltr'><strong>adhuc</strong></span> 
     </span>
    </p>
   </div>
   <div class='ocr_carea' id='block_1_70' title="bbox 2283 1169 3778 1244">
    <p class='ocr_par' dir='ltr' id='par_1_70' title="bbox 2283 1169 3778 1244">
     <span class='ocr_line' id='line_1_71' title="bbox 2283 1169 3778 1244; baseline 0.015 -22"><span class='ocrx_word' id='word_1_535' title='bbox 2283 1169 2465 1225; x_wconf 91' lang='lat' dir='ltr'><strong>nescio</strong></span> <span class='ocrx_word' id='word_1_536' title='bbox 2489 1187 2504 1237; x_wconf 89' lang='lat'><strong>;</strong></span> <span class='ocrx_word' id='word_1_537' title='bbox 2530 1171 2631 1226; x_wconf 90' lang='lat' dir='ltr'><strong>nisi</strong></span> <span class='ocrx_word' id='word_1_538' title='bbox 2655 1171 2795 1242; x_wconf 89' lang='lat' dir='ltr'><strong>quod</strong></span> <span class='ocrx_word' id='word_1_539' title='bbox 2824 1188 2918 1243; x_wconf 89' lang='lat' dir='ltr'><strong>per</strong></span> <span class='ocrx_word' id='word_1_540' title='bbox 2943 1173 3160 1230; x_wconf 90' lang='lat' dir='ltr'><strong>fratrem</strong></span> <span class='ocrx_word' id='word_1_541' title='bbox 3185 1177 3580 1236; x_wconf 88' lang='lat' dir='ltr'><strong>sincerissimum</strong></span> <span class='ocrx_word' id='word_1_542' title='bbox 3598 1184 3778 1244; x_wconf 68' lang='lat' dir='ltr'><strong>Firmum</strong></span> 
     </span>
    </p>
   </div>
   <div class='ocr_carea' id='block_1_71' title="bbox 2283 1259 3780 1340">
    <p class='ocr_par' dir='ltr' id='par_1_71' title="bbox 2283 1259 3780 1340">
     <span class='ocr_line' id='line_1_72' title="bbox 2283 1259 3780 1340; baseline 0.013 -26"><span class='ocrx_word' id='word_1_543' title='bbox 2283 1259 2470 1314; x_wconf 84' lang='lat' dir='ltr'><strong>scribis</strong></span> <span class='ocrx_word' id='word_1_544' title='bbox 2488 1302 2504 1328; x_wconf 92' lang='lat'><strong>,</strong></span> <span class='ocrx_word' id='word_1_545' title='bbox 2553 1261 2600 1316; x_wconf 89' lang='lat' dir='ltr'><strong>si</strong></span> <span class='ocrx_word' id='word_1_546' title='bbox 2642 1261 2731 1318; x_wconf 88' lang='lat' dir='ltr'><strong>ille</strong></span> <span class='ocrx_word' id='word_1_547' title='bbox 2757 1262 2845 1333; x_wconf 87' lang='lat' dir='ltr'><strong>qui</strong></span> <span class='ocrx_word' id='word_1_548' title='bbox 2877 1272 2929 1319; x_wconf 90' lang='lat' dir='ltr'><strong>te</strong></span> <span class='ocrx_word' id='word_1_549' title='bbox 2958 1265 3185 1335; x_wconf 90' lang='lat' dir='ltr'><strong>primum</strong></span> <span class='ocrx_word' id='word_1_550' title='bbox 3213 1267 3383 1340; x_wconf 87' lang='lat' dir='ltr'><strong>gladio</strong></span> <span class='ocrx_word' id='word_1_551' title='bbox 3412 1271 3576 1340; x_wconf 88' lang='lat' dir='ltr'><strong>petiit,</strong></span> <span class='ocrx_word' id='word_1_552' title='bbox 3604 1273 3780 1335; x_wconf 85' lang='lat' dir='ltr'><strong>stilore-</strong></span> 
     </span>
    </p>
   </div>
   <div class='ocr_carea' id='block_1_72' title="bbox 2283 1341 3780 1433">
    <p class='ocr_par' dir='ltr' id='par_1_72' title="bbox 2283 1341 3780 1433">
     <span class='ocr_line' id='line_1_73' title="bbox 2283 1341 3780 1433; baseline 0.012 -29"><span class='ocrx_word' id='word_1_553' title='bbox 2283 1341 2465 1420; x_wconf 80' lang='lat' dir='ltr'><strong>pulsus</strong></span> <span class='ocrx_word' id='word_1_554' title='bbox 2484 1363 2594 1420; x_wconf 89' lang='lat' dir='ltr'><strong>est,</strong></span> <span class='ocrx_word' id='word_1_555' title='bbox 2619 1364 2677 1408; x_wconf 90' lang='lat' dir='ltr'><strong>ut</strong></span> <span class='ocrx_word' id='word_1_556' title='bbox 2695 1356 2768 1409; x_wconf 90' lang='lat' dir='ltr'><strong>sit</strong></span> <span class='ocrx_word' id='word_1_557' title='bbox 2788 1355 3126 1413; x_wconf 85' lang='lat' dir='ltr'><strong>humanitatis</strong></span> <span class='ocrx_word' id='word_1_558' title='bbox 3147 1375 3279 1415; x_wconf 68' lang='lat' dir='ltr'><strong>mea:</strong></span> <span class='ocrx_word' id='word_1_559' title='bbox 3301 1369 3451 1432; x_wconf 89' lang='lat' dir='ltr'><strong>atque</strong></span> <span class='ocrx_word' id='word_1_560' title='bbox 3464 1362 3656 1433; x_wconf 59' lang='lat' dir='ltr'><strong>iustitia</strong></span> <span class='ocrx_word' id='word_1_561' title='bbox 3669 1382 3780 1423; x_wconf 80' lang='lat' dir='ltr'><strong>accu-</strong></span> 
     </span>
    </p>
   </div>
   <div class='ocr_carea' id='block_1_73' title="bbox 2281 1444 3782 1520">
    <p class='ocr_par' dir='ltr' id='par_1_73' title="bbox 2281 1444 3782 1520">
     <span class='ocr_line' id='line_1_74' title="bbox 2281 1444 3782 1520; baseline 0.013 -25"><span class='ocrx_word' id='word_1_562' title='bbox 2281 1450 2484 1496; x_wconf 89' lang='lat' dir='ltr'><strong>santem</strong></span> <span class='ocrx_word' id='word_1_563' title='bbox 2529 1444 2949 1515; x_wconf 85' lang='lat' dir='ltr'><strong>reprehendere,</strong></span> <span class='ocrx_word' id='word_1_564' title='bbox 2998 1464 3104 1503; x_wconf 91' lang='lat' dir='ltr'><strong>non</strong></span> <span class='ocrx_word' id='word_1_565' title='bbox 3144 1451 3559 1520; x_wconf 86' lang='lat' dir='ltr'><strong>respondentem.</strong></span> <span class='ocrx_word' id='word_1_566' title='bbox 3595 1455 3686 1510; x_wconf 86' lang='lat' dir='ltr'><strong>Hoc</strong></span> <span class='ocrx_word' id='word_1_567' title='bbox 3702 1459 3782 1514; x_wconf 84' lang='lat' dir='ltr'><strong>solo</strong></span> 
     </span>
    </p>
   </div>
   <div class='ocr_carea' id='block_1_74' title="bbox 2283 1534 3784 1616">
    <p class='ocr_par' dir='ltr' id='par_1_74' title="bbox 2283 1534 3784 1616">
     <span class='ocr_line' id='line_1_75' title="bbox 2283 1534 3784 1616; baseline 0.012 -29"><span class='ocrx_word' id='word_1_568' title='bbox 2283 1534 2594 1590; x_wconf 89' lang='lat' dir='ltr'><strong>tenuissimo</strong></span> <span class='ocrx_word' id='word_1_569' title='bbox 2649 1535 2843 1592; x_wconf 91' lang='lat' dir='ltr'><strong>indicio</strong></span> <span class='ocrx_word' id='word_1_570' title='bbox 2873 1578 2891 1606; x_wconf 93' lang='lat'><strong>,</strong></span> <span class='ocrx_word' id='word_1_571' title='bbox 2949 1548 3237 1612; x_wconf 88' lang='lat' dir='ltr'><strong>utcumque</strong></span> <span class='ocrx_word' id='word_1_572' title='bbox 3288 1544 3506 1613; x_wconf 84' lang='lat' dir='ltr'><strong>coujicio</strong></span> <span class='ocrx_word' id='word_1_573' title='bbox 3549 1542 3710 1616; x_wconf 72' lang='lat' dir='ltr'><strong>legisse</strong></span> <span class='ocrx_word' id='word_1_574' title='bbox 3747 1557 3784 1605; x_wconf 86' lang='lat' dir='ltr'><strong>te</strong></span> 
     </span>
    </p>
   </div>
   <div class='ocr_carea' id='block_1_75' title="bbox 2282 1627 3784 1707">
    <p class='ocr_par' dir='ltr' id='par_1_75' title="bbox 2282 1627 3784 1707">
     <span class='ocr_line' id='line_1_76' title="bbox 2282 1627 3784 1707; baseline 0.007 -25"><span class='ocrx_word' id='word_1_575' title='bbox 2282 1627 2424 1684; x_wconf 87' lang='lat' dir='ltr'><strong>illam</strong></span> <span class='ocrx_word' id='word_1_576' title='bbox 2446 1630 2724 1700; x_wconf 78' lang='lat' dir='ltr'><strong>epistolam</strong></span> <span class='ocrx_word' id='word_1_577' title='bbox 2749 1647 2945 1686; x_wconf 87' lang='lat' dir='ltr'><strong>meam.</strong></span> <span class='ocrx_word' id='word_1_578' title='bbox 2977 1632 3034 1689; x_wconf 82' lang='lat' dir='ltr'><strong>In</strong></span> <span class='ocrx_word' id='word_1_579' title='bbox 3063 1649 3124 1690; x_wconf 90' lang='lat' dir='ltr'><strong>ea</strong></span> <span class='ocrx_word' id='word_1_580' title='bbox 3153 1629 3345 1706; x_wconf 82' lang='lat' dir='ltr'><strong>quippe</strong></span> <span class='ocrx_word' id='word_1_581' title='bbox 3369 1636 3614 1707; x_wconf 85' lang='lat' dir='ltr'><strong>deploravi</strong></span> <span class='ocrx_word' id='word_1_582' title='bbox 3635 1648 3784 1694; x_wconf 84' lang='lat' dir='ltr'><strong>tantam</strong></span> 
     </span>
    </p>
   </div>
   <div class='ocr_carea' id='block_1_76' title="bbox 2283 1718 3786 1798">
    <p class='ocr_par' dir='ltr' id='par_1_76' title="bbox 2283 1718 3786 1798">
     <span class='ocr_line' id='line_1_77' title="bbox 2283 1718 3786 1798; baseline 0.009 -26"><span class='ocrx_word' id='word_1_583' title='bbox 2283 1718 2420 1775; x_wconf 89' lang='lat' dir='ltr'><strong>inter</strong></span> <span class='ocrx_word' id='word_1_584' title='bbox 2447 1735 2542 1775; x_wconf 91' lang='lat' dir='ltr'><strong>vos</strong></span> <span class='ocrx_word' id='word_1_585' title='bbox 2568 1723 2837 1778; x_wconf 81' lang='lat' dir='ltr'><strong>exstitisse</strong></span> <span class='ocrx_word' id='word_1_586' title='bbox 2857 1723 3201 1793; x_wconf 85' lang='lat' dir='ltr'><strong>discordiam,</strong></span> <span class='ocrx_word' id='word_1_587' title='bbox 3223 1725 3289 1783; x_wconf 91' lang='lat' dir='ltr'><strong>de</strong></span> <span class='ocrx_word' id='word_1_588' title='bbox 3317 1743 3526 1798; x_wconf 89' lang='lat' dir='ltr'><strong>quorum</strong></span> <span class='ocrx_word' id='word_1_589' title='bbox 3550 1738 3671 1784; x_wconf 86' lang='lat' dir='ltr'><strong>tanta</strong></span> <span class='ocrx_word' id='word_1_590' title='bbox 3690 1732 3786 1786; x_wconf 86' lang='lat' dir='ltr'><strong>ami-</strong></span> 
     </span>
    </p>
   </div>
   <div class='ocr_carea' id='block_1_77' title="bbox 2282 1812 3786 1887">
    <p class='ocr_par' dir='ltr' id='par_1_77' title="bbox 2282 1812 3786 1887">
     <span class='ocr_line' id='line_1_78' title="bbox 2282 1812 3786 1887; baseline 0.009 -21"><span class='ocrx_word' id='word_1_591' title='bbox 2282 1812 2435 1876; x_wconf 90' lang='lat' dir='ltr'><strong>citia,</strong></span> <span class='ocrx_word' id='word_1_592' title='bbox 2481 1828 2904 1884; x_wconf 81' lang='lat' dir='ltr'><strong>quaquaversum</strong></span> <span class='ocrx_word' id='word_1_593' title='bbox 2945 1832 3063 1872; x_wconf 89' lang='lat' dir='ltr'><strong>eam</strong></span> <span class='ocrx_word' id='word_1_594' title='bbox 3103 1817 3244 1874; x_wconf 85' lang='lat' dir='ltr'><strong>fama</strong></span> <span class='ocrx_word' id='word_1_595' title='bbox 3285 1819 3582 1887; x_wconf 85' lang='lat' dir='ltr'><strong>diffuderat,</strong></span> <span class='ocrx_word' id='word_1_596' title='bbox 3610 1822 3786 1879; x_wconf 74' lang='lat' dir='ltr'><strong>charitss</strong></span> 
     </span>
    </p>
   </div>
   <div class='ocr_carea' id='block_1_78' title="bbox 2283 1901 3787 1982">
    <p class='ocr_par' dir='ltr' id='par_1_78' title="bbox 2283 1901 3787 1982">
     <span class='ocr_line' id='line_1_79' title="bbox 2283 1901 3787 1982; baseline 0.009 -24"><span class='ocrx_word' id='word_1_597' title='bbox 2283 1901 2520 1958; x_wconf 84' lang='lat' dir='ltr'><strong>fraterna</strong></span> <span class='ocrx_word' id='word_1_598' title='bbox 2571 1905 2850 1976; x_wconf 73' lang='lat' dir='ltr'><strong>gaudebat.</strong></span> <span class='ocrx_word' id='word_1_599' title='bbox 2904 1907 3054 1974; x_wconf 87' lang='lat' dir='ltr'><strong>Quod</strong></span> <span class='ocrx_word' id='word_1_600' title='bbox 3109 1925 3216 1966; x_wconf 91' lang='lat' dir='ltr'><strong>non</strong></span> <span class='ocrx_word' id='word_1_601' title='bbox 3270 1911 3374 1966; x_wconf 82' lang='lat' dir='ltr'><strong>feci</strong></span> <span class='ocrx_word' id='word_1_602' title='bbox 3425 1907 3787 1982; x_wconf 81' lang='lat' dir='ltr'><strong>reprehendendo</strong></span> 
     </span>
    </p>
   </div>
   <div class='ocr_carea' id='block_1_79' title="bbox 2282 1995 3784 2076">
    <p class='ocr_par' dir='ltr' id='par_1_79' title="bbox 2282 1995 3784 2076">
     <span class='ocr_line' id='line_1_80' title="bbox 2282 1995 3784 2076; baseline 0.003 -22"><span class='ocrx_word' id='word_1_603' title='bbox 2282 1995 2694 2054; x_wconf 84' lang='lat' dir='ltr'><strong>Germanitatem</strong></span> <span class='ocrx_word' id='word_1_604' title='bbox 2741 2009 2912 2066; x_wconf 89' lang='lat' dir='ltr'><strong>tuam,</strong></span> <span class='ocrx_word' id='word_1_605' title='bbox 2958 2001 3109 2070; x_wconf 85' lang='lat' dir='ltr'><strong>cujus</strong></span> <span class='ocrx_word' id='word_1_606' title='bbox 3147 2002 3198 2056; x_wconf 91' lang='lat' dir='ltr'><strong>in</strong></span> <span class='ocrx_word' id='word_1_607' title='bbox 3231 2018 3292 2057; x_wconf 91' lang='lat' dir='ltr'><strong>ea</strong></span> <span class='ocrx_word' id='word_1_608' title='bbox 3321 2019 3378 2059; x_wconf 91' lang='lat' dir='ltr'><strong>re</strong></span> <span class='ocrx_word' id='word_1_609' title='bbox 3401 2004 3608 2072; x_wconf 72' lang='lat' dir='ltr'><strong>aliquam</strong></span> <span class='ocrx_word' id='word_1_610' title='bbox 3630 2006 3784 2076; x_wconf 83' lang='lat' dir='ltr'><strong>culpam</strong></span> 
     </span>
    </p>
   </div>
   <div class='ocr_carea' id='block_1_80' title="bbox 2285 2091 3785 2160">
    <p class='ocr_par' dir='ltr' id='par_1_80' title="bbox 2285 2091 3785 2160">
     <span class='ocr_line' id='line_1_81' title="bbox 2285 2091 3785 2160; baseline 0.006 -18"><span class='ocrx_word' id='word_1_611' title='bbox 2285 2103 2370 2143; x_wconf 88' lang='lat' dir='ltr'><strong>me</strong></span> <span class='ocrx_word' id='word_1_612' title='bbox 2411 2091 2722 2159; x_wconf 79' lang='lat' dir='ltr'><strong>cognovisse</strong></span> <span class='ocrx_word' id='word_1_613' title='bbox 2768 2108 2873 2147; x_wconf 91' lang='lat' dir='ltr'><strong>non</strong></span> <span class='ocrx_word' id='word_1_614' title='bbox 2919 2093 3089 2149; x_wconf 84' lang='lat' dir='ltr'><strong>ausim</strong></span> <span class='ocrx_word' id='word_1_615' title='bbox 3132 2093 3353 2160; x_wconf 84' lang='lat' dir='ltr'><strong>dicere;</strong></span> <span class='ocrx_word' id='word_1_616' title='bbox 3392 2094 3481 2149; x_wconf 89' lang='lat' dir='ltr'><strong>sed</strong></span> <span class='ocrx_word' id='word_1_617' title='bbox 3508 2095 3785 2151; x_wconf 88' lang='lat' dir='ltr'><strong>dolendohu-</strong></span> 
     </span>
    </p>
   </div>
   <div class='ocr_carea' id='block_1_81' title="bbox 2283 2183 3788 2255">
    <p class='ocr_par' dir='ltr' id='par_1_81' title="bbox 2283 2183 3788 2255">
     <span class='ocr_line' id='line_1_82' title="bbox 2283 2183 3788 2255; baseline 0.005 -20"><span class='ocrx_word' id='word_1_618' title='bbox 2283 2196 2490 2236; x_wconf 87' lang='lat' dir='ltr'><strong>manam</strong></span> <span class='ocrx_word' id='word_1_619' title='bbox 2527 2183 2793 2239; x_wconf 90' lang='lat' dir='ltr'><strong>miseriam</strong></span> <span class='ocrx_word' id='word_1_620' title='bbox 2810 2225 2825 2249; x_wconf 91' lang='lat'><strong>,</strong></span> <span class='ocrx_word' id='word_1_621' title='bbox 2853 2185 3009 2255; x_wconf 75' lang='lat' dir='ltr'><strong>cujus</strong></span> <span class='ocrx_word' id='word_1_622' title='bbox 3037 2187 3092 2241; x_wconf 89' lang='lat' dir='ltr'><strong>in</strong></span> <span class='ocrx_word' id='word_1_623' title='bbox 3119 2185 3371 2242; x_wconf 86' lang='lat' dir='ltr'><strong>amicitiis</strong></span> <span class='ocrx_word' id='word_1_624' title='bbox 3397 2197 3566 2241; x_wconf 87' lang='lat' dir='ltr'><strong>mutua</strong></span> <span class='ocrx_word' id='word_1_625' title='bbox 3591 2186 3788 2242; x_wconf 85' lang='lat' dir='ltr'><strong>charitate</strong></span> 
     </span>
    </p>
   </div>
   <div class='ocr_carea' id='block_1_82' title="bbox 2285 2274 3787 2350">
    <p class='ocr_par' dir='ltr' id='par_1_82' title="bbox 2285 2274 3787 2350">
     <span class='ocr_line' id='line_1_83' title="bbox 2285 2274 3787 2350; baseline 0.003 -23"><span class='ocrx_word' id='word_1_626' title='bbox 2285 2274 2573 2329; x_wconf 89' lang='lat' dir='ltr'><strong>retinendis</strong></span> <span class='ocrx_word' id='word_1_627' title='bbox 2595 2316 2612 2340; x_wconf 91' lang='lat'><strong>,</strong></span> <span class='ocrx_word' id='word_1_628' title='bbox 2640 2275 2965 2346; x_wconf 84' lang='lat' dir='ltr'><strong>quantalibet</strong></span> <span class='ocrx_word' id='word_1_629' title='bbox 2995 2277 3085 2332; x_wconf 89' lang='lat' dir='ltr'><strong>illa</strong></span> <span class='ocrx_word' id='word_1_630' title='bbox 3105 2279 3193 2346; x_wconf 87' lang='lat' dir='ltr'><strong>sit,</strong></span> <span class='ocrx_word' id='word_1_631' title='bbox 3215 2277 3413 2334; x_wconf 86' lang='lat' dir='ltr'><strong>incerta</strong></span> <span class='ocrx_word' id='word_1_632' title='bbox 3433 2278 3698 2350; x_wconf 86' lang='lat' dir='ltr'><strong>permansio</strong></span> <span class='ocrx_word' id='word_1_633' title='bbox 3713 2285 3787 2332; x_wconf 82' lang='lat' dir='ltr'><strong>est.</strong></span> 
     </span>
    </p>
   </div>
   <div class='ocr_carea' id='block_1_83' title="bbox 2284 2363 3789 2438">
    <p class='ocr_par' dir='ltr' id='par_1_83' title="bbox 2284 2363 3789 2438">
     <span class='ocr_line' id='line_1_84' title="bbox 2284 2363 3789 2438; baseline 0.002 -19"><span class='ocrx_word' id='word_1_634' title='bbox 2284 2363 2480 2420; x_wconf 76' lang='lat' dir='ltr'><strong>Verum</strong></span> <span class='ocrx_word' id='word_1_635' title='bbox 2525 2365 2658 2421; x_wconf 90' lang='lat' dir='ltr'><strong>illud</strong></span> <span class='ocrx_word' id='word_1_636' title='bbox 2697 2367 2987 2423; x_wconf 87' lang='lat' dir='ltr'><strong>malueram</strong></span> <span class='ocrx_word' id='word_1_637' title='bbox 3031 2369 3136 2424; x_wconf 88' lang='lat' dir='ltr'><strong>tuis</strong></span> <span class='ocrx_word' id='word_1_638' title='bbox 3166 2383 3326 2424; x_wconf 88' lang='lat' dir='ltr'><strong>nosse</strong></span> <span class='ocrx_word' id='word_1_639' title='bbox 3353 2369 3632 2438; x_wconf 86' lang='lat' dir='ltr'><strong>rescriptis,</strong></span> <span class='ocrx_word' id='word_1_640' title='bbox 3657 2377 3789 2422; x_wconf 79' lang='lat' dir='ltr'><strong>utrum</strong></span> 
     </span>
    </p>
   </div>
   <div class='ocr_carea' id='block_1_84' title="bbox 2283 2455 3788 2528">
    <p class='ocr_par' dir='ltr' id='par_1_84' title="bbox 2283 2455 3788 2528">
     <span class='ocr_line' id='line_1_85' title="bbox 2283 2455 3788 2528; baseline 0 -18"><span class='ocrx_word' id='word_1_641' title='bbox 2283 2455 2413 2510; x_wconf 93' lang='lat' dir='ltr'><strong>mihi</strong></span> <span class='ocrx_word' id='word_1_642' title='bbox 2456 2457 2664 2512; x_wconf 88' lang='lat' dir='ltr'><strong>veniam</strong></span> <span class='ocrx_word' id='word_1_643' title='bbox 2702 2473 2861 2528; x_wconf 88' lang='lat' dir='ltr'><strong>quam</strong></span> <span class='ocrx_word' id='word_1_644' title='bbox 2891 2473 3233 2528; x_wconf 87' lang='lat' dir='ltr'><strong>poposceram</strong></span> <span class='ocrx_word' id='word_1_645' title='bbox 3265 2459 3468 2514; x_wconf 88' lang='lat' dir='ltr'><strong>dederis</strong></span> <span class='ocrx_word' id='word_1_646' title='bbox 3496 2477 3508 2512; x_wconf 88' lang='lat'>:</span> <span class='ocrx_word' id='word_1_647' title='bbox 3534 2459 3655 2528; x_wconf 90' lang='lat' dir='ltr'><strong>quod</strong></span> <span class='ocrx_word' id='word_1_648' title='bbox 3674 2472 3788 2527; x_wconf 81' lang='lat' dir='ltr'><strong>aper-</strong></span> 
     </span>
    </p>
   </div>
   <div class='ocr_carea' id='block_1_85' title="bbox 2284 2547 3792 2620">
    <p class='ocr_par' dir='ltr' id='par_1_85' title="bbox 2284 2547 3792 2620">
     <span class='ocr_line' id='line_1_86' title="bbox 2284 2547 3792 2620; baseline 0.001 -19"><span class='ocrx_word' id='word_1_649' title='bbox 2284 2547 2388 2603; x_wconf 89' lang='lat' dir='ltr'><strong>tius</strong></span> <span class='ocrx_word' id='word_1_650' title='bbox 2431 2548 2560 2602; x_wconf 90' lang='lat' dir='ltr'><strong>mihi</strong></span> <span class='ocrx_word' id='word_1_651' title='bbox 2606 2548 2838 2603; x_wconf 85' lang='lat' dir='ltr'><strong>intimari</strong></span> <span class='ocrx_word' id='word_1_652' title='bbox 2883 2551 3082 2620; x_wconf 88' lang='lat' dir='ltr'><strong>cupio;</strong></span> <span class='ocrx_word' id='word_1_653' title='bbox 3123 2550 3365 2620; x_wconf 88' lang='lat' dir='ltr'><strong>quamvis</strong></span> <span class='ocrx_word' id='word_1_654' title='bbox 3401 2550 3604 2604; x_wconf 83' lang='lat' dir='ltr'><strong>hilarior</strong></span> <span class='ocrx_word' id='word_1_655' title='bbox 3626 2547 3792 2620; x_wconf 81' lang='lat' dir='ltr'><strong>quidam</strong></span> 
     </span>
    </p>
   </div>
   <div class='ocr_carea' id='block_1_86' title="bbox 2284 2639 3791 2713">
    <p class='ocr_par' dir='ltr' id='par_1_86' title="bbox 2284 2639 3791 2713">
     <span class='ocr_line' id='line_1_87' title="bbox 2284 2639 3791 2713; baseline -0.001 -17"><span class='ocrx_word' id='word_1_656' title='bbox 2284 2639 2462 2696; x_wconf 73' lang='lat' dir='ltr'><strong>Vultus</strong></span> <span class='ocrx_word' id='word_1_657' title='bbox 2488 2639 2780 2695; x_wconf 90' lang='lat' dir='ltr'><strong>litterarum</strong></span> <span class='ocrx_word' id='word_1_658' title='bbox 2806 2649 3050 2709; x_wconf 86' lang='lat' dir='ltr'><strong>tuarum,</strong></span> <span class='ocrx_word' id='word_1_659' title='bbox 3080 2641 3242 2696; x_wconf 88' lang='lat' dir='ltr'><strong>etiam</strong></span> <span class='ocrx_word' id='word_1_660' title='bbox 3275 2642 3374 2698; x_wconf 89' lang='lat' dir='ltr'><strong>hoc</strong></span> <span class='ocrx_word' id='word_1_661' title='bbox 3403 2658 3484 2698; x_wconf 91' lang='lat' dir='ltr'><strong>me</strong></span> <span class='ocrx_word' id='word_1_662' title='bbox 3511 2643 3791 2713; x_wconf 85' lang='lat' dir='ltr'><strong>impetrasse,</strong></span> 
     </span>
    </p>
   </div>
   <div class='ocr_carea' id='block_1_87' title="bbox 2284 2729 3794 2804">
    <p class='ocr_par' dir='ltr' id='par_1_87' title="bbox 2284 2729 3794 2804">
     <span class='ocr_line' id='line_1_88' title="bbox 2284 2729 3794 2804; baseline 0.001 -20"><span class='ocrx_word' id='word_1_663' title='bbox 2284 2729 2580 2801; x_wconf 84' lang='lat' dir='ltr'><strong>significare</strong></span> <span class='ocrx_word' id='word_1_664' title='bbox 2601 2732 2842 2787; x_wconf 86' lang='lat' dir='ltr'><strong>videatur</strong></span> <span class='ocrx_word' id='word_1_665' title='bbox 2868 2750 2881 2789; x_wconf 90' lang='lat'><strong>:</strong></span> <span class='ocrx_word' id='word_1_666' title='bbox 2911 2733 2956 2788; x_wconf 90' lang='lat' dir='ltr'><strong>si</strong></span> <span class='ocrx_word' id='word_1_667' title='bbox 2978 2741 3154 2789; x_wconf 89' lang='lat' dir='ltr'><strong>tamen</strong></span> <span class='ocrx_word' id='word_1_668' title='bbox 3175 2743 3299 2804; x_wconf 88' lang='lat' dir='ltr'><strong>post</strong></span> <span class='ocrx_word' id='word_1_669' title='bbox 3316 2734 3497 2790; x_wconf 88' lang='lat' dir='ltr'><strong>lectam</strong></span> <span class='ocrx_word' id='word_1_670' title='bbox 3518 2733 3644 2788; x_wconf 91' lang='lat' dir='ltr'><strong>illam</strong></span> <span class='ocrx_word' id='word_1_671' title='bbox 3663 2730 3794 2786; x_wconf 74' lang='lat' dir='ltr'><strong>missa</strong></span> 
     </span>
    </p>
   </div>
   <div class='ocr_carea' id='block_1_88' title="bbox 2284 2821 3301 2894">
    <p class='ocr_par' dir='ltr' id='par_1_88' title="bbox 2284 2821 3301 2894">
     <span class='ocr_line' id='line_1_89' title="bbox 2284 2821 3301 2894; baseline 0.004 -20"><span class='ocrx_word' id='word_1_672' title='bbox 2284 2828 2407 2875; x_wconf 89' lang='lat' dir='ltr'><strong>sunt</strong></span> <span class='ocrx_word' id='word_1_673' title='bbox 2433 2837 2447 2886; x_wconf 89' lang='lat'><strong>;</strong></span> <span class='ocrx_word' id='word_1_674' title='bbox 2476 2821 2615 2890; x_wconf 89' lang='lat' dir='ltr'><strong>quod</strong></span> <span class='ocrx_word' id='word_1_675' title='bbox 2641 2822 2692 2877; x_wconf 93' lang='lat' dir='ltr'><strong>in</strong></span> <span class='ocrx_word' id='word_1_676' title='bbox 2722 2823 2800 2878; x_wconf 90' lang='lat' dir='ltr'><strong>eis</strong></span> <span class='ocrx_word' id='word_1_677' title='bbox 2826 2823 3046 2879; x_wconf 89' lang='lat' dir='ltr'><strong>minime</strong></span> <span class='ocrx_word' id='word_1_678' title='bbox 3062 2834 3301 2894; x_wconf 88' lang='lat' dir='ltr'><strong>apparet.</strong></span> 
     </span>
    </p>
   </div>
   <div class='ocr_carea' id='block_1_89' title="bbox 2355 2913 3794 2988">
    <p class='ocr_par' dir='ltr' id='par_1_89' title="bbox 2355 2913 3794 2988">
     <span class='ocr_line' id='line_1_90' title="bbox 2355 2913 3794 2988; baseline 0.001 -21"><span class='ocrx_word' id='word_1_679' title='bbox 2355 2913 2409 2967; x_wconf 76' lang='lat'><strong>2.</strong></span> <span class='ocrx_word' id='word_1_680' title='bbox 2456 2913 2633 2979; x_wconf 83' lang='lat' dir='ltr'><strong>Petis,</strong></span> <span class='ocrx_word' id='word_1_681' title='bbox 2675 2915 2758 2971; x_wconf 88' lang='lat' dir='ltr'><strong>vel</strong></span> <span class='ocrx_word' id='word_1_682' title='bbox 2803 2917 2978 2985; x_wconf 90' lang='lat' dir='ltr'><strong>potius</strong></span> <span class='ocrx_word' id='word_1_683' title='bbox 3003 2916 3191 2972; x_wconf 79' lang='lat' dir='ltr'><strong>ﬁducia</strong></span> <span class='ocrx_word' id='word_1_684' title='bbox 3220 2918 3490 2973; x_wconf 84' lang='lat' dir='ltr'><strong>charitatis</strong></span> <span class='ocrx_word' id='word_1_685' title='bbox 3512 2917 3678 2988; x_wconf 76' lang='lat' dir='ltr'><strong>iubes,</strong></span> <span class='ocrx_word' id='word_1_686' title='bbox 3701 2922 3794 2968; x_wconf 85' lang='lat' dir='ltr'><strong>utm</strong></span> 
     </span>
    </p>
   </div>
   <div class='ocr_carea' id='block_1_90' title="bbox 2285 3002 3777 3076">
    <p class='ocr_par' dir='ltr' id='par_1_90' title="bbox 2285 3002 3777 3076">
     <span class='ocr_line' id='line_1_91' title="bbox 2285 3002 3777 3076; baseline -0.003 -14"><span class='ocrx_word' id='word_1_687' title='bbox 2285 3002 2675 3075; x_wconf 86' lang='lat' dir='ltr'><strong>Scripturarum</strong></span> <span class='ocrx_word' id='word_1_688' title='bbox 2722 3021 2910 3076; x_wconf 88' lang='lat' dir='ltr'><strong>campo</strong></span> <span class='ocrx_word' id='word_1_689' title='bbox 2955 3007 3069 3063; x_wconf 87' lang='lat' dir='ltr'><strong>sine</strong></span> <span class='ocrx_word' id='word_1_690' title='bbox 3111 3017 3296 3064; x_wconf 91' lang='lat' dir='ltr'><strong>nostro</strong></span> <span class='ocrx_word' id='word_1_691' title='bbox 3324 3009 3539 3064; x_wconf 86' lang='lat' dir='ltr'><strong>invicem</strong></span> <span class='ocrx_word' id='word_1_692' title='bbox 3567 3006 3721 3060; x_wconf 89' lang='lat' dir='ltr'><strong>dolore</strong></span> <span class='ocrx_word' id='word_1_693' title='bbox 3740 3003 3777 3057; x_wconf 82' lang='lat' dir='ltr'><strong>lu</strong></span> 
     </span>
    </p>
   </div>
   <div class='ocr_carea' id='block_1_91' title="bbox 2287 3095 3799 3169">
    <p class='ocr_par' dir='ltr' id='par_1_91' title="bbox 2287 3095 3799 3169">
     <span class='ocr_line' id='line_1_92' title="bbox 2287 3095 3799 3169; baseline 0 -19"><span class='ocrx_word' id='word_1_694' title='bbox 2287 3095 2490 3152; x_wconf 86' lang='lat' dir='ltr'><strong>damus.</strong></span> <span class='ocrx_word' id='word_1_695' title='bbox 2552 3097 2809 3168; x_wconf 88' lang='lat' dir='ltr'><strong>Equidem</strong></span> <span class='ocrx_word' id='word_1_696' title='bbox 2856 3108 3106 3169; x_wconf 86' lang='lat' dir='ltr'><strong>quantum</strong></span> <span class='ocrx_word' id='word_1_697' title='bbox 3151 3100 3217 3156; x_wconf 90' lang='lat' dir='ltr'><strong>ad</strong></span> <span class='ocrx_word' id='word_1_698' title='bbox 3245 3116 3332 3156; x_wconf 88' lang='lat' dir='ltr'><strong>me</strong></span> <span class='ocrx_word' id='word_1_699' title='bbox 3355 3101 3564 3163; x_wconf 88' lang='lat' dir='ltr'><strong>attinet,</strong></span> <span class='ocrx_word' id='word_1_700' title='bbox 3593 3098 3711 3154; x_wconf 88' lang='lat' dir='ltr'><strong>serio</strong></span> <span class='ocrx_word' id='word_1_701' title='bbox 3734 3110 3799 3150; x_wconf 76' lang='lat' dir='ltr'><strong>nus</strong></span> 
     </span>
    </p>
   </div>
   <div class='ocr_carea' id='block_1_92' title="bbox 2288 3186 3801 3262">
    <p class='ocr_par' dir='ltr' id='par_1_92' title="bbox 2288 3186 3801 3262">
     <span class='ocr_line' id='line_1_93' title="bbox 2288 3186 3801 3262; baseline -0.001 -21"><span class='ocrx_word' id='word_1_702' title='bbox 2288 3188 2420 3252; x_wconf 91' lang='lat' dir='ltr'><strong>ista,</strong></span> <span class='ocrx_word' id='word_1_703' title='bbox 2451 3203 2607 3259; x_wconf 89' lang='lat' dir='ltr'><strong>quam</strong></span> <span class='ocrx_word' id='word_1_704' title='bbox 2637 3189 2788 3255; x_wconf 88' lang='lat' dir='ltr'><strong>ludo,</strong></span> <span class='ocrx_word' id='word_1_705' title='bbox 2821 3205 2979 3262; x_wconf 88' lang='lat' dir='ltr'><strong>agere</strong></span> <span class='ocrx_word' id='word_1_706' title='bbox 3007 3191 3242 3247; x_wconf 91' lang='lat' dir='ltr'><strong>mallem.</strong></span> <span class='ocrx_word' id='word_1_707' title='bbox 3274 3192 3422 3262; x_wconf 84' lang='lat' dir='ltr'><strong>Quod</strong></span> <span class='ocrx_word' id='word_1_708' title='bbox 3454 3192 3496 3247; x_wconf 92' lang='lat' dir='ltr'><strong>si</strong></span> <span class='ocrx_word' id='word_1_709' title='bbox 3521 3191 3612 3246; x_wconf 90' lang='lat' dir='ltr'><strong>hoc</strong></span> <span class='ocrx_word' id='word_1_710' title='bbox 3632 3186 3801 3243; x_wconf 80' lang='lat' dir='ltr'><strong>verbum</strong></span> 
     </span>
    </p>
   </div>
   <div class='ocr_carea' id='block_1_93' title="bbox 2289 3279 3800 3354">
    <p class='ocr_par' dir='ltr' id='par_1_93' title="bbox 2289 3279 3800 3354">
     <span class='ocr_line' id='line_1_94' title="bbox 2289 3279 3800 3354; baseline -0.003 -20"><span class='ocrx_word' id='word_1_711' title='bbox 2289 3279 2379 3334; x_wconf 90' lang='lat' dir='ltr'><strong>tibi</strong></span> <span class='ocrx_word' id='word_1_712' title='bbox 2424 3291 2638 3352; x_wconf 89' lang='lat' dir='ltr'><strong>propter</strong></span> <span class='ocrx_word' id='word_1_713' title='bbox 2678 3279 2980 3338; x_wconf 87' lang='lat' dir='ltr'><strong>facilitatem</strong></span> <span class='ocrx_word' id='word_1_714' title='bbox 3024 3298 3224 3352; x_wconf 89' lang='lat' dir='ltr'><strong>ponere</strong></span> <span class='ocrx_word' id='word_1_715' title='bbox 3265 3283 3497 3354; x_wconf 86' lang='lat' dir='ltr'><strong>placuit;</strong></span> <span class='ocrx_word' id='word_1_716' title='bbox 3533 3297 3622 3352; x_wconf 86' lang='lat' dir='ltr'><strong>ego</strong></span> <span class='ocrx_word' id='word_1_717' title='bbox 3646 3280 3800 3342; x_wconf 86' lang='lat' dir='ltr'><strong>fateor,</strong></span> 
     </span>
    </p>
   </div>
   <div class='ocr_carea' id='block_1_94' title="bbox 2286 3369 3800 3444">
    <p class='ocr_par' dir='ltr' id='par_1_94' title="bbox 2286 3369 3800 3444">
     <span class='ocr_line' id='line_1_95' title="bbox 2286 3369 3800 3444; baseline -0.001 -20"><span class='ocrx_word' id='word_1_718' title='bbox 2286 3369 2458 3438; x_wconf 82' lang='lat' dir='ltr'><strong>majus</strong></span> <span class='ocrx_word' id='word_1_719' title='bbox 2505 3370 2701 3441; x_wconf 89' lang='lat' dir='ltr'><strong>aliquid</strong></span> <span class='ocrx_word' id='word_1_720' title='bbox 2747 3381 2938 3443; x_wconf 83' lang='lat' dir='ltr'><strong>expeto</strong></span> <span class='ocrx_word' id='word_1_721' title='bbox 2978 3389 3008 3428; x_wconf 90' lang='lat' dir='ltr'><strong>a</strong></span> <span class='ocrx_word' id='word_1_722' title='bbox 3053 3373 3380 3444; x_wconf 76' lang='lat' dir='ltr'><strong>benignitate</strong></span> <span class='ocrx_word' id='word_1_723' title='bbox 3409 3374 3587 3430; x_wconf 75' lang='lat' dir='ltr'><strong>virium</strong></span> <span class='ocrx_word' id='word_1_724' title='bbox 3616 3381 3800 3433; x_wconf 87' lang='lat' dir='ltr'><strong>tuarum,</strong></span> 
     </span>
    </p>
   </div>
   <div class='ocr_carea' id='block_1_95' title="bbox 2289 3460 3804 3532">
    <p class='ocr_par' dir='ltr' id='par_1_95' title="bbox 2289 3460 3804 3532">
     <span class='ocr_line' id='line_1_96' title="bbox 2289 3460 3804 3532; baseline -0.001 -18"><span class='ocrx_word' id='word_1_725' title='bbox 2289 3460 2672 3532; x_wconf 86' lang='lat' dir='ltr'><strong>prudentiaque</strong></span> <span class='ocrx_word' id='word_1_726' title='bbox 2697 3471 2806 3516; x_wconf 91' lang='lat' dir='ltr'><strong>tam</strong></span> <span class='ocrx_word' id='word_1_727' title='bbox 2828 3463 3014 3528; x_wconf 83' lang='lat' dir='ltr'><strong>docta,</strong></span> <span class='ocrx_word' id='word_1_728' title='bbox 3042 3471 3096 3519; x_wconf 89' lang='lat' dir='ltr'><strong>et</strong></span> <span class='ocrx_word' id='word_1_729' title='bbox 3116 3463 3290 3520; x_wconf 87' lang='lat' dir='ltr'><strong>otiosa</strong></span> <span class='ocrx_word' id='word_1_730' title='bbox 3311 3507 3326 3532; x_wconf 92' lang='lat'><strong>,</strong></span> <span class='ocrx_word' id='word_1_731' title='bbox 3354 3480 3580 3527; x_wconf 85' lang='lat' dir='ltr'><strong>annosa,</strong></span> <span class='ocrx_word' id='word_1_732' title='bbox 3606 3460 3804 3520; x_wconf 80' lang='lat' dir='ltr'><strong>studiosa.</strong></span> 
     </span>
    </p>
   </div>
   <div class='ocr_carea' id='block_1_96' title="bbox 2287 3549 3803 3621">
    <p class='ocr_par' dir='ltr' id='par_1_96' title="bbox 2287 3549 3803 3621">
     <span class='ocr_line' id='line_1_97' title="bbox 2287 3549 3803 3621; baseline -0.003 -17"><span class='ocrx_word' id='word_1_733' title='bbox 2287 3549 2555 3621; x_wconf 84' lang='lat' dir='ltr'><strong>ingeniosa</strong></span> <span class='ocrx_word' id='word_1_734' title='bbox 2586 3551 2857 3620; x_wconf 79' lang='lat' dir='ltr'><strong>diligentia</strong></span> <span class='ocrx_word' id='word_1_735' title='bbox 2884 3553 2900 3583; x_wconf 74' lang='grc'>³</span> <span class='ocrx_word' id='word_1_736' title='bbox 2925 3567 2942 3619; x_wconf 87' lang='lat'><strong>;</strong></span> <span class='ocrx_word' id='word_1_737' title='bbox 2975 3555 3087 3606; x_wconf 74' lang='lat' dir='ltr'><strong>hzec</strong></span> <span class='ocrx_word' id='word_1_738' title='bbox 3116 3551 3209 3606; x_wconf 90' lang='lat' dir='ltr'><strong>tibi</strong></span> <span class='ocrx_word' id='word_1_739' title='bbox 3241 3570 3346 3609; x_wconf 91' lang='lat' dir='ltr'><strong>non</strong></span> <span class='ocrx_word' id='word_1_740' title='bbox 3378 3563 3572 3608; x_wconf 91' lang='lat' dir='ltr'><strong>tantum</strong></span> <span class='ocrx_word' id='word_1_741' title='bbox 3600 3551 3803 3610; x_wconf 81' lang='lat' dir='ltr'><strong>donante,</strong></span> 
     </span>
    </p>
   </div>
   <div class='ocr_carea' id='block_1_97' title="bbox 2286 3637 3808 3712">
    <p class='ocr_par' dir='ltr' id='par_1_97' title="bbox 2286 3637 3808 3712">
     <span class='ocr_line' id='line_1_98' title="bbox 2286 3637 3808 3712; baseline -0.003 -20"><span class='ocrx_word' id='word_1_742' title='bbox 2286 3655 2465 3693; x_wconf 87' lang='lat' dir='ltr'><strong>vermn</strong></span> <span class='ocrx_word' id='word_1_743' title='bbox 2495 3640 2650 3695; x_wconf 90' lang='lat' dir='ltr'><strong>etiam</strong></span> <span class='ocrx_word' id='word_1_744' title='bbox 2676 3641 2906 3696; x_wconf 83' lang='lat' dir='ltr'><strong>dictante</strong></span> <span class='ocrx_word' id='word_1_745' title='bbox 2931 3641 3131 3712; x_wconf 90' lang='lat' dir='ltr'><strong>Spiritu</strong></span> <span class='ocrx_word' id='word_1_746' title='bbox 3158 3655 3346 3699; x_wconf 87' lang='lat' dir='ltr'><strong>sancto</strong></span> <span class='ocrx_word' id='word_1_747' title='bbox 3371 3685 3386 3708; x_wconf 91' lang='lat'><strong>,</strong></span> <span class='ocrx_word' id='word_1_748' title='bbox 3419 3652 3474 3698; x_wconf 88' lang='lat' dir='ltr'><strong>ut</strong></span> <span class='ocrx_word' id='word_1_749' title='bbox 3501 3643 3550 3696; x_wconf 92' lang='lat' dir='ltr'><strong>in</strong></span> <span class='ocrx_word' id='word_1_750' title='bbox 3580 3637 3751 3711; x_wconf 78' lang='lat' dir='ltr'><strong>magnis</strong></span> <span class='ocrx_word' id='word_1_751' title='bbox 3771 3642 3808 3688; x_wconf 87' lang='lat' dir='ltr'><strong>et</strong></span> 
     </span>
    </p>
   </div>
   <div class='ocr_carea' id='block_1_98' title="bbox 2286 3728 3808 3807">
    <p class='ocr_par' dir='ltr' id='par_1_98' title="bbox 2286 3728 3808 3807">
     <span class='ocr_line' id='line_1_99' title="bbox 2286 3728 3808 3807; baseline -0.005 -21"><span class='ocrx_word' id='word_1_752' title='bbox 2286 3732 2562 3788; x_wconf 89' lang='lat' dir='ltr'><strong>laboriosis</strong></span> <span class='ocrx_word' id='word_1_753' title='bbox 2601 3734 3015 3804; x_wconf 59' lang='lat' dir='ltr'><strong>quaestionibus,</strong></span> <span class='ocrx_word' id='word_1_754' title='bbox 3064 3751 3168 3790; x_wconf 90' lang='lat' dir='ltr'><strong>non</strong></span> <span class='ocrx_word' id='word_1_755' title='bbox 3219 3746 3467 3807; x_wconf 86' lang='lat' dir='ltr'><strong>tanquam</strong></span> <span class='ocrx_word' id='word_1_756' title='bbox 3511 3733 3742 3791; x_wconf 87' lang='lat' dir='ltr'><strong>ludentem</strong></span> <span class='ocrx_word' id='word_1_757' title='bbox 3773 3728 3808 3781; x_wconf 90' lang='lat' dir='ltr'><strong>in</strong></span> 
     </span>
    </p>
   </div>
   <div class='ocr_carea' id='block_1_99' title="bbox 2284 3821 3810 3895">
    <p class='ocr_par' dir='ltr' id='par_1_99' title="bbox 2284 3821 3810 3895">
     <span class='ocr_line' id='line_1_100' title="bbox 2284 3821 3810 3895; baseline -0.005 -17"><span class='ocrx_word' id='word_1_758' title='bbox 2284 3839 2473 3894; x_wconf 89' lang='lat' dir='ltr'><strong>campo</strong></span> <span class='ocrx_word' id='word_1_759' title='bbox 2517 3824 2946 3895; x_wconf 89' lang='lat' dir='ltr'><strong>Scripturarum,</strong></span> <span class='ocrx_word' id='word_1_760' title='bbox 2994 3825 3087 3883; x_wconf 85' lang='lat' dir='ltr'><strong>sed</strong></span> <span class='ocrx_word' id='word_1_761' title='bbox 3136 3827 3186 3880; x_wconf 92' lang='lat' dir='ltr'><strong>in</strong></span> <span class='ocrx_word' id='word_1_762' title='bbox 3229 3829 3498 3883; x_wconf 91' lang='lat' dir='ltr'><strong>montibus</strong></span> <span class='ocrx_word' id='word_1_763' title='bbox 3537 3821 3810 3881; x_wconf 84' lang='lat' dir='ltr'><strong>anhelantem</strong></span> 
     </span>
    </p>
   </div>
   <div class='ocr_carea' id='block_1_100' title="bbox 2288 3913 3810 3989">
    <p class='ocr_par' dir='ltr' id='par_1_100' title="bbox 2288 3913 3810 3989">
     <span class='ocr_line' id='line_1_101' title="bbox 2288 3913 3810 3989; baseline -0.004 -20"><span class='ocrx_word' id='word_1_764' title='bbox 2288 3915 2527 3985; x_wconf 83' lang='lat' dir='ltr'><strong>adjuves.</strong></span> <span class='ocrx_word' id='word_1_765' title='bbox 2562 3915 2616 3971; x_wconf 91' lang='lat' dir='ltr'><strong>Si</strong></span> <span class='ocrx_word' id='word_1_766' title='bbox 2645 3925 2821 3972; x_wconf 89' lang='lat' dir='ltr'><strong>autem</strong></span> <span class='ocrx_word' id='word_1_767' title='bbox 2852 3927 3068 3989; x_wconf 89' lang='lat' dir='ltr'><strong>propter</strong></span> <span class='ocrx_word' id='word_1_768' title='bbox 3096 3917 3416 3975; x_wconf 84' lang='lat' dir='ltr'><strong>hilaritatem</strong></span> <span class='ocrx_word' id='word_1_769' title='bbox 3436 3934 3586 3988; x_wconf 86' lang='lat' dir='ltr'><strong>quam</strong></span> <span class='ocrx_word' id='word_1_770' title='bbox 3602 3929 3701 3970; x_wconf 86' lang='lat' dir='ltr'><strong>esse</strong></span> <span class='ocrx_word' id='word_1_771' title='bbox 3714 3913 3810 3966; x_wconf 79' lang='lat' dir='ltr'><strong>inter</strong></span> 
     </span>
    </p>
   </div>
   <div class='ocr_carea' id='block_1_101' title="bbox 2283 4003 3805 4079">
    <p class='ocr_par' dir='ltr' id='par_1_101' title="bbox 2283 4003 3805 4079">
     <span class='ocr_line' id='line_1_102' title="bbox 2283 4003 3805 4079; baseline 0.003 -21"><span class='ocrx_word' id='word_1_772' title='bbox 2283 4003 2622 4060; x_wconf 89' lang='lat' dir='ltr'><strong>charissimos</strong></span> <span class='ocrx_word' id='word_1_773' title='bbox 2651 4006 2972 4062; x_wconf 87' lang='lat' dir='ltr'><strong>disserentes</strong></span> <span class='ocrx_word' id='word_1_774' title='bbox 2995 4010 3146 4064; x_wconf 88' lang='lat' dir='ltr'><strong>decet</strong></span> <span class='ocrx_word' id='word_1_775' title='bbox 3164 4049 3179 4076; x_wconf 93' lang='lat'><strong>,</strong></span> <span class='ocrx_word' id='word_1_776' title='bbox 3206 4011 3399 4079; x_wconf 88' lang='lat' dir='ltr'><strong>putasti</strong></span> <span class='ocrx_word' id='word_1_777' title='bbox 3417 4007 3681 4065; x_wconf 91' lang='lat' dir='ltr'><strong>dicendum</strong></span> <span class='ocrx_word' id='word_1_778' title='bbox 3695 4018 3805 4063; x_wconf 78' lang='lat' dir='ltr'><strong>esse.</strong></span> 
     </span>
    </p>
   </div>
   <div class='ocr_carea' id='block_1_102' title="bbox 2282 4091 3810 4171">
    <p class='ocr_par' dir='ltr' id='par_1_102' title="bbox 2282 4091 3810 4171">
     <span class='ocr_line' id='line_1_103' title="bbox 2282 4091 3810 4171; baseline 0.003 -22"><span class='ocrx_word' id='word_1_779' title='bbox 2282 4093 2546 4151; x_wconf 77' lang='lat' dir='ltr'><strong>Lutlamus</strong></span> <span class='ocrx_word' id='word_1_780' title='bbox 2595 4115 2610 4152; x_wconf 90' lang='lat'><strong>:</strong></span> <span class='ocrx_word' id='word_1_781' title='bbox 2660 4096 2774 4154; x_wconf 86' lang='lat' dir='ltr'><strong>sive</strong></span> <span class='ocrx_word' id='word_1_782' title='bbox 2816 4098 2942 4152; x_wconf 88' lang='lat' dir='ltr'><strong>illud</strong></span> <span class='ocrx_word' id='word_1_783' title='bbox 2987 4109 3226 4170; x_wconf 88' lang='lat' dir='ltr'><strong>apertum</strong></span> <span class='ocrx_word' id='word_1_784' title='bbox 3273 4111 3328 4156; x_wconf 90' lang='lat' dir='ltr'><strong>et</strong></span> <span class='ocrx_word' id='word_1_785' title='bbox 3355 4104 3563 4171; x_wconf 88' lang='lat' dir='ltr'><strong>planum</strong></span> <span class='ocrx_word' id='word_1_786' title='bbox 3589 4098 3679 4160; x_wconf 88' lang='lat' dir='ltr'><strong>sit,</strong></span> <span class='ocrx_word' id='word_1_787' title='bbox 3708 4091 3810 4145; x_wconf 71' lang='lat' dir='ltr'><strong>unde</strong></span> 
     </span>
    </p>
   </div>
   <div class='ocr_carea' id='block_1_103' title="bbox 2283 4188 3808 4260">
    <p class='ocr_par' dir='ltr' id='par_1_103' title="bbox 2283 4188 3808 4260">
     <span class='ocr_line' id='line_1_104' title="bbox 2283 4188 3808 4260; baseline -0.001 -19"><span class='ocrx_word' id='word_1_788' title='bbox 2283 4188 2670 4258; x_wconf 90' lang='lat' dir='ltr'><strong>colloquimur,</strong></span> <span class='ocrx_word' id='word_1_789' title='bbox 2711 4189 2822 4245; x_wconf 89' lang='lat' dir='ltr'><strong>sive</strong></span> <span class='ocrx_word' id='word_1_790' title='bbox 2865 4189 3086 4246; x_wconf 90' lang='lat' dir='ltr'><strong>arduum</strong></span> <span class='ocrx_word' id='word_1_791' title='bbox 3113 4201 3272 4260; x_wconf 90' lang='lat' dir='ltr'><strong>atque</strong></span> <span class='ocrx_word' id='word_1_792' title='bbox 3296 4192 3540 4257; x_wconf 85' lang='lat' dir='ltr'><strong>difficile,</strong></span> <span class='ocrx_word' id='word_1_793' title='bbox 3566 4189 3658 4244; x_wconf 91' lang='lat' dir='ltr'><strong>hoc</strong></span> <span class='ocrx_word' id='word_1_794' title='bbox 3681 4189 3808 4256; x_wconf 63' lang='lat' dir='ltr'><strong>ipsum</strong></span> 
     </span>
    </p>
   </div>
   <div class='ocr_carea' id='block_1_104' title="bbox 2281 4277 3806 4354">
    <p class='ocr_par' dir='ltr' id='par_1_104' title="bbox 2281 4277 3806 4354">
     <span class='ocr_line' id='line_1_105' title="bbox 2281 4277 3806 4354; baseline -0.002 -21"><span class='ocrx_word' id='word_1_795' title='bbox 2281 4277 2476 4344; x_wconf 86' lang='lat' dir='ltr'><strong>edoce,</strong></span> <span class='ocrx_word' id='word_1_796' title='bbox 2510 4279 2731 4336; x_wconf 89' lang='lat' dir='ltr'><strong>obsecro</strong></span> <span class='ocrx_word' id='word_1_797' title='bbox 2755 4290 2834 4348; x_wconf 92' lang='lat' dir='ltr'><strong>te,</strong></span> <span class='ocrx_word' id='word_1_798' title='bbox 2864 4298 3092 4352; x_wconf 88' lang='lat' dir='ltr'><strong>quonam</strong></span> <span class='ocrx_word' id='word_1_799' title='bbox 3120 4283 3279 4338; x_wconf 90' lang='lat' dir='ltr'><strong>modo</strong></span> <span class='ocrx_word' id='word_1_800' title='bbox 3310 4285 3518 4354; x_wconf 88' lang='lat' dir='ltr'><strong>assequi</strong></span> <span class='ocrx_word' id='word_1_801' title='bbox 3545 4283 3806 4336; x_wconf 79' lang='lat' dir='ltr'><strong>valeamus:</strong></span> 
     </span>
    </p>
   </div>
   <div class='ocr_carea' id='block_1_105' title="bbox 2283 4368 3809 4444">
    <p class='ocr_par' dir='ltr' id='par_1_105' title="bbox 2283 4368 3809 4444">
     <span class='ocr_line' id='line_1_106' title="bbox 2283 4368 3809 4444; baseline -0.001 -21"><span class='ocrx_word' id='word_1_802' title='bbox 2283 4379 2337 4423; x_wconf 91' lang='lat' dir='ltr'><strong>ut</strong></span> <span class='ocrx_word' id='word_1_803' title='bbox 2360 4385 2476 4425; x_wconf 91' lang='lat' dir='ltr'><strong>cum</strong></span> <span class='ocrx_word' id='word_1_804' title='bbox 2508 4369 2640 4426; x_wconf 91' lang='lat' dir='ltr'><strong>forte</strong></span> <span class='ocrx_word' id='word_1_805' title='bbox 2666 4371 2860 4440; x_wconf 91' lang='lat' dir='ltr'><strong>aliquid</strong></span> <span class='ocrx_word' id='word_1_806' title='bbox 2887 4387 2985 4428; x_wconf 90' lang='lat' dir='ltr'><strong>nos</strong></span> <span class='ocrx_word' id='word_1_807' title='bbox 3008 4381 3212 4441; x_wconf 86' lang='lat' dir='ltr'><strong>movet,</strong></span> <span class='ocrx_word' id='word_1_808' title='bbox 3241 4375 3382 4444; x_wconf 88' lang='lat' dir='ltr'><strong>quod</strong></span> <span class='ocrx_word' id='word_1_809' title='bbox 3409 4373 3586 4434; x_wconf 88' lang='lat' dir='ltr'><strong>nobis.</strong></span> <span class='ocrx_word' id='word_1_810' title='bbox 3608 4379 3656 4426; x_wconf 91' lang='lat' dir='ltr'><strong>et</strong></span> <span class='ocrx_word' id='word_1_811' title='bbox 3673 4368 3710 4423; x_wconf 89' lang='lat' dir='ltr'><strong>si</strong></span> <span class='ocrx_word' id='word_1_812' title='bbox 3728 4376 3809 4418; x_wconf 80' lang='lat' dir='ltr'><strong>non</strong></span> 
     </span>
    </p>
   </div>
   <div class='ocr_carea' id='block_1_106' title="bbox 2281 4456 3809 4533">
    <p class='ocr_par' dir='ltr' id='par_1_106' title="bbox 2281 4456 3809 4533">
     <span class='ocr_line' id='line_1_107' title="bbox 2281 4456 3809 4533; baseline -0.004 -20"><span class='ocrx_word' id='word_1_813' title='bbox 2281 4461 2485 4515; x_wconf 89' lang='lat' dir='ltr'><strong>cautius</strong></span> <span class='ocrx_word' id='word_1_814' title='bbox 2524 4460 2947 4528; x_wconf 87' lang='lat' dir='ltr'><strong>attendentibus,</strong></span> <span class='ocrx_word' id='word_1_815' title='bbox 2993 4473 3138 4518; x_wconf 90' lang='lat' dir='ltr'><strong>certe</strong></span> <span class='ocrx_word' id='word_1_816' title='bbox 3179 4465 3383 4519; x_wconf 86' lang='lat' dir='ltr'><strong>tardius</strong></span> <span class='ocrx_word' id='word_1_817' title='bbox 3422 4456 3809 4533; x_wconf 80' lang='lat' dir='ltr'><strong>iutelligeutibus,</strong></span> 
     </span>
    </p>
   </div>
   <div class='ocr_carea' id='block_1_107' title="bbox 2281 4550 3817 4625">
    <p class='ocr_par' dir='ltr' id='par_1_107' title="bbox 2281 4550 3817 4625">
     <span class='ocr_line' id='line_1_108' title="bbox 2281 4550 3817 4625; baseline -0.003 -21"><span class='ocrx_word' id='word_1_818' title='bbox 2281 4566 2385 4604; x_wconf 90' lang='lat' dir='ltr'><strong>non</strong></span> <span class='ocrx_word' id='word_1_819' title='bbox 2407 4550 2682 4621; x_wconf 90' lang='lat' dir='ltr'><strong>probatum</strong></span> <span class='ocrx_word' id='word_1_820' title='bbox 2711 4560 2793 4606; x_wconf 89' lang='lat' dir='ltr'><strong>est</strong></span> <span class='ocrx_word' id='word_1_821' title='bbox 2810 4593 2824 4616; x_wconf 92' lang='lat'><strong>,</strong></span> <span class='ocrx_word' id='word_1_822' title='bbox 2853 4561 2906 4607; x_wconf 87' lang='lat' dir='ltr'><strong>et</strong></span> <span class='ocrx_word' id='word_1_823' title='bbox 2931 4553 3058 4625; x_wconf 88' lang='lat' dir='ltr'><strong>quid</strong></span> <span class='ocrx_word' id='word_1_824' title='bbox 3087 4554 3241 4609; x_wconf 85' lang='lat' dir='ltr'><strong>nobis</strong></span> <span class='ocrx_word' id='word_1_825' title='bbox 3265 4555 3538 4620; x_wconf 90' lang='lat' dir='ltr'><strong>videatur,</strong></span> <span class='ocrx_word' id='word_1_826' title='bbox 3568 4561 3732 4608; x_wconf 77' lang='lat' dir='ltr'><strong>contra</strong></span> <span class='ocrx_word' id='word_1_827' title='bbox 3754 4561 3817 4600; x_wconf 80' lang='lat' dir='ltr'><strong>c0-</strong></span> 
     </span>
    </p>
   </div>
   <div class='ocr_carea' id='block_1_108' title="bbox 2283 4635 3811 4714">
    <p class='ocr_par' dir='ltr' id='par_1_108' title="bbox 2283 4635 3811 4714">
     <span class='ocr_line' id='line_1_109' title="bbox 2283 4635 3811 4714; baseline -0.002 -20"><span class='ocrx_word' id='word_1_828' title='bbox 2283 4654 2470 4694; x_wconf 88' lang='lat' dir='ltr'><strong>namur</strong></span> <span class='ocrx_word' id='word_1_829' title='bbox 2489 4654 2748 4707; x_wconf 86' lang='lat' dir='ltr'><strong>asserere,</strong></span> <span class='ocrx_word' id='word_1_830' title='bbox 2771 4642 2816 4696; x_wconf 88' lang='lat' dir='ltr'><strong>si</strong></span> <span class='ocrx_word' id='word_1_831' title='bbox 2841 4641 2943 4698; x_wconf 90' lang='lat' dir='ltr'><strong>hoc</strong></span> <span class='ocrx_word' id='word_1_832' title='bbox 2959 4642 3228 4714; x_wconf 77' lang='lat' dir='ltr'><strong>aliquanto</strong></span> <span class='ocrx_word' id='word_1_833' title='bbox 3244 4646 3514 4701; x_wconf 81' lang='lat' dir='ltr'><strong>securiore</strong></span> <span class='ocrx_word' id='word_1_834' title='bbox 3530 4644 3742 4698; x_wconf 83' lang='lat' dir='ltr'><strong>libertate</strong></span> <span class='ocrx_word' id='word_1_835' title='bbox 3756 4635 3811 4688; x_wconf 82' lang='lat' dir='ltr'><strong>di-</strong></span> 
     </span>
    </p>
   </div>
   <div class='ocr_carea' id='block_1_109' title="bbox 2283 4731 3809 4807">
    <p class='ocr_par' dir='ltr' id='par_1_109' title="bbox 2283 4731 3809 4807">
     <span class='ocr_line' id='line_1_110' title="bbox 2283 4731 3809 4807; baseline 0.005 -22"><span class='ocrx_word' id='word_1_836' title='bbox 2283 4745 2467 4785; x_wconf 90' lang='lat' dir='ltr'><strong>camus</strong></span> <span class='ocrx_word' id='word_1_837' title='bbox 2487 4771 2502 4794; x_wconf 92' lang='lat'><strong>,</strong></span> <span class='ocrx_word' id='word_1_838' title='bbox 2527 4746 2630 4785; x_wconf 91' lang='lat' dir='ltr'><strong>non</strong></span> <span class='ocrx_word' id='word_1_839' title='bbox 2655 4731 2955 4789; x_wconf 89' lang='lat' dir='ltr'><strong>incidamus</strong></span> <span class='ocrx_word' id='word_1_840' title='bbox 2976 4733 3027 4789; x_wconf 91' lang='lat' dir='ltr'><strong>in</strong></span> <span class='ocrx_word' id='word_1_841' title='bbox 3048 4735 3410 4804; x_wconf 88' lang='lat' dir='ltr'><strong>suspicionem</strong></span> <span class='ocrx_word' id='word_1_842' title='bbox 3437 4731 3641 4807; x_wconf 85' lang='lat' dir='ltr'><strong>puerilis</strong></span> <span class='ocrx_word' id='word_1_843' title='bbox 3655 4731 3809 4802; x_wconf 64' lang='lat' dir='ltr'><strong>jactan-</strong></span> 
     </span>
    </p>
   </div>
   <div class='ocr_carea' id='block_1_110' title="bbox 2285 4821 3817 4894">
    <p class='ocr_par' dir='ltr' id='par_1_110' title="bbox 2285 4821 3817 4894">
     <span class='ocr_line' id='line_1_111' title="bbox 2285 4821 3817 4894; baseline -0.003 -18"><span class='ocrx_word' id='word_1_844' title='bbox 2285 4821 2400 4886; x_wconf 71' lang='lat' dir='ltr'><strong>tiae,</strong></span> <span class='ocrx_word' id='word_1_845' title='bbox 2425 4823 2573 4892; x_wconf 85' lang='lat' dir='ltr'><strong>quasi</strong></span> <span class='ocrx_word' id='word_1_846' title='bbox 2595 4832 2778 4879; x_wconf 88' lang='lat' dir='ltr'><strong>nostro</strong></span> <span class='ocrx_word' id='word_1_847' title='bbox 2805 4824 3003 4878; x_wconf 88' lang='lat' dir='ltr'><strong>nomini</strong></span> <span class='ocrx_word' id='word_1_848' title='bbox 3031 4823 3226 4880; x_wconf 82' lang='lat' dir='ltr'><strong>famam</strong></span> <span class='ocrx_word' id='word_1_849' title='bbox 3245 4867 3260 4894; x_wconf 92' lang='lat'><strong>,</strong></span> <span class='ocrx_word' id='word_1_850' title='bbox 3285 4825 3432 4881; x_wconf 83' lang='lat' dir='ltr'><strong>viros</strong></span> <span class='ocrx_word' id='word_1_851' title='bbox 3457 4825 3678 4878; x_wconf 82' lang='lat' dir='ltr'><strong>illustres</strong></span> <span class='ocrx_word' id='word_1_852' title='bbox 3695 4830 3817 4871; x_wconf 78' lang='lat' dir='ltr'><strong>arcn-</strong></span> 
     </span>
    </p>
   </div>
   <div class='ocr_carea' id='block_1_111' title="bbox 2283 4902 3817 4986">
    <p class='ocr_par' dir='ltr' id='par_1_111' title="bbox 2283 4902 3817 4986">
     <span class='ocr_line' id='line_1_112' title="bbox 2283 4902 3817 4986; baseline -0.008 -18"><span class='ocrx_word' id='word_1_853' title='bbox 2283 4912 2448 4968; x_wconf 86' lang='lat' dir='ltr'><strong>sando</strong></span> <span class='ocrx_word' id='word_1_854' title='bbox 2468 4954 2484 4980; x_wconf 97' lang='lat'><strong>,</strong></span> <span class='ocrx_word' id='word_1_855' title='bbox 2516 4929 2816 4984; x_wconf 61' lang='lat' dir='ltr'><strong>quaeramus</strong></span> <span class='ocrx_word' id='word_1_856' title='bbox 2850 4932 2861 4966; x_wconf 93' lang='lat'><strong>:</strong></span> <span class='ocrx_word' id='word_1_857' title='bbox 2893 4914 2938 4969; x_wconf 89' lang='lat' dir='ltr'><strong>si</strong></span> <span class='ocrx_word' id='word_1_858' title='bbox 2966 4921 3141 4969; x_wconf 86' lang='lat' dir='ltr'><strong>autem</strong></span> <span class='ocrx_word' id='word_1_859' title='bbox 3169 4914 3370 4986; x_wconf 73' lang='lat' dir='ltr'><strong>aliquid</strong></span> <span class='ocrx_word' id='word_1_860' title='bbox 3395 4925 3634 4985; x_wconf 86' lang='lat' dir='ltr'><strong>asperum</strong></span> <span class='ocrx_word' id='word_1_861' title='bbox 3652 4949 3666 4974; x_wconf 91' lang='lat'><strong>,</strong></span> <span class='ocrx_word' id='word_1_862' title='bbox 3692 4902 3817 4960; x_wconf 85' lang='lat' dir='ltr'><strong>refel-</strong></span> 
     </span>
    </p>
   </div>
   <div class='ocr_carea' id='block_1_112' title="bbox 2287 4996 3817 5078">
    <p class='ocr_par' dir='ltr' id='par_1_112' title="bbox 2287 4996 3817 5078">
     <span class='ocr_line' id='line_1_113' title="bbox 2287 4996 3817 5078; baseline -0.005 -18"><span class='ocrx_word' id='word_1_863' title='bbox 2287 5005 2425 5061; x_wconf 83' lang='lat' dir='ltr'><strong>lendi</strong></span> <span class='ocrx_word' id='word_1_864' title='bbox 2457 5007 2806 5071; x_wconf 88' lang='lat' dir='ltr'><strong>necessitate,</strong></span> <span class='ocrx_word' id='word_1_865' title='bbox 2836 5006 3206 5078; x_wconf 68' lang='lat' dir='ltr'><strong>deprommum</strong></span> <span class='ocrx_word' id='word_1_866' title='bbox 3231 5005 3426 5074; x_wconf 82' lang='lat' dir='ltr'><strong>fuerit;</strong></span> <span class='ocrx_word' id='word_1_867' title='bbox 3457 5019 3561 5076; x_wconf 82' lang='lat' dir='ltr'><strong>quo</strong></span> <span class='ocrx_word' id='word_1_868' title='bbox 3587 4996 3817 5068; x_wconf 74' lang='lat' dir='ltr'><strong>tolerabile</strong></span> 
     </span>
    </p>
   </div>
   <div class='ocr_carea' id='block_1_113' title="bbox 2287 5084 3817 5168">
    <p class='ocr_par' dir='ltr' id='par_1_113' title="bbox 2287 5084 3817 5168">
     <span class='ocr_line' id='line_1_114' title="bbox 2287 5084 3817 5168; baseline -0.008 -16"><span class='ocrx_word' id='word_1_869' title='bbox 2287 5095 2376 5152; x_wconf 84' lang='lat' dir='ltr'><strong>fiat</strong></span> <span class='ocrx_word' id='word_1_870' title='bbox 2395 5137 2407 5161; x_wconf 90' lang='lat'><strong>,</strong></span> <span class='ocrx_word' id='word_1_871' title='bbox 2436 5096 2638 5152; x_wconf 90' lang='lat' dir='ltr'><strong>leniore</strong></span> <span class='ocrx_word' id='word_1_872' title='bbox 2655 5096 3139 5152; x_wconf 82' lang='lat' dir='ltr'><strong>circumfundamus</strong></span> <span class='ocrx_word' id='word_1_873' title='bbox 3156 5097 3389 5168; x_wconf 89' lang='lat' dir='ltr'><strong>eloquio,</strong></span> <span class='ocrx_word' id='word_1_874' title='bbox 3413 5113 3481 5153; x_wconf 89' lang='lat' dir='ltr'><strong>ne</strong></span> <span class='ocrx_word' id='word_1_875' title='bbox 3495 5098 3517 5129; x_wconf 80' lang='grc'>²</span> <span class='ocrx_word' id='word_1_876' title='bbox 3535 5097 3674 5152; x_wconf 82' lang='lat' dir='ltr'><strong>litant</strong></span> <span class='ocrx_word' id='word_1_877' title='bbox 3695 5084 3817 5142; x_wconf 82' lang='lat' dir='ltr'><strong>melle</strong></span> 
     </span>
    </p>
   </div>
   <div class='ocr_carea' id='block_1_114' title="bbox 2283 5185 3817 5262">
    <p class='ocr_par' dir='ltr' id='par_1_114' title="bbox 2283 5185 3817 5262">
     <span class='ocr_line' id='line_1_115' title="bbox 2283 5185 3817 5262; baseline -0.004 -18"><span class='ocrx_word' id='word_1_878' title='bbox 2283 5190 2514 5262; x_wconf 84' lang='lat' dir='ltr'><strong>gladium</strong></span> <span class='ocrx_word' id='word_1_879' title='bbox 2541 5191 2801 5262; x_wconf 83' lang='lat' dir='ltr'><strong>stringere</strong></span> <span class='ocrx_word' id='word_1_880' title='bbox 2818 5191 3137 5262; x_wconf 74' lang='lat' dir='ltr'><strong>iudicemur.</strong></span> <span class='ocrx_word' id='word_1_881' title='bbox 3157 5191 3266 5247; x_wconf 86' lang='lat' dir='ltr'><strong>Nisi</strong></span> <span class='ocrx_word' id='word_1_882' title='bbox 3289 5191 3428 5248; x_wconf 84' lang='lat' dir='ltr'><strong>forte</strong></span> <span class='ocrx_word' id='word_1_883' title='bbox 3444 5191 3533 5248; x_wconf 89' lang='lat' dir='ltr'><strong>ille</strong></span> <span class='ocrx_word' id='word_1_884' title='bbox 3555 5185 3724 5244; x_wconf 83' lang='lat' dir='ltr'><strong>modus</strong></span> <span class='ocrx_word' id='word_1_885' title='bbox 3740 5186 3817 5239; x_wconf 71' lang='lat' dir='ltr'><strong>est.</strong></span> 
     </span>
    </p>
   </div>
   <div class='ocr_carea' id='block_1_115' title="bbox 2286 5281 3818 5352">
    <p class='ocr_par' dir='ltr' id='par_1_115' title="bbox 2286 5281 3818 5352">
     <span class='ocr_line' id='line_1_116' title="bbox 2286 5281 3818 5352; baseline -0.002 -17"><span class='ocrx_word' id='word_1_886' title='bbox 2286 5295 2391 5350; x_wconf 89' lang='lat' dir='ltr'><strong>quo</strong></span> <span class='ocrx_word' id='word_1_887' title='bbox 2437 5289 2718 5352; x_wconf 88' lang='lat' dir='ltr'><strong>utrumque</strong></span> <span class='ocrx_word' id='word_1_888' title='bbox 2765 5281 2866 5337; x_wconf 90' lang='lat' dir='ltr'><strong>hoc</strong></span> <span class='ocrx_word' id='word_1_889' title='bbox 2891 5283 3106 5349; x_wconf 88' lang='lat' dir='ltr'><strong>vitium,</strong></span> <span class='ocrx_word' id='word_1_890' title='bbox 3145 5284 3224 5338; x_wconf 87' lang='lat' dir='ltr'><strong>vel</strong></span> <span class='ocrx_word' id='word_1_891' title='bbox 3254 5283 3365 5337; x_wconf 88' lang='lat' dir='ltr'><strong>vitii</strong></span> <span class='ocrx_word' id='word_1_892' title='bbox 3393 5281 3728 5351; x_wconf 78' lang='lat' dir='ltr'><strong>suspicionem</strong></span> <span class='ocrx_word' id='word_1_893' title='bbox 3750 5283 3818 5325; x_wconf 69' lang='grc' dir='ltr'><strong>εει·</strong></span> 
     </span>
    </p>
   </div>
   <div class='ocr_carea' id='block_1_116' title="bbox 2286 5366 3820 5444">
    <p class='ocr_par' dir='ltr' id='par_1_116' title="bbox 2286 5366 3820 5444">
     <span class='ocr_line' id='line_1_117' title="bbox 2286 5366 3820 5444; baseline -0.005 -16"><span class='ocrx_word' id='word_1_894' title='bbox 2286 5389 2540 5444; x_wconf 84' lang='lat' dir='ltr'><strong>veamus,</strong></span> <span class='ocrx_word' id='word_1_895' title='bbox 2588 5374 2632 5430; x_wconf 91' lang='lat' dir='ltr'><strong>si</strong></span> <span class='ocrx_word' id='word_1_896' title='bbox 2674 5389 2794 5431; x_wconf 89' lang='lat' dir='ltr'><strong>cum</strong></span> <span class='ocrx_word' id='word_1_897' title='bbox 2835 5374 3076 5431; x_wconf 87' lang='lat' dir='ltr'><strong>doctiore</strong></span> <span class='ocrx_word' id='word_1_898' title='bbox 3113 5375 3286 5430; x_wconf 84' lang='lat' dir='ltr'><strong>amico</strong></span> <span class='ocrx_word' id='word_1_899' title='bbox 3315 5376 3394 5429; x_wconf 88' lang='lat' dir='ltr'><strong>sic</strong></span> <span class='ocrx_word' id='word_1_900' title='bbox 3417 5374 3754 5442; x_wconf 82' lang='lat' dir='ltr'><strong>disputemus.</strong></span> <span class='ocrx_word' id='word_1_901' title='bbox 3778 5366 3820 5412; x_wconf 72' lang='lat' dir='ltr'><strong>Ill</strong></span> 
     </span>
    </p>
   </div>
   <div class='ocr_carea' id='block_1_117' title="bbox 2287 5457 3819 5537">
    <p class='ocr_par' dir='ltr' id='par_1_117' title="bbox 2287 5457 3819 5537">
     <span class='ocr_line' id='line_1_118' title="bbox 2287 5457 3819 5537; baseline -0.004 -15"><span class='ocrx_word' id='word_1_902' title='bbox 2287 5466 2537 5537; x_wconf 83' lang='lat' dir='ltr'><strong>quidun</strong></span> <span class='ocrx_word' id='word_1_903' title='bbox 2582 5457 2804 5534; x_wconf 77' lang='lat' dir='ltr'><strong>dixerit,</strong></span> <span class='ocrx_word' id='word_1_904' title='bbox 2845 5482 3064 5523; x_wconf 86' lang='lat' dir='ltr'><strong>necesse</strong></span> <span class='ocrx_word' id='word_1_905' title='bbox 3105 5467 3172 5524; x_wconf 86' lang='lat' dir='ltr'><strong>sit</strong></span> <span class='ocrx_word' id='word_1_906' title='bbox 3210 5465 3538 5537; x_wconf 87' lang='lat' dir='ltr'><strong>approbare,</strong></span> <span class='ocrx_word' id='word_1_907' title='bbox 3581 5476 3674 5518; x_wconf 84' lang='lat' dir='ltr'><strong>nec</strong></span> <span class='ocrx_word' id='word_1_908' title='bbox 3705 5466 3819 5528; x_wconf 60' lang='lat' dir='ltr'><strong>(lu-&#39;3‘</strong></span> 
     </span>
    </p>
   </div>
   <div class='ocr_carea' id='block_1_118' title="bbox 2290 5549 3739 5629">
    <p class='ocr_par' dir='ltr' id='par_1_118' title="bbox 2290 5549 3739 5629">
     <span class='ocr_line' id='line_1_119' title="bbox 2290 5549 3739 5629; baseline -0.003 -20"><span class='ocrx_word' id='word_1_909' title='bbox 2290 5557 2436 5610; x_wconf 89' lang='lat' dir='ltr'><strong>rendi</strong></span> <span class='ocrx_word' id='word_1_910' title='bbox 2467 5557 2655 5611; x_wconf 88' lang='lat' dir='ltr'><strong>saltem</strong></span> <span class='ocrx_word' id='word_1_911' title='bbox 2684 5570 2838 5611; x_wconf 86' lang='lat' dir='ltr'><strong>causa</strong></span> <span class='ocrx_word' id='word_1_912' title='bbox 2861 5599 2876 5624; x_wconf 93' lang='lat'><strong>,</strong></span> <span class='ocrx_word' id='word_1_913' title='bbox 2909 5558 3065 5613; x_wconf 85' lang='lat' dir='ltr'><strong>liceat</strong></span> <span class='ocrx_word' id='word_1_914' title='bbox 3089 5558 3474 5629; x_wconf 88' lang='lat' dir='ltr'><strong>aliquantulum</strong></span> <span class='ocrx_word' id='word_1_915' title='bbox 3495 5549 3739 5611; x_wconf 84' lang='lat' dir='ltr'><strong>reluctari.</strong></span> 
     </span>
    </p>
   </div>
   <div class='ocr_carea' id='block_1_119' title="bbox 2350 5667 3581 5739">
    <p class='ocr_par' dir='ltr' id='par_1_119' title="bbox 2350 5667 3581 5739">
     <span class='ocr_line' id='line_1_120' title="bbox 2350 5667 3581 5739; baseline 0.014 -20"><span class='ocrx_word' id='word_1_916' title='bbox 2350 5671 2370 5739; x_wconf 66' lang='grc' dir='ltr'>ε</span> <span class='ocrx_word' id='word_1_917' title='bbox 2392 5670 2775 5739; x_wconf 45' lang='grc' dir='ltr'><strong>ιριηιιίιιῃεηη.</strong></span> <span class='ocrx_word' id='word_1_918' title='bbox 2799 5672 2884 5722; x_wconf 76' lang='lat' dir='ltr'><strong>un</strong></span> <span class='ocrx_word' id='word_1_919' title='bbox 2907 5671 3127 5739; x_wconf 77' lang='lat' dir='ltr'><strong>plerique</strong></span> <span class='ocrx_word' id='word_1_920' title='bbox 3147 5672 3279 5734; x_wconf 63' lang='lat' dir='ltr'><strong>an,</strong></span> <span class='ocrx_word' id='word_1_921' title='bbox 3319 5667 3581 5739; x_wconf 61' lang='grc' dir='ltr'><strong>(ιιιίθαιςίατ</strong></span> 
     </span>
    </p>
   </div>
   <div class='ocr_carea' id='block_1_120' title="bbox 2350 5729 3692 5796">
    <p class='ocr_par' dir='ltr' id='par_1_120' title="bbox 2350 5729 3692 5796">
     <span class='ocr_line' id='line_1_121' title="bbox 2350 5729 3692 5796; baseline -0.001 -12"><span class='ocrx_word' id='word_1_922' title='bbox 2350 5734 2372 5778; x_wconf 59' lang='grc' dir='ltr'>ξ</span> <span class='ocrx_word' id='word_1_923' title='bbox 2393 5734 2466 5784; x_wconf 70' lang='grc' dir='ltr'><strong>δίο</strong></span> <span class='ocrx_word' id='word_1_924' title='bbox 2482 5729 2596 5784; x_wconf 66' lang='lat' dir='ltr'><strong>md.</strong></span> <span class='ocrx_word' id='word_1_925' title='bbox 2621 5729 2676 5784; x_wconf 63' lang='lat' dir='ltr'><strong>Et</strong></span> <span class='ocrx_word' id='word_1_926' title='bbox 2697 5739 2803 5784; x_wconf 62' lang='lat' dir='ltr'><strong>Is.</strong></span> <span class='ocrx_word' id='word_1_927' title='bbox 2828 5729 3162 5785; x_wconf 67' lang='lat' dir='ltr'><strong>novemdécim</strong></span> <span class='ocrx_word' id='word_1_928' title='bbox 3183 5729 3370 5786; x_wconf 63' lang='lat' dir='ltr'><strong>curiam</strong></span> <span class='ocrx_word' id='word_1_929' title='bbox 3391 5729 3617 5796; x_wconf 67' lang='lat' dir='ltr'><strong>particula</strong></span> <span class='ocrx_word' id='word_1_930' title='bbox 3638 5737 3692 5776; x_wconf 69' lang='grc' dir='ltr'><strong>ηε</strong></span> 
     </span>
    </p>
   </div>
  </div>
