3962 6418
190 306 277 364 921

236 428 282 483 3.
319 424 439 480 Tum
463 432 589 478 vero
610 418 725 473 sine
753 415 862 471 ullo
907 414 1096 469 timore
1134 410 1439 467 oti‘ensionis
1465 418 1712 479 tanquam

176 519 218 573 in
247 527 418 583 campo
446 509 665 571 luditur;
696 505 789 564 sed
816 503 1006 559 mirum
1036 501 1081 556 si
1122 500 1273 555 nobis
1317 515 1419 553 non
1456 499 1709 554 illuditur.

175 607 268 677 Ego
291 602 420 658 enim
445 598 613 656 fateor
632 592 888 653 Charitati
913 602 1035 657 tuae,
1069 590 1201 644 solis
1227 590 1304 644 eis
1319 587 1711 661 Scripturarum

174 699 299 754 libris
320 694 399 766 qui
421 692 528 765 jam
556 687 795 746 canonici
820 684 1175 756 appellantur,
1204 681 1359 737 didici
1392 680 1534 737 hunc
1557 680 1711 735 timo-

172 805 263 844 rem
291 786 640 851 honoremque
660 778 891 844 deferre,
920 784 977 830 ut
1002 776 1203 830 nullum
1229 789 1416 829 eorum
1438 783 1715 839 anctorgn

172 876 414 936 scribendo
438 873 639 949 aliquid
663 886 870 929 errasse
888 869 1191 925 firmissime
1205 866 1436 925 credam.
1455 869 1531 923 Ac
1549 866 1591 920 si
1608 866 1708 921 ali-

169 972 270 1045 quid
306 970 352 1024 in
381 967 454 1021 eis
492 964 767 1022 offendero
795 961 1048 1028 Litteris,
1076 958 1217 1033 quod
1244 959 1482 1016 videatur
1500 969 1708 1013 contra-

170 1063 280 1116 rium
307 1055 537 1117 veritati;
590 1054 718 1108 nihil
762 1052 925 1118 aliud,
955 1067 1113 1123 quam
1138 1050 1219 1106 vel
1246 1051 1560 1107 mendosum
1588 1064 1707 1104 esse

169 1151 406 1213 codicem,
446 1147 527 1201 vel
571 1146 914 1214 interpretem
944 1159 1047 1196 non
1080 1151 1378 1196 assecutum
1417 1154 1537 1196 esse
1565 1138 1705 1210 quod

170 1246 335 1301 dictum
375 1248 485 1304 est,
530 1239 616 1294 vel
656 1254 741 1295 me
782 1238 998 1295 minime
1027 1236 1373 1300 intellexisse,
1406 1251 1511 1290 non
1540 1233 1705 1287 ambi-

167 1352 285 1408 gam.
314 1334 446 1389 Alios
482 1340 661 1386 autem
684 1329 757 1387 ita
797 1329 948 1399 lego,
982 1336 1038 1383 ut
1073 1327 1402 1397 quantalibet
1426 1326 1706 1383 sanctitate

170 1422 472 1494 doctrinaque
495 1420 862 1493 prtepolleant,
887 1435 991 1474 non
1018 1418 1135 1472 ideo
1159 1433 1339 1472 verum
1361 1429 1554 1488 putem,
1582 1417 1703 1486 quia

175 1516 262 1587 ipsi
290 1516 350 1568 ita
377 1518 678 1575 senserunt;
710 1509 801 1566 sed
828 1509 947 1581 quia
973 1506 1102 1563 mihi
1131 1510 1214 1562 vel
1254 1522 1347 1577 per
1378 1507 1495 1560 illos
1520 1516 1702 1559 aucto-

176 1622 251 1662 res
268 1605 551 1669 canonicos,
582 1602 663 1657 vel
696 1600 950 1670 probabili
982 1600 1202 1663 ratione,
1227 1597 1363 1667 quod
1386 1612 1413 1648 a
1445 1611 1572 1651 vero
1599 1611 1705 1652 non

174 1697 415 1751 abhorreat
436 1736 448 1756 .
492 1692 816 1767 persuadere
840 1699 1136 1759 potuerunt.
1171 1688 1281 1743 Nec
1311 1698 1383 1756 te,
1418 1688 1486 1740 mi
1518 1687 1697 1753 frater,

175 1786 340 1842 sentire
377 1783 508 1839 aliud
539 1783 785 1840 existimo
817 1800 829 1836 :
862 1795 1095 1852 prorsus,
1126 1780 1359 1848 inquam,
1394 1795 1496 1832 non
1526 1787 1575 1832 te
1612 1793 1704 1831 ar-

174 1876 312 1930 bitror
352 1876 422 1930 sic
459 1874 557 1945 legi
592 1883 710 1928 tuos
736 1872 902 1930 libros
939 1871 1095 1935 velle,
1129 1880 1377 1940 tanquam
1410 1868 1701 1939 Propheta-

172 1985 294 2034 rum,
320 1968 393 2021 vel
423 1963 834 2035 Apostolorum;
879 1961 947 2017 de
994 1976 1217 2032 quorum
1267 1960 1513 2030 scriptis,
1560 1957 1701 2027 quod

168 2061 287 2114 omni
322 2073 491 2113 errore
534 2063 785 2123 careant,
838 2053 1081 2108 dubitare
1118 2051 1374 2107 nefarium
1416 2060 1516 2105 est.
1550 2050 1707 2105 Absit

168 2155 250 2209 hoc
271 2169 295 2207 a
321 2155 393 2222 pia
419 2149 715 2205 humilitate
737 2157 791 2202 et
822 2146 995 2202 veraci
1024 2145 1092 2202 de
1119 2145 1397 2215 temetipso
1419 2143 1700 2214 cogitatio-

167 2260 369 2315 ne;qua
420 2243 514 2298 nisi
550 2256 699 2298 esses
745 2238 1031 2311 pra-ditus,
1077 2252 1181 2291 non
1227 2236 1406 2307 utique
1453 2234 1697 2289 diceres:

170 2339 345 2391 Utinam
366 2350 656 2390 mererentur
680 2330 969 2401 complexus
995 2341 1105 2383 tuos
1124 2371 1139 2396 ,
1169 2337 1213 2383 et
1238 2327 1505 2383 collatione
1526 2337 1699 2380 mutua

167 2431 229 2481 rel
251 2428 507 2479 docmmus
526 2424 718 2492 aliqua,
746 2422 821 2475 vel
843 2420 1166 2473 disceremus.

226 2515 419 2571 CAPUT
438 2512 628 2568 ιι-λι,
646 2511 794 2580 Quod
812 2512 853 2565 si
873 2511 1118 2578 teipsum,
1132 2507 1557 2563 consideratione
1577 2508 1697 2561 vita:

162 2625 216 2663 ac
238 2624 417 2663 morum
444 2617 675 2671 tuorum,
700 2621 802 2657 non
826 2602 1072 2657 simulate
1097 2616 1195 2653 nec
1222 2599 1479 2654 fallaciter
1500 2598 1698 2654 dixisse

159 2701 333 2762 credo;
360 2709 545 2767 quanto
565 2696 733 2767 magis
754 2710 961 2765 :rquum
985 2702 1066 2746 est
1092 2707 1176 2747 me
1203 2691 1421 2747 credere
1444 2732 1457 2754 ,
1481 2700 1695 2760 aposto-

162 2792 257 2845 lum
294 2790 483 2845 Paulum
515 2805 618 2843 non
650 2786 788 2842 aliud
815 2785 1046 2841 sensisse
1086 2799 1242 2853 quam
1272 2783 1575 2849 scripserit,
1606 2783 1695 2839 ubi

159 2882 222 2934 ait
248 2881 310 2934 de
339 2881 477 2932 l'elro
503 2888 556 2932 ct
594 2875 838 2931 Barnaba
865 2893 877 2927 :
907 2874 1031 2928 Cum
1057 2874 1275 2928 viderem
1301 2874 1419 2945 quia
1442 2890 1541 2927 non
1566 2882 1698 2927 recte

155 2973 465 3044 ingrediuntur
488 2973 554 3022 ad
590 2970 847 3022 veritatem
877 2966 1167 3039 Evangelii,
1207 2965 1315 3019 dixi
1347 2963 1501 3019 Petro
1525 2981 1695 3019 coram

156 3063 352 3117 omnibus
382 3078 398 3115 :
432 3060 490 3117 Si
521 3071 592 3124 tu,
625 3076 738 3113 cum
766 3059 834 3113 sis
858 3057 1068 3111 Indicus
1088 3099 1102 3119 ,
1132 3056 1377 3127 gentiliter
1401 3064 1445 3107 et
1470 3071 1569 3108 non
1598 3055 1693 3123 ju-

155 3156 271 3209 daice
285 3157 414 3220 viris,
441 3154 689 3226 quomoda
713 3152 893 3205 flentes
911 3151 1045 3222 cogis
1056 3150 1327 3220 judaizare
1339 3147 1478 3221 (Gal.
1498 3165 1531 3203 tt
1542 3191 1555 3215 ,
1580 3147 1696 3218 1.5)?

157 3248 214 3301 De
238 3264 331 3320 quo
359 3249 493 3301 enim
520 3256 699 3301 certus
744 3245 842 3299 sim
889 3243 1030 3315 quod
1058 3258 1143 3298 me
1171 3241 1450 3297 scribendo
1490 3243 1570 3296 vel
1617 3242 1693 3296 lo-

152 3339 326 3407 quendo
347 3354 446 3393 non
462 3339 631 3404 fallat,
655 3338 699 3391 si
720 3336 928 3391 fallebat
942 3335 1228 3405 Apostolus
1246 3334 1382 3387 filios
1398 3349 1542 3392 suos.
1560 3347 1693 3403 quos

151 3431 308 3485 iterum
324 3430 663 3502 parturiebat,
683 3428 853 3482 donec
874 3428 923 3481 iu
940 3427 1017 3481 eis
1034 3426 1295 3491 Christus,
1312 3424 1360 3479 id
1384 3425 1687 3488 estveritas,

151 3520 429 3577 [armaretur
452 3522 561 3592 (Id.
611 3537 681 3583 tv,
717 3518 1062 3589 l9)'IQuibus
1083 3533 1200 3571 cum
1237 3518 1582 3587 praemisisset
1608 3516 1688 3569 di-

151 3629 268 3673 cens.
287 3614 404 3681 Qua!
417 3624 581 3667 autem
602 3613 764 3668 scribo
780 3611 939 3677 vobis,
968 3626 1076 3663 ecce
1098 3626 1269 3662 corant
1289 3608 1416 3673 Deo,
1446 3610 1564 3678 quia
1591 3626 1690 3663 non

151 3705 360 3778 πηγαῖον(
370 3706 445 3759 Id.
470 3723 506 3769 ι,
524 3705 615 3775 20)
640 3722 651 3757 :
674 3720 778 3758 non
803 3712 975 3757 tamen
1001 3701 1258 3756 veraciter
1283 3699 1569 3763 scribebat,
1597 3699 1689 3755 sed

150 3799 298 3851 nescio
316 3814 408 3869 qua
432 3797 818 3868 dispensatoria
856 3794 1194 3849 simulatione
1232 3793 1465 3858 fallebat,
1494 3792 1690 3849 vidisse

150 3904 196 3942 se
216 3890 407 3945 Petrum
425 3900 478 3945 et
500 3887 795 3945 Barnabam
815 3901 917 3940 non
937 3896 1081 3940 recte
1102 3884 1164 3937 ad
1191 3884 1467 3955 Evangelii
1498 3885 1689 3939 verita-

152 3989 237 4035 tem
256 3983 615 4054 ingredientes,
647 3996 711 4036 ac
734 3980 892 4034 Petro
914 3980 963 4033 in
989 3979 1171 4032 faciem
1196 3979 1473 4045 restitisse,
1502 3994 1605 4031 non
1623 3977 1690 4031 ob

153 4071 264 4126 aliud
282 4075 371 4129 nisi
397 4072 537 4145 quod
568 4072 767 4128 Gentes
794 4077 1010 4142 cogeret
1028 4069 1332 4139 judaizarel

208 4164 251 4219 5.
288 4168 347 4219 At
382 4166 523 4221 enim
554 4165 724 4218 satius
748 4172 827 4216 est
858 4162 1075 4217 credere
1097 4204 1110 4228 ,
1140 4161 1435 4232 apostolum
1468 4161 1687 4215 Paulum

153 4253 316 4322 aliquid
337 4272 433 4310 non
460 4272 588 4310 vero
631 4255 927 4322 scripsisse,
951 4269 1108 4322 quam
1136 4254 1431 4322 apostolum
1476 4252 1687 4307 Petrum

156 4360 242 4400 non
256 4357 379 4404 recte
394 4347 592 4419 aliquid
611 4348 805 4417 egisse.
832 4346 940 4400 Hoc
970 4347 1012 4399 si
1045 4346 1113 4398 ita
1136 4354 1246 4410 est,
1265 4344 1523 4410 dicamus,
1549 4344 1688 4414 quod

156 4435 441 4503 absit,satius
452 4455 576 4497 esse
587 4438 809 4495 credere
823 4439 1031 4492 mentiri
1048 4438 1410 4511 Evangelium,
1430 4454 1586 4510 quam
1603 4454 1690 4493 ne-

153 4533 303 4593 gatum
321 4544 421 4586 esse
434 4548 462 4584 a
484 4530 647 4585 Petro
663 4526 929 4583 Christum
951 4527 1159 4597 (Matth.
1179 4528 1439 4601 xxvr,75);
1467 4536 1519 4583 et
1540 4545 1688 4584 men-

154 4615 224 4670 tiri
242 4616 518 4693 Regnorum
540 4620 755 4684 librum,
778 4634 933 4690 quam
951 4627 1153 4673 tantum
1174 4619 1506 4691 pr0phctam,
1530 4635 1557 4672 a
1582 4620 1686 4673 Do-

154 4710 273 4763 mino
287 4712 381 4766 Deo
397 4725 501 4769 tam
520 4713 846 4769 excellenter
861 4714 1106 4777 electum,
1126 4721 1179 4767 et
1201 4713 1250 4766 iu
1267 4713 1687 4785 concupiscenda

154 4806 281 4871 atque
302 4802 600 4859 abducenda
620 4819 782 4858 uxore
797 4805 969 4859 aliena
992 4802 1322 4858 commisisse
1348 4804 1686 4870 adulterium,

154 4890 257 4973 etin
272 4895 450 4949 marito
467 4895 584 4964 ejus
606 4894 844 4950 necando
870 4904 977 4949 tam
1004 4894 1329 4949 horrendum
1347 4894 1688 4951 homicidium

156 4976 212 5049 (11
234 4980 347 5057 Reg.
370 5001 440 5049 ιι,
466 4987 520 5052 4,
551 4984 662 5059 l7).
704 4985 816 5040 imo
844 5002 971 5040 vero
998 4995 1233 5039 sanctam
1259 4986 1606 5056 Scripturam,
1638 4989 1689 5041 in

158 5072 331 5129 summa
357 5086 409 5130 et
431 5077 639 5131 caelesti
663 5078 987 5132 auctoritatis
1007 5076 1238 5132 culmine
1266 5077 1596 5146 collocatam,
1625 5079 1691 5136 de

159 5162 345 5221 veritate
366 5167 479 5237 ejus
503 5166 683 5222 certus
711 5182 773 5222 ac
803 5182 1019 5222 securus
1049 5167 1241 5237 legam,
1273 5169 1397 5222 etin
1428 5184 1487 5223 ea
1518 5169 1691 5223 homi-

158 5256 323 5312 nesve]
348 5258 684 5329 approbatos,
716 5260 797 5315 vel
818 5258 1147 5323 emendatos,
1179 5260 1260 5313 vel
1291 5260 1569 5316 damnatos
1597 5278 1690 5316 ve-

160 5346 321 5402 raciler
356 5348 554 5405 discam
580 5392 594 5418 ,
636 5352 988 5421 potiusquam,
1020 5351 1150 5406 facta
1185 5351 1411 5406 humana
1446 5356 1461 5384 ¹
1491 5353 1614 5407 dum
1640 5355 1692 5408 in

158 5435 437 5502 quibusdam
468 5441 746 5496 laudabilis
770 5442 1095 5497 excellentia:
1130 5445 1367 5510 personis
1409 5444 1693 5514 aliquando

159 5526 343 5585 credere
384 5532 542 5587 timeo
582 5532 1047 5601 reprehendenda,
1104 5534 1215 5603 ipsa
1266 5536 1438 5587 divina
1488 5537 1693 5604 eloquia

206 5658 360 5735 13η,
378 5659 673 5735 poﬁitsgnarn
693 5665 821 5735 facta
838 5662 1062 5735 humana,
1082 5665 1277 5727 nedum,
1297 5674 1391 5717 etc.
1410 5666 1497 5718 sed
1520 5668 1697 5723 melius
1732 5670 1733 5675 “

158 5718 429 5784 mutatmne,
455 5732 510 5775 ut
531 5718 577 5774 i'u
598 5718 707 5777 aliis
728 5726 839 5776 Edd.
868 5734 919 5777 et
941 5728 989 5777 in
1013 5718 1117 5777 at'ss.

1249 293 1723 352 EPISTOLABUM
1760 294 2033 351 CLASSIS
2070 296 2132 353 ιι.

3290 302 3397 363 9.ῖό

1817 405 1943 459 mihi
1974 407 2079 461 sint
2104 408 2299 478 ubique
2328 418 2596 479 suspecta.

1885 496 1938 550 6.
1968 497 2239 553 Mauicbmi
2270 501 2491 569 plurima
2521 501 2812 559 divinarum
2843 502 3252 573 Scripturarum,
3277 509 3395 579 qni-

1815 590 1915 645 bus
1973 606 2158 647 eorum
2206 591 2438 647 nefarius
2483 609 2635 649 error
2674 588 2966 651 Clarissima
3012 598 3391 653 sententiarum

1816 684 2193 753 perspicuitate
2220 683 2575 749 convincitur,
2613 686 2732 757 quia
2770 686 2820 740 in
2847 686 3004 741 alium
3050 702 3261 743 sensum
3301 689 3391 745 dc-

1814 783 2062 844 torqttere
2103 790 2208 829 non
2236 784 2496 847 possunt,
2527 774 2655 831 falsa
2685 790 2805 834 esse
2828 778 3185 843 contendunt;
3215 780 3283 834 ita
3318 790 3393 835 ta-

1814 882 1959 933 men,
1989 875 2049 922 ut
2074 866 2319 923 eamdem
2350 866 2630 922 falsitatem
2658 882 2763 922 non
2787 868 3137 925 scribentibus
3162 871 3393 939 Aposto-

1812 958 1876 1014 lis
1898 960 2150 1026 tribuant,
2175 961 2269 1021 sed
2292 962 2473 1021 nescio
2492 962 2685 1035 quibus
2702 962 2942 1019 codicum
2972 966 3392 1035 corruptoribus.

1810 1050 1963 1123 Quod
2010 1061 2185 1109 tamen
2237 1053 2361 1122 quia
2405 1069 2509 1111 nec
2557 1054 2797 1127 pluribus
2843 1053 2956 1113 sive
3004 1057 3393 1126 antiquioribus

1809 1144 2236 1212 exemplaribus,
2268 1159 2365 1200 nec
2416 1144 2766 1216 praecedentis
2812 1146 3005 1217 linguae
3054 1152 3388 1210 auctoritate,

1809 1234 1948 1291 unde
1979 1234 2125 1288 latini
2153 1234 2272 1290 libri
2294 1235 2626 1305 interpretati
2653 1245 2810 1303 sunt,
2842 1237 3068 1305 probare
3107 1239 3390 1308 aliquando

1812 1336 2114 1396 potuerunt,
2164 1328 2442 1385 notissima
2472 1328 2719 1383 omnibus
2743 1330 2964 1383 veritate
2993 1330 3225 1398 superati
3256 1345 3390 1384 con-

1809 1417 2015 1487 fusique
2030 1416 2329 1473 discedunt.
2352 1417 2499 1473 Itane
2521 1434 2624 1473 non
2649 1418 2889 1486 intelligit
2912 1419 3185 1489 prudentia
3207 1429 3391 1477 sancta

1810 1520 1918 1575 tua,
1948 1518 2141 1581 quanta
2174 1510 2391 1567 malitite
2421 1511 2629 1566 illorum
2676 1517 2914 1580 patescat
2943 1511 3181 1579 occasio,
3212 1513 3252 1566 si
3282 1530 3386 1577 non

1807 1603 1874 1661 ab
1894 1602 2009 1659 aliis
2034 1602 2352 1672 apostolicas
2381 1603 2609 1660 Litteras
2655 1619 2774 1659 esse
2814 1603 3024 1681 falsatas
3046 1645 3071 1670 ,,
3107 1605 3199 1663 sed
3246 1608 3390 1674 ipsos

1808 1695 2091 1765 Apostolus
2132 1696 2262 1751 falsa
2290 1697 2586 1765 scripsisse,
2614 1678 2894 1751 dicamus?
2938 1678 2941 1681 ’
3032 1686 3035 1687 ⁷
3178 1686 3181 1687 ⁷

1878 1788 1929 1841 7.
1970 1787 2084 1845 Νοη
2108 1797 2208 1853 est,
2240 1788 2734 1863 inqttis,.credibilc,
2762 1786 2863 1844 hoc
2889 1789 2937 1842 in
2969 1788 3125 1845 Petro
3143 1788 3387 1855 Paulum.

1806 1880 1947 1949 quod
1976 1881 2088 1951 ipse
2115 1880 2307 1936 Paulus
2339 1881 2554 1945 fecerat,
2580 1882 2837 1952 arguisse.
2865 1880 2981 1937 Non
3010 1897 3149 1936 nunc
3178 1883 3387 1952 inquiro

1805 1971 1931 2045 quid
1954 1971 2177 2035 fecerit;
2208 1973 2333 2043 quid
2373 1973 2643 2042 scripserit
2669 1988 2849 2042 qurrro
2877 1989 2888 2025 :
2919 1972 3021 2028 hoc
3046 1972 3110 2027 ad
3138 1973 3387 2042 quaestio-

1805 2076 1925 2117 nem
1952 2078 2109 2132 quam
2133 2062 2360 2133 suscepi,
2386 2063 2614 2117 maxime
2639 2063 2898 2132 pertinet;
2932 2072 2987 2115 ut
3015 2046 3207 2116 veritas
3252 2062 3384 2117 divi-
3410 2124 3413 2131 η

1805 2168 1992 2207 narum
2023 2153 2413 2221 Scripturarnm
2434 2194 2449 2218 ,
2478 2153 2543 2208 ad
2567 2161 2801 2207 nostram
2835 2151 2989 2206 fidem
3018 2138 3382 2209 aediﬁcandam

1804 2242 2075 2299 memoriae
2094 2242 2483 2308 commendata,
2506 2259 2614 2296 non
2634 2259 2664 2297 a
2684 2241 3026 2310 quibuslibet,
3054 2242 3144 2296 sed
3168 2241 3233 2296 ab
3256 2242 3382 2309 ipsis
3404 2296 3407 2299 .

1804 2335 2071 2403 Apostolis
2090 2376 2105 2402 ,
2134 2350 2198 2391 ac
2228 2351 2321 2405 per
2359 2336 2459 2390 hoc
2490 2335 2541 2391 in
2573 2335 2886 2389 canonicum
2911 2333 3240 2388 auctoritatis
3264 2334 3381 2388 cul-

1804 2443 1924 2483 men
1951 2436 2182 2497 reccpta,
2214 2443 2279 2483 ex
2307 2427 2453 2484 omni
2480 2435 2625 2497 parte
2656 2442 2817 2481 veras
2858 2435 3014 2497 atque
3038 2425 3383 2481 iudubitauda

1802 2518 2071 2587 persistat.
2101 2517 2231 2574 Nam
2256 2521 2298 2573 si
2324 2518 2426 2574 hoc
2452 2518 2577 2574 fecit
2598 2519 2785 2573 Petrus
2815 2517 2956 2586 quod
2985 2517 3157 2572 facere
3178 2517 3378 2582 debuit,

1801 2611 2055 2666 mentitus
2083 2616 2166 2663 est
2194 2609 2409 2674 Paulus,
2444 2609 2583 2679 quod
2626 2625 2746 2663 eum
2774 2608 2963 2662 viderit
2994 2623 3097 2661 non
3130 2615 3272 2663 recte
3296 2608 3381 2664 in-

1799 2701 2125 2772 gredientem
2178 2701 2244 2755 ad
2290 2702 2569 2756 veritatem
2608 2700 2904 2770 Evangelii.
2950 2700 3199 2771 Quisquis
3236 2699 3379 2757 enim

1802 2790 1906 2847 hoc
1932 2791 2054 2845 facit
2089 2790 2230 2861 quod
2258 2790 2431 2847 facere
2474 2791 2668 2857 debet,
2722 2801 2867 2845 recte
2909 2790 3090 2857 utique
3135 2788 3277 2845 facit.
3313 2790 3379 2847 Et

1801 2882 1921 2937 ideo
1949 2881 2135 2937 falsum
2161 2881 2229 2936 de
2261 2881 2349 2935 illo
2378 2880 2535 2947 dicit,
2566 2881 2658 2953 qui
2688 2880 2815 2936 dicit
2839 2896 2962 2935 cum
2995 2895 3102 2934 non
3128 2890 3272 2935 recte
3298 2879 3376 2936 fe-

1800 2973 1936 3028 cisse
1964 2972 2104 3043 quod
2126 2987 2246 3026 eum
2270 2972 2420 3026 novit
2434 2969 2612 3029 facere
2631 2971 2896 3026 debuisse.
2923 2970 3169 3024 Siautem
3195 2984 3377 3025 verum

1800 3063 2012 3132 scripsit
2038 3061 2253 3127 Paulus,
2279 3078 2459 3115 verum
2483 3069 2566 3117 est
2580 3060 2721 3132 quod
2750 3060 2934 3116 Petrus
2962 3074 3064 3113 non
3087 3067 3232 3115 recte
3250 3068 3376 3117 tunc

1800 3153 2190 3224 ingrediebatur
2228 3152 2293 3206 ad
2341 3153 2616 3208 veritatem
2660 3151 2948 3223 Evangelii.
2978 3150 3032 3204 ld
3063 3165 3190 3220 ergo
3218 3149 3377 3205 facie-

1799 3245 1888 3300 bat
1914 3244 2055 3317 qnod
2083 3243 2256 3300 facere
2286 3260 2393 3300 non
2419 3244 2681 3307 debebat;
2728 3251 2783 3298 et
2810 3243 2854 3297 si
2886 3244 2987 3298 tale
3013 3241 3208 3312 aliquid
3236 3242 3375 3296 Pau—

1796 3336 1881 3393 lus
1919 3338 2034 3407 ipse
2065 3338 2172 3408 jam
2211 3338 2426 3403 fecerat,
2459 3350 2758 3392 correcmm
2789 3336 2960 3404 potius
2996 3335 3155 3389 etiam
3203 3334 3377 3404 ipsum

1796 3428 2009 3487 credam
2037 3428 2328 3499 coapostoli
2357 3428 2436 3483 sui
2460 3428 2849 3483 correctionem
2880 3441 2982 3479 non
3010 3424 3246 3497 potuisse
3280 3439 3374 3480 nev

1796 3520 2013 3590 gligere,
2047 3535 2205 3590 quam
2246 3518 2570 3575 mendaciter
2596 3517 2791 3587 aliquid
2819 3518 2871 3572 in
2898 3532 2988 3571 sua
3013 3515 3247 3585 Epistola
3277 3530 3377 3585 po-

1796 3612 1999 3674 suisse;
2029 3620 2083 3665 et
2108 3611 2156 3664 in
2176 3609 2409 3679 Epistula
2439 3608 2673 3679 qualibet
2698 3626 2709 3660 :
2744 3617 2941 3678 quanto
2974 3606 3140 3677 magis
3166 3606 3219 3660 in
3245 3605 3330 3659 illa
3356 3646 3371 3671 ,

1796 3701 1849 3755 in
1873 3718 1973 3771 qua
2008 3701 2326 3771 praelocutus
2374 3700 2482 3762 ait,
2526 3700 2650 3764 Qua:
2675 3708 2843 3752 autem
2882 3698 3042 3751 scribo
3070 3697 3203 3751 vobis
3223 3738 3236 3763 ,
3267 3712 3378 3751 ecce

1794 3809 1961 3847 coram
1990 3791 2094 3845 Deo
2120 3792 2238 3861 quia
2264 3808 2364 3845 non
2390 3792 2602 3844 mentior
2629 3788 2770 3861 (Gal.
2802 3805 2839 3853 ι,
2866 3790 2997 3859 20)?

1865 3884 1917 3940 8.
1959 3884 2071 3954 Ego
2096 3883 2305 3954 quidem
2349 3882 2474 3938 illud
2502 3882 2713 3937 Petrum
2761 3880 2838 3935 sic
2886 3881 3057 3951 egisse
3100 3880 3289 3944 credo,
3320 3889 3376 3934 ut

1795 3975 1995 4031 Gentes
2036 3984 2251 4046 cogeret
2273 3974 2562 4044 judaizare.
2604 3973 2715 4027 Hoc
2753 3972 2893 4025 enim
2941 3971 3057 4040 lego
3097 3970 3373 4039 scripsisse

1796 4068 2037 4131 Paulum,
2060 4083 2218 4138 quem
2241 4066 2519 4121 mentitum
2544 4080 2662 4119 esse
2683 4079 2788 4118 non
2815 4062 2992 4116 credo.
3030 4062 3096 4115 Et
3117 4062 3235 4116 ideo
3264 4077 3371 4115 non

1796 4165 1940 4211 recte
1969 4156 2156 4225 agebat
2191 4156 2292 4210 hoc
2323 4156 2530 4209 Petrus.
2563 4154 2691 4207 Erat
2716 4153 2857 4208 enim
2885 4160 3068 4206 contra
3090 4151 3366 4220 Evangelii

1793 4247 2071 4300 veritatem
2098 4288 2113 4311 ,
2162 4253 2219 4299 ut
2258 4252 2502 4314 putarent
2542 4244 2631 4313 qui
2674 4240 2958 4297 credebant
2998 4240 3049 4294 in
3079 4240 3369 4305 Christum,

1794 4339 1910 4394 sine
1957 4338 2060 4392 illis
2104 4336 2371 4392 veteribus
2416 4334 2759 4390 sacramentis
2800 4333 2978 4387 salvos
3016 4348 3073 4387 se
3109 4346 3228 4388 esse
3267 4348 3372 4386 non

1795 4444 1970 4501 posse.
1996 4428 2107 4483 Hoc
2137 4428 2278 4484 enim
2308 4426 2702 4482 contendebant
2725 4423 3040 4490 Antiochiae,
3068 4424 3155 4494 qui
3185 4439 3247 4478 ex
3270 4424 3374 4478 cir-

1794 4519 2118 4575 cumcisione
2137 4518 2473 4574 crediderant
2501 4536 2512 4569 :
2542 4524 2724 4571 contra
2755 4530 2886 4585 quos
2914 4516 3103 4570 Paulus
3128 4529 3374 4587 perseve-

1794 4621 1972 4665 ranter
1995 4610 2291 4678 acriterque
2333 4605 2584 4675 confligit.
2616 4604 2793 4675 Ipsum
2834 4620 2961 4660 vero
3007 4604 3227 4658 Paulum
3260 4619 3363 4658 non

1794 4701 1861 4755 ad
1916 4700 2016 4755 hoc
2068 4700 2121 4755 id
2166 4699 2360 4768 egisse,
2391 4698 2530 4768 quod
2560 4697 2641 4753 vel
2663 4695 2997 4751 Timotheum
3042 4696 3373 4751 circumcidit

1798 4792 1931 4865 (Act.
1963 4807 2071 4855 xw,
2091 4789 2168 4862 '5),
2193 4790 2274 4844 vel
2295 4788 2581 4845 Cenchreis
2603 4794 2783 4841 votum
2806 4784 3059 4857 persolvit
3089 4783 3197 4855 (Id.
3223 4800 3369 4848 xvut,

1797 4882 1904 4951 l8),
1933 4882 2017 4936 vel
2038 4878 2383 4950 Jerosolymis
2407 4894 2435 4932 a
2457 4878 2655 4934 Jacobo
2675 4876 2973 4931 admonitus
2992 4914 3005 4939 ,
3035 4890 3155 4929 cum
3181 4875 3259 4930 eis
3284 4877 3373 4946 qui

1796 4981 2090 5038 noverant,
2146 4970 2376 5041 legitima
2419 4969 2505 5023 illa
2533 4966 2843 5024 celebranda
2870 4966 3102 5036 suscepit
3131 4964 3238 5036 (Id.
3266 4982 3371 5025 ut,

1796 5063 1925 5136 26),
1956 5073 2013 5120 ut
2054 5064 2227 5134 putari
2252 5062 2539 5125 videretur,
2590 5076 2686 5141 per
2730 5076 2791 5117 ea
2839 5068 3169 5116 sacramenta
3216 5060 3372 5115 etiam

1796 5154 2135 5209 christianam
2163 5154 2385 5209 salutem
2421 5151 2566 5216 dari;
2593 5150 2685 5206 sed
2709 5165 2773 5207 ne
2804 5150 2892 5204 illa
2920 5166 3038 5220 qua:
3079 5150 3339 5221 prioribus
3357 5190 3371 5211 ,

1798 5254 1856 5299 ut
1904 5244 2262 5313 congruebat,
2309 5242 2632 5312 temporibus
2661 5242 2714 5297 in
2742 5242 2941 5297 umbris
2970 5258 3146 5298 rerum
3177 5242 3371 5294 futura

1800 5350 1916 5389 rum
1948 5335 2090 5389 Deus
2132 5334 2243 5389 ﬁeri
2284 5334 2533 5404 jusscrat,
2566 5341 2811 5403 tanquam
2844 5333 3189 5387 idololatriam
3228 5330 3371 5384 Gen-

1801 5426 1967 5480 tilium
1986 5425 2241 5481 damnarc
2262 5425 2588 5480 crederetur.
2623 5425 2734 5482 [loc
2758 5434 2837 5481 est
2865 5425 3003 5480 enim
3025 5421 3164 5492 quod
3188 5420 3260 5473 illi
3279 5420 3372 5475 Ja-

1798 5520 1965 5573 cobus
1983 5520 2074 5583 ait,
2106 5520 2341 5574 auditum
2362 5520 2427 5575 de
2449 5520 2537 5576 illo
2565 5535 2683 5579 esse
2714 5520 2854 5591 quod
2880 5517 3243 5573 discissionem
3277 5516 3374 5571 do~

1800 5621 1916 5665 ceat
1939 5627 1966 5666 a
1999 5611 2176 5683 Moyse
2210 5611 2402 5679 (Ibid,
2430 5612 2516 5683 2).
2568 5612 2718 5681 Quod
2756 5612 2934 5680 utique
2978 5606 3127 5664 nefas
3170 5615 3252 5663 est
3275 5650 3288 5672 ,
3321 5617 3379 5663 ut

1800 5704 2079 5758 credentes
2096 5704 2146 5757 in
2167 5703 2433 5759 Christum
2456 5704 2813 5757 discindantur
2829 5716 2856 5753 a
2880 5701 3137 5774 prepheta
3157 5700 3373 5769 Christi,
