3962 6388
571 305 682 364 279

572 431 825 492 tanquam
847 418 964 488 ejus
975 415 1270 471 doctrinam
1292 414 1615 472 detestantes
1640 426 1798 487 atque
1823 419 2153 483 damnautes;

572 512 641 569 de
653 528 757 583 quo
781 512 892 581 ipse
907 509 1148 565 Christus
1168 508 1293 563 dicit
1314 526 1327 562 :
1348 507 1407 563 Si
1422 505 1875 578 crederetisMoysi,
1894 509 2157 563 crederetis

574 611 622 659 et
648 604 807 669 mihi;
829 604 890 656 de
916 620 995 656 me
1015 602 1149 657 enim
1169 601 1255 655 ille
1280 600 1479 669 scripsit
1510 598 1745 669 (Ioan.v,
1776 600 1888 670 46).

646 699 700 753 9.
728 695 955 751 Attende
969 695 1136 761 enim,
1154 694 1395 756 obsecro,
1420 694 1531 763 ipsa
1552 693 1713 747 verba
1733 693 1910 748 Jacobi
1935 711 1949 748 :
1982 694 2150 760 Vides,

573 786 767 858 inquit,
800 792 957 857 frater
990 827 1002 850 ,
1029 794 1148 855 quot
1177 782 1338 837 millia
1381 784 1574 836 suntin
1599 782 1801 849 Iudaea,
1828 786 1915 854 qui
1934 785 2157 839 credide-

573 888 693 934 runt
730 878 781 931 in
810 877 1062 933 Christum
1086 893 1103 940 ;
1132 884 1179 928 et
1203 875 1257 927 lii
1284 889 1453 927 omnes
1480 873 1796 929 temulatores
1839 885 1955 929 sunt
1984 876 2152 947 Legis.

574 968 860 1023 Audierant
889 978 1053 1021 autem
1076 966 1139 1019 de
1159 976 1206 1019 te
1223 965 1339 1034 quia
1360 964 1703 1019 discissionem
1720 966 1736 997 ⁸
1765 966 1912 1021 doces
1932 982 1963 1019 a
1980 965 2157 1037 Moyse

572 1078 765 1125 eorum,
805 1059 891 1129 qui
917 1074 1006 1128 per
1024 1066 1191 1127 gentes
1216 1063 1353 1119 sunt,
1378 1053 1675 1109 Judceorum
1698 1071 1716 1120 ;
1743 1056 1915 1110 dicens
1936 1074 2036 1111 non
2063 1059 2153 1110 de-

571 1152 687 1206 bere
720 1148 1071 1203 circumcidere
1105 1163 1187 1201 eos
1216 1146 1349 1215 ﬁlios
1377 1163 1513 1213 suos,
1556 1164 1715 1217 neque
1738 1148 2010 1202 sectmdum
2035 1166 2157 1204 con-

570 1240 882 1295 suetudinem
906 1236 1120 1308 ingredi.
1155 1237 1289 1302 Quid
1318 1253 1435 1307 ergo
1460 1247 1533 1292 est
1554 1238 1579 1290 ?
1611 1236 1796 1308 Utique
1819 1248 2015 1308 oportet
2035 1257 2156 1295 con-

569 1332 737 1385 venire
761 1331 1183 1393 multitudinem;
1211 1329 1479 1382 audierunt
1520 1329 1649 1383 enim
1692 1339 1739 1385 te
1788 1333 2150 1402 supervenisse.

573 1419 687 1474 Hoc
713 1438 830 1491 ergo
858 1425 972 1490 fac,
1013 1419 1147 1487 quod
1188 1417 1274 1471 tibi
1312 1418 1539 1473 dicimus.
1579 1420 1710 1474 Sunt
1735 1421 1875 1474 nobis
1908 1422 2003 1475 viri
2027 1440 2152 1494 qua-

572 1522 689 1565 tuor
708 1522 875 1565 votum
909 1510 1144 1564 habentes
1164 1526 1314 1579 super
1344 1526 1430 1574 se;
1461 1511 1538 1563 his
1556 1513 1847 1582 assumptis,
1868 1514 2155 1583 sanctiﬁca-

571 1611 619 1656 te
646 1619 760 1656 cum
802 1603 925 1672 ipsis
948 1643 964 1667 ,
990 1602 1063 1654 ‘et
1101 1600 1336 1669 impende
1378 1601 1430 1653 in
1461 1617 1543 1653 eos
1570 1610 1624 1653 ut
1662 1603 1846 1654 radunt
1874 1603 2078 1671 capita;
2108 1615 2153 1658 et

572 1694 729 1748 scient
757 1710 926 1746 omnes
966 1692 1085 1763 quia
1112 1707 1223 1760 qua:
1267 1691 1330 1744 de
1370 1700 1416 1744 te
1456 1691 1723 1745 audierunt
1749 1691 1882 1762 falsa
1905 1703 2041 1757 sunt,
2066 1694 2155 1747 sed

568 1786 788 1855 sequeris
826 1796 872 1838 et
919 1786 1027 1853 ipse
1054 1783 1337 1837 custodiens
1368 1784 1547 1853 legem.
1588 1783 1667 1836 De
1705 1782 1942 1839 Gentibus
1987 1794 2154 1840 autem

568 1877 657 1947 qui
674 1875 1011 1937 crediderunt,
1039 1890 1129 1927 nos
1155 1873 1525 1947 mandavimus,
1546 1874 1837 1943 judicantes
1863 1875 1991 1928 nihil
2016 1877 2155 1946 ejus-

568 1966 707 2020 modi
721 1983 918 2019 servare
938 1965 1072 2029 illos,
1097 1964 1196 2018 nisi
1214 1974 1267 2017 ut
1284 1981 1337 2018 se
1355 1963 1608 2017 observent
1627 1965 1689 2017 ab
1700 1965 1850 2020 idolis
1868 1966 2149 2035 immolato,

567 2067 617 2111 et
643 2074 672 2109 a
702 2057 967 2125 sanguine,
988 2064 1037 2109 et
1074 2072 1106 2107 α
1134 2055 1463 2123 fornicatione
1486 2053 1620 2124 (Act.
1651 2071 1756 2120 χχι,
1780 2055 1987 2127 20-25).
2012 2057 2129 2113 Non

567 2148 775 2217 opinor,
805 2149 1092 2201 obscurum
1114 2155 1214 2211 est,
1239 2146 1562 2201 etJacobum
1582 2148 1682 2201 hoc
1708 2148 1826 2202 ideo
1855 2150 2145 2216 monuisse,

568 2248 628 2294 ut
642 2240 839 2293 scirent
854 2238 977 2291 falsa
993 2254 1112 2292 esse
1128 2254 1245 2307 quae
1260 2238 1327 2291 de
1345 2238 1435 2291 illo
1448 2238 1725 2292 audierant
1745 2238 1818 2302 hi,
1841 2239 1929 2307 qui
1950 2256 2069 2295 cum
2096 2241 2149 2295 in

568 2329 838 2383 Christum
870 2344 931 2382 ex
972 2328 1168 2381 Judwis
1197 2326 1580 2387 credidissent.
1608 2337 1783 2383 tamen
1813 2330 2150 2386 remulatores

567 2428 719 2473 erant
743 2418 917 2487 Legis,
943 2432 1007 2471 ne
1035 2434 1129 2485 per
1155 2417 1449 2471 doctrinam
1476 2417 1672 2472 Christi
1704 2419 1844 2474 velut
1870 2421 2143 2491 sacrilega,

570 2522 670 2561 nec
722 2508 827 2561 Deo
876 2507 1161 2561 mandante
1210 2508 1508 2576 conscripta
1553 2508 1789 2563 damnari
1837 2520 2150 2579 putarentur

562 2614 684 2669 qua:
727 2614 822 2668 per
866 2598 1083 2668 Moysen
1129 2598 1365 2667 patrihus
1417 2598 1622 2653 fuerant
1670 2600 1985 2654 ministrata.
2036 2600 2148 2656 Hoc

563 2690 705 2745 enim
735 2690 801 2744 de
832 2690 993 2743 l’aulo
1017 2690 1344 2758 jactaverant
1364 2732 1379 2754 ,
1410 2706 1517 2745 non
1564 2691 1637 2745 illi
1664 2692 1752 2761 qui
1784 2694 2145 2762 intelligebant

562 2799 669 2854 quo
695 2784 872 2836 animo
911 2799 939 2835 a
980 2782 1176 2837 ,ιυιιιυίε
1209 2783 1453 2837 ﬁdelibus
1481 2784 1752 2838 observari
1780 2794 1903 2839 tunc
1930 2786 2024 2840 ista
2051 2786 2145 2843 de-

560 2872 786 2936 herent,
832 2884 1050 2942 propter
1090 2872 1565 2928 commendandam
1615 2874 1819 2929 scilicet
1856 2877 2145 2931 auctoritas

563 2974 669 3020 tem
696 2965 928 3019 divinant
955 2974 1011 3020 et
1048 2976 1504 3021 sacramentorum
1538 2965 1746 3021 illorum
1778 2968 2141 3037 propheticum

559 3056 914 3122 sanctitatem,
955 3071 1057 3109 non
1088 3067 1307 3126 propter
1342 3058 1734 3127 adipiscendam
1756 3059 2001 3124 salutem,
2024 3077 2141 3130 qua:

560 3146 665 3215 jam
690 3146 742 3199 in
766 3146 980 3199 Christo
1005 3148 1356 3213 revelabatur,
1379 3156 1436 3203 et
1456 3165 1548 3219 per
1569 3150 1820 3218 Baptismi
1843 3166 2142 3207 sacramen-

559 3246 672 3291 tum
701 3237 1100 3291 ministrabatur
1124 3254 1138 3302 ;
1180 3238 1273 3291 sed
1298 3240 1373 3291 illi
1405 3240 1503 3293 hoc
1533 3240 1598 3294 de
1626 3241 1790 3295 Paulo
1814 3252 2138 3310 sparserant,

557 3328 649 3399 qui
693 3329 769 3381 sic
812 3344 872 3382 ca
916 3328 1162 3381 volebant
1205 3330 1509 3394 observari,
1544 3340 1791 3399 tanquam
1822 3333 1936 3387 sine
1960 3333 2042 3386 his
2087 3334 2139 3389 in

558 3417 849 3487 Ενίιιιεετίο
878 3417 1018 3472 salus
1044 3417 1384 3472 credentibus
1409 3433 1529 3473 esse
1577 3436 1679 3473 non
1728 3430 1924 3489 posset.
1964 3422 2139 3491 Ipsum

557 3510 701 3564 enim
748 3520 1028 3565 senserant
1066 3509 1587 3563 vchemcntissimum
1618 3512 1800 3579 gratiae
1831 3513 2142 3581 prtedieato-

557 3616 672 3654 rem
694 3610 747 3654 et
772 3601 1049 3654 intentioni
1071 3616 1255 3655 eorum
1282 3599 1508 3654 tnaximc
1533 3600 1834 3667 adversum,
1861 3602 2137 3659 docentem

557 3706 666 3743 non
703 3706 794 3759 per
824 3692 907 3743 illa
932 3690 1198 3744 hominem
1217 3690 1516 3758 jnstiﬁcari,
1544 3690 1635 3744 sed
1655 3707 1749 3759 per
1767 3693 1989 3761 gratiam
2010 3694 2137 3750 Jesu

560 3776 793 3843 Christi,
845 3779 994 3847 cujus
1043 3780 1457 3847 prmnuntiaudae
1508 3796 1665 3835 causa
1714 3783 1815 3837 illa:
1858 3784 2059 3840 umbra:
2086 3789 2138 3841 in

558 3869 702 3939 Lege
731 3869 992 3923 mandate
1021 3877 1163 3924 sunt.
1194 3870 1259 3924 Et
1282 3869 1401 3925 ideo
1428 3871 1500 3925 illi
1535 3872 1783 3926 invidiam
1811 3882 1866 3928 et
1892 3890 2141 3943 persecu-

558 3958 758 4014 tionem
785 3960 1066 4016 molientes
1087 3963 1373 4027 concitare,
1406 3971 1654 4033 tanquam
1686 3964 1955 4019 inimicum
1981 3966 2139 4038 Legis

556 4056 1033 4126 mandatorumque
1046 4056 1343 4111 divinorum
1358 4059 1776 4115 criminabantur
1796 4080 1808 4114 :
1827 4062 1977 4131 cujus
1996 4062 2141 4118 falsa:

556 4148 943 4203 criminationis
961 4149 1210 4204 invidiam
1230 4151 1606 4220 congruentius
1625 4151 1860 4208 devitarc
1882 4169 1987 4208 non
2016 4170 2137 4224 pos-

556 4250 661 4306 set,
684 4258 838 4308 quam
868 4251 1008 4295 utea
1032 4242 1145 4311 ipse
1168 4244 1457 4299 celebraret
1474 4260 1591 4313 qua:
1613 4245 1867 4301 damnare
1889 4256 2136 4318 tanquam

554 4331 808 4399 sacrilega
838 4332 1133 4397 putabatur,
1161 4335 1407 4401 atqueita
1430 4337 1765 4405 ostenderet,
1800 4354 1897 4393 nec
1925 4340 2137 4395 Judteos

536 4427 684 4493 ﬁtuuc
703 4419 769 4471 ab
787 4419 863 4471 eis
892 4428 1138 4488 tanquam
1166 4437 1195 4476 a
1217 4423 1431 4478 nefariis
1457 4426 1839 4493 prohibendos,
1868 4446 1966 4485 nec
1991 4430 2133 4486 Gen-

554 4507 678 4561 tiles
703 4507 768 4561 ad
789 4523 849 4560 ea
874 4518 1120 4578 tanquam
1150 4511 1217 4565 ad
1243 4515 1537 4567 necessaria
1563 4517 1979 4585 compelleudos.

629 4598 716 4653 10.
743 4598 875 4653 Nam
911 4600 953 4653 si
984 4616 1170 4655 revera
1210 4603 1287 4657 sic
1317 4619 1378 4657 ea
1406 4605 1713 4674 reprobaret
1734 4648 1751 4674 ,
1786 4611 2133 4679 quemadmo-

553 4690 678 4745 dum
707 4690 774 4745 de
799 4690 887 4744 illo
902 4690 1137 4745 auditum
1159 4702 1302 4761 erat,
1335 4702 1389 4749 et
1415 4695 1535 4750 ideo
1555 4696 1867 4754 celebranda
1894 4702 2134 4772 suscipe-

553 4789 654 4846 ret,
677 4791 734 4836 ut
753 4783 960 4837 actione
986 4784 1229 4837 simulata
1250 4801 1397 4841 suam
1424 4796 1606 4857 posset
1629 4791 1899 4847 occultare
1918 4806 2135 4851 senten-

552 4876 704 4939 tiam,
724 4891 826 4930 non
849 4878 896 4929 ei
913 4877 1114 4931 diceret
1139 4877 1385 4946 Jacobus,
1406 4878 1473 4934 Et
1488 4883 1643 4936 scient
1659 4900 1860 4950 omnes;
1882 4886 1974 4942 sed
1991 4887 2135 4945 dice-

550 4974 655 5030 ret,
687 4966 748 5019 Et
777 4968 1035 5035 putabunt
1059 4984 1268 5033 omnes,
1293 4972 1529 5040 quoniam
1553 4990 1665 5043 qua:
1689 4975 1752 5029 de
1776 4985 1821 5029 te
1844 4978 2130 5045 audierunt,

548 5055 683 5126 falsa
699 5066 846 5109 sunt:
864 5061 1153 5126 praesertim
1172 5062 1292 5131 quia
1314 5062 1366 5115 in
1386 5063 1512 5132 ipsis
1533 5064 1878 5137 Jerosolymis
1896 5071 2135 5140 Apostoli

544 5149 653 5215 jam
671 5147 1035 5216 decreverant,
1055 5167 1120 5206 ne
1140 5154 1412 5223 quisquam
1431 5154 1626 5211 Gentes
1638 5168 1849 5229 cogeret
1864 5160 2136 5230 judaizaro

549 5240 686 5312 (Act.
718 5256 812 5304 xv,
835 5242 958 5312 28);
1006 5258 1109 5298 non
1154 5233 1327 5300 autem
1353 5248 1734 5315 decreverant,
1764 5267 1830 5306 ne
1856 5254 2133 5324 quisquam

547 5340 673 5387 tunc
715 5330 928 5386 Iudaeos
964 5332 1233 5401 judaizare
1278 5336 1618 5405 prohiberet,
1681 5342 1923 5410 quamvis
1975 5346 2132 5401 etiam

544 5420 690 5490 ipsos
706 5421 815 5490 jam
840 5423 1081 5480 doctrina
1109 5424 1395 5482 christiana
1428 5445 1536 5483 non
1571 5442 1802 5501 cogeret.
1837 5433 2064 5489 Proinde
2085 5437 2129 5490 si

541 5519 666 5581 post
686 5513 1057 5581 Apostolon
1073 5515 1344 5573 decretum
1368 5518 1556 5575 Petrus
1577 5521 1759 5577 habuit
1783 5522 1925 5577 illam
1952 5524 2004 5579 in
2022 5524 2128 5579 An-

547 5600 744 5656 tiochia
774 5603 1163 5661 simulationem
1184 5647 1201 5676 ,
1230 5624 1333 5678 qua
1361 5608 1561 5667 Gentes
1587 5622 1799 5683 cogeret
1820 5614 2090 5684 judaizare
2111 5660 2124 5686 ,

607 5712 625 5747 ⁶
653 5710 872 5776 Vulgata,
896 5716 1246 5771 discessionem.
1312 5726 1369 5771 tt.

1743 301 1800 357 S.
1843 300 2203 360 AUGUSTINI
2244 303 2548 361 EPISCOPI
3684 332 3763 399 ξω

2269 420 2406 491 quod
2432 421 2541 491 jam
2583 436 2683 478 nec
2707 421 2820 493 ipse
2849 422 3136 494 cogebatur
3155 465 3168 489 ,
3191 429 3425 497 quamvis
3448 443 3638 506 propter
3651 457 3762 502 com.

2266 513 2566 569 mendanda
2595 515 2801 586 eloquia
2833 516 2926 571 Dei
2961 532 3079 585 qua:
3110 516 3305 575 Judaris
3323 532 3439 578 sunt
3459 527 3765 599 credita,non

2263 604 2671 675 prohibebatur;
2702 606 2826 677 quid
2854 608 3066 674 mirum,
3094 608 3138 663 si
3168 614 3648 681 eonstringehateum
3662 622 3764 681 Pan.

2266 698 2348 753 lus
2384 699 2548 754 libere
2583 714 2824 755 asserere
2845 742 2859 765 ,
2898 700 3037 770 quod
3077 716 3197 755 cum
3238 706 3436 760 caeteris
3469 707 3695 779 Apozstolis
3722 732 3764 775 se

2262 790 2612 864 Jerosolymis
2637 792 2937 847 decrevisse
2966 793 3314 850 meminerat?

2335 882 2423 938 ll.
2454 882 2511 939 Si
2532 893 2708 939 autem
2742 884 2843 939 hoc
2863 925 2877 948 ,
2918 884 3059 955 quod
3085 885 3251 957 magis
3279 887 3526 957 arbitror,
3544 901 3649 951 ante
3671 896 3765 957 illud

2262 973 2769 1045 Jerosolymitanum
2795 978 3077 1032 concilium
3115 976 3301 1033 Petrus
3336 980 3480 1046 fecit;
3510 988 3675 1043 necsic
3692 994 3766 1047 mi-

2262 1078 2379 1117 rum
2408 1071 2489 1117 est
2510 1105 2523 1129 ,
2550 1065 2688 1134 quod
2719 1082 2840 1121 eum
2868 1066 3079 1122 volebat
3101 1067 3297 1123 Paulus
3325 1087 3425 1125 non
3462 1073 3623 1131 timide
3650 1078 3763 1136 niueo

2259 1169 2386 1223 gere
2408 1196 2423 1219 ,
2464 1156 2558 1211 sed
2586 1156 2810 1213 ﬁdenter
2838 1173 3079 1214 asserere
3109 1159 3250 1229 quod
3279 1176 3396 1215 eum
3426 1163 3604 1233 pariter
3619 1170 3768 1227 sentire

2255 1242 2366 1312 jam
2393 1254 2615 1300 noverat
2645 1265 2657 1299 :
2685 1247 2796 1301 sive
2820 1247 2960 1317 quod
3007 1263 3128 1303 eum
3170 1264 3235 1304 eo
3274 1252 3554 1307 contulerat
3579 1255 3767 1329 Evange-

2259 1335 2422 1400 lium;
2469 1338 2578 1392 sive
2621 1338 2762 1407 quod
2801 1338 2855 1393 in
2894 1338 3128 1396 Cornelii
3166 1343 3482 1398 centurionis
3519 1356 3764 1419 vocatione,

2259 1426 2417 1480 etiam
2445 1426 2698 1483 divinitus
2724 1444 2844 1483 eum
2871 1429 2937 1484 de
2969 1430 3069 1486 hac
3094 1446 3153 1486 re
3178 1431 3495 1488 admonitum
3515 1450 3765 1509 acceperat;

2258 1517 2370 1573 sive
2409 1520 2548 1589 quod
2596 1530 2879 1591 antequam
2916 1521 3027 1587 illi,
3074 1537 3208 1593 quos
3249 1524 3514 1589 timuerat,
3556 1531 3770 1591 venissent

2258 1613 2623 1680 Antiochiam,
2654 1630 2772 1669 cum
2801 1615 3042 1684 gentibus
3068 1632 3189 1670 eum
3212 1620 3456 1674 convesci
3483 1621 3675 1678 viderat.
3696 1624 3770 1681 Ne.-

2258 1720 2361 1773 que
2392 1705 2531 1759 enim
2564 1721 2820 1777 negamus
2865 1707 2917 1761 in
2944 1706 3041 1762 hac
3076 1709 3339 1764 sententia
3386 1710 3539 1767 fuisse
3564 1713 3655 1783 jam
3694 1716 3769 1772 Pco

2260 1804 2399 1850 trum
2415 1838 2429 1860 ,
2450 1796 2502 1850 in
2529 1812 2627 1865 qua
2651 1806 2703 1851 et
2729 1797 2921 1852 Paulus
2938 1797 3053 1852 fuit.
3079 1797 3195 1853 Non
3224 1799 3400 1871 itaque
3426 1812 3541 1857 tunc
3558 1819 3658 1859 eum
3676 1807 3768 1877 quid

2260 1889 2311 1944 in
2343 1904 2404 1944 ca
2430 1905 2490 1945 re
2516 1905 2701 1945 verum
2730 1906 2848 1945 esse
2871 1891 3097 1946 docebat
3122 1910 3133 1945 :
3158 1892 3252 1946 sed
3279 1893 3394 1962 ejus
3412 1895 3767 1965 simulationem,

2256 1997 2356 2052 qua
2378 1982 2576 2038 Gentes
2595 1984 2865 2053 judaizare
2905 1985 3229 2055 cogebantur
3249 2028 3264 2051 ,
3292 1987 3566 2058 arguebat;
3606 2004 3690 2045 non
3717 1992 3770 2047 ob

2256 2070 2397 2126 aliud
2419 2113 2433 2137 ,
2464 2073 2563 2127 nisi
2590 2074 2712 2145 quia
2739 2074 2815 2129 sic
2836 2074 2923 2129 illa
2949 2076 3125 2131 omnia
3151 2077 3476 2133 simulatoria
3496 2078 3765 2150 gerebantur,

2259 2172 2509 2234 tanquam
2554 2180 2737 2219 verum
2768 2174 2911 2221 esset
2952 2166 3095 2236 quod
3141 2167 3216 2221 illi
3257 2167 3533 2235 dicebant,
3575 2170 3647 2241 qui
3679 2170 3770 2225 sine

2256 2254 2661 2311 circumcisione
2719 2255 2965 2325 praeputii
3006 2267 3164 2327 atque
3212 2257 3335 2311 aliis
3377 2258 3770 2315 observationibus

2255 2363 2374 2416 qua:
2403 2357 2554 2403 erant
2578 2347 2780 2402 umbra:
2802 2347 3101 2403 futurorum
3119 2388 3136 2416 ,
3166 2348 3681 2418 putabantcredentes
3692 2349 3771 2405 sal-

2255 2455 2350 2496 VOS
2377 2456 2497 2496 esse
2526 2457 2630 2496 non
2660 2457 2837 2511 posse.

2325 2532 2414 2586 12.
2447 2532 2588 2603 Ergo
2616 2542 2669 2587 et
2688 2532 3024 2587 Timotheum
3055 2534 3396 2591 circumcidit
3420 2544 3702 2606 propterea,
3724 2552 3773 2592 ne

2252 2624 2470 2691 Judteis,
2493 2634 2547 2681 et
2570 2626 2799 2681 maxime
2823 2627 3127 2696 cognationi
3149 2629 3267 2697 ejus
3307 2637 3551 2683 materna:
3570 2628 3637 2684 sic
3661 2628 3771 2685 vide-

2253 2727 2435 2773 rentur
2453 2719 2541 2789 qui
2563 2734 2628 2773 ex
2656 2718 2913 2774 Gentibus
2930 2718 2980 2773 in
3008 2718 3281 2773 Christum
3297 2719 3647 2786 crediderant,
3664 2719 3774 2775 dete-

2251 2806 2379 2862 stari
2396 2807 2877 2873 circumcisionem,
2899 2808 3037 2863 sicut
3054 2807 3355 2865 idololatria
3385 2810 3667 2866 detestanda
3684 2820 3770 2875 est;

2249 2913 2370 2953 cum
2417 2898 2559 2952 illam
2607 2899 2746 2952 Deus
2771 2899 2884 2955 ﬁeri
2913 2902 3260 2972 prmeeperit,
3308 2901 3444 2957 banc
3469 2912 3659 2957 satanas
3680 2914 3771 2972 per-

2248 2988 2493 3044 suaserit.
2526 2988 2595 3042 Et
2642 2988 2818 3043 Titum
2876 2998 3154 3060 propterea
3199 3007 3308 3047 non
3352 2990 3689 3056 circumcidit,
3726 3006 3774 3044 ne

2247 3079 2584 3134 occasionem
2606 3077 2763 3133 daret
2788 3079 2867 3134 eis
2893 3080 2986 3149 qui
3010 3080 3128 3135 sine
3149 3080 3238 3136 illa
3265 3084 3652 3138 circumcisione
3670 3081 3777 3136 dice-

2247 3167 2374 3226 banl
2390 3171 2669 3227 credentes
2708 3173 2882 3227 salvos
2902 3188 3022 3228 esse
3049 3188 3154 3229 non
3182 3190 3377 3245 posse,
3407 3186 3460 3231 et
3477 3175 3540 3231 ad
3562 3174 3779 3245 deceptio-

2246 3278 2370 3318 nem
2394 3262 2642 3318 Gentium
2680 3264 2782 3318 hoc
2812 3265 2970 3318 etiam
3015 3265 3236 3319 Paulum
3264 3268 3276 3297 ‘
3324 3268 3519 3323 sentire
3552 3269 3781 3338 jactarent.

2245 3353 2399 3420 Quod
2439 3355 2552 3424 ipse
2578 3355 2707 3409 satis
2732 3356 3023 3426 signiﬁcat,
3065 3358 3153 3412 ubi
3188 3359 3263 3413 ait
3292 3378 3320 3414 :
3354 3359 3456 3414 Sed
3498 3376 3639 3430 neque
3679 3356 3783 3412 Titus

2245 3447 2331 3516 qui
2359 3464 2552 3501 mecum
2590 3458 2731 3514 erat,
2763 3465 2878 3502 cum
2902 3458 3026 3503 esset
3054 3449 3289 3518 ercus,
3334 3453 3611 3525 compulsus
3632 3462 3692 3507 est
3708 3451 3783 3503 cir-

2245 3538 2462 3591 cumcidi
2485 3554 2503 3592 :
2522 3549 2729 3610 prapter
2756 3541 3155 3597 subintroductos
3167 3554 3345 3598 autem
3357 3544 3514 3614 falsos
3529 3544 3704 3613 fratres,
3720 3540 3782 3611 qui

2245 3630 2633 3686 subintroierant
2668 3636 2975 3705 perscrutari
3003 3635 3277 3689 libertatem
3326 3647 3566 3703 nostram,
3592 3644 3641 3689 ut
3658 3633 3782 3689 nasia

2244 3723 2527 3776 servitutem
2542 3724 2840 3794 redigerent,
2855 3724 3033 3795 quibus
3050 3742 3137 3778 nec
3152 3724 3221 3777 ad
3232 3729 3416 3781 horam
3427 3727 3645 3781 cessimus
3653 3723 3782 3792 subje-

2244 3812 2426 3879 ctione,
2460 3823 2513 3866 ut
2537 3814 2715 3868 veritas
2737 3814 3001 3885 Evangelii
3016 3827 3306 3886 permaneat
3324 3817 3393 3871 ad
3410 3834 3493 3872 ros
3511 3815 3641 3887 (Gal.
3667 3829 3714 3878 tt,
3737 3812 3783 3868 ’5-

2245 3902 2321 3973 5).
2366 3904 2461 3960 Hic
2485 3914 2704 3975 apparet
2726 3905 2851 3976 quid
2877 3921 2971 3961 eos
3007 3914 3220 3975 captare
3246 3907 3599 3968 intellexerit.
3619 3917 3668 3959 ut
3701 3918 3779 3958 non

2244 3996 2442 4053 faceret
2468 3998 2683 4068 quodin
2704 3997 2983 4055 Timotheo
3011 3998 3229 4068 fecerat,
3250 4009 3305 4056 et
3337 4002 3479 4075 quod
3506 4017 3566 4057 ea
3585 3987 3784 4056 libertalc

2246 4087 2415 4142 facere
2442 4097 2677 4158 poterat,
2723 4105 2825 4160 qua
2854 4091 3161 4147 ostenderat
3186 4094 3206 4125 ²
3236 4093 3328 4147 illa
3373 4101 3684 4151 sacramenta
3711 4101 3783 4143 nec

2247 4187 2490 4249 tanquam
2534 4181 2831 4236 necessaria
2861 4181 3058 4239 debere
3085 4185 3259 4255 appeti
3283 4224 3300 4251 ,
3335 4202 3438 4243 nec
3463 4195 3693 4257 tanquam
3716 4194 3781 4236 sa-

2243 4273 2434 4343 crilega
2462 4272 2656 4328 debere
2682 4275 2941 4330 damnari.

2316 4366 2404 4420 15.
2432 4366 2535 4422 Sed
2556 4366 2845 4422 cavendum
2866 4375 2948 4423 est
2968 4369 3214 4426 videlicet
3237 4369 3289 4426 in
3320 4372 3423 4428 hac
3447 4372 3781 4443 disputatione,

2243 4472 2310 4511 ne
2329 4496 2346 4522 ,
2387 4457 2522 4511 sicut
2549 4456 2882 4528 philosophi,
2912 4459 3153 4529 qumdam
3185 4460 3319 4517 facta
3349 4462 3616 4518 hominum
3643 4457 3781 4515 nteiiia

2242 4546 2480 4601 dicamus
2507 4548 2644 4601 inter
2672 4558 2814 4603 recte
2845 4548 3037 4604 factum
3068 4560 3124 4606 et
3162 4563 3439 4622 peccatum
3459 4595 3475 4621 ,
3505 4568 3619 4624 qua:
3644 4562 3785 4621 neque

2243 4636 2298 4691 in
2320 4646 2462 4693 recte
2481 4637 2652 4705 factis,
2675 4654 2846 4710 neque
2867 4640 2916 4694 in
2936 4642 3165 4710 peccatis
3185 4654 3551 4711 numerentur;
3570 4654 3619 4697 et
3633 4654 3785 4711 urgea-

2242 4747 2363 4786 tnur
2386 4746 2450 4787 eo
2476 4731 2617 4801 quod
2653 4733 2935 4789 observare
2962 4733 3116 4805 Legis
3144 4738 3464 4793 cerimonias
3494 4753 3593 4793 non
3640 4739 3786 4806 potcSt

2241 4837 2361 4878 esse
2391 4823 2693 4880 indill'erens
2714 4867 2729 4890 ,
2780 4824 2874 4881 sed
2915 4835 3008 4880 aut
3050 4827 3245 4882 bonum
3266 4870 3281 4892 ,
3311 4839 3407 4884 aut
3450 4828 3639 4883 malum
3668 4844 3680 4878 :
3708 4832 3783 4888 ut,

2240 4916 2287 4971 si
2307 4917 2503 4973 bonum
2525 4918 2842 4984 dixerimus,
2869 4933 2962 4974 eas
2987 4934 3084 4974 nos
3110 4935 3320 4991 quoque
3343 4921 3635 4976 observare
3657 4930 3786 4987 coga-

2241 5023 2397 5074 mur;
2431 5009 2475 5063 si
2506 5017 2680 5062 autem
2708 5010 2904 5064 malum
2926 5049 2941 5075 ,
2988 5025 3092 5064 non
3123 5026 3245 5065 vere
3268 5051 3283 5077 ,
3322 5011 3420 5067 sed
3465 5011 3696 5066 simulate
3732 5003 3786 5061 ab

2241 5099 2506 5169 Apostolis
2534 5098 2840 5153 observatas
2865 5115 2983 5154 esse
3011 5101 3309 5155 credamus.
3358 5101 3474 5173 Ego
3501 5115 3624 5157 vero
3663 5098 3786 5167 Apo-

2240 5190 2388 5247 stolis
2440 5206 2544 5244 non
2604 5199 2709 5244 tam
2770 5192 3071 5261 exemplum
3129 5192 3566 5265 philosophorum
3617 5192 3783 5250 timeo.

2240 5280 2451 5351 quando
2476 5289 2529 5335 et
2556 5279 2631 5333 illi
2662 5281 2715 5334 in
2746 5296 2839 5335 sua
2865 5280 3224 5352 disputatione
3253 5285 3358 5339 veri
3382 5284 3581 5356 aliquid
3605 5282 3783 5342 dicunt.

2236 5388 2393 5443 quam
2432 5370 2719 5426 forensium
2747 5372 3118 5430 advocatorum
3144 5418 3159 5444 ,
3191 5376 3403 5448 quando
3432 5376 3485 5432 in
3519 5376 3786 5431 alienarum

2236 5478 2512 5520 causarum
2564 5465 2773 5521 actione
2813 5467 3159 5526 mentiuntur.
3187 5469 3423 5538 Quorum
3447 5465 3724 5524 similitudo
3747 5460 3785 5517 si

2233 5608 2490 5722 nggtic.
2527 5616 2634 5660 Mss.
2660 5610 2782 5670 duo,
2826 5624 2917 5661 non
2954 5626 3113 5676 posse,
3153 5621 3199 5664 et
3234 5614 3287 5666 id
3314 5619 3565 5667 Hectorem
3595 5608 3787 5669 Cm

2302 5683 2442 5783 inti-gs.
2467 5746 2578 5795 sex,
2599 5732 2881 5788 ostenderet.
