3962 6394
151 306 231 364 πί
1203 289 1683 348 EPISTULARUM
1724 294 1995 353 CLASSIS
2033 300 2098 356 ll.

142 421 185 475 in
201 417 297 480 ipsa
316 405 629 481 expositione
655 401 903 475 Epistolae
928 402 995 458 ad
1015 401 1227 460 Galatas
1253 402 1319 458 ad
1349 403 1673 462 confirman-

139 509 238 565 dam
263 498 635 558 simulationem
663 494 804 552 Petri
833 503 887 550 et
914 493 1061 550 Pauli
1090 503 1269 565 putata
1302 506 1386 551 est
1426 494 1677 555 decenter

138 596 282 654 induci
311 590 381 663 (al
404 607 419 655 ;
445 587 566 660 quid
592 602 693 658 ego
731 585 869 658 apud
899 594 949 640 te
976 586 1187 642 timeam
1219 601 1410 643 nomen
1442 590 1676 659 philoso-

137 692 361 761 phorum,
408 681 495 752 qui
535 695 638 735 non
673 687 949 748 propterea
976 680 1097 734 vani
1144 692 1301 747 sunt,
1351 682 1471 752 quia
1499 686 1675 741 omnia

136 782 235 837 falsa
263 778 454 836 dicunt;
487 772 577 829 sed
608 773 730 843 quia
752 782 805 827 et
830 772 973 827 falsis
1000 772 1266 844 plerisque
1287 775 1592 839 conﬁdunt.
1621 787 1676 834 et

135 874 204 927 ubi
231 884 337 924 vera
365 866 696 922 inveniuntur
721 864 899 920 dicere
921 904 937 931 ,
968 878 999 918 a
1017 862 1214 919 Christi
1253 866 1417 936 gratia
1440 909 1457 934 ,
1483 869 1675 940 quiest

135 966 222 1035 ipsa
249 960 424 1017 veritas
441 999 457 1022 ,
480 956 637 1011 alieni
665 955 825 1010 sunt?

190 1054 261 1109 ιι.
281 1050 381 1105 Cur
397 1057 568 1104 autem
598 1063 703 1102 non
729 1046 899 1101 dicam
928 1056 1194 1118 prmeepta
1218 1049 1306 1103 illa
1330 1058 1568 1106 veterum
1588 1067 1674 1107 sa-

138 1152 480 1200 cramentorum
502 1154 600 1194 nec
629 1138 764 1193 bona
791 1153 930 1201 esse,
956 1140 1075 1208 quia
1094 1154 1197 1194 non
1219 1140 1298 1195 eis
1319 1140 1561 1197 homines
1586 1143 1674 1212 iu-

133 1236 407 1295 stiﬁcantur;
440 1229 641 1284 umbra:
662 1229 805 1283 enim
836 1238 959 1284 sunt
984 1231 1401 1299 praznuntiantes
1424 1233 1668 1302 gratiam,

132 1340 211 1396 qua
231 1321 583 1391 iustiﬁcamur;
619 1334 716 1374 nec
734 1328 908 1374 tamen
927 1320 1085 1385 mala,
1114 1322 1235 1389 quia
1256 1320 1511 1375 divinitus
1537 1337 1671 1391 prae-

131 1426 257 1487 cepta
279 1423 409 1477 sunt,
432 1411 658 1481 tempori
677 1411 1021 1481 personisquc
1041 1413 1383 1481 congruentia
1411 1431 1423 1444 -
1442 1427 1562 1467 cum
1585 1429 1671 1469 me

131 1509 312 1579 adiuvet
333 1506 471 1561 etiam
503 1502 811 1574 prophetica
843 1503 1125 1568 sententia,
1157 1518 1259 1572 qua
1288 1502 1422 1557 dicit
1452 1503 1589 1559 Deus
1610 1520 1670 1559 se

132 1601 193 1655 illi
214 1600 377 1670 ριιριιιο
400 1596 610 1652 dedisse
634 1606 890 1665 praecepta
916 1610 1018 1649 non
1043 1594 1177 1649 bona
1197 1594 1409 1665 (Ezech.
1432 1612 1529 1658 xx.
1551 1596 1669 1669 25)?

131 1691 262 1747 Forte
296 1691 422 1746 enim
471 1696 753 1759 propterea
800 1701 907 1741 non
939 1686 1071 1741 dixit
1119 1686 1254 1740 mala
1278 1728 1292 1752 ,
1325 1686 1420 1742 sed
1468 1698 1667 1743 tantum

134 1802 219 1839 non
243 1784 384 1849 bona,
413 1781 462 1836 id
484 1789 570 1835 est
596 1794 701 1833 non
730 1779 853 1832 talia
884 1786 936 1831 ut
968 1777 1071 1831 illis
1096 1777 1337 1831 homines
1366 1778 1489 1831 boni
1521 1778 1665 1840 fiant.

132 1876 318 1930 autsine
342 1872 441 1927 illis
466 1870 590 1925 boni
620 1883 724 1923 non
750 1868 897 1921 ﬁant.
926 1866 1126 1921 Vellem
1156 1880 1240 1921 me
1264 1866 1481 1921 doceret
1520 1866 1667 1921 beni-

130 1987 209 2042 gna
232 1968 499 2023 Sinceritas
526 1976 635 2027 tua.
665 1972 842 2017 utrum
868 1960 1112 2015 simulate
1156 1958 1431 2031 quisquam
1454 1968 1667 2014 sanctus

131 2060 350 2116 orientalis
368 2100 382 2119 ,
404 2072 525 2112 cum
552 2055 776 2109 Romam
804 2051 1041 2115 venerit,
1065 2050 1269 2119 ieiunet
1293 2049 1512 2104 sabbato
1532 2091 1546 2114 ,
1573 2065 1668 2104 ex-

131 2160 251 2221 cepto
278 2149 357 2204 illo
381 2147 468 2202 die
498 2144 760 2216 paschalis
796 2141 991 2212 vigilia:
1016 2156 1033 2194 :
1055 2140 1195 2210 quod
1242 2139 1285 2193 si
1324 2139 1520 2194 malutn
1547 2155 1667 2195 esse

129 2242 402 2302 dixerimus;
452 2251 558 2291 non
612 2234 784 2289 solum
832 2232 1125 2287 Romanam
1184 2229 1516 2291 Ecclesium.
1571 2228 1666 2284 sed

127 2336 254 2390 etiam
280 2331 430 2385 multa
452 2328 502 2384 ei
523 2326 694 2382 vicina
712 2366 728 2391 ,
756 2332 810 2380 et
838 2322 1109 2393 aliquanto
1138 2319 1424 2375 remotiora
1448 2318 1668 2373 damna-

128 2421 410 2488 bimus,ubi
460 2434 576 2473 mos
623 2417 765 2470 idem
817 2422 1027 2468 tenetur
1054 2421 1107 2466 et
1135 2420 1332 2465 manet.
1386 2409 1441 2465 Si
1486 2419 1664 2463 autem

130 2530 218 2569 non
247 2514 461 2583 ieiunare
486 2509 711 2565 sabbato
738 2506 933 2561 malum
960 2502 1355 2575 putaverimus;
1390 2509 1467 2556 tot
1486 2500 1664 2556 cccle-

126 2606 215 2658 sias
236 2602 440 2657 Orientis
459 2642 473 2666 ,
502 2608 555 2655 et
583 2597 751 2652 multo
782 2595 1035 2664 majorem
1063 2591 1208 2647 orbis
1238 2590 1512 2646 christiani
1546 2606 1664 2661 paro

125 2704 212 2750 tem
236 2710 325 2764 qua
363 2692 658 2764 temeritate
691 2683 1122 2741 criminabimur?
1154 2682 1398 2737 Placetne
1440 2681 1530 2735 tibi
1555 2722 1570 2745 ,
1609 2689 1667 2735 ut

125 2762 321 2839 medium
344 2762 580 2854 quiddam
604 2793 725 2834 esse
750 2777 987 2831 dii-amns
1006 2816 1021 2837 ,
1048 2773 1188 2844 quod
1217 2783 1390 2828 tamen
1417 2780 1663 2842 accepta-

122 2874 212 2930 bile
232 2874 290 2928 sit
312 2874 353 2928 ei
376 2872 459 2943 qui
486 2871 588 2925 hoc
631 2886 736 2924 non
776 2867 1053 2931 simulate,
1102 2864 1195 2918 sed
1222 2864 1530 2934 congruenti
1573 2880 1663 2920 so-

122 2968 279 3019 cietate
300 2973 448 3035 atque
476 2960 811 3016 observantia
833 2955 1060 3011 fecerit?
1092 2955 1158 3009 Et
1184 2962 1361 3008 tamen
1380 2953 1509 3008 nihil
1541 2953 1664 3009 inde

122 3055 306 3126 legitnus
329 3054 375 3107 in
408 3051 681 3107 canonicis
712 3049 883 3103 Libris
912 3057 1231 3117 praeceptum
1263 3059 1381 3101 esse
1408 3044 1664 3099 Christia-

122 3149 202 3201 nis.
238 3146 435 3214 Quanto
475 3142 644 3213 magis
696 3138 822 3196 illud
857 3138 1051 3193 malum
1091 3137 1269 3191 dicere
1313 3151 1417 3189 non
1462 3134 1659 3200 audeo,

121 3238 231 3309 quod
258 3239 416 3293 Deum
461 3234 780 3307 prmeepissc
827 3232 937 3300 ipsa
986 3228 1272 3284 christiana
1322 3228 1425 3282 ﬁde
1470 3243 1662 3297 negare

122 3347 203 3387 non
241 3346 486 3403 possum,
537 3344 639 3399 qua
667 3324 825 3380 didici
872 3338 976 3377 non
1004 3337 1071 3376 eo
1101 3335 1186 3375 me
1206 3317 1518 3389 iustiﬁcari,
1568 3318 1662 3373 sed

123 3420 253 3492 gratia
277 3422 361 3477 Dei
388 3436 487 3492 per
515 3418 695 3474 Jesum
715 3415 984 3471 Christum
1006 3412 1287 3468 Dominum
1310 3411 1590 3465 nostrum?

176 3517 246 3570 15.
278 3515 397 3570 Dico
438 3528 568 3583 ergo
598 3508 1052 3565 circumcisiouem
1096 3504 1337 3577 pra-putii
1380 3511 1435 3559 et
1470 3512 1659 3558 cwtera

124 3604 405 3675 huiusmodi,
463 3601 627 3674 priori
684 3598 878 3670 popqu
930 3611 1025 3668 per
1071 3595 1468 3651 Testamentum
1520 3592 1658 3662 quod

124 3697 255 3753 Vetus
274 3698 484 3760 dicitur,
533 3692 784 3748 divinitus
813 3690 934 3745 data
962 3687 1027 3743 ad
1059 3686 1497 3757 signiﬁcationem
1525 3684 1663 3739 futu-

124 3805 267 3845 rorum
292 3807 401 3860 qua:
434 3804 530 3859 per
572 3784 840 3841 Christum
886 3780 1164 3853 oportebat
1191 3778 1398 3850 impleri
1426 3795 1439 3831 :
1472 3777 1660 3847 quibus

122 3881 511 3945 advenientibus,
573 3875 893 3932 remansisse
938 3873 1024 3927 illa
1073 3868 1391 3926 Christianis
1440 3866 1659 3938 legenda

123 3981 283 4027 tantum
304 4014 318 4038 ,
347 3971 411 4027 ad
440 3967 841 4039 intelligentiam
866 3962 1156 4035 prmmissa:
1192 3959 1519 4031 prophetiae;
1553 3973 1658 4013 non

120 4074 263 4120 autem
298 4062 601 4121 necessario
644 4057 880 4114 facienda
904 4096 920 4120 ,
956 4053 1107 4126 quasi
1134 4052 1310 4107 adhuc
1342 4057 1657 4119 exspectan-

122 4156 221 4210 dum
246 4166 405 4222 esset,
429 4166 489 4210 ut
513 4154 718 4207 veniret
744 4149 862 4205 ﬁdei
887 4146 1138 4203 revelatio
1154 4159 1273 4215 qua:
1289 4143 1370 4197 his
1395 4140 1659 4210 signiﬁca-

124 4248 251 4305 batur
270 4266 377 4305 esse
396 4256 641 4303 ventura.
667 4242 772 4299 Sed
797 4239 1037 4312 quamvis
1056 4236 1311 4293 Gentibus
1339 4231 1657 4302 imponenda

122 4353 210 4393 non
229 4349 416 4403 essent,
442 4353 550 4393 non
581 4344 757 4391 tamen
783 4334 860 4388 sic
878 4330 1127 4386 debuisse
1150 4325 1348 4382 auferri
1375 4340 1407 4380 a
1434 4338 1661 4380 consue-

122 4427 279 4484 tudine
321 4428 647 4492 Judmorum,
703 4434 951 4493 tanquam
1000 4418 1309 4476 detestanda
1360 4426 1520 4485 atque
1560 4414 1657 4469 da-

120 4518 339 4574 mnanda.
377 4518 586 4576 Sensim
632 4513 855 4587 proinde
907 4520 1065 4583 atque
1114 4508 1367 4580 paulatim
1420 4506 1659 4562 fervente

120 4623 224 4663 sana
256 4610 614 4680 praedicatione
650 4604 831 4676 gratia:
857 4601 1089 4667 Christi,
1136 4614 1237 4669 qua
1282 4598 1393 4652 sola
1442 4604 1661 4651 nossent

121 4698 359 4754 credentes
384 4695 741 4767 seiustiﬁcari
760 4736 774 4760 ,
803 4694 1084 4761 salvosque
1110 4688 1253 4751 ﬁeri,
1283 4702 1387 4742 non
1411 4686 1516 4740 illis
1547 4702 1661 4741 um-

122 4787 389 4846 brisrerum
408 4801 561 4846 antea
591 4787 887 4843 futurarum
905 4824 919 4849 ,
954 4780 1198 4850 tuncjam
1223 4778 1545 4833 venientium
1574 4786 1659 4833 at-

123 4895 205 4949 que
228 4884 550 4955 praesentium
572 4922 587 4945 .
617 4889 673 4935 ut
695 4880 745 4934 in
776 4879 986 4933 illorum
1016 4872 1318 4928 Judmorum
1349 4869 1621 4924 vocatione
1641 4911 1656 4937 ,

123 4988 231 5044 quos
250 4972 513 5046 praesentia
538 4972 715 5030 carnis
738 4969 970 5031 Domini.
1018 4974 1071 5021 et
1097 4963 1386 5035 apostolica
1417 4970 1658 5030 tempora

124 5064 189 5118 sic
206 5064 526 5134 invenerant,
584 5064 760 5120 omnis
794 5062 880 5117 illa
906 5058 1045 5113 actio
1089 5061 1487 5111 consumeretur
1538 5067 1659 5105 um-

124 5153 301 5214 brarum
327 5176 341 5213 :
375 5160 473 5215 hoc
508 5159 588 5214 eis
632 5154 905 5210 suffecisse
930 5150 997 5206 ad
1027 5145 1572 5206 commendationem,
1604 5153 1662 5197 ut

124 5258 209 5301 non
227 5255 457 5321 tanquam
485 5244 820 5310 detestanda,
838 5251 893 5299 et
920 5239 1109 5296 similis
1135 5236 1445 5293 idololatriae
1468 5234 1662 5290 vitare-

125 5352 220 5408 πυτς
261 5348 393 5402 ultra
423 5362 545 5403 vero
572 5362 676 5398 non
728 5341 949 5396 haberet
989 5347 1359 5406 progressum,
1405 5345 1475 5385 ne
1513 5338 1661 5400 puta-

124 5416 245 5491 retur
277 5437 569 5494 necessaria
598 5444 846 5505 tanquam
878 5429 961 5485 vel
989 5428 1057 5483 ab
1080 5426 1170 5481 illa
1195 5424 1340 5479 salus
1368 5429 1507 5477 esset
1534 5462 1547 5485 ,
1576 5420 1661 5475 vel

125 5524 217 5583 sine
250 5527 331 5584 illa
352 5542 467 5584 esse
492 5542 596 5582 non
618 5532 816 5597 posset.
848 5518 1002 5589 Quod
1032 5522 1352 5589 putaverunt
1388 5510 1626 5567 breretici
1644 5550 1659 5576 ,

126 5616 199 5683 qni
213 5616 329 5674 dum
348 5619 530 5673 volunt
554 5624 609 5672 et
625 5614 795 5670 Judazi
817 5626 939 5668 esse
964 5620 1019 5667 et
1036 5606 1341 5672 Christiani,
1371 5617 1473 5660 nec
1492 5600 1659 5658 Judaei

174 5726 237 5790 ιι)
254 5691 326 5781 υιί
341 5729 405 5781 ab
422 5724 966 5791 ιιιεωιιιωοιιιάυοίιω.

1784 427 1883 468 nec
1910 412 2197 472 Christiani
2243 431 2361 476 esse
2408 431 2713 492 potuerunt.
2767 425 3003 496 Quorum
3044 436 3359 494 sententiam

1782 504 1911 560 mihi
1934 508 2224 564 cavendam
2246 552 2260 573 ,
2292 514 2533 582 quamvis
2559 516 2612 571 in
2637 532 2698 572 ea
2729 535 2995 591 nunquam
3024 523 3215 581 fuerim
3234 568 3249 589 .
3283 537 3361 583 ta-

1784 612 1904 654 men
1936 599 2431 659 benevolentissime
2452 606 2743 665 admonere
2761 609 3004 682 dignatus
3023 628 3102 668 es.
3134 614 3189 669 In
3209 617 3362 684 cuius

1783 695 2061 749 sententia:
2101 711 2205 750 non
2237 700 2676 759 consensionem.
2709 702 2801 756 sed
2829 703 3221 761 simulationem
3265 708 3361 765 Pe-

1782 792 1896 839 trus
1914 786 2103 841 timore
2119 788 2392 856 inciderat,
2422 801 2476 844 ut
2502 792 2567 848 de
2595 792 2684 848 illo
2713 793 2908 849 Paulus
2929 797 3202 852 verissime
3230 802 3360 856 scri-

1781 874 1966 943 beret.
2002 878 2142 949 quod
2169 894 2290 934 eum
2323 881 2542 937 vidisset
2566 898 2670 937 non
2708 894 2850 940 recte
2881 886 3262 957 ingredientem
3291 891 3358 947 ad

1781 967 2056 1024 veritatem
2107 970 2376 1042 Evangelii
2398 1014 2412 1037 ,
2458 973 2613 1041 eique
2639 976 2914 1031 verissime
2948 977 3182 1040 diceret.
3213 982 3356 1051 quod

1781 1057 1979 1115 Gentes
2018 1060 2289 1130 iudaizare
2331 1064 2571 1134 cogebat.
2623 1065 2773 1133 Quod
2802 1066 2995 1122 Paulus
3026 1071 3207 1140 utique
3252 1089 3357 1131 non

1779 1152 2017 1222 cogebat,
2050 1153 2121 1207 ob
2146 1152 2247 1209 hoc
2286 1155 2371 1210 illa
2391 1164 2568 1210 vetera
2606 1158 2883 1221 veraciter,
2919 1160 3005 1214 ubi
3025 1174 3158 1229 Opus
3180 1174 3355 1230 esset.

1779 1243 2071 1299 observans
2089 1285 2105 1308 .
2144 1255 2200 1300 ut
2224 1246 2520 1302 damnanda
2548 1264 2651 1304 non
2680 1265 2799 1304 esse
2824 1261 3144 1307 monstraret
3168 1271 3182 1318 ;
3217 1272 3355 1323 pra:-

1777 1332 1961 1389 dicans
2004 1344 2179 1390 tamen
2219 1338 2474 1392 instanter
2510 1354 2615 1393 non
2645 1339 2757 1405 eis,
2800 1341 2892 1397 sed
2933 1342 3161 1398 revelata
3187 1348 3356 1413 gratia

1779 1423 1939 1491 ﬁdei,
1973 1424 2154 1480 lideles
2182 1427 2357 1481 salvos
2382 1428 2494 1483 ﬁeri
2520 1468 2535 1491 .
2567 1445 2635 1485 ne
2672 1430 2738 1485 ad
2765 1448 2826 1486 ca
2866 1448 3181 1503 quemquam
3214 1436 3357 1492 velut

1777 1519 2076 1573 necessaria
2117 1520 2448 1590 suscipienda
2477 1523 2841 1591 compelleret.
2874 1523 2965 1579 Sic
2991 1534 3165 1580 autem
3194 1527 3357 1582 credo

1777 1610 2074 1679 apostolum
2099 1611 2317 1667 Paulum
2349 1613 2609 1668 veraciter
2635 1624 2823 1669 cuncta
2857 1616 2941 1671 illa
2972 1618 3201 1688 gessisse
3221 1659 3234 1679 .
3258 1634 3358 1675 nec

1776 1708 1952 1756 tamen
1984 1718 2123 1757 nunc
2166 1718 2482 1774 quemquam
2529 1703 2724 1759 factum
2754 1722 2819 1761 ex
2866 1706 3051 1761 Julia-0
3094 1709 3356 1763 Christia-

1777 1806 1933 1855 num.
1976 1793 2057 1848 vel
2106 1808 2271 1865 cogo,
2317 1795 2403 1850 vel
2435 1797 2551 1849 sino
2579 1796 2701 1851 talia
2750 1798 3010 1852 veraciter
3049 1800 3351 1867 celebrare;

1774 1885 1910 1939 sicut
1937 1900 2038 1941 nec
2074 1893 2158 1951 tu,
2200 1887 2281 1941 cui
2309 1887 2517 1944 videtur
2543 1889 2737 1944 Paulus
2761 1905 2824 1945 ea
2852 1892 3164 1958 simulasse,
3208 1896 3355 1966 cogis

1774 1974 1931 2030 istum
1954 2019 1968 2041 ,
1996 1978 2079 2031 vel
2100 1978 2229 2033 sinis
2259 1978 2381 2034 talia
2410 1980 2681 2035 sinnilare.

1845 2067 1933 2123 16.
1956 2069 2035 2122 An
2059 2069 2157 2137 vis,
2185 2079 2245 2124 ut
2262 2070 2421 2125 etiam
2448 2086 2547 2141 ego
2570 2071 2764 2136 dicam.
2795 2072 2931 2127 hanc
2950 2088 3070 2128 esse
3087 2090 3351 2132 summam

1772 2162 2112 2231 quwstionis,
2146 2163 2252 2216 imo
2290 2164 2565 2217 sententiae.
2596 2172 2729 2227 ture;
2760 2175 2815 2219 ut
2860 2176 2979 2235 post
3009 2165 3351 2237 Evangelinm

1771 2248 2001 2317 Christi,
2048 2253 2182 2307 bene
2225 2252 2421 2309 faciant
2447 2254 2726 2311 credentes
2752 2256 2957 2320 Judzei.
3010 2258 3054 2313 si
3096 2259 3351 2315 sacrificia

1772 2341 2001 2396 offerant
2020 2383 2034 2406 ,
2064 2359 2182 2413 qure
2210 2344 2400 2398 obtulit
2428 2346 2655 2409 Paulus;
2688 2347 2733 2400 si
2764 2346 2899 2401 ﬁlios
2935 2347 3313 2403 circutncidant
3332 2389 3348 2416 ,

1772 2433 1818 2487 si
1866 2433 2143 2488 sabbatum
2188 2435 2504 2497 observent.
2553 2445 2608 2490 ut
2632 2436 2829 2491 Paulus
2867 2437 2923 2492 in
2949 2437 3268 2504 Timotheo,
3298 2448 3353 2495 et

1772 2538 1959 2579 omnes
1986 2524 2337 2581 nbservavere
2375 2526 2573 2591 Judaei,
2622 2527 2910 2582 dummodo
2954 2528 3067 2583 haec
3106 2529 3352 2586 simulate

1769 2631 1834 2672 ac
1858 2616 2112 2671 fallaciter
2134 2620 2332 2688 agant?
2357 2618 2467 2673 Hoc
2508 2619 2551 2673 si
2584 2619 2653 2673 ita
2682 2629 2794 2683 est;
2826 2635 2931 2674 non
2953 2619 3062 2688 iam
3094 2622 3146 2674 in
3174 2620 3349 2677 haere-

1770 2708 1871 2763 sim
1906 2708 2124 2763 Ebionis
2144 2750 2158 2775 ,
2185 2711 2265 2763 vel
2287 2725 2470 2763 eorum
2497 2725 2633 2778 quos
2650 2709 2805 2780 vulgo
2843 2709 3119 2766 Nazamros
3142 2727 3347 2768 nuncu-

1770 2811 1931 2873 pant,
1982 2802 2063 2857 vel
2108 2801 2398 2871 quamlibet
2442 2801 2598 2856 aliam
2643 2810 2914 2865 veterem.
2960 2801 3054 2856 sed
3085 2803 3265 2857 nescio
3294 2803 3347 2857 in

1769 2910 1925 2965 quam
1975 2910 2164 2949 novam
2211 2894 2540 2961 delabimur,
2572 2910 2691 2964 qua:
2734 2895 2803 2949 sit
2847 2908 2913 2948 eo
2965 2894 3344 2965 perniciosior,

1768 3000 1874 3056 quo
1898 2999 2001 3039 non
2023 3001 2233 3049 errore.
2261 2986 2353 3040 sed
2380 2986 2650 3056 proposito
2673 2995 2754 3040 est
2773 3001 2835 3040 ac
2860 2985 3126 3041 voluntate
3153 2986 3345 3043 fallaci.

1767 3077 1918 3145 Quod
1947 3078 1991 3131 si
2023 3077 2373 3147 respondeas,
2410 3086 2467 3131 ut
2493 3086 2544 3132 te
2585 3078 2653 3132 ab
2688 3076 2788 3134 hac
2822 3093 3013 3149 purges
3048 3080 3343 3146 sententia,

1768 3176 1893 3223 tunc
1918 3170 2201 3238 Apostolus
2229 3170 2325 3224 ista
2369 3170 2700 3225 laudabiliter
2736 3170 3017 3225 simulasse
3037 3212 3051 3234 ,
3100 3186 3164 3225 ne
3188 3186 3345 3226 scan-

1766 3260 2119 3315 dalizarentur
2145 3261 2336 3315 inﬁrmi
2368 3260 2455 3331 qui
2483 3276 2545 3314 ex
2571 3259 2768 3314 Judaris
2798 3259 2946 3313 multi
2977 3258 3345 3325 crediderant,

1767 3359 1821 3406 ct
1845 3366 1907 3417 ea
1934 3350 2228 3420 respuenda
2254 3350 2486 3403 nondum
2514 3348 2904 3418 intelligebant;
2934 3364 3073 3403 nunc
3089 3364 3215 3405 vero
3228 3365 3349 3407 eou-

1769 3440 1976 3495 ﬁrmata
2029 3457 2124 3510 per
2171 3450 2247 3494 tot
2292 3450 2478 3510 gentes
2525 3439 2763 3495 doctrina
2796 3441 2980 3510 gratia:
3006 3439 3343 3507 Christianae.

1765 3531 2072 3586 conﬁrmata
2097 3532 2256 3586 etiam
2290 3548 2383 3600 per
2404 3546 2590 3586 omnes
2614 3530 2809 3586 Christi
2829 3532 3087 3586 Ecclesias
3117 3532 3344 3590 lectione

1766 3623 1921 3695 Legis
1948 3633 2002 3679 et
2027 3624 2409 3695 Pr0phetarum
2431 3666 2446 3690 ,
2496 3640 2603 3695 quo
2629 3624 2787 3679 modo
2826 3625 2940 3680 haec
2969 3626 3306 3695 intelligenda
3328 3668 3343 3691 .

1765 3732 1871 3771 non
1908 3716 2239 3772 observanda
2284 3717 2609 3781 recitentur,
2660 3717 2900 3787 quisquis
2939 3732 3002 3773 ea
3051 3718 3347 3775 simulando

1765 3822 1922 3879 agere
1947 3808 2201 3874 voluerit,
2233 3808 2499 3861 insanire:
2532 3822 2629 3862 cur
2672 3808 2800 3861 mihi
2832 3824 2936 3862 non
2982 3808 3106 3863 licet
3130 3808 3344 3878 dicere,

1765 3900 2059 3969 apostolum
2086 3900 2303 3954 Paulum
2327 3940 2342 3964 ,
2369 3908 2425 3953 et
2465 3899 2596 3953 alios
2649 3906 2791 3953 recte
2829 3898 2950 3954 ﬁdei
2977 3899 3308 3955 Christianos
3327 3941 3342 3964 .

1768 3998 1892 4043 tunc
1922 3990 2012 4044 illa
2038 4000 2215 4044 vetera
2239 3999 2568 4045 sacramenta
2596 3991 2863 4059 paululum
2889 3990 3221 4044 observando
3255 4007 3345 4046 ve-

1764 4084 1959 4135 raciter
1998 4079 2373 4134 commendare
2434 4080 2709 4145 debuisse,
2766 4094 2832 4133 ne
2886 4088 3194 4148 putarentur
3242 4080 3346 4134 illm

1768 4170 2089 4242 prophetiae
2136 4169 2536 4239 signiﬁcationis
2576 4167 2974 4222 observationes
3020 4184 3051 4222 a
3090 4168 3346 4239 piissimis

1765 4261 2003 4333 patribus
2040 4259 2347 4323 custodiae,
2400 4268 2645 4329 tanquam
2690 4256 2967 4329 sacrilegia
3009 4257 3270 4312 diabolica
3312 4273 3342 4310 a

1764 4354 1992 4427 posteris
2041 4350 2402 4408 detestandaz?
2430 4350 2545 4405 Jam
2585 4348 2728 4404 enim
2772 4362 2893 4404 cum
2942 4348 3174 4404 venisset
3212 4347 3346 4404 ﬁdes

1763 4460 1882 4515 qua:
1928 4443 2072 4514 prius
2122 4442 2228 4496 illis
2274 4439 2731 4495 observationibus
2786 4439 3167 4509 praenuntiata,
3226 4447 3347 4509 post

1764 4544 1989 4592 mortem
2020 4542 2075 4590 et
2100 4531 2543 4589 resurrectionem
2576 4530 2784 4585 Domini
2810 4530 3039 4585 revelata
3067 4537 3179 4595 est,
3207 4531 3346 4585 ami-

1765 4638 1945 4684 serant
1982 4636 2233 4696 tanquam
2272 4624 2433 4677 vitam
2457 4622 2617 4678 oflicii
2647 4622 2748 4675 sui.
2794 4620 3169 4677 Verumtamen
3207 4622 3345 4678 sicut

1765 4718 2011 4774 deiuucta
2040 4729 2264 4785 corpora
2281 4755 2295 4776 .
2320 4713 2743 4768 necessariorum
2772 4711 2961 4766 officiis
2988 4714 3003 4743 ¹
3035 4710 3342 4767 deducenda

1764 4820 1917 4866 erant
1940 4806 2331 4880 quodammodo
2358 4805 2426 4859 ad
2447 4804 2773 4875 sepulturam
2795 4844 2811 4867 ,
2844 4818 2944 4858 nec
2963 4803 3224 4869 simulate,
3246 4804 3342 4860 sed

1765 4903 2042 4973 religiose;
2079 4915 2183 4955 non
2208 4909 2384 4954 autem
2410 4897 2705 4953 deserenda
2732 4896 2985 4951 continuo
3003 4936 3019 4959 .
3048 4896 3133 4951 vel
3164 4896 3342 4953 inimi-

1765 5009 1949 5051 corum
1971 4992 2439 5048 obtrectationibus
2458 5000 2710 5061 tauquam
2727 5002 2919 5043 canum
2942 4988 3203 5043 morsibus
3219 5004 3343 5060 pro-

1762 5088 2010 5161 iicienda.
2034 5086 2262 5143 Proinde
2281 5099 2422 5139 nunc
2443 5083 2681 5155 quisquis
2705 5081 3144 5146 Christianorum,
3164 5098 3337 5152 quam-

1766 5182 1847 5236 vis
1866 5182 1936 5235 sit
1957 5196 2018 5235 cx
2046 5177 2246 5233 Judaeis
2263 5219 2276 5242 ,
2299 5176 2545 5231 similiter
2563 5189 2627 5229 ea
2653 5172 2922 5228 celebrare
2944 5172 3199 5239 voluerit,
3230 5183 3329 5228 tan-

1769 5288 1925 5344 quam
1956 5269 2157 5340 sopitos
2184 5268 2391 5322 cineres
2420 5280 2611 5321 eruens
2629 5304 2644 5328 ,
2676 5279 2783 5318 non
2811 5263 2913 5318 erit
2958 5263 3071 5334 pius
3089 5262 3346 5318 deductor

1771 5365 1855 5421 vel
1884 5363 2091 5433 baiulus
2111 5359 2350 5429 corporis
2371 5398 2386 5424 ,
2418 5356 2510 5412 sed
2537 5356 2730 5425 impius
2776 5356 3060 5425 sepultura:
3092 5353 3338 5408 violator.

1841 5460 1929 5515 l7.
1960 5456 2149 5512 Fateor
2175 5468 2301 5509 sane
2321 5494 2336 5517 ,
2365 5451 2416 5506 in
2445 5465 2511 5506 eo
2529 5449 2667 5520 quod
2698 5448 2917 5520 epistola
2943 5446 3176 5502 continet
3198 5460 3338 5515 mea,

1772 5550 1915 5626 quod
1954 5548 2071 5604 ideo
2097 5552 2425 5602 sacramenta
2462 5541 2764 5598 Judmorum
2795 5538 2989 5595 Paulus
3024 5537 3339 5593 celebranda

1836 5698 2492 5766 ‘Deestoﬂiciisinﬁuss.
