3962 6384
634 402 973 465 susceperat.
997 410 1120 452 cum
1145 395 1255 465 jam
1294 396 1491 452 Christi
1519 405 1663 453 esset
1685 398 1955 466 apostolus
1975 440 1991 463 ,
2028 410 2083 451 ut
2106 398 2207 452 do-

632 496 778 541 ceret
807 502 913 541 non
955 504 1079 542 esse
1108 489 1401 556 perniciosa
1439 490 1522 543 his
1557 490 1644 558 qui
1672 504 1735 543 ea
1764 490 1991 555 vellent,
2020 490 2157 543 sicut
2180 504 2209 543 a

632 579 940 646 parentibus
979 595 1072 648 per
1099 580 1292 649 Legem
1318 592 1659 649 acceperant,
1692 582 1988 640 custodire.
2033 583 2210 637 minus

633 685 719 722 me
754 672 1017 740 posuisse,
1051 671 1154 725 ιιιο
1175 672 1422 725 duntaxat
1441 684 1692 740 tempore,
1719 690 1816 742 quo
1845 676 2067 745 primunt
2090 675 2215 743 [idsi

629 760 790 827 gratia
816 762 1031 813 revelata
1055 772 1127 813 est
1152 776 1172 813 :
1203 770 1326 815 tunc
1358 763 1502 815 enim
1529 762 1633 819 hoc
1672 780 1777 816 non
1804 775 1917 818 erat
1945 765 2209 833 pernicio-

628 865 769 903 sum.
799 850 1088 920 Progressa
1132 868 1261 905 vero
1287 856 1543 923 temporis
1589 856 1690 909 illa:
1716 856 2115 913 observationes
2141 857 2213 912 ab

628 940 873 994 erunibus
899 941 1211 995 Christianis
1236 942 1643 1007 desererentur;
1676 962 1774 1008 ne,
1807 947 1849 1000 si
1882 956 2004 1000 tunc
2034 946 2205 1014 fieret,

629 1047 733 1087 non
756 1032 1147 1089 discerneretur
1174 1037 1189 1066 ¹
1207 1036 1347 1106 quod
1381 1038 1523 1091 Deus
1556 1040 1748 1106 pupula
1764 1054 1863 1093 suo
1879 1055 1974 1108 per
1990 1040 2209 1111 Moysen

629 1124 907 1191 pnecepit,
926 1124 1073 1179 abeo
1100 1126 1241 1196 quod
1268 1130 1320 1180 in
1348 1128 1558 1196 templis
1578 1128 1961 1183 daemoniorum
1991 1131 2209 1199 spiritus

627 1214 931 1269 immundus
956 1215 1200 1271 instituit.
1231 1217 1459 1273 Proinde
1500 1221 1672 1287 potius
1696 1220 1955 1289 culpanda
1987 1229 2067 1275 est
2107 1236 2203 1277 ue-

623 1305 868 1375 gligentia
893 1321 1040 1372 mea,
1073 1308 1197 1376 quia
1227 1308 1327 1361 hoc
1364 1324 1470 1362 non
1491 1310 1699 1371 addidi,
1730 1326 1889 1379 quam
1911 1312 2205 1381 objurgatio

624 1405 733 1450 tua.
767 1396 1137 1452 Verumtamen
1167 1398 1323 1465 longe
1356 1408 1638 1468 antequam
1674 1402 1879 1455 litteras
1904 1411 2021 1456 tuas
2047 1417 2201 1458 acce-

624 1489 817 1555 pissem
838 1529 852 1553 ,
885 1488 1126 1541 scribens
1164 1497 1345 1542 contra
1390 1490 1647 1543 Faustum
1672 1492 2021 1545 manichteum
2065 1506 2199 1561 quo-

623 1578 782 1631 modo
802 1577 1046 1633 eumdem
1070 1578 1267 1644 locum,
1291 1580 1535 1649 quamvis
1557 1582 1786 1635 breviter
1805 1582 2199 1650 explicaverim,

620 1675 674 1720 et
704 1666 804 1721 hoc
832 1667 936 1721 illic
965 1683 1071 1721 non
1102 1670 1565 1737 praetermiserim,
1610 1681 1664 1726 et
1698 1672 1872 1740 legere
1901 1673 2124 1742 poterit,
2156 1673 2205 1728 si

621 1772 727 1811 non
762 1756 1079 1827 dedignetnr
1101 1799 1117 1824 ,
1148 1761 1454 1829 Beuignitas
1484 1770 1568 1815 tua
1587 1803 1603 1827 ,
1628 1771 1681 1815 et
1705 1777 1734 1815 a
1761 1762 2087 1819 charissimis
2107 1778 2203 1818 no-

619 1847 742 1903 stris
765 1889 781 1913 ,
812 1862 908 1915 per
934 1863 1072 1917 quos
1100 1865 1239 1903 nunc
1276 1850 1389 1903 haec
1413 1852 1605 1922 scripta
1628 1852 1780 1917 misi,
1806 1854 2071 1921 quonme
2106 1870 2200 1907 vo-

619 1939 783 1994 lueris
810 1940 901 1993 tibi
936 1940 1066 1994 ﬁdes
1094 1941 1212 2005 ﬁet,
1260 1941 1387 1995 illud
1410 1959 1494 1996 me
1521 1952 1645 1999 ante
1664 1942 1892 1999 dictasse
1922 1961 1934 1996 :
1964 1944 2201 2015 mihique

617 2030 685 2086 de
712 2032 892 2086 animo
918 2047 1038 2085 meo
1065 2032 1225 2087 crede
1245 2074 1260 2097 ,
1287 2033 1426 2103 quod
1456 2049 1635 2088 coram
1672 2035 1783 2090 Deo
1807 2036 2057 2105 loquens,
2079 2038 2200 2105 jure

615 2121 891 2177 charitatis
946 2138 1211 2191 exposco,
1274 2140 1545 2195 nunquam
1597 2126 1726 2180 mihi
1773 2128 1942 2183 visum
2003 2128 2196 2192 fuisse.

617 2214 775 2269 etiam
807 2230 949 2267 nunc
967 2212 1299 2270 Christianos
1322 2232 1387 2271 ex
1412 2216 1610 2272 Judzcis
1638 2216 1804 2272 factos
1825 2259 1837 2281 ,
1868 2228 2199 2277 sacramenta

624 2305 712 2360 illa
738 2314 914 2360 vetera
945 2306 1185 2376 quolibet
1212 2306 1402 2361 allecto
1419 2348 1432 2370 ,
1462 2308 1702 2376 quolibet
1725 2309 1903 2362 animo
1928 2309 2201 2367 celebrare

614 2396 807 2451 debere
826 2437 841 2459 ,
879 2404 970 2450 aut
994 2396 1075 2451 eis
1100 2396 1209 2451 ullo
1237 2397 1397 2452 modo
1418 2397 1607 2462 licere;
1646 2414 1767 2453 cum
1796 2400 1923 2454 illud
1942 2400 2010 2456 de
2035 2401 2205 2460 Paulo

613 2505 827 2557 semper
852 2489 923 2543 ita
954 2488 1250 2553 senserim,
1273 2506 1339 2545 ex
1356 2506 1462 2559 quo
1492 2490 1631 2545 illius
1653 2492 1780 2545 mihi
1804 2491 2018 2548 Littera:
2049 2494 2201 2550 iuno-

613 2589 830 2637 tuerunt
861 2599 874 2634 :
904 2582 1040 2636 sicut
1060 2596 1158 2635 nec
1184 2581 1279 2636 tibi
1303 2581 1541 2647 videtur,
1571 2582 1675 2639 hoc
1696 2592 1934 2654 tempore
1951 2584 2199 2654 cuiquam

612 2690 731 2729 esse
756 2674 1052 2728 simulanda
1068 2674 1187 2737 ista,
1211 2690 1332 2729 cum
1351 2676 1451 2729 hoc
1478 2676 1666 2730 fecisse
1687 2677 1968 2744 Apostolus
1986 2677 2196 2735 credas.

684 2766 770 2820 18.
803 2766 1031 2821 Proinde
1064 2768 1199 2822 sicut
1242 2776 1297 2822 tu
1322 2783 1354 2823 e
1380 2768 1648 2822 contrario
1686 2769 1951 2839 loqueris,
1992 2778 2051 2825 et
2075 2771 2200 2829 licet

612 2859 953 2920 reclamante.
973 2859 1105 2914 sicut
1135 2859 1348 2925 scribis,
1376 2861 1595 2925 mundo,
1627 2861 1791 2916 libera
1818 2876 1948 2916 voce
1963 2877 2201 2931 pronun-

610 2952 746 3017 tias,
794 2952 1113 3006 cerimonias
1155 2951 1461 3007 Judceornm
1506 2962 1559 3009 et
1610 2953 1937 3021 perniciosas
1978 2969 2099 3009 esse
2143 2962 2198 3011 ot

610 3046 913 3102 mortiferas
928 3045 1265 3110 Christianis,
1287 3056 1341 3100 et
1360 3048 1680 3116 quicumque
1706 3062 1796 3101 eas
1815 3047 2194 3116 observaverit,

611 3137 724 3191 sive
752 3152 815 3188 ex
832 3135 1058 3195 Jnd.tis.
1090 3136 1203 3189 sive
1223 3152 1287 3191 ex
1318 3136 1576 3191 Gentibus
1596 3178 1611 3201 ,
1644 3154 1763 3191 eum
1796 3139 1849 3193 in
1887 3138 2196 3193 barathrum

611 3224 807 3281 diaboli
828 3223 1171 3286 devolutum;
1212 3226 1281 3278 ita
1313 3241 1409 3294 ego
1441 3225 1575 3282 hanc
1596 3243 1778 3281 vocem
1813 3238 1955 3282 tuam
1977 3230 2195 3285 omnino

610 3318 898 3382 conﬁrmo,
931 3316 1141 3371 etaddo
1165 3334 1178 3370 :
1207 3318 1536 3387 Quicumque
1562 3334 1653 3372 eas
1674 3320 2055 3386 observaverit,
2084 3322 2195 3378 sive

611 3425 676 3464 ex
703 3408 934 3474 Jndzeis,
966 3409 1079 3462 sive
1107 3424 1170 3462 ex
1210 3408 1495 3473 Gentibus,
1549 3425 1651 3463 non
1688 3411 1860 3463 solum
1904 3413 2190 3481 veraciter,

610 3516 795 3554 verum
840 3501 1003 3554 etiam
1047 3498 1320 3563 simulate,
1372 3516 1493 3553 eum
1537 3498 1588 3553 in
1643 3500 1952 3555 barathrum
1998 3502 2192 3558 diaboli

608 3591 937 3644 devolutum.
964 3590 1102 3657 Quid
1132 3590 1326 3660 qnzeris
1351 3591 1611 3659 amplius?
1642 3591 1747 3645 Sed
1780 3592 1917 3645 sicut
1941 3602 1994 3646 tu
2025 3595 2189 3651 simu-

609 3682 861 3734 lationem
901 3680 1276 3748 Apostolorum
1308 3681 1374 3733 ab
1400 3680 1556 3748 hujus
1584 3682 1837 3749 temporis
1867 3683 2070 3737 ratione
2099 3700 2189 3740 se-

609 3771 811 3825 cernis:
834 3772 903 3824 ita
920 3786 1018 3840 ego
1042 3770 1187 3823 Pauli
1209 3769 1431 3838 apostoli
1454 3786 1693 3824 ventcem
1713 3782 1837 3825 tunc
1852 3772 1901 3825 in
1928 3773 2007 3826 his
2021 3774 2192 3828 omni-

608 3862 709 3916 bus
736 3862 1196 3914 conversationem
1234 3859 1301 3913 ab
1333 3859 1490 3928 hujus
1522 3862 1772 3930 temporis
1793 3904 1807 3927 ,
1834 3864 2074 3929 quamvis
2094 3865 2191 3918 mi-

609 3953 750 4007 nime
770 3952 1033 4010 simulata,
1052 3951 1461 4005 cerimoniarum
1478 3950 1810 4006 Judaimrutn
1825 3954 2189 4011 observatione

606 4059 860 4107 secerno;
908 4043 1155 4111 quoniam
1196 4051 1320 4097 tunc
1351 4041 1447 4096 fuit
1476 4044 1838 4112 approbanda,
1866 4061 2005 4099 nunc
2039 4045 2189 4102 dcte-

606 4136 812 4191 standa.
850 4137 920 4189 ιω
942 4136 1183 4205 quamvis
1211 4137 1512 4206 legerimus,
1542 4135 1648 4189 Lex
1671 4147 1717 4190 et
1746 4136 2012 4207 PrOphetar
2038 4156 2190 4209 usque

1795 285 1853 341 s.
1893 282 2257 343 AUGUSTINI
2292 282 2599 341 EPISCOPI
3736 301 3817 368 η

2319 397 2486 451 bitror
2504 411 2625 450 eum
2654 394 2851 450 dixisse
2879 393 3135 449 failaciter
3161 394 3407 466 lepaoso,
3431 408 3575 471 φη..
3592 384 3713 466 ω
3731 430 3812 475 ι..

2318 485 2405 540 illa
2434 502 2528 555 per
2551 486 2767 557 Moysen
2795 494 3054 555 praecepta
3079 486 3393 553 observatio,
3420 491 3506 547 sed
3528 493 3627 563 ipse
3644 504 3809 560 nanda.

2320 587 2466 631 verat
2495 596 2509 632 :
2547 576 2752 631 Vadcct
2777 576 2905 644 o/I'cr
2945 593 3035 646 pro
3066 587 3113 631 ts
3140 580 3431 647 sacriﬁcium
3460 588 3582 653 ῃοά
3626 600 3809 665 μωρῷ

2317 667 2519 739 Moyses
2556 669 2610 722 in
2647 668 2985 722 testimonium
3008 669 3110 722 illis
3138 666 3322 740 (lore.
3354 687 3403 736 ι.
3429 674 3531 742 ιι).
3576 678 3670 736 Nec
3699 682 3811 741 iulia-

2314 761 2445 816 citer
2472 760 2710 815 ascendit
2732 760 2799 814 ad
2824 760 2967 815 diem
2998 761 3186 815 festum
3208 801 3220 823 ,
3249 777 3407 831 usque
3432 766 3553 822 adeo
3577 786 3669 826 non
3691 790 3808 833 catus

2313 852 2687 907 ostentationis
2730 866 2911 908 coram
2959 850 3286 913 hominibus,
3344 863 3399 906 ut
3456 871 3553 911 non
3598 862 3809 923 evidenter

2313 941 2637 1007 ascenderit,
2686 940 2779 996 sed
2810 941 3033 995 latenter
3061 940 3236 1012 (Joan.
3267 957 3357 1006 vn,
3391 943 3498 1013 l0).

2385 1032 2472 1085 t9.
2496 1034 2565 1086 At
2589 1032 2730 1086 enim
2752 1030 2881 1086 dixit
2908 1030 3047 1087 idem
3069 1032 3341 1102 aposmlus
3371 1050 3384 1085 :
3420 1033 3539 1091 Ecce
3560 1054 3641 1108 ego
3667 1039 3808 1099 Padus

2311 1122 2423 1175 dico
2440 1121 2575 1176 vobis
2588 1122 2711 1191 quia
2722 1124 2762 1179 si
2779 1122 3224 1187 circumcidantini,
3243 1121 3466 1179 Christus
3480 1128 3602 1183 vobis
3616 1131 3721 1185 nihil
3734 1152 3813 1199 pro-

2310 1211 2436 1265 derit
2460 1210 2600 1284 (Gal.
2624 1211 2779 1283 νβ).
2814 1212 3025 1281 Decepit
3053 1227 3177 1283 ergo
3205 1212 3556 1281 Timotheum.
3584 1230 3632 1273 et
3668 1220 3812 1283 iecitel

2310 1303 2438 1357 nihil
2466 1304 2719 1374 prodesse
2737 1304 3023 1359 Christum.
3054 1306 3133 1358 An
3154 1306 3274 1374 quia
3297 1304 3394 1359 hoc
3418 1306 3648 1365 tenaciter
3668 1312 3813 1369 [actim

2308 1403 2410 1459 est,
2432 1395 2551 1449 ideo
2576 1411 2680 1449 non
2700 1394 2903 1449 obfuit?
2919 1396 2989 1450 At
3005 1395 3120 1463 ipse
3135 1396 3235 1451 hoc
3255 1412 3356 1451 non
3381 1399 3564 1465 posuit,
3586 1416 3673 1457 nec
3688 1403 3760 1465 ait.
3774 1405 3813 1461 Si

2307 1485 2759 1541 circumcidarnini
2775 1488 3053 1553 veraciter,
3077 1488 3216 1542 sicut
3236 1503 3335 1541 nec
3359 1488 3615 1557 fallaciter;
3633 1493 3710 1547 sed
3731 1494 3814 1550 sint

2308 1579 2413 1633 ulla
2456 1580 2768 1649 exceptione
2809 1579 2940 1634 dixit
2986 1598 3000 1633 ε
3045 1578 3108 1633 Si
3155 1580 3600 1647 circumcidamiui,
3641 1581 3816 1639 Christus

2307 1670 2442 1723 vobis
2476 1668 2605 1723 nihil
2629 1668 2873 1740 proderit.
2904 1668 3054 1724 Sicut
3095 1685 3223 1740 ergo
3260 1680 3317 1726 tu
3345 1672 3424 1726 vis
3452 1671 3531 1727 hic
3556 1673 3701 1727 locum
3721 1673 3815 1731 dare

2306 1762 2583 1816 sententia:
2618 1769 2757 1827 tuae,
2802 1770 2863 1816 ut
2890 1762 3024 1816 velis
3065 1761 3416 1832 subintelligi,
3450 1763 3542 1818 uisi
3588 1763 3813 1830 fallaciter;

2308 1854 2377 1906 ita
2418 1868 2524 1907 non
2565 1851 2929 1921 imprudenter
2957 1851 3138 1921 ﬂagito
3160 1861 3219 1907 ut
3245 1854 3408 1908 etiam
3434 1868 3525 1910 nos
3550 1854 3644 1912 illic
3666 1854 3813 1915 inteli-

2304 1959 2428 2013 gerc
2454 1944 2596 1997 sinas
2621 1943 2701 1999 eis
2727 1942 2949 2008 dictum,
2969 1943 3031 1998 Si
3050 1944 3502 2009 circumcidamini,
3530 1946 3609 2015 qui
3634 1956 3817 2016 propter.

2305 2050 2367 2089 ea
2414 2033 2661 2089 volebant
2698 2034 3042 2099 circumcidi,
3088 2034 3230 2104 quod
3258 2035 3413 2090 aliter
3454 2051 3510 2091 se
3536 2036 3747 2107 putaluat
3776 2036 3815 2091 in

2303 2123 2518 2178 Christo
2530 2124 2705 2178 salvos
2724 2139 2844 2179 esse
2859 2140 2963 2179 non
2984 2139 3159 2194 posse.
3186 2125 3300 2180 Hoc
3314 2140 3443 2195 ergo
3457 2128 3640 2190 animo,
3658 2126 3733 2181 lue
3747 2141 3819 2179 vo-

2306 2218 2526 2282 luntate,
2551 2218 2649 2272 ista
2670 2218 2965 2272 intentione
2983 2218 3219 2287 quisquis
3237 2227 3364 2274 tunc
3381 2218 3815 2285 circumcidebatur,

2302 2306 2543 2366 Christus
2568 2309 2620 2363 ei
2652 2309 2779 2363 nihil
2801 2308 3020 2363 outniao
3047 2309 3299 2378 proderat
3328 2328 3342 2364 :
3368 2309 3511 2366 Sicut
3538 2309 3647 2365 alibi
3679 2317 3817 2377 aperte

2302 2398 2461 2465 dicit,
2506 2398 2642 2453 Nam
2670 2400 2715 2453 si
2741 2417 2830 2469 per
2856 2399 3041 2470 Legem
3060 2401 3264 2469 justilia
3285 2443 3302 2467 ,
3328 2418 3445 2471 ergo
3479 2402 3678 2456 Christus
3702 2401 3817 2469 gratis

2304 2499 2531 2544 mortuus
2556 2500 2627 2544 est
2648 2489 2787 2561 (Cal.
2822 2508 2878 2551 ιι.
2914 2490 3027 2559 Ἥ),
3073 2490 3184 2545 Hoc
3236 2491 3475 2547 declarat
3511 2500 3562 2545 et
3592 2490 3709 2559 quod
3739 2490 3817 2559 ipse

2302 2583 2727 2639 commemorasti
2746 2600 2759 2636 :
2780 2581 3029 2636 Evacuati
3037 2582 3154 2636 estis
3172 2600 3203 2635 a
3219 2581 3421 2638 Christo
3437 2582 3517 2651 qui
3532 2582 3581 2635 in
3598 2579 3818 2650 [χρῇκαὶ

2302 2673 2564 2742 licemini;
2586 2690 2617 2727 α
2637 2674 2801 2744 gratia
2830 2673 3107 2727 excidistis.
3132 2670 3260 2727 Illos
3293 2672 3469 2739 itaque
3492 2672 3645 2741 arguit
3662 2712 3676 2734 ,
3697 2668 3818 2738 quise

2296 2762 2574 2833 justilicari
2610 2765 2661 2817 in
2690 2764 2830 2833 Lege
2850 2762 3177 2825 credebant,
3208 2778 3317 2817 non
3354 2762 3443 2831 qui
3469 2762 3673 2831 legitima
3699 2758 3818 2814 illain

2304 2855 2419 2923 ejus
2451 2854 2739 2919 honorem,
2788 2869 2819 2907 a
2862 2867 2973 2924 quo
3018 2850 3265 2907 mandata
3305 2860 3460 2917 sunt,
3506 2847 3816 2909 observabant.

2302 2947 2654 3017 iutelligentes
2690 2954 2747 3001 et
2781 2961 2887 3017 qua
2933 2944 3354 3014 prmnuntiandte
3408 2942 3633 2999 veritatis
3668 2939 3821 2994 ratione

2300 3039 2547 3094 mandata
2576 3040 2709 3103 sint,
2739 3047 2795 3094 et
2822 3051 3101 3109 quousque
3138 3035 3374 3091 debeant
3398 3035 3682 3105 perdurare.
3707 3028 3818 3088 Unde

2298 3142 2377 3188 est
2403 3133 2529 3190 illud
2558 3131 2695 3202 quod
2717 3132 2824 3198 ait,
2858 3129 2923 3188 Si
2939 3130 3119 3199 spiritu
3140 3129 3388 3183 (iacintini
3407 3170 3423 3196 ,
3450 3145 3544 3182 non
3571 3125 3715 3179 adhuc
3735 3120 3818 3176 estis

2298 3229 2388 3282 sub
2409 3226 2542 3298 Lege
2559 3225 2667 3298 (Id.
2688 3240 2744 3288 v,
2766 3227 2820 3292 1,
2844 3225 2939 3297 18)
2960 3240 2972 3276 :
2998 3222 3137 3278 unde
3154 3264 3169 3289 ,
3198 3224 3346 3279 velut
3369 3222 3598 3293 colligis,
3620 3213 3818 3288 apparet‘

2296 3319 2384 3388 qui
2430 3318 2529 3372 sub
2560 3319 2696 3387 Lege
2730 3326 2811 3373 est
2848 3332 2952 3372 non
2995 3314 3358 3383 dispensative
3395 3322 3452 3368 ut
3490 3321 3680 3367 nostros
3713 3314 3821 3377 putts
3920 3368 3921 3388 ἰ

2299 3410 2527 3463 voluisse
2553 3414 2798 3478 majores,
2823 3409 2917 3464 sed
2935 3420 3084 3467 vere.
3106 3414 3164 3458 ut
3176 3420 3279 3476 ego
3306 3404 3681 3473 intellige,eum
3697 3394 3819 3467 Spiri-

2297 3510 2407 3554 tum
2436 3510 2673 3554 sauctum
2707 3515 2812 3555 non
2834 3500 3056 3556 habere.

2364 3591 2452 3646 ΞΟ.
2486 3592 2665 3661 Magna
2707 3593 2835 3646 mihi
2867 3592 3073 3649 videtur
3104 3591 3340 3663 qumstio
3361 3631 3377 3655 ,
3404 3587 3525 3659 quid
3552 3586 3615 3640 sit
3639 3575 3822 3639 essesub

2294 3682 2433 3751 Lege
2454 3682 2548 3744 sic,
2569 3682 3011 3752 quemadmodum
3031 3681 3326 3753 Apostolus
3344 3681 3537 3748 culpat.
3554 3676 3707 3743 Neque
3720 3668 3820 3725 enim
3918 3698 3919 3753 ᾗ

2294 3772 2396 3827 hoc
2421 3788 2541 3827 eum
2575 3782 2787 3842 propter
2815 3775 3274 3829 circumcisiouem
3309 3770 3537 3828 arbitror
3554 3766 3731 3821 dicere.
3756 3761 3821 3809 aut

2294 3864 2377 3917 illa
2419 3863 2674 3917 sacriﬁcia
2702 3880 2818 3933 qua:
2847 3874 2970 3919 tune
2995 3864 3129 3919 facta
3158 3882 3185 3917 a
3213 3867 3483 3935 patrihus,
3506 3872 3638 3914 nunc
3658 3870 3682 3906 a
3706 3846 3821 3905 Chri-

2293 3954 2478 4008 stianis
2500 3968 2601 4007 non
2633 3953 2780 4017 ﬁunt,
2812 3964 2864 4007 et
2890 3964 3080 4008 caetera
3102 3956 3403 4023 hnjusmodi
3436 3975 3449 4011 :
3476 3955 3569 4010 sed
3583 3956 3669 4007 hoc
3688 3950 3817 4017 ipsum

2294 4048 2452 4101 etiam
2471 4045 2607 4113 quod
2632 4045 2741 4099 Lex
2765 4045 2924 4111 dicit,
2951 4044 3070 4099 Non
3085 4049 3409 4117 concupisces
3439 4044 3623 4115 (Exod.
3652 4056 3730 4102 xx.
3758 4037 3818 4093 lii

2292 4148 2338 4190 et
2358 4136 2505 4190 Deut.
2526 4152 2590 4203 ν,
2628 4136 2751 4207 21),
2771 4137 2910 4205 quod
2933 4139 3157 4192 fatemur
3175 4149 3322 4194 certe
3342 4139 3655 4194 Christianos
3671 4130 3816 4185 debere

2293 4231 2595 4297 observare,
2628 4240 2786 4299 atque
2802 4230 3101 4297 evangelica
3122 4233 3352 4286 maxime
3380 4228 3704 4285 illustratimte
3722 4234 3819 4291 ιπε-

2293 4320 2477 4384 dicari,
2507 4321 2697 4389 Legem
2726 4320 2852 4373 dicit
2881 4334 3000 4372 esse
3029 4329 3301 4386 sanctam,
3334 4331 3388 4375 et
3428 4318 3706 4374 mandatum
3730 4324 3818 4363 sau-

2292 4422 2455 4476 ctum,
2475 4421 2527 4465 et
2542 4412 2739 4480 justum
2756 4420 2811 4465 et
2832 4411 3048 4474 bonum;
3066 4410 3262 4467 deinde
3282 4412 3577 4480 subjungit:
3598 4404 3819 4473 {)1de

558 4232 673 4313 Iud
700 4230 949 4281 Joannem
977 4227 1256 4296 Baptista":
1276 4228 1422 4294 (Luc.
1448 4244 1557 4288 svt,
1586 4230 1691 4297 lli);
1710 4238 1763 4283 et
1785 4231 1904 4298 quia
1927 4242 2188 4299 propterea

538 4366 541 4367 ,
570 4317 890 4389 iquwwbant
914 4317 1082 4369 Judwi
1120 4318 1372 4371 Christum
1404 4320 1709 4384 inter/icere,
1739 4322 1858 4389 quia
1895 4338 1993 4375 non
2026 4323 2193 4376 solum

605 4414 823 4468 solvebat
846 4414 1135 4474 sabbatum,
1168 4414 1255 4467 sed
1278 4422 1328 4467 et
1370 4412 1573 4466 Patrem
1602 4430 1751 4467 suum
1778 4416 1971 4469 dicebat
2000 4418 2188 4485 Deum,

565 4501 581 4529 ⁵
606 4504 849 4567 aqualem
871 4520 924 4557 se
947 4503 1136 4571 faciens
1170 4501 1275 4555 Deo
1304 4502 1479 4571 (Joan.
1510 4519 1564 4566 ν,
1596 4504 1708 4571 18);
1736 4514 1790 4558 et
1822 4507 1944 4573 quia
1974 4508 2191 4576 gratiam

608 4612 701 4666 pro
720 4596 885 4665 gratia
908 4594 1189 4660 accepimus
1207 4610 1223 4657 ;
1243 4605 1295 4650 et
1319 4594 1559 4663 quoniam
1582 4594 1690 4649 Le:
1722 4612 1810 4665 per
1835 4595 2045 4666 logsen
2071 4598 2193 4653 dato

607 4694 709 4747 est,
747 4684 924 4739 Gratia
969 4692 1137 4736 autem
1163 4693 1207 4737 rt
1236 4685 1417 4737 vetitas
1445 4700 1534 4753 per
1558 4683 1734 4737 losum
1763 4684 2016 4739 Christum
2056 4687 2192 4754 facta

607 4786 681 4831 est
713 4775 820 4846 (Id.
849 4792 886 4841 ι,
918 4775 1005 4838 16,
1038 4776 1147 4838 17);
1177 4786 1231 4830 et
1260 4790 1356 4845 per
1387 4776 1677 4830 Jeremiam
1711 4778 2031 4847 promissum
2075 4789 2187 4846 est,

608 4870 850 4923 daturum
881 4870 1047 4923 Deum
1069 4869 1465 4923 Testamentum
1486 4884 1679 4924 novum
1700 4871 1878 4925 domui
1895 4871 2051 4937 Juda,
2083 4889 2188 4928 non

606 4959 897 5013 secundum
940 4961 1336 5015 Testamentum
1360 4961 1501 5032 quod
1530 4962 1789 5030 disposuit
1824 4966 2062 5033 patribus
2090 4982 2187 5020 eo-

609 5062 724 5101 rum
747 5047 877 5118 (λεν.
927 5064 1081 5113 xxxi,
1105 5051 1194 5120 51)
1222 5070 1236 5105 :
1295 5068 1403 5107 non
1439 5061 1617 5108 tamen
1640 5054 1869 5109 arbitror
1888 5055 2057 5124 ipsum
2084 5057 2186 5111 Do-

610 5142 813 5196 minum
857 5141 1161 5196 fallacitera
1204 5145 1509 5212 parentibus
1551 5146 1944 5201 circumcisum.
1989 5147 2093 5202 Ant
2142 5149 2186 5203 si

608 5234 713 5287 hoc
734 5241 952 5302 propter
970 5244 1179 5286 mtatem
1213 5236 1431 5292 minime
1455 5237 1804 5305 prohibebat;
1833 5252 1930 5291 nec
1950 5238 2078 5293 illud
2105 5255 2189 5293 ar-

673 5434 690 5466 ι
705 5433 842 5501 Edd.,_
854 5446 1109 5501 progressu
1130 5446 1241 5501 vero
1261 5435 1485 5501 temporis
1496 5442 1609 5501 erat
1632 5435 1962 5501 perniciosum,
1977 5435 2074 5486 nisi
2090 5434 2189 5501 illa;

611 5494 961 5548 observetibnes
990 5494 1047 5545 ab
1083 5496 1294 5547 onmibus
1329 5494 1609 5548 (’hristicmis
1632 5494 2003 5555 desererentur;
2047 5511 2104 5548 ne
2148 5497 2191 5548 si

614 5565 726 5607 tunc
761 5555 946 5620 ﬁerent,
996 5571 1089 5606 non
1134 5559 1537 5618 disceum-cnim,
1570 5568 1661 5609 etc.
1690 5567 1742 5608 Αι
1898 5560 2061 5619 viginti
2108 5572 2187 5607 ca-

623 5618 855 5683 rent_'ltis
899 5620 1087 5683 verbis,
1134 5627 1237 5683 erat
1282 5620 1623 5683 pernicie-tim,
1652 5620 1759 5683 uti.
1786 5618 2187 5680 Dciudcltauent,

618 5692 676 5729 rte
700 5677 742 5728 si
785 5685 896 5728 tunc
917 5678 1104 5741 ﬁerent,
1133 5680 1178 5729 id
1225 5677 1299 5731 est
1322 5696 1385 5729 ne
1408 5685 1447 5731 si
1475 5677 1625 5743 mmo
1647 5682 1727 5731 illo
1752 5691 1969 5743 tempore
1991 5677 2190 5731 desere-

2292 4502 2476 4556 bonum
2497 4512 2587 4565 est,
2618 4502 2740 4554 mihi
2763 4505 2952 4571 factum
2972 4511 3044 4555 cst
3066 4519 3199 4555 mors
3216 4503 3239 4555 .9
3255 4503 3396 4559 Absit
3416 4501 3534 4564 ,‘sed
3550 4504 3768 4569 peccatum
3783 4493 3817 4538 ια

2292 4603 2534 4664 appareat
2552 4602 2829 4662 peccatum,
2849 4608 2937 4662 per
2952 4592 3135 4645 bonum
3152 4592 3275 4646 mihi
3291 4598 3626 4660 aperuimus!
3641 4591 3817 4639 ιιοτιεηιν

2294 4696 2346 4739 ut
2362 4687 2453 4753 ﬁat
2475 4700 2628 4755 supra
2656 4683 2859 4736 modum
2878 4692 3106 4753 peccator
3125 4693 3210 4734 aut
3234 4693 3495 4751 peccatum
3509 4722 3522 4742 ,
3554 4694 3635 4749 per
3657 4668 3818 4728 land“

2294 4785 2398 4829 tum
2413 4772 2585 4847 (Rom.
2608 4789 2699 4838 vn,
2722 4772 2807 4839 1%,
2831 4772 2937 4843 l5).
2957 4772 3107 4838 Quod
3124 4783 3304 4827 autem
3324 4772 3413 4827 llic
3431 4771 3572 4831 dicit,
3593 4767 3818 4847 Peccantis
3912 4774 3913 4793 ι

2293 4880 2388 4936 per
2399 4844 2703 4918 mandatum
2721 4864 2833 4917 fieri
2854 4876 3012 4930 supra
3030 4860 3265 4926 modum,
3282 4864 3381 4915 hoc
3397 4860 3521 4916 alibi
3536 4858 3624 4922 ait,
3640 4852 3728 4908 Ls:

2293 4956 2491 5010 intravit
2513 4965 2565 5009 ut
2584 4956 2859 5008 abundaret
2877 4953 3131 5007 delictum.
3158 4952 3257 5008 Ubi
3270 4963 3436 5007 autem
3457 4944 3706 5006 abundavit
3724 4937 3817 4993 deli-

2292 5056 2443 5113 ctum,
2467 5045 2887 5117 superabundavit
2905 5053 2951 5096 et
2965 5046 3127 5113 gratia
3150 5043 3259 5116 (Id.
3289 5060 3343 5106 ν,
3360 5043 3476 5115 ΞΟ).
3497 5040 3565 5096 Et
3581 5034 3710 5095 alibi,
3728 5038 3815 5083 cum

2292 5138 2535 5208 superius
2554 5138 2622 5191 de
2640 5136 3030 5205 dispensatione
3052 5137 3235 5205 gratiae
3259 5134 3580 5202 loqueretur,
3596 5121 3718 5199 quod
3733 5120 3816 5188 ipse

2287 5231 2560 5301 justillcet,
2590 5229 2737 5282 velut
2762 5232 3093 5295 interrogans
3110 5226 3219 5291 ait,
3244 5224 3381 5289 Quid
3402 5239 3520 5293 ergo
3542 5218 3677 5273 La?
3696 5219 3815 5306 alii“?

2293 5324 2416 5378 huic
2438 5321 2835 5389 interrogationi
2850 5320 3102 5374 continuo
3124 5316 3416 5387 respondit,
3437 5304 3817 5370 Prmicationis

2292 5416 2457 5487 gratia
2500 5418 2664 5482 posita
2691 5421 2793 5478 est,
2826 5412 2981 5464 donec
3019 5410 3204 5465 veniret
3246 5425 3410 5463 semen
3457 5405 3537 5460 cui
3573 5398 3816 5487 promisisti!

2292 5482 2362 5563 est
2390 5506 2529 5577 (Gal.
2556 5523 2631 5571 ιιι,
2668 5506 2777 5574 19).
2810 5506 2917 5559 llos
2938 5519 3063 5574 ergo
3084 5501 3453 5559 damuabiliter
3477 5498 3598 5553 dicit
3623 5504 3723 5547 csse
3747 5482 3817 5539 sub

2291 5603 2448 5672 Lege,
2473 5618 2604 5671 quos
2624 5614 2746 5654 reos
2764 5600 2888 5653 facit
2916 5600 3043 5665 Lex,
3070 5613 3174 5653 nou
3205 5595 3491 5667 implentes
3511 5592 3715 5657 legem.
3730 5579 3822 5634 diu“

2362 5740 2377 5769 ³
2399 5737 2533 5796 Edd.,
2555 5748 2805 5801 apparere.
2830 5735 2919 5785 Sed
2942 5735 3229 5787 concinnius'
3252 5735 3366 5787 duo
3385 5731 3549 5790 νείκη
3570 5721 3760 5791 91""
