3962 6386
166 344 259 401 n5
1307 335 1779 392 EPIS'lOLAltUM
1821 336 2094 399 CLASSIS
2131 344 2193 399 ll.

167 474 254 511 non
267 451 582 521 intelligendo
596 450 777 520 gratim
794 448 1103 504 beneﬁcium
1120 447 1183 501 ad
1204 446 1441 501 facienda
1462 448 1551 501 Dei
1574 462 1701 516 pra:-

163 557 313 608 eeita,
326 545 459 611 quasi
472 542 536 595 de
548 543 655 594 suis
668 541 865 593 viribus
878 541 1100 608 superba
1114 540 1341 594 elatione
1357 549 1696 608 przesumunt.

169 634 403 688 t’trm'tudo
419 634 554 687 enim
579 630 729 700 Legis
748 632 966 683 charitas
992 628 1162 698 (Rom.
1201 646 1315 695 xm,
1341 629 1445 701 l0).
1470 631 1699 686 Charitas

166 745 267 778 \‘rl'u
287 726 364 779 Dei
376 723 553 791 ditium
564 734 637 777 est
659 724 709 776 in
722 722 951 777 cordibus
969 724 1170 789 nostris,
1195 739 1296 779 n0n
1314 741 1405 791 per
1422 740 1515 777 nos
1530 724 1691 793 ipsos,

160 817 236 869 sed
257 833 332 881 per
347 815 586 882 Spiritum
612 822 839 866 sanctum
863 815 946 883 qui
966 814 1112 867 datus
1142 823 1212 868 est
1241 815 1382 867 nobis
1398 814 1508 880 (Id.
1530 829 1582 873 v.
1612 814 1690 886 5).

157 907 241 960 Sed
256 905 358 958 huic
372 904 441 957 rei
454 912 703 973 quantum
725 904 852 957 satis
867 913 947 957 cst
963 903 1306 971 cxplicaudm,
1329 904 1582 972 prolixior
1598 904 1696 960 for-

160 1008 275 1049 lasso
301 1004 345 1049 et
368 994 441 1048 sui
474 992 669 1063 praprii
698 993 976 1048 voluminis
1006 1009 1183 1047 sermo
1219 993 1461 1048 debetur.
1486 994 1539 1050 Si
1565 1010 1693 1065 ergo

158 1087 259 1141 il’ud
280 1086 401 1157 mind
428 1086 530 1140 Lex
553 1087 647 1152 ait,
674 1083 792 1139 Non
815 1087 1132 1155 concupisces
1156 1084 1265 1155 (Id.
1294 1085 1563 1157 xnt,9),si
1588 1089 1689 1141 hu-

157 1194 283 1232 mana
309 1175 567 1232 inﬁrmitas
604 1176 769 1246 gratia
797 1176 887 1230 Dei
929 1176 1104 1245 adjuta
1142 1191 1246 1230 non
1289 1178 1473 1242 fuerit,
1506 1177 1603 1231 sub
1632 1192 1691 1233 se

156 1285 279 1324 reum
302 1277 449 1330 tenet,
484 1276 534 1321 et
561 1268 1023 1338 pr-mvaricatorem
1059 1268 1232 1335 potius
1265 1267 1499 1332 damnat,
1530 1283 1686 1335 quam

154 1359 315 1415 liberat
333 1367 646 1427 peccatorem
664 1376 679 1424 ;
694 1368 889 1428 quanto
904 1360 1066 1428 magis
1085 1358 1189 1421 illa,
1211 1374 1326 1424 qmc
1347 1358 1684 1425 signiﬁcatio-

153 1451 226 1505 nis
250 1465 383 1503 causa
409 1459 671 1519 prmcepta
694 1459 835 1516 sunt,
864 1449 1217 1510 circumcisio,
1246 1457 1300 1503 et
1321 1458 1534 1515 caetera,
1565 1465 1683 1518 qua}

153 1543 429 1597 revelatione
453 1542 639 1612 gratia:
679 1542 832 1596 latius
861 1543 1221 1597 innotescente
1258 1558 1476 1596 necesse
1515 1541 1686 1598 fuerat

148 1634 336 1695 aboleri,
347 1634 628 1703 justilirare
650 1634 913 1687 neminem
936 1634 1215 1704 poterant?
1236 1635 1348 1689 Non
1371 1644 1543 1688 tamen
1564 1636 1683 1691 ideo

149 1724 321 1780 fuerant
342 1732 581 1793 tanquam
621 1723 878 1777 diabolica
907 1724 1152 1779 Gentium
1178 1725 1447 1795 sacrilegia
1478 1725 1683 1796 fugien-

148 1817 220 1881 da,
247 1816 382 1870 etiam
410 1830 527 1868 cum
546 1814 656 1883 ipsa
681 1815 842 1886 gratia
871 1816 979 1883 jam
1011 1826 1244 1885 cmperat
1272 1817 1493 1871 revelari
1516 1858 1531 1877 ,
1561 1833 1681 1887 qua:

147 1906 313 1959 umbris
352 1905 537 1958 talibus
582 1905 755 1959 fuerat
802 1906 1179 1975 prmnuntiata;
1208 1905 1299 1959 sed
1332 1906 1679 1975 permittenda

148 1997 408 2062 paululum,
448 1995 526 2049 eis
568 1996 803 2049 maxime
843 1996 929 2066 qui
960 2012 1025 2050 ex
1064 1996 1151 2049 illo
1184 1997 1408 2067 populo,
1438 1998 1521 2050 cui
1558 1997 1678 2052 data

141 2094 263 2150 sunt,
304 2094 563 2139 venerant.
607 2084 797 2139 Postea
844 2101 971 2140 vero
1014 2095 1261 2155 tanquam
1308 2102 1428 2140 cum
1479 2086 1678 2143 honore

140 2179 307 2246 sepulta
344 2185 495 2244 sunt,
552 2192 581 2229 a
608 2176 921 2233 Christianis
962 2178 1207 2232 omnibus
1257 2178 1677 2248 irreparahiliter

136 2268 404 2323 deserenda.

191 2358 266 2413 2|.
303 2359 405 2414 lloc
442 2366 651 2424 autem,
682 2358 821 2429 quod
852 2359 985 2414 dicis
1005 2402 1018 2425 ,
1071 2359 1190 2415 Non
1230 2363 1589 2433 dispensative,
1620 2375 1676 2418 ut

137 2449 268 2502 nostri
291 2450 471 2502 volucre
505 2450 759 2519 majores;
801 2450 921 2518 quid
970 2450 1070 2504 sibi
1110 2451 1253 2517 vult,
1298 2467 1392 2504 oro
1440 2454 1527 2507 te?
1573 2455 1675 2507 Aut

132 2542 255 2594 enim
279 2540 362 2593 hoc
397 2549 509 2605 est,
547 2541 689 2609 quod
728 2557 826 2611 ego
869 2542 1080 2611 appello
1123 2543 1417 2598 ofﬁciosum
1459 2546 1673 2600 menda-

130 2630 277 2697 cium,
305 2640 352 2684 ut
390 2632 498 2685 lucc
538 2631 866 2702 diSpcnsatio
896 2632 963 2687 sit
1006 2632 1240 2687 ofﬁcium
1274 2636 1413 2689 velut
1453 2637 1673 2693 honeste

128 2722 387 2776 mentiendi
416 2740 427 2774 :
458 2733 547 2777 aut
580 2723 704 2793 quid
731 2723 873 2778 aliud
918 2725 1017 2786 sit,
1068 2726 1287 2781 omnino
1328 2744 1433 2782 non
1482 2730 1666 2795 video,

128 2812 218 2865 nisi
243 2811 389 2877 forte,
422 2814 595 2867 addito
624 2814 839 2869 nomine
873 2814 1317 2884 dispensationis,
1353 2818 1411 2872 ﬁt
1440 2828 1496 2873 ut
1523 2836 1671 2875 men-

122 2903 308 2959 dacium
346 2922 441 2959 non
472 2907 541 2959 sit
579 2906 945 2972 mendacium;
977 2907 1117 2977 quod
1159 2907 1201 2961 si
1244 2908 1529 2964 absurdum
1556 2921 1665 2979 est,

122 3011 203 3051 cur
222 3014 336 3069 ergo
362 3016 463 3053 nou
492 3008 676 3069 aperte
702 2999 835 3054 dicis
856 3040 872 3065 ,
902 3001 1194 3055 ofliciosum
1218 3002 1547 3057 mendacium
1576 3004 1670 3059 de-

121 3088 445 3145 fendendum?
471 3092 570 3146 nisi
596 3090 732 3145 forte
756 3106 945 3146 nomen
973 3100 1025 3146 te
1051 3100 1256 3159 movet,
1278 3094 1399 3164 quia
1429 3110 1532 3148 non
1564 3105 1668 3150 tam

120 3180 337 3236 usitatum
363 3192 443 3238 est
466 3184 517 3236 in
548 3183 925 3237 ecclesiasticis
959 3183 1107 3238 libris
1132 3185 1445 3239 vocabulum
1471 3186 1664 3254 ofﬁcii,

118 3272 235 3339 quod
252 3274 552 3327 Ambrosius
582 3286 763 3329 noster
790 3290 895 3328 non
925 3275 1119 3341 timuit,
1142 3275 1232 3345 qui
1258 3290 1384 3330 suos
1410 3276 1663 3347 quosdam

118 3362 254 3418 libros
278 3366 476 3420 utilium
508 3367 922 3435 prmceptionum
945 3366 1156 3436 plenos,
1184 3365 1250 3420 de
1272 3364 1474 3423 Ofﬁciis
1498 3369 1666 3423 voluit

117 3455 368 3523 appellare.
399 3457 481 3511 An
510 3457 554 3509 si
582 3456 815 3511 ofﬁciose
844 3458 1129 3511 mentiatur
1151 3458 1404 3528 quisque,
1446 3460 1666 3530 culpan-

116 3543 197 3598 dus
219 3555 319 3613 est;
349 3548 392 3601 si
413 3547 791 3616 diSpensative,
813 3549 1223 3617 approbandus?
1250 3550 1400 3620 Rogo
1422 3561 1491 3617 te,
1524 3571 1665 3609 meu-

117 3633 249 3690 tiatur
274 3639 355 3693 ubi
383 3639 604 3709 elegerit
628 3643 716 3711 qui
751 3641 852 3695 hoc
885 3650 1069 3710 putat:
1101 3643 1221 3713 quia
1256 3652 1308 3697 et
1336 3646 1386 3698 in
1420 3645 1517 3700 hoc
1549 3662 1661 3699 ma-

115 3740 197 3795 gna
228 3733 439 3799 qu:cstio
467 3742 581 3798 est,
629 3734 765 3787 sitne
792 3733 1075 3803 aliquando
1102 3736 1316 3790 mentiri
1358 3739 1455 3792 viri
1500 3738 1622 3794 boni
1643 3782 1657 3796 .

46 3820 47 3823 “
116 3818 204 3873 imo
236 3822 323 3877 viri
357 3824 660 3892 christiani,
690 3826 931 3896 qualibus
967 3826 1164 3881 dictum
1205 3838 1314 3895 est,
1364 3830 1443 3886 Sit
1486 3832 1539 3885 in
1577 3850 1662 3888 ore

114 3921 274 3978 vestro,
303 3914 395 3969 Est
413 3958 427 3979 ,
446 3927 538 3981 est,
564 3916 619 3970 Ν
623 3934 705 3981 on,
738 3935 863 3981 non,
888 3927 943 3971 ut
973 3936 1070 3973 non
1097 3920 1185 3973 sub
1196 3922 1394 3992 judicio
1420 3924 1660 3980 decidatis

117 4000 288 4073 (Iacob.
304 4023 355 4070 v,
379 4008 462 4071 l2,
482 4018 528 4063 et
552 4008 735 4062 Matth.
756 4026 808 4077 v,
833 4010 925 4080 57)
945 4028 959 4076 ;
983 4022 1035 4066 et
1050 4013 1138 4081 qui
1155 4029 1274 4067 cum
1295 4015 1395 4069 ﬁde
1417 4016 1654 4086 audiunt,

116 4092 279 4151 Perdet
300 4117 466 4156 omnes
495 4104 582 4174 qui
610 4104 1208 4175 loquunturmendacium
1234 4108 1403 4179 (Psal.
1439 4129 1492 4179 v,
1527 4113 1600 4183 7).

170 4186 249 4242 22.
274 4190 372 4246 Sed
405 4194 536 4259 hinc,
567 4204 622 4247 ut
646 4194 773 4257 dixi,
797 4205 851 4250 et
878 4197 979 4251 alia
1005 4207 1059 4253 et
1084 4215 1269 4270 magna
1297 4206 1518 4271 quaastio
1545 4217 1654 4272 est;

113 4276 247 4348 eligat
264 4284 393 4351 quod
417 4284 663 4351 voluerit,
687 4286 774 4354 qui
799 4287 898 4342 hoc
917 4290 1200 4357 existimat,
1231 4293 1315 4347 ubi
1338 4296 1652 4363 mentiatur;

112 4369 221 4424 dum
242 4384 399 4431 tamen
425 4392 453 4430 a
482 4378 837 4434 scribentibus
862 4383 1164 4438 auctoribus
1190 4394 1485 4441 sanctarum
1512 4387 1657 4444 Scri-

112 4468 387 4534 pturarutn,
413 4480 467 4522 et
493 4470 722 4524 maxime
751 4472 1121 4529 canonicarum
1142 4517 1156 4541 ,
1189 4477 1501 4535 inconcusse
1533 4496 1653 4537 cre-

110 4548 261 4617 datur,
287 4565 333 4610 et
367 4557 684 4614 defendatur
712 4564 927 4616 omnino
965 4565 1151 4621 abesse
1187 4569 1516 4624 mendacium
1542 4588 1557 4637 ;
1589 4589 1654 4628 ne

109 4637 467 4713 dispensatores
496 4646 715 4717 Christi,
748 4652 815 4707 de
840 4654 1031 4724 quibus
1057 4657 1255 4712 dictum
1284 4667 1386 4726 est,
1418 4661 1517 4715 Hic
1537 4666 1652 4735 jam

107 4735 313 4799 queritur
339 4741 463 4794 inter
493 4742 894 4811 dispensatores,
928 4756 979 4799 ut
1016 4748 1180 4816 ﬁdelis
1223 4751 1332 4819 quis
1375 4753 1653 4808 inveniatur

110 4818 154 4887 (l
176 4824 277 4882 Cor.
304 4845 374 4893 tv,
400 4831 497 4900 2),
531 4843 775 4904 tanquam
806 4852 1051 4906 magnum
1084 4818 1276 4909 aliquid
1303 4842 1401 4897 sibi
1427 4844 1652 4901 ﬁdeliter

106 4912 320 4976 didicisse
348 4923 640 4989 videantur,
675 4942 771 4997 pro
808 4930 1046 4984 veritatis
1071 4930 1463 4999 dispensatione
1499 4952 1646 4991 men-

108 5004 208 5076 tiri,
228 5026 340 5070 cum
369 5014 480 5086 ipsa
521 5018 651 5073 fides
683 5019 733 5073 in
764 5021 926 5074 latino
970 5039 1215 5079 sermone
1244 5026 1310 5079 ab
1340 5042 1403 5082 eo
1444 5028 1649 5086 dicatur

105 5098 329 5165 appellata
350 5147 363 5169 ,
394 5108 514 5178 quia
559 5108 618 5162 ﬁt
658 5110 795 5178 quod
825 5112 1034 5167 dicitur.
1068 5114 1169 5170 Ubi
1213 5128 1387 5173 autem
1420 5121 1474 5175 lit
1505 5124 1645 5192 quod

104 5184 285 5257 dicitur,
310 5197 591 5252 mentiendi
616 5201 796 5271 utique
825 5219 927 5257 non
960 5213 1041 5260 est
1068 5206 1234 5262 locus.
1266 5209 1459 5266 Fidelis
1490 5184 1645 5283 igitur

104 5272 395 5365 dispensator
433 5291 704 5359 apostolus
736 5292 929 5348 Paulus
960 5300 1144 5365 procul
1171 5298 1330 5354 dubio
1361 5272 1641 5360 nobist-

104 5362 223 5425 bibet
246 5372 295 5428 in
334 5379 612 5434 scribendo
653 5382 847 5450 ﬁdem;
880 5362 999 5455 quia
1039 5390 1271 5445 veritatis
1310 5392 1643 5463 dispensator

104 5468 213 5526 erat,
234 5478 333 5520 non
359 5466 619 5525 falsitatis.
645 5475 718 5527 Ac
746 5490 838 5543 per
858 5477 957 5531 hoc
982 5494 1161 5533 verum
1192 5483 1419 5551 scripsit,
1448 5487 1640 5543 vidisse

104 5559 149 5603 Ie
165 5550 355 5613 Petrum
380 5578 481 5616 non
506 5575 650 5619 recte
671 5567 1049 5635 ingredientem
1076 5572 1139 5625 ad
1164 5575 1435 5631 veritatem
1462 5578 1638 5633 Evan-

102 5633 200 5699 κάξιὶὶ
232 5648 376 5719 eique
404 5653 453 5706 in
486 5654 673 5710 faciem
713 5633 968 5712 restitisse
988 5701 1001 5723 ,
1030 5662 1170 5730 quod
1197 5663 1394 5720 Gentes
1423 5680 1635 5737 engeret

100 5724 353 5795 indﬁinre.
385 5740 499 5818 Ipse
525 5759 654 5801 vero
683 5745 897 5817 Petrus,
927 5724 1065 5827 quod
1094 5767 1121 5807 a
1155 5753 1317 5809 Paulo
1349 5724 1516 5814 ηριωῖ
1535 5770 1634 5815 uti-

1810 447 1929 503 litcr
1968 452 2206 511 libertate
2249 459 2549 531 charitatis,
2578 478 2774 525 sanctre
2812 489 2875 529 ac
2912 475 3166 563 benignte’
3191 485 3385 554 pinam

1810 539 2086 563 I.--_..:I!._.-
2306 551 2337 563 ι,
2450 562 2456 563 ,
2595 557 2605 563 .
2786 562 2789 563 ,

1810 539 2118 599 humilitatis
2139 551 2343 618 accepit
2368 569 2379 602 :
2410 562 2566 623 atque
2595 557 2661 611 ita
2692 562 2861 615 rarius
2884 575 2933 617 ct
2956 539 3389 631 sanctius-exerit»

1805 630 1947 697 plum
1978 638 2200 699 posteris
2226 639 2469 707 pr:cbuit,
2497 660 2600 712 quo
2631 664 2732 702 non
2765 651 3197 725 dedignarentur,
3222 667 3385 723 sicubi

1804 719 1939 774 forte
1968 726 2093 777 recti
2135 730 2399 784 tramitem
2430 734 2766 803 reliquissent
2786 783 2800 808 ,
2828 748 2987 798 etiam
3019 764 3046 799 a
3076 754 3385 819 posteriori-

1802 812 1901 867 bus
1928 818 2119 887 corrigi
2145 838 2158 885 ;
2186 837 2339 889 quam
2375 823 2597 895 Paulus,
2635 847 2741 899 quo
2770 837 3097 896 conﬁdenter
3124 844 3382 901 auderent

1800 903 1958 959 etiam
1996 908 2227 965 minores
2269 914 2555 983 majoribus
2594 937 2689 989 pro
2730 924 3055 985 defendenda
3085 938 3382 1005 evangelica

1798 998 2049 1063 veritate,
2080 1000 2221 1053 salva
2254 1002 2484 1060 fraterna
2517 1009 2772 1067 charitate
2803 1021 3067 1077 resistere.
3107 1025 3234 1079 Nam
3264 1045 3380 1083 cum

1798 1084 1962 1138 satius
1990 1088 2112 1142 sita
2142 1094 2371 1148 tenendo
2411 1097 2597 1155 itinere
2622 1144 2636 1165 ,
2682 1104 2730 1156 in
2760 1110 2902 1159 nullo
2936 1127 3092 1180 quam
3124 1116 3172 1168 in
3204 1120 3379 1189 aliquo

1795 1173 2060 1231 declinare
2080 1222 2092 1243 ,
2124 1185 2291 1236 multo
2317 1198 2399 1242 est
2429 1201 2601 1246 tamen
2632 1196 2921 1254 mirabilius
2961 1215 3013 1256 et
3042 1207 3375 1274 laudabilius,

1794 1264 2021 1321 libenter
2049 1272 2289 1340 accipere
2329 1281 2677 1349 corrigentem
2703 1328 2717 1350 ,
2743 1303 2899 1357 quam
2929 1295 3180 1349 audacter
3206 1302 3374 1353 Corri-

1791 1367 1917 1422 gere
1963 1356 2283 1417 devianlem.
2316 1364 2409 1421 Est
2451 1370 2563 1424 laus
2610 1373 2781 1444 itaque
2821 1380 2977 1446 justa)
3026 1385 3280 1441 libertatis
3324 1392 3375 1444 in

1793 1442 1973 1507 Paulo,
2002 1458 2053 1500 et
2084 1464 2280 1507 sanctae
2309 1455 2616 1517 humilitatis
2644 1464 2695 1518 in
2728 1467 2919 1523 Petro:
2954 1491 3091 1542 quau,
3123 1491 3374 1546 quantum

1792 1534 1921 1588 mihi
1948 1552 2042 1605 pro
2071 1541 2284 1597 modulo
2310 1562 2428 1600 meo
2466 1551 2693 1621 videtur,
2724 1562 2887 1627 magis
2927 1564 3095 1620 fuerat
3124 1572 3375 1628 adversus

1788 1627 2197 1687 calunmiantem
2240 1635 2592 1713 Porphyrium
2632 1647 2963 1709 defendenda
2988 1698 3001 1721 ,
3039 1676 3194 1727 quam
3234 1675 3287 1717 ut
3326 1668 3374 1722 ei

1787 1713 2002 1773 daretur
2030 1722 2358 1782 obtrectandi
2400 1734 2567 1803 major
2600 1741 2847 1806 occasio;
2883 1763 2983 1812 qua
3026 1754 3188 1806 multo
3233 1771 3367 1811 mor-

1785 1804 1967 1862 dacius
1990 1814 2362 1873 criminaretur
2388 1819 2719 1883 Christianos
2751 1832 3007 1890 fallaciter
3032 1842 3112 1894 vel
3141 1860 3263 1898 suas
3290 1847 3376 1905 lit-

1787 1905 1926 1953 teras
1948 1905 2201 1984 scribere,
2233 1911 2317 1963 vel
2344 1913 2437 1967 Dei
2464 1918 2541 1969 sui
2569 1935 2896 1978 sacramenta
2928 1940 3156 1997 portare.

1853 1988 2079 2048 CAPUT
2103 1994 2189 2049 lll.
2213 2029 2286 2038 —
2311 2000 2398 2057 23.
2427 2004 2657 2075 Flagitas
2680 2027 2707 2063 a
2739 2029 2822 2069 me
2844 2026 2900 2069 ut
2926 1988 3153 2087 aliquem
3182 2026 3368 2081 saltem

1783 2096 1943 2135 unum
1974 2087 2251 2142 ostendam
2276 2132 2290 2157 ,
2331 2094 2480 2162 cujus
2510 2098 2561 2151 in
2592 2098 2691 2153 hac
2717 2118 2775 2157 re
2804 2112 3119 2164 sententiam
3145 2115 3242 2167 sim
3278 2131 3368 2170 se-

1781 2180 1934 2227 cutus
1953 2218 1968 2241 ,
1996 2191 2116 2232 cum
2151 2189 2205 2234 tu
2232 2191 2336 2237 tam
2370 2187 2547 2254 plures
2574 2196 2881 2250 nominatim
2910 2215 3365 2261 commemorave-

1782 2266 1887 2333 ris,
1916 2272 2005 2337 qui
2034 2278 2086 2326 te
2114 2271 2167 2327 in
2199 2289 2264 2329 eo
2301 2280 2440 2348 quod
2470 2281 2699 2339 adstruis
2727 2303 3149 2361 prmcesserunt;
3180 2308 3368 2367 petens

1781 2366 1836 2411 ut
1863 2358 1915 2412 in
1942 2376 2031 2427 eo,
2068 2364 2111 2418 si
2143 2373 2194 2420 te
2225 2370 2559 2439 reprehendo
2584 2389 2851 2435 errantem
2870 2423 2884 2446 ,
2917 2386 3084 2452 patiar
3110 2396 3163 2443 te
3188 2406 3367 2447 errare

1779 2464 1898 2503 cum
1931 2453 2144 2522 talibus,
2176 2474 2401 2528 quorum
2429 2480 2548 2535 ego,
2578 2466 2767 2537 fateor,
2808 2475 3076 2530 neminem
3104 2480 3202 2550 legi
3229 2500 3241 2535 :
3271 2484 3364 2539 sed

1778 2557 1897 2596 cum
1923 2545 2028 2598 sint
2056 2546 2223 2603 ferme
2250 2567 2339 2605 sex
2362 2594 2377 2620 ,
2406 2558 2489 2610 vel
2515 2568 2717 2629 septem
2739 2604 2752 2626 ,
2784 2564 2971 2621 horum
2998 2580 3225 2638 quatuor
3266 2590 3362 2627 au-

1777 2636 2072 2689 ctoritatem
2124 2646 2177 2691 tu
2224 2657 2433 2712 quoque
2482 2646 2740 2721 infringis.
2787 2653 2917 2708 Nam
2966 2636 3357 2731 Laodicenum,

1776 2725 1924 2793 cujus
1952 2743 2144 2783 nomen
2170 2740 2333 2800 taces,
2358 2735 2425 2791 de
2450 2738 2685 2795 Ecclesia
2712 2743 2843 2800 dicis
2865 2764 3032 2818 nuper
3054 2766 3358 2822 egressum;

1777 2816 2136 2878 Alexandrum
2177 2836 2354 2883 autem
2404 2840 2636 2890 veterem
2679 2840 3023 2906 lucreticum;
3074 2844 3359 2917 Origenem

1775 2925 1903 2964 vero
1942 2927 2005 2967 ac
2045 2914 2324 2987 Didymum
2354 2925 2708 2992 reprehensos
2732 2929 2825 2985 abs
2856 2940 2907 2987 te
2936 2933 3052 3003 lego
3082 2936 3133 2989 in
3174 2954 3361 2993 recen-

1776 3002 1995 3059 tioribus
2034 3010 2306 3077 opusculis
2338 3015 2445 3068 tuis
2466 3057 2480 3082 ,
2514 3026 2568 3071 et
2612 3035 2715 3073 non
2760 3023 3126 3094 mediocriter,
3155 3046 3254 3086 nec
3291 3033 3359 3089 de

1774 3095 2127 3152 mediocribus
2157 3104 2535 3170 qumstionibus
2554 3149 2569 3176 ,
2600 3115 2842 3180 quamvis
2868 3116 3147 3186 Origenem
3188 3124 3354 3178 mira-

1772 3184 1947 3241 biliter
1969 3198 2091 3244 ante
2122 3190 2437 3250 laudaveris.
2465 3198 2595 3253 Cum
2624 3201 2689 3256 iis
2718 3218 2845 3274 ergo
2876 3222 3057 3263 errare
3085 3221 3210 3280 puto
3234 3202 3367 3284 quia

1771 3291 1869 3331 nec
1895 3286 1947 3333 te
1978 3279 2090 3350 ipse
2116 3283 2333 3350 patieris
2357 3302 2370 3350 ;
2396 3293 2636 3357 quamvis
2662 3291 2763 3345 hoc
2792 3296 3010 3363 perinde
3039 3279 3264 3371 dicatur,
3290 3319 3354 3360 ac

1770 3366 1815 3420 si
1845 3368 1895 3421 in
1926 3370 2025 3424 hac
2071 3376 2331 3429 sententia
2374 3392 2479 3431 non
2507 3385 2820 3438 erraverint.
2848 3385 2978 3441 Nam
3020 3392 3137 3459 quis
3162 3402 3243 3447 est
3266 3396 3353 3465 qui

1770 3473 1829 3513 se
1869 3460 1999 3515 velit
2041 3478 2160 3517 cum
2210 3467 2445 3534 quolibet
2487 3474 2708 3527 errare?
2748 3476 2877 3531 Tres
2925 3480 3083 3549 igitur
3129 3460 3348 3555 restant,

1771 3549 2031 3608 Eusebius
2061 3554 2362 3625 Emisenus,
2386 3561 2698 3621 Theodorus
2727 3569 3086 3643 HeracleOtes,
3115 3588 3167 3632 et
3190 3595 3350 3649 quem

1769 3647 1925 3714 paulo
1964 3660 2083 3718 post
2110 3665 2498 3710 commemoras
2524 3657 2755 3715 Joannes
2783 3664 2873 3733 qui
2903 3665 3101 3723 dudum
3131 3672 3181 3725 in
3213 3687 3347 3741 pon-

1769 3736 1943 3791 tiﬁcali
1969 3740 2132 3806 gradu
2155 3740 2791 3819 Constantinopolitanam
2822 3758 2958 3811 rexit
2996 3762 3296 3818 ecclesiam.

1786 3844 1789 3845 '
1834 3830 1924 3885 21.
1958 3833 2145 3901 Porro,
2175 3838 2218 3889 si
2246 3854 2453 3909 quzeras
2482 3845 2565 3899 vel
2592 3847 2795 3903 recolas
2824 3852 2949 3920 quid
2978 3852 3099 3908 hinc
3124 3858 3351 3914 senserit

1766 3932 1952 3977 noster
1982 3925 2312 3995 Ambrosius,
2346 3934 2470 4003 quid
2497 3948 2679 3992 noster
2706 3940 2886 3996 itidem
2917 3942 3209 4015 Cyprianus
3237 3950 3309 4020 (a)
3330 3967 3355 4021 ;>

1766 4016 2000 4073 invenies
2027 4020 2252 4078 fortasse
2279 4042 2379 4081 nec
2402 4030 2557 4086 nobis
2583 4030 2815 4088 defuisse
2839 4076 2853 4098 ,
2880 4052 3011 4105 quos
3039 4040 3089 4093 in
3117 4056 3180 4095 eo
3206 4043 3347 4113 quod

1763 4110 2053 4164 asserimus
2096 4127 2458 4181 sequeremur.
2491 4120 2801 4190 Quanquam
2827 4165 2840 4186 ,
2870 4126 3004 4178 sicut
3037 4130 3192 4196 paulo
3222 4141 3346 4187 ante

1763 4195 1889 4263 dixi,
1915 4203 2280 4257 tantummodo
2302 4204 2588 4275 Scripturis
2612 4213 2882 4268 canonicis
2903 4215 3039 4271 hanc
3060 4218 3341 4290 ingenuam

1762 4283 1979 4341 debeam
2008 4290 2341 4359 servitutem,
2372 4312 2473 4365 qua
2504 4313 2594 4353 eas
2619 4301 2758 4354 solas
2796 4303 2864 4358 ita
2896 4320 3107 4376 sequar,
3138 4321 3192 4365 ut
3220 4328 3348 4368 con-

1763 4377 2053 4447 scriptores
2094 4396 2275 4437 earum
2318 4385 2448 4440 nihil
2491 4389 2541 4442 in
2573 4390 2650 4443 eis
2691 4394 2910 4449 omnino
2940 4412 3178 4466 errasse,
3214 4392 3352 4460 nihil

1762 4465 2023 4524 fallaciter
2054 4474 2291 4541 posuisse
2322 4492 2424 4530 non
2454 4478 2706 4535 dubitem.
2741 4482 2988 4552 Proinde,
3017 4504 3135 4544 cum
3162 4510 3345 4562 quaero

1760 4560 1992 4625 tertium,
2027 4570 2083 4617 ut
2121 4571 2229 4618 tres
2269 4568 2426 4621 etiam
2470 4585 2567 4640 ego
2614 4572 2776 4629 tribus
2816 4593 3099 4647 opponam,
3134 4560 3343 4651 possem

1759 4650 1968 4719 quidem
1991 4694 2004 4717 ,
2038 4663 2093 4706 ut
2135 4654 2395 4723 arbitror,
2427 4658 2578 4715 facile
2610 4666 2842 4731 reperire
2863 4708 2878 4732 ,
2909 4670 2951 4723 si
2994 4672 3156 4725 multa
3188 4675 3345 4743 legis-

1758 4756 1905 4807 sem;
1939 4754 2306 4801 verumtamen
2356 4749 2469 4817 ipse
2512 4752 2638 4806 mihi
2674 4771 2769 4823 pro
2810 4757 2890 4812 his
2930 4763 3205 4831 omnibus,
3237 4766 3342 4822 imo

1757 4848 1911 4902 supra
1941 4836 2037 4889 hos
2064 4852 2250 4893 omnes
2275 4842 2546 4909 apostolus
2570 4845 2761 4903 Paulus
2783 4854 3030 4906 occurrit.
3057 4856 3134 4909 Ad
3166 4857 3337 4926 ipsum

1755 4924 2038 4994 confugio:
2071 4926 2136 4980 ad
2177 4929 2345 4998 ipsum
2379 4933 2444 4986 ab
2474 4935 2756 5002 omnibus,
2788 4941 2875 5009 qui
2917 4943 3055 4997 aliud
3085 4924 3337 5020 sentiunt,

1754 5014 2043 5071 litterarum
2073 5018 2187 5088 ejus
2215 5025 2585 5080 tractatoribus
2616 5043 2843 5097 provoco
2868 5049 2881 5097 ;
2913 5033 3082 5103 ipsum
3114 5040 3339 5096 interro-

1752 5122 1881 5177 gans
1908 5107 2188 5179 interpello
2216 5121 2269 5167 et
2309 5116 2525 5184 requiro
2555 5117 2606 5171 in
2632 5134 2695 5173 eo
2725 5122 2865 5191 quod
2896 5128 3107 5195 scripsit
3138 5132 3201 5185 ad
3228 5132 3333 5186 Ga-

1754 5196 1907 5263 latas,
1941 5199 2139 5257 vidisse
2176 5217 2236 5257 se
2274 5203 2488 5260 Petrum
2528 5224 2630 5261 non
2672 5222 2815 5265 recte
2851 5214 3231 5284 ingredientem
3271 5222 3335 5275 ad

1750 5290 2025 5345 veritatem
2054 5293 2348 5359 Evangelii,
2382 5296 2536 5366 eique
2568 5298 2617 5352 in
2645 5299 2830 5357 faciem
2864 5319 3138 5375 propterea
3178 5312 3331 5363 resti-

1752 5379 1898 5445 tisse,
1928 5382 2069 5450 qnod
2100 5384 2181 5437 illa
2211 5385 2546 5443 simulatione
2576 5388 2775 5447 Gentes
2794 5394 3062 5463 jndaizare
3090 5399 3327 5466 cogebat,

1751 5480 1923 5523 utrum
1959 5486 2139 5527 verum
2176 5475 2483 5544 scripserit,
2515 5495 2581 5532 an
2614 5480 2746 5535 forte
2782 5486 2959 5537 nescio
2987 5502 3086 5553 qua
3118 5488 3331 5555 dispen-

1747 5562 1909 5615 sativa
1960 5563 2189 5620 falsitate
2248 5569 2499 5624 mentitus
2542 5572 2628 5626 sit.
2683 5572 2749 5626 Et
2789 5575 2948 5627 audio
2996 5592 3116 5629 cum
3169 5580 3325 5648 paulo

1808 5716 1879 5798 (τι)
1906 5720 2127 5798 ίῳιξιῗρξᾲ
2136 5728 2454 5798 commentari.
2480 5726 2533 5774 in
2552 5727 2693 5788 Epist.
2720 5726 2780 5775 ad
2800 5725 3011 5791 Galatas;
3035 5739 3252 5798 cyprus.
3275 5734 3331 5791 la

1745 5779 1890 5837 eguist.
1916 5779 1971 5826 7t
2000 5780 2056 5827 ad
2081 5783 2319 5837 Quintum.
