3962 6390
163 357 254 415 ,8,
1300 340 1772 400 EPISTOLARUM
1809 341 2082 399 CLASSIS
2121 344 2185 400 ιι.

162 461 517 527 consulendum
542 457 691 512 mihi.
721 453 949 522 Denique
974 450 1125 507 addis
1145 493 1159 514 ,
1191 452 1330 522 quod
1360 453 1565 508 etiamsi
1594 468 1700 509 non

160 559 379 619 adderes,
405 559 699 624 appareret,
720 558 771 603 et
799 546 929 601 dicis
963 564 977 600 :
1009 544 1132 599 Han:
1160 545 1341 609 scribo,
1365 546 1481 612 quia
1511 563 1635 615 pure
1657 554 1703 599 et

160 649 405 706 christiana
422 646 630 713 diligere
660 650 705 694 te
722 639 887 708 cupio,
920 652 1007 690 nec
1029 636 1300 706 quidquam
1326 636 1375 689 in
1403 652 1513 689 mea
1540 644 1700 689 mente

160 743 371 801 retinere,
396 734 533 807 quod
561 734 704 787 distet
730 747 762 783 a
797 730 960 784 labiis.
1002 725 1047 781 0
1074 727 1155 780 vir
1181 738 1364 781 sancte
1383 768 1397 793 ,
1431 726 1663 796 mihique
1681 769 1697 794 ,

157 848 202 891 ιιι
226 835 351 889 Deus
379 829 522 883 videt
546 826 770 879 animam
811 836 982 877 meam
1004 862 1019 883 ,
1052 820 1225 875 veraci
1244 861 1258 886 ,
1287 819 1447 874 corde
1470 818 1663 874 dilecte
1681 859 1697 884 ,

160 929 244 981 hoc
266 925 426 993 ipsum
458 918 596 990 quod
619 916 835 986 posuisti
868 915 918 968 in
948 914 1137 969 litteris
1168 913 1291 977 tuis,
1321 912 1462 984 quod
1492 922 1544 969 te
1571 914 1697 968 mihi

157 1014 436 1073 exhibuisse
464 1024 568 1065 non
592 1008 774 1062 dubito
792 1050 808 1074 ,
836 1005 936 1060 hoc
962 1005 1133 1074 ipsum
1162 1005 1379 1059 omnino
1403 1004 1699 1073 apostolum

159 1110 347 1164 Paulum
372 1104 537 1159 credo
570 1101 869 1158 exhibuisse
912 1101 962 1153 in
1004 1099 1216 1154 Litteris
1264 1099 1403 1164 suis,
1446 1114 1549 1153 non
1581 1099 1696 1152 uui-

156 1202 337 1257 cuilihet
350 1197 569 1260 homini,
592 1194 684 1249 scd
700 1194 726 1248 .l
735 1193 916 1253 udmis.
931 1201 981 1246 et
996 1191 1036 1247 ϐ
1046 1192 1217 1255 raucis,
1231 1201 1286 1245 et
1299 1191 1545 1245 omnibus
1559 1189 1700 1245 Gen-

158 1293 273 1345 tibus
298 1289 408 1343 liliis
433 1287 577 1351 suis,
606 1301 740 1355 quos
775 1284 826 1338 itt
861 1283 1143 1352 Evangelia
1170 1291 1460 1350 genuerat,
1490 1290 1543 1335 ct
1565 1296 1697 1350 quos

157 1380 401 1451 pariendos
430 1376 782 1447 parturiebat;
813 1381 866 1428 et
901 1373 1093 1428 deinde
1122 1383 1451 1442 posterorum
1482 1381 1558 1425 tot
1583 1373 1699 1426 mil-

158 1473 276 1527 libus
309 1470 524 1525 fidelium
556 1466 978 1522 Christianorum
1004 1506 1019 1529 ,
1053 1474 1269 1533 propter
1307 1478 1441 1532 quos
1471 1463 1556 1516 illa
1588 1477 1698 1516 ute-

160 1564 316 1619 moria:
341 1560 679 1616 mandabatur
716 1557 984 1627 Epistula,
1030 1568 1086 1610 ut
1125 1556 1253 1611 nihil
1293 1556 1345 1609 itt
1390 1571 1485 1610 sua
1520 1563 1697 1610 mente

156 1660 376 1714 retineret
401 1653 540 1726 quod
570 1653 794 1708 distaret
817 1668 845 1703 a
877 1650 1046 1704 labiis.
1312 1658 1315 1663 ί

215 1752 287 1806 51.
321 1749 469 1803 Certe
498 1748 669 1801 factus
698 1759 756 1800 es
803 1743 959 1798 etiam
992 1751 1076 1807 tu,
1119 1750 1366 1811 tanquam
1411 1756 1543 1811 ego,
1590 1755 1693 1795 non

157 1840 419 1897 mentientis
445 1847 565 1893 astu
584 1879 599 1903 ,
629 1837 723 1892 sed
752 1835 1123 1905 eompatieutis
1156 1834 1345 1888 allecto
1366 1874 1380 1899 ,
1410 1849 1530 1888 cum
1554 1834 1696 1903 cogi—

157 1945 271 1988 tares
290 1943 386 1987 tam
415 1946 498 1985 me
526 1946 631 1983 non
661 1929 1065 1997 relinquendum
1098 1926 1148 1979 itt
1174 1942 1233 1981 ea
1258 1925 1433 1995 culpa,
1460 1924 1510 1977 iu
1537 1938 1693 1994 quam

156 2040 224 2079 me
246 2023 528 2093 prolapsum
556 2019 906 2083 existimasti,
938 2031 1093 2086 quam
1126 2030 1222 2069 nec
1253 2024 1302 2068 to
1336 2014 1520 2070 velles.
1553 2013 1595 2066 si
1628 2028 1693 2067 eo

156 2117 287 2172 modo
311 2115 579 2185 prolapsus
605 2127 773 2167 esses.
825 2109 974 2165 Unde
1017 2124 1177 2177 agens
1205 2109 1402 2176 gratias
1428 2106 1697 2208 benevola:

156 2208 287 2263 menti
313 2221 425 2277 erga
454 2221 538 2259 tne
580 2214 714 2268 ιιιω,
743 2201 900 2257 simul
935 2214 1119 2269 posco,
1154 2207 1212 2252 ut
1238 2200 1395 2253 etiam
1438 2198 1564 2250 mihi
1592 2211 1694 2251 non

156 2314 451 2357 succensas,
475 2295 621 2366 quod
643 2311 762 2349 cum
787 2294 840 2347 in
860 2292 1127 2361 opusculis
1156 2291 1257 2345 tuis
1280 2291 1452 2359 aliqua
1479 2305 1562 2343 me
1586 2304 1699 2343 mo-

156 2402 308 2445 verent
329 2433 341 2452 ,
369 2400 566 2443 motum
598 2401 775 2441 meum
808 2384 1043 2438 intimavi
1075 2383 1162 2437 tibi
1198 2401 1209 2436 :
1244 2382 1344 2437 hoc
1372 2397 1495 2449 erga
1524 2397 1607 2435 me
1630 2382 1698 2436 ah

159 2482 366 2537 omnibus
399 2481 600 2536 servari
638 2478 851 2540 volens,
891 2475 1030 2547 quod
1073 2491 1197 2545 erga
1235 2484 1285 2529 te
1314 2476 1424 2543 ipse
1455 2473 1693 2538 servavi,

158 2584 207 2629 ut
228 2574 447 2644 quidquid
493 2571 906 2641 itnprobandum
956 2578 1138 2639 ptttant
1187 2568 1237 2621 in
1277 2566 1488 2635 scriptis
1531 2567 1694 2632 meis,

154 2680 238 2720 nec
278 2664 472 2720 laudent
522 2664 540 2695 ¹
600 2661 823 2717 subdolo
866 2671 1106 2730 pectore,
1159 2673 1254 2713 nec
1302 2659 1370 2711 ita
1408 2657 1696 2727 reprehen-

156 2755 266 2809 dant
285 2756 403 2823 apud
444 2755 618 2818 alios,
660 2761 717 2806 ut
763 2759 972 2805 taceant
1018 2748 1155 2819 apud
1206 2763 1322 2811 me;
1354 2748 1476 2801 hinc
1524 2748 1698 2817 potius

156 2845 422 2900 existimans
450 2845 571 2899 hedi
607 2842 893 2897 amicitiam
924 2850 978 2895 et
1009 2837 1413 2896 neces-itudinis
1440 2838 1557 2907 jura
1588 2839 1700 2891 vio-

153 2935 251 2988 lari.
273 2934 440 2990 Nescio
458 2935 631 2995 enim,
664 2942 837 2985 utruut
859 2929 1160 2984 cltristiaum
1187 2928 1432 2982 amicitia:
1455 2927 1698 2997 putandae

152 3024 256 3085 sint,
284 3024 330 3079 in
353 3026 537 3094 quibus
566 3023 736 3093 magis
766 3022 903 3075 valet
925 3020 1137 3083 vulgare
1163 3019 1521 3088 proverbium,
1545 3018 1701 3072 Obsc-

150 3115 293 3183 quium
318 3116 495 3168 amicos
513 3155 529 3178 ,
561 3113 747 3167 veritas
776 3112 945 3164 odium
972 3111 1102 3181 parit
1130 3108 1413 3182 (Terentius
1436 3110 1485 3162 in
1511 3108 1695 3175 Andr,

150 3215 231 3260 act.
253 3207 271 3260 l
296 3248 310 3271 ,
342 3224 483 3261 scena
514 3207 536 3260 ι
569 3206 613 3275 ).
645 3219 801 3274 quam
828 3202 1243 3257 ecclesiasticum
1262 3242 1277 3267 ,
1304 3198 1560 3253 Fideliora
1584 3209 1700 3253 sunt

152 3298 323 3352 vulnera
348 3299 526 3363 uitrici,
561 3313 711 3367 quam
754 3294 1036 3350 voluntaria
1077 3294 1248 3347 oscula
1285 3292 1475 3345 inimici
1504 3292 1695 3363 (Prov.

152 3405 272 3444 xxvtt
290 3428 305 3453 ,
332 3392 362 3443 ϐ
383 3389 422 3461 ).

205 3481 281 3536 52.
318 3480 546 3536 Proinde
576 3478 920 3534 cbarissimos
951 3484 1181 3539 nostros,
1210 3475 1300 3546 qui
1328 3475 1521 3529 nostris
1548 3474 1698 3559 labo-

150 3572 271 3627 ribus
291 3572 651 3629 sincerissime
669 3570 868 3635 favent,
896 3569 995 3623 hoc
1016 3568 1186 3638 potius
1202 3576 1393 3636 qttanta
1421 3579 1700 3635 possumus

151 3664 361 3719 instantia
399 3666 722 3726 doceamus,
754 3677 861 3732 quo
900 3661 1069 3715 sciant
1115 3659 1227 3713 fieri
1274 3673 1427 3727 posse
1466 3667 1521 3712 ιιι
1563 3659 1699 3714 inter

151 3755 452 3811 charissintos
484 3755 688 3825 aliquid
716 3755 972 3809 alterutro
1007 3766 1253 3807 sermone
1279 3750 1695 3818 contradicatur,

152 3860 231 3900 nec
256 3857 416 3901 tamen
446 3846 688 3902 charitas
718 3844 829 3914 ipsa
858 3844 1145 3904 minuatur,
1176 3855 1273 3895 nec
1299 3841 1491 3893 veritas
1522 3841 1699 3895 odium

153 3938 321 4002 pariat,
347 3952 460 4006 qua:
507 3936 739 3989 debetur
783 3932 1057 3996 amicitiae;
1096 3931 1207 3985 sive
1247 3930 1372 3985 illud
1408 3946 1588 3984 verum
1632 3932 1702 3985 sit

151 4028 264 4096 quod
306 4028 713 4090 contradicitur,
748 4026 860 4080 sive
904 4023 1064 4078 corde
1108 4024 1281 4077 veraci
1323 4023 1701 4092 qualecumque

153 4121 204 4174 sit
220 4122 410 4185 dicitur,
425 4138 534 4176 non
560 4117 843 4175 retinendo
865 4117 915 4171 in
940 4125 1118 4170 mente
1135 4113 1275 4184 quod
1298 4114 1457 4168 distet
1477 4132 1504 4167 ει
1526 4115 1697 4170 labiis.

152 4213 348 4272 Credam
378 4219 561 4288 itaque
603 4214 793 4269 fratres
823 4212 1017 4274 nostri,
1051 4208 1336 4263 familiares
1383 4208 1483 4271 tui,
1514 4207 1702 4277 quibus

156 4309 479 4364 testimonium
532 4305 811 4379 perhibes,
853 4302 994 4374 quod
1043 4303 1148 4355 sint
1193 4316 1315 4354 vasa
1344 4297 1565 4361 Christi,
1617 4316 1702 4354 me

156 4398 294 4453 invito
308 4400 517 4465 factum,
540 4414 641 4453 nec
663 4397 981 4453 mediocrem
1000 4394 1065 4450 dc
1085 4393 1185 4447 hac
1203 4408 1259 4447 re
1275 4392 1510 4446 dolorem
1530 4392 1703 4445 inesse

156 4490 283 4544 cordi
298 4507 423 4552 meo.
443 4490 590 4561 quod
611 4489 797 4543 littera!
821 4501 951 4541 meat
973 4485 1115 4555 prius
1137 4486 1187 4537 in
1212 4482 1494 4536 multorum
1518 4496 1703 4536 manus

155 4594 396 4645 venerunt,
410 4601 573 4654 quam
596 4581 660 4636 ad
681 4593 731 4635 te
746 4621 760 4645 ,
780 4580 843 4634 ad
862 4594 1017 4649 quem
1039 4578 1248 4646 scriptm
1268 4587 1407 4637 sunt.
1432 4575 1705 4646 pervenire

78 4722 86 4733 .
157 4681 424 4739 POIIIeruttt.
444 4677 566 4742 Quo
585 4682 760 4726 autem
782 4669 938 4723 tttodu
962 4668 1011 4721 id
1032 4667 1302 4729 acciderit,
1327 4677 1375 4721 cl
1397 4666 1607 4768 longum
1623 4675 1705 4768 est

157 4780 369 4829 narrare,
395 4776 484 4831 et,
518 4764 619 4819 nisi
650 4764 802 4818 fallor
822 4804 837 4825 ,
865 4760 1189 4829 superfluum
1221 4775 1233 4808 :
1264 4774 1382 4811 cum
1410 4756 1635 4811 sufﬁciat
1659 4757 1705 4811 si

157 4858 258 4923 quid
280 4857 402 4911 mihi
429 4860 483 4912 in
525 4856 628 4909 hoe
653 4854 917 4917 creditur,
950 4866 1053 4903 nou
1085 4864 1148 4903 eo
1177 4846 1371 4902 factum
1400 4849 1576 4900 animo
1603 4863 1706 4918 quo

159 4955 368 5010 gratatur;
398 4962 497 5001 nec
520 4946 740 4998 omnino
763 4959 895 4997 mea:
924 4940 1086 4994 fuisse
1115 4938 1399 4991 voluntatis
1418 4937 1706 5007 autdispo-

160 5034 353 5101 siticrnis,
382 5046 475 5091 aut
499 5033 867 5091 consensionis
887 5073 901 5097 ,
934 5039 1025 5084 aut
1050 5030 1234 5083 saltem
1262 5028 1594 5098 cogitationis
1614 5070 1627 5093 ,
1652 5036 1709 5082 ut

163 5122 304 5179 fieret.
343 5127 452 5182 lloc
482 5128 527 5181 si
562 5143 664 5180 non
695 5124 915 5179 CI'I.'(|“||l
939 5164 953 5187 ,
998 5120 1139 5189 quod
1182 5127 1317 5173 teste
1350 5118 1457 5173 Deo
1500 5118 1704 5187 loquor,

160 5215 263 5282 quid
282 5219 508 5289 amplius
536 5218 720 5273 faciam
749 5233 852 5271 non
895 5213 1083 5268 habeo.
1136 5211 1245 5281 Ego
1274 5222 1447 5266 tamen
1479 5210 1613 5264 :tltSil
1654 5218 1710 5263 υι

162 5317 238 5359 ωε
254 5308 460 5362 credam
488 5310 597 5361 [.330
622 5318 723 5361 tua:
750 5304 1023 5360 Sanctitati
1046 5301 1303 5356 malevola
1332 5308 1506 5353 mente
1524 5314 1711 5368 sugge-

161 5396 340 5451 reread
367 5397 672 5453 excitandas
700 5396 835 5450 inter
862 5409 955 5448 nos
985 5391 1319 5452 inimicitias;
1348 5406 1481 5461 quas
1508 5390 1711 5443 miseri-

165 5484 319 5540 mrdia
348 5487 553 5542 Domini
585 5487 676 5541 Dei
708 5484 874 5540 nosu'i
919 5491 1121 5537 avertat
1163 5498 1192 5534 a
1223 5480 1408 5546 nobis;
1436 5479 1527 5534 sed
1550 5520 1565 5546 ,
1597 5481 1711 5535 sine

218 5661 233 5691 ⁸
254 5667 352 5725 uss.
376 5662 756 5725 quatuordemm,
779 5673 864 5711 nec
888 5653 1331 5725 claudantsubdolo
1374 5660 1577 5725 pectore:
1601 5662 1709 5706 For-

167 5724 262 5785 teaa
284 5716 431 5773 voluit
454 5724 673 5785 attulere
694 5716 753 5772 ad
777 5736 835 5771 ea
857 5722 1127 5785 Hieronymi
1152 5724 1320 5779 verba,
1344 5716 1428 5767 nec
1451 5716 1713 5783 quilquam

165 5777 209 5835 δι
224 5794 321 5836 mea
340 5792 495 5838 mente
516 5783 735 5850 retinere,
762 5792 853 5836 etc.

1808 453 1919 508 ullo
1961 456 2182 511 nocendi
2220 459 2431 528 animo,
2465 461 2619 519 facile
2653 466 2721 523 de
2760 469 2970 530 homine
2998 475 3226 535 humana
3253 481 3380 540 vitia

1808 545 2081 613 suspicari.
2113 547 2222 603 Hoc
2260 552 2401 605 enim
2441 568 2526 608 nte
2551 554 2618 611 de
2644 556 2749 612 illis
2779 575 2986 630 zequum
3020 579 3102 623 est
3129 570 3399 642 credere,

1807 634 1852 688 si
1879 650 2000 690 vasa
2029 648 2151 693 sunt
2176 638 2407 708 Christi,
2438 658 2545 698 non
2573 645 2623 701 iu
2654 652 3052 720 contumeliam,
3085 659 3176 712 sed
3207 664 3259 713 in
3283 661 3401 721 ho-~

1807 741 1990 783 norem
2030 729 2161 785 facta
2184 774 2198 797 ,
2226 742 2280 787 et
2306 734 2560 804 disposita
2604 739 2655 792 in
2692 740 2852 796 domo
2881 760 3067 816 magna
3098 766 3127 802 a
3159 750 3266 806 Deo
3286 793 3300 815 ,
3330 754 3383 810 in

1806 833 1938 889 opus
1970 820 2164 877 bonum
2192 823 2267 893 (ll
2300 824 2429 880 Tim.
2462 844 2495 881 ιι
2517 870 2530 891 ,
2558 829 2659 895 20,
2686 830 2747 885 21
2772 831 2811 903 ).
2852 834 3000 901 Quod
3027 838 3069 892 si
3103 850 3220 909 post
3249 841 3385 900 hanc

1806 911 2195 968 attestationem
2226 930 2394 969 meam
2417 959 2432 983 ,
2465 919 2508 971 si
2543 919 2592 973 in
2642 923 2881 979 notitiam
2929 943 3111 983 eormn
3144 936 3379 1004 venerit,

1804 998 1981 1055 facere
2009 1004 2297 1070 voluerint;
2330 1021 2486 1076 quam
2514 1025 2619 1064 non
2646 1024 2791 1068 recte
2818 1015 3031 1082 faciant,
3060 1030 3113 1075 et
3134 1031 3187 1076 tu
3214 1024 3379 1081 vides.

1878 1092 1963 1146 55.
2006 1093 2155 1160 Quod
2186 1110 2313 1151 sane
2343 1100 2659 1169 scripseram
2679 1145 2693 1169 ,
2725 1107 2924 1161 nullum
2958 1126 3043 1165 mc
3070 1112 3258 1170 librum
3285 1118 3382 1172 ad-

1803 1195 1990 1236 versus
2021 1192 2070 1238 te
2108 1186 2329 1242 Romam
2368 1191 2609 1255 misisse,
2646 1195 2766 1249 ideo
2792 1199 3107 1268 scripseram
3127 1244 3142 1270 ,
3174 1208 3295 1274 quia
3329 1218 3384 1263 et

1804 1269 1923 1326 libri
1946 1288 2139 1329 nomen
2165 1278 2230 1332 ab
2253 1279 2335 1333 illa
2355 1283 2575 1352 epistola
2594 1284 2983 1358 discernebattt,
3007 1269 3144 1349 unde
3163 1269 3381 1355 omnino

1811 1366 1990 1419 nescio
2007 1368 2131 1437 quid
2150 1370 2288 1424 aliud
2310 1381 2360 1426 te
2380 1374 2591 1430 audisse
2612 1377 3062 1449 existimaveram;
3085 1397 3136 1441 et
3158 1388 3381 1446 Romam

1804 1470 1903 1510 nec
1930 1457 2097 1526 ipsam
2122 1461 2432 1530 epistolam,
2465 1465 2557 1521 sed
2587 1468 2679 1523 tibi
2724 1471 3007 1539 miseram;
3051 1487 3105 1531 et
3128 1480 3381 1540 adversus

1804 1552 1857 1599 te
1885 1561 1990 1599 non
2018 1562 2134 1601 esse
2164 1549 2480 1616 arbitrabar,
2508 1556 2649 1625 quod
2675 1559 2982 1619 sinceritate
3007 1568 3248 1623 amiciti-.e
3271 1573 3383 1629 sive

1804 1634 1868 1689 ad
1886 1637 2300 1707 admonendum,
2321 1644 2431 1699 sive
2452 1645 2517 1698 ad
2539 1655 2589 1701 te
2615 1648 2696 1702 vel
2715 1665 2800 1706 me
2825 1652 2919 1706 abs
2942 1664 2991 1709 te
3011 1658 3382 1729 corrigendum

1803 1725 1992 1781 fecisse
2016 1743 2100 1784 me
2117 1746 2387 1787 noveram.
2414 1735 2664 1807 Exceptis
2683 1750 2860 1797 autem
2883 1744 3231 1806 familiaribus
3254 1754 3377 1822 tuis,

1805 1818 2029 1887 teipsum
2057 1822 2279 1877 obsecro
2306 1840 2399 1894 per
2426 1829 2649 1897 gratiam
2677 1847 2779 1902 qua
2808 1835 3063 1909 redempti
3093 1857 3295 1913 sumus,
3328 1818 3385 1902 ut

1803 1924 2145 1982 qumcumque
2159 1922 2246 1969 tua
2260 1914 2416 1983 bona,
2431 1936 2547 1988 qua:
2563 1923 2651 1976 tibi
2668 1924 2899 1980 bonitate
2914 1928 3117 1986 Domini
3130 1948 3383 1994 concessa

1806 2008 1950 2065 sunt,
1976 2002 2027 2055 in
2053 2003 2243 2059 litteris
2263 2021 2395 2061 mets
2417 2011 2584 2077 posui,
2611 2028 2715 2067 tton
2741 2030 2823 2070 me
2838 2018 3109 2075 existimes
3131 2023 3382 2082 insidioso

1804 2092 2165 2164 hlandiloquio
2193 2099 2451 2166 posuisse.
2498 2101 2552 2156 Si
2582 2105 2707 2173 quid
2747 2117 2920 2161 autem
2954 2110 3003 2164 in
3048 2121 3097 2167 te
3137 2117 3379 2185 peccavi,

1802 2181 2036 2240 dimittas
2066 2188 2213 2242 mihi.
2242 2189 2350 2245 Nec
2390 2193 2513 2247 illml
2541 2196 2680 2265 quod
2710 2198 2776 2253 de
2820 2205 2998 2256 nescio
3035 2181 3185 2273 cujus
3215 2181 3383 2276 poetae

1805 2272 1940 2328 facto
1978 2276 2207 2346 ineptius
2234 2279 2458 2337 fortasse
2496 2300 2651 2354 quam
2686 2288 2963 2345 litteratius
2988 2308 3017 2345 a
3048 2310 3130 2348 me
3151 2310 3385 2354 Comme-

1804 2375 2063 2419 mnratum
2094 2378 2195 2433 est,
2223 2372 2449 2439 amplius
2478 2390 2634 2445 quant
2664 2376 2801 2443 dixi,
2834 2381 2899 2434 ad
2933 2392 2981 2437 te
3013 2385 3191 2442 trahas
3223 2405 3235 2441 :
3263 2404 3383 2446 cum

1804 2455 2053 2510 continuo
2072 2460 2387 2529 subjeccrim
2417 2482 2520 2520 non
2550 2468 2649 2523 hoc
2673 2469 2790 2524 ideo
2817 2489 2901 2526 me
2930 2474 3152 2547 dixisse,
3179 2490 3236 2533 ut
3260 2497 3385 2537 ocu-

1805 2544 1883 2599 los
1911 2549 2087 2602 cordis
2117 2553 2411 2622 reciperes,
2440 2572 2574 2626 quos
2605 2559 2741 2613 absit
2770 2577 3001 2632 unquam
3032 2577 3087 2621 ut
3110 2570 3382 2638 amiseris;

1804 2635 1894 2687 sed
1928 2645 1984 2690 ιιι
2009 2638 2314 2696 adverteres
2344 2660 2476 2713 quos
2497 2661 2657 2702 sanos
2687 2666 2747 2704 ac
2772 2653 2957 2721 vigiles
2985 2655 3226 2713 haberes.
3258 2660 3386 2716 Pro-

1806 2734 1921 2793 pter
1960 2728 2127 2782 solam
2169 2747 2297 2801 ergo
2344 2742 2653 2805 παλινῳδίαν,
2698 2740 2743 2793 si
2780 2742 2973 2811 aliquid
3019 2747 3384 2817 scripserimus

1803 2820 1942 2888 quod
1971 2821 2169 2892 scripto
2199 2826 2488 2892 posteriore
2515 2828 2790 2887 destruere
2820 2833 3109 2892 debeamus
3136 2841 3234 2909 (α),
3262 2842 3385 2898 inti-

1806 2911 2053 2977 tandam,
2100 2928 2203 2967 non
2256 2928 2473 2986 propter
2514 2919 2803 2978 Stesichori
2849 2927 3180 2995 cmcitatem,
3228 2948 3386 3003 quam

1807 3002 1953 3055 Cordi
1998 3014 2086 3057 tuo
2127 3020 2225 3059 nec
2272 3008 2462 3073 tribui,
2495 3026 2592 3065 nec
2622 3013 2805 3079 timui,
2850 3018 3213 3087 attingendum
3258 3022 3386 3079 illud

1805 3094 2129 3160 existimavi;
2153 3107 2308 3167 atque
2335 3099 2624 3158 identidem
2656 3121 2803 3176 rogo,
2830 3116 2885 3161 ut
2905 3124 2990 3163 me
3015 3110 3239 3168 fidenter
3260 3130 3382 3171 cor-

1805 3185 1965 3255 rigas,
1992 3186 2078 3241 ubi
2102 3190 2229 3242 mihi
2260 3190 2358 3246 hoc
2386 3207 2518 3261 opus
2540 3210 2660 3251 esse
2690 3203 3043 3268 perspexeris.
3074 3203 3384 3277 Quanquam

1805 3277 1945 3329 cnitn
1969 3280 2256 3335 secundum
2290 3281 2547 3339 honorum
2573 3287 2826 3344 vocabula
2855 3309 2971 3361 qua:
2997 3294 3103 3363 jam
3135 3296 3384 3355 Ecclesia:

1805 3380 1931 3421 usus
1960 3368 2208 3435 obtinuit,
2242 3372 2577 3444 episcopatus
2606 3379 2939 3451 presbyterio
2966 3385 3135 3454 major
3159 3388 3227 3442 sit
3255 3407 3268 3441 :
3300 3399 3380 3444 ta-

1806 3472 1925 3512 men
1968 3458 2019 3512 in
2062 3462 2241 3515 multis
2289 3465 2448 3519 rebus
2476 3468 2803 3536 Augustinus
2848 3472 3169 3547 Hieronymo
3214 3481 3387 3537 minor

1804 3555 1916 3611 est;
1943 3548 2067 3603 licet
2091 3551 2249 3605 etiam
2271 3569 2300 3605 a
2328 3556 2531 3611 minore
2557 3560 2790 3629 quolibet
2818 3578 2921 3619 non
2949 3565 3016 3619 sit
3042 3568 3345 3640 refugienda
3369 3616 3385 3640 ,

1813 3638 1895 3691 vel
1923 3639 2249 3709 dedignanda
2279 3648 2559 3703 correctio.

1881 3725 2107 3785 CAPUT
2147 3730 2211 3787 γ.
2232 3763 2301 3773 —
2322 3735 2409 3790 54.
2452 3737 2526 3792 De
2558 3737 2994 3811 interpretatione
3021 3756 3104 3803 tua
3128 3750 3237 3819 jam
3260 3752 3389 3809 mihi

1806 3821 2132 3887 persuasisti,
2160 3840 2260 3893 qua
2287 3827 2511 3883 utilitate
2532 3829 2831 3901 Scripturas
2854 3838 3078 3894 volueris
3101 3844 3389 3902 transferre

1806 3908 1875 3964 de
1899 3911 2152 3980 Hebraeis,
2174 3925 2230 3969 tit
2252 3918 2450 3974 scilicet
2474 3936 2556 3987 ea,
2579 3938 2695 3992 qum
2726 3940 2754 3978 a
2773 3925 2972 3982 Jtldzeis
2997 3935 3378 4004 przetermissa,
3460 3967 3466 3979 ν

1808 4001 1891 4055 vel
1913 4017 2160 4074 corrupta
2184 4017 2324 4075 sunt,
2351 4010 2615 4078 proferres
2641 4015 2689 4068 in
2716 4017 2967 4073 medium.
2990 4021 3092 4075 Sed
3116 4023 3383 4082 insinuare

1807 4091 2039 4162 digneris
2069 4105 2208 4165 peto,
2231 4113 2259 4151 a
2287 4100 2476 4168 quibus
2504 4102 2727 4169 Judmis,
2758 4114 2933 4160 utrum
2963 4109 3029 4161 ab
3051 4112 3129 4165 eis
3151 4112 3276 4181 ipsis
3297 4117 3388 4185 qui

1809 4191 1931 4237 ante
1952 4184 2234 4239 adventum
2266 4188 2468 4242 Domini
2502 4190 2826 4261 interpretati
2854 4207 3009 4263 sunt;
3040 4209 3092 4253 et
3120 4201 3162 4255 si
3192 4203 3257 4256 ita
3282 4184 3384 4274 est,

1809 4272 2001 4341 quibus
2023 4275 2104 4328 vel
2133 4290 2359 4345 quonam
2389 4294 2572 4335 eorum
2603 4300 2615 4334 :
2645 4298 2710 4337 an
2739 4284 2807 4339 ab
2833 4286 2946 4342 istis
2972 4293 3268 4360 posterius,
3297 4272 3388 4366 qui

1809 4374 2086 4432 propterea
2125 4369 2293 4436 putari
2325 4381 2547 4438 possunt
2584 4372 2757 4443 aliqua
2801 4376 2868 4431 de
2907 4380 3176 4438 codicibus
3199 4388 3388 4455 grzncis

1809 4455 1890 4509 vel
1920 4457 2273 4525 subtraxisse,
2306 4461 2388 4515 vel
2432 4462 2483 4517 in
2515 4466 2592 4519 eis
2636 4469 2973 4539 corrupisse,
3005 4489 3071 4529 ne
3102 4474 3207 4529 illis
3237 4480 3389 4534 testi-

1810 4548 2003 4602 moniis
2026 4548 2092 4604 de
2126 4549 2411 4605 christiana
2460 4554 2560 4610 lide
2600 4560 3059 4619 convincerentur.
3089 4566 3167 4622 illi
3208 4578 3387 4626 autem

1811 4640 2107 4696 anteriores
2152 4657 2247 4696 cur
2290 4643 2388 4700 hoc
2427 4646 2599 4704 facere
2644 4652 2944 4721 voluerint,
2992 4674 3096 4713 non
3153 4661 3385 4720 invenio.

1814 4727 2188 4786 Deiudeuohis
2209 4733 2407 4799 mittas,
2445 4737 2687 4803 obsecro,
2724 4742 3209 4813 interpretationem
3247 4762 3389 4810 tuam

1814 4820 1878 4874 de
1899 4823 2242 4892 Septuaginta
2263 4865 2277 4889 ,
2317 4841 2473 4895 quam
2501 4839 2551 4885 te
2571 4831 2800 4890 edidisse
2822 4837 3142 4894 nesciebam.
3173 4840 3388 4900 Librum

1813 4926 2022 4981 quoque
2069 4922 2248 4980 tuum,
2280 4914 2432 4985 cujus
2478 4922 2800 4977 mentionem
2844 4925 3043 4991 fecisti,
3088 4930 3153 4985 de
3180 4930 3391 5002 Optimo

1812 5016 2006 5070 genere
2053 5002 2463 5074 interpretandi,
2492 5011 2649 5080 cupio
2692 5012 2899 5083 legere,
2931 5027 2985 5071 et
3027 5019 3200 5076 adhuc
3231 5039 3389 5079 nosse

1815 5090 2080 5159 quomodo
2107 5095 2427 5164 cozequanda
2467 5098 2537 5152 sit
2566 5100 2617 5153 iu
2663 5101 2950 5172 interprete
2980 5110 3166 5177 peritia
3194 5112 3393 5182 lingua-

1816 5198 1963 5248 rum,
1996 5184 2314 5254 conjecturis
2355 5204 2539 5244 eorum
2584 5194 2671 5261 qui
2715 5191 3013 5265 scripturas
3048 5203 3390 5259 edisserendo

1815 5284 2171 5344 pertractant;
2211 5294 2344 5350 quos
2388 5296 2606 5340 necesse
2643 5297 2755 5356 est,
2794 5291 3001 5348 etiamsi
3040 5305 3195 5350 recta:
3233 5306 3390 5364 atque

1880 5473 1952 5561 (ς)
1976 5476 2190 5561 Denique
2213 5481 2525 5561 titeropymus
2546 5485 2811 5561 accessisse
2831 5486 3022 5535 videtur
3049 5487 3107 5561 ad
3140 5491 3391 5561 Augustini

1817 5537 2123 5607 sententiam
2148 5539 2192 5587 in
2231 5537 2314 5607 lib.
2353 5537 2634 5607 {adversus
2658 5545 2955 5603 Pelagianos.
2982 5561 3025 5596 c.
3060 5548 3091 5596 8
3109 5584 3123 5607 ,
3149 5537 3239 5598 ubi
3268 5537 3393 5601 his}

1821 5598 2070 5663 episcopos
2096 5601 2572 5663 irrtprehensihilent
2595 5615 2675 5655 aut
2699 5598 2878 5655 nullum
2900 5598 2981 5657 aut
3003 5598 3161 5659 rarum
3186 5598 3296 5661 esse
3318 5613 3392 5663 di-

1819 5658 1919 5716 cit;
1942 5659 2039 5741 qui;
2060 5673 2124 5741 pe
2144 5658 2267 5741 clior
2287 5661 2365 5735 vel
2389 5664 2418 5725 ἰ,
2435 5679 2491 5712 se.
2532 5673 2702 5741 netrus
2722 5669 2866 5741 juxta
2895 5670 3162 5741 atosurluiu
3202 5672 3394 5741 lanium

1820 5673 1919 5716 ett;
1977 5673 2039 5720 uq
2060 5673 2121 5721 pe
2144 5674 2252 5708 cum
2287 5673 2363 5710 vet
2390 5673 2418 5725 ι,
2435 5679 2491 5712 se
2532 5673 2695 5715 Petrus
2722 5673 2860 5728 juxta
2895 5673 3162 5730 apostolum
3202 5673 3391 5724 lanium

1820 5673 2223 5796 reprelheusilzilis
2248 5724 2405 5796 fuerit.
2441 5727 2588 5783 «Quis
2611 5728 2933 5796 indignabitur
2955 5764 2971 5789 ,
3006 5731 3183 5796 inquit,
3217 5736 3264 5784 id
3303 5738 3391 5789 sibi

1829 5732 1877 5766 re
1901 5732 2223 5770 .reueusttntts
2248 5732 2405 5773 tuerit.
2441 5732 2588 5783 «Quis
2611 5732 2716 5775 iudi-
2742 5732 2933 5778 imbitur
2955 5764 2971 5789 ,
3006 5732 3183 5796 inquit,
3217 5736 3249 5784 it

1829 5796 1853 5828 α
1874 5732 2126 5845 denegari,
2150 5785 2278 5848 quod
2302 5787 2524 5849 priucejs
2546 5743 2871 5850 Λμοδιοῗυινιιω
2893 5805 2990 5844 non
3011 5794 3177 5849 habuit
3193 5796 3214 5847 ‘l
3228 5814 3249 5844 ι
