3962 6382
516 443 673 496 mnus
694 438 812 494 fidei
835 437 1050 502 fuerint,
1067 435 1246 490 varias
1263 446 1451 503 parere
1470 431 1525 486 in
1547 431 1834 485 multorum
1858 429 2096 483 locorum

517 533 841 589 obscuritate
873 527 1164 582 sententias
1193 543 1206 578 :
1237 526 1478 595 quamvis
1510 537 1838 592 nequaquam
1870 521 1982 590 ipsa
2010 533 2100 572 va-

514 628 677 682 rietas
703 624 770 675 ab
794 621 1029 690 ejusdem
1066 618 1185 673 lidei
1217 618 1420 671 unitate
1445 616 1747 679 discordet;
1777 615 1913 669 sicut
1938 613 2096 666 etiam

513 729 652 770 mnis
676 722 928 769 tractator
945 753 958 774 ,
989 709 1276 765 sccuudum
1303 707 1545 763 eamdem
1579 707 1736 761 fidem
1763 706 1916 759 aliter
1939 713 2097 774 atque

511 808 669 863 aliter
691 805 934 861 eumdem
968 803 1138 856 locum
1172 806 1345 870 potest
1377 813 1674 868 exponere,
1700 797 1823 867 quia
1855 797 1957 850 hoc
1983 795 2097 864 ejus

511 897 810 954 obscuritas
838 895 1052 964 patitur.

581 991 670 1046 55.
714 988 835 1042 Ideo
863 996 1037 1040 autem
1059 983 1306 1040 desidero
1329 980 1832 1052 interpretationem
1862 988 2004 1033 tuam
2025 975 2097 1031 de

509 1082 878 1154 Septuaginta,
910 1088 968 1133 ut
994 1087 1047 1133 et
1083 1085 1223 1132 tanta
1272 1078 1554 1130 latinorum
1586 1074 1935 1144 interpretum
1956 1115 1971 1140 ,
2001 1069 2094 1142 qui

508 1177 918 1248 qualescumque
949 1171 1050 1226 hoc
1078 1172 1192 1225 ausi
1221 1177 1364 1236 sunt,
1393 1177 1650 1239 quantum
1682 1183 1962 1237 possumus
1993 1166 2091 1220 im-

509 1271 694 1342 peritia
711 1283 990 1323 careamus
1014 1285 1025 1318 :
1050 1276 1104 1320 et.
1125 1265 1178 1318 hi
1201 1264 1287 1332 qui
1312 1278 1396 1316 me
1418 1262 1657 1316 invidere
1673 1271 1858 1330 putant
1877 1260 2094 1315 utilibus

507 1361 776 1417 laboribus
799 1360 922 1422 tuis,
943 1355 1154 1410 tandem
1180 1352 1485 1424 aliquando,
1505 1353 1549 1406 si
1575 1352 1687 1406 fieri
1717 1361 1910 1420 potest,
1930 1351 2092 1405 intel-

507 1455 706 1526 ligant,
737 1462 1014 1522 prepterea
1043 1463 1128 1502 me
1155 1449 1296 1502 nolle
1327 1456 1469 1500 tuam
1499 1462 1562 1499 ex
1593 1446 1808 1499 hebrteo
1834 1445 2091 1513 interpre-

507 1547 760 1600 tationem
788 1543 838 1596 in
867 1540 1107 1596 ecclesiis
1146 1539 1248 1609 legi
1270 1582 1286 1607 ,
1317 1553 1382 1592 ne
1407 1546 1591 1592 contra
1617 1535 1963 1606 Septuaginta
1993 1551 2092 1590 au-

505 1635 824 1696 ctoritatem,
844 1642 1094 1702 tanquam
1113 1646 1305 1684 novum
1322 1629 1514 1700 aliquid
1533 1629 1879 1699 proferentes,
1901 1643 2092 1699 magno

505 1726 758 1782 seandalo
787 1725 1156 1794 perturbemus
1192 1723 1376 1792 plebes
1419 1721 1652 1786 Christi,
1681 1735 1905 1791 quarum
1935 1735 2092 1776 aures

508 1829 563 1878 et
585 1820 746 1876 corda
775 1820 916 1873 illam
949 1817 1438 1886 interpretationem
1469 1814 1653 1868 audire
1679 1823 2087 1879 consueverunt,

504 1927 623 1982 qua:
649 1912 810 1966 etiam
837 1910 903 1963 ab
930 1908 1200 1978 Apostolis
1227 1907 1515 1976 approbata
1553 1914 1655 1960 est.
1704 1903 1856 1960 Unde
1882 1915 1936 1960 et
1963 1904 2089 1959 illud

503 2003 642 2075 apud
669 2003 858 2060 Jonam
898 2002 1184 2072 virgultum
1215 1997 1401 2072 (Iona:
1427 2014 1511 2064 tv,
1543 1996 1654 2069 6),
1701 1999 1746 2053 si
1790 2001 1843 2052 in
1876 1999 2090 2053 hebrzeo

503 2112 602 2154 nec
626 2095 820 2151 hedera
842 2104 952 2162 est,
977 2109 1075 2150 nec
1101 2094 1372 2149 cucurbita
1393 2134 1408 2158 ,
1433 2093 1526 2147 sed
1551 2093 1732 2147 nescio
1753 2091 1879 2162 quid
1911 2091 2052 2146 aliud
2071 2133 2085 2159 ,

504 2190 641 2261 quod
661 2200 847 2244 trunco
863 2204 960 2243 suo
978 2189 1155 2243 nixum
1185 2187 1345 2242 nullis
1370 2185 1773 2240 sustentandum
1801 2185 2088 2240 adminicu-

503 2282 568 2338 lis
590 2284 852 2352 erigatur;
872 2281 1081 2335 mallem
1100 2281 1208 2349 jam
1231 2280 1282 2334 in
1300 2279 1548 2333 omnibus
1570 2279 1746 2332 latinis
1761 2279 2088 2333 cucurbitam

503 2376 628 2446 legi.
653 2374 768 2429 Non
786 2375 928 2430 enim
955 2374 1143 2428 frustra
1166 2373 1268 2428 hoc
1295 2387 1420 2443 puto
1448 2373 1788 2444 Septuaginta
1815 2373 2085 2444 posuisse,

503 2469 604 2524 nisi
638 2469 757 2539 quia
789 2478 842 2522 et
875 2468 995 2521 huic
1025 2468 1198 2521 simile
1227 2467 1484 2522 sciebant.

571 2562 662 2618 '56.
697 2561 838 2617 Satis
861 2576 946 2616 me
966 2604 978 2625 ,
1013 2562 1117 2615 imo
1143 2560 1371 2614 fortasse
1396 2561 1514 2631 plus
1543 2576 1699 2629 quam
1737 2561 1891 2626 satis,
1925 2561 2090 2615 tribus

500 2652 741 2724 epistolis
812 2652 946 2715 tuis,
1021 2651 1358 2720 respondisse
1426 2651 1658 2705 arbitror
1704 2652 1811 2722 (a);
1867 2668 2086 2722 quarum

505 2742 637 2800 duas
665 2761 757 2814 per
795 2743 1115 2815 Cyprianum
1146 2743 1360 2812 accepi,
1394 2758 1550 2798 unam
1583 2759 1675 2812 per
1705 2742 1962 2798 Firmum.
1994 2744 2088 2798 Re-

499 2838 674 2892 scribe
695 2835 835 2907 quod
861 2837 1031 2890 visum
1060 2834 1214 2890 fuerit
1239 2836 1304 2890 ad
1330 2851 1426 2890 nos
1455 2836 1538 2890 vel
1565 2836 1698 2889 alios
1727 2836 2083 2890 instruendos.

499 2928 646 2983 Dabo
670 2940 845 2983 autem
891 2943 1105 2998 operam
1137 2926 1546 2997 diligentiorem,
1585 2939 1841 2997 quantum
1882 2945 1966 2983 me
1995 2927 2088 2982 ad-

496 3019 641 3090 juvat
671 3019 943 3084 Dominus,
978 3032 1032 3072 ut
1061 3020 1250 3074 littera:
1279 3036 1410 3090 quas
1440 3023 1505 3074 ad
1539 3029 1589 3074 te
1619 3021 1814 3086 scribo,
1851 3022 1994 3090 prius
2019 3023 2086 3077 ad

500 3118 554 3162 te
583 3110 891 3176 perveniant
919 3125 1078 3178 quam
1118 3109 1182 3163 ad
1211 3126 1550 3180 quemquam,
1591 3126 1620 3164 a
1651 3128 1756 3180 quo
1788 3112 1943 3166 latius
1971 3112 2084 3167 dis-

499 3206 801 3268 perguntur.
836 3198 1028 3252 Fateor
1054 3200 1194 3252 enim
1215 3239 1230 3264 ,
1261 3215 1359 3254 nec
1401 3201 1526 3253 milii
1570 3200 1673 3255 hoc
1703 3202 1815 3256 fieri
1859 3205 1994 3258 velle
2019 3203 2087 3258 de

497 3295 600 3346 tuis
631 3291 696 3345 ad
721 3309 825 3357 me,
859 3291 998 3361 quod
1026 3291 1092 3345 de
1120 3293 1251 3346 meis
1278 3293 1345 3346 ad
1379 3303 1428 3347 te
1464 3293 1654 3346 factum
1677 3294 1970 3362 justissima
1994 3313 2086 3350 ex-

497 3383 752 3453 postulas.
790 3383 989 3437 Tamen
1036 3383 1237 3451 placeat
1283 3383 1434 3438 nobis
1475 3385 1700 3437 invicem
1742 3401 1847 3439 non
1882 3395 2082 3440 tantum

498 3472 753 3538 Charitas,
788 3490 970 3527 verum
1001 3473 1158 3528 etiam
1193 3472 1408 3526 libertas
1436 3473 1703 3538 amicitiae,
1738 3489 1804 3529 ne
1832 3475 1969 3540 apud
2000 3491 2084 3530 me

497 3573 694 3625 taceas,
716 3566 797 3616 vel
817 3580 916 3633 ego
931 3563 1069 3633 apud
1094 3572 1165 3628 te,
1185 3562 1324 3632 quod
1348 3565 1401 3617 in
1425 3566 1621 3618 nostris
1643 3565 1832 3620 litteris
1849 3566 2082 3622 vicissim

500 3669 599 3707 nos
622 3663 817 3719 movet,
849 3668 913 3707 co
941 3655 1142 3707 scilicet
1163 3655 1342 3708 animo
1365 3655 1452 3724 qui
1477 3655 1640 3710 oculis
1667 3656 1760 3712 Dei
1783 3658 1833 3712 in
1854 3658 2082 3712 fraterna

496 3743 780 3800 dilectione
809 3761 912 3798 non
939 3745 1200 3814 displicet.
1231 3747 1381 3814 Quod
1412 3749 1454 3800 si
1487 3747 1626 3802 inter
1653 3765 1750 3803 nos
1783 3749 1894 3804 fieri
1928 3766 2082 3820 posse

497 3836 613 3891 sine
631 3837 794 3906 ipsius
813 3835 1110 3894 dilectionis
1134 3840 1426 3908 perniciosa
1453 3839 1744 3896 offensione
1769 3858 1872 3896 non
1895 3854 2075 3912 putas;

496 3943 602 3981 non
628 3927 734 3981 liat.
761 3928 849 3982 llla
872 3929 1013 3983 enim
1035 3929 1266 3983 cliaritas
1287 3945 1443 4000 quam
1469 3941 1640 3986 tecum
1661 3933 1854 3988 habere
1868 3935 2077 4002 vellem,

497 4017 736 4088 profeCto
777 4018 946 4088 major
988 4029 1102 4086 est;
1141 4018 1233 4074 sed
1280 4021 1468 4076 melius
1551 4021 1663 4076 haec
1708 4023 1882 4078 minor
1921 4041 2076 4094 quam

495 4109 637 4163 nulla
665 4116 765 4164 est.

869 4177 1193 4235 EPISTOI.A
1237 4179 1499 4235 Lxxxnt
1590 4183 1680 4254 (11)..

493 4267 799 4338 Augustinus
852 4270 1033 4338 Alypio
1074 4271 1367 4339 signicans
1413 4273 1567 4325 aliam
1608 4291 1659 4327 se
1695 4275 1756 4327 de
1779 4276 1938 4343 bonis,
1965 4294 2077 4347 qua:

565 4359 767 4427 {uerunt
804 4356 1051 4411 Honorati
1081 4376 1144 4413 ea:
1171 4359 1501 4430 Tltagastensi
1531 4366 1777 4418 monacho
1803 4369 2074 4439 presbyteri

563 4447 881 4514 Thiavensis,
917 4451 1085 4504 iniisse
1121 4453 1439 4519 sententiam,
1470 4455 1657 4525 sibique
1693 4457 1894 4511 demum
1918 4463 2074 4514 satius

562 4539 719 4594 vir'eri
745 4550 798 4593 ut
822 4556 881 4594 ea
897 4542 1065 4594 omnia
1089 4542 1408 4597 hwreditario
1435 4547 1585 4599 veluti
1603 4547 1723 4618 jure
1750 4551 1945 4617 cedant,
1973 4569 2072 4606 non

563 4634 864 4688 monasterio
896 4633 1244 4705 Thagastcnsi,
1277 4637 1364 4690 sed
1389 4636 1656 4695 Titiavensi
1691 4639 1945 4696 Ecclesiw.

493 4725 718 4783 Domino
744 4727 1049 4782 beatissimo
1079 4738 1130 4782 et
1152 4730 1526 4786 venerabiliter
1551 4733 1864 4789 cbarissimo
1891 4753 1951 4792 ac
1975 4737 2070 4793 de-

561 4820 982 4876 siderantissime
1027 4822 1174 4875 fratri
1216 4830 1272 4876 et
1300 4825 1616 4894 coepisc0po
1644 4829 1868 4896 Auno,
1901 4840 1953 4886 et
1981 4833 2070 4902 qui

560 4923 737 4968 tecum
774 4925 896 4969 sunt
936 4915 1207 4980 fratribus,
1255 4917 1604 4987 AUGUSTINUS,
1650 4930 1704 4976 et
1735 4922 1822 4992 qui
1863 4940 2066 4980 mecum

565 4996 686 5058 sunt
709 5004 920 5069 fratres,
948 5006 1000 5059 in
1027 5007 1252 5061 Domino
1280 5008 1524 5064 salutem.

563 5096 612 5151 1.
647 5096 878 5150 Tristitia
928 5097 1234 5154 Thiavensis
1306 5101 1556 5156 Ecclesiae
1591 5119 1683 5158 cor
1731 5121 1905 5161 meum
1942 5123 2068 5163 con-

594 5231 728 5291 Edd.,
754 5229 939 5294 melior.
963 5240 1018 5294 at
1040 5240 1167 5294 Mss,
1183 5235 1368 5289 mlius.

592 5299 724 5353 Lov.,
1054 5291 1199 5347 Vetus
1219 5300 1371 5368 codex
1395 5302 1531 5349 Corb.
1559 5301 1754 5368 praefert
1783 5304 2060 5368 Thiavensis,

485 5357 900 5426 quemscriliciidi
926 5358 1117 5406 modum
1142 5363 1294 5426 magis
1339 5367 1438 5423 pro:
1457 5357 1618 5423 atatis;
1644 5366 1755 5426 quia
1788 5369 1833 5415 in
1861 5357 2066 5420 Indicqu

487 5418 680 5490 {assidu
707 5420 830 5490 apud
857 5428 960 5468 MSS.
989 5433 1150 5482 exemj
1170 5418 1287 5471 laria
1318 5418 1582 5490 censentur
1603 5418 1824 5490 quaedam
1847 5418 2064 5490 epistolae

488 5475 843 5540 aventibus,
870 5495 962 5531 seu
984 5475 1270 5534 commutato
1343 5487 1391 5533 in
1412 5485 1458 5546 b,
1493 5475 1823 5541 thialiensibas

590 5570 793 5625 [tepet-ta
813 5563 970 5616 selum
995 5569 1043 5616 in
1069 5577 1170 5618 MSS.
1195 5570 1256 5618 cb
1280 5576 1332 5618 et
1352 5571 1544 5620 duobus
1566 5581 1807 5634 vxprzeter
1818 5577 1934 5628 Edit.
1950 5585 2057 5632 Lov.

542 5645 617 5706 (Il)
641 5646 782 5753 Elist.
807 5647 886 5709 72,
910 5650 972 5698 75
995 5659 1044 5700 et
1065 5651 1143 5699 81.

542 5705 612 5753 (
693 5719 760 5753 tas
783 5707 903 5753 239:
929 5724 1038 5753 num
1060 5718 1143 5753 aut

542 5651 617 5706 (It)
641 5651 782 5753 Elist.
807 5651 886 5709 72,
910 5651 972 5698 75
995 5659 1044 5700 et
1065 5651 1143 5699 81.

477 5705 760 5817 Oras
783 5707 903 5759 239:
929 5724 1038 5775 quae
1060 5718 1225 5763 autem
1241 5711 1303 5762 83
1326 5718 1448 5776 erat,
1464 5725 1591 5764 nunc
1607 5711 1712 5767 224.
1738 5719 1914 5784 Scripta
1937 5723 2058 5776 circa

1735 315 1794 370 S.
1835 311 2197 370 AUGUSTINI
2230 311 2536 370 EPISCOPI

2205 427 2484 497 quiescere
2513 443 2619 484 non
2646 430 2924 500 permittit,
2945 431 3126 489 donec
3149 447 3246 491 eos
3277 441 3454 490 tecm
3491 438 3698 495 audiam
3719 445 3768 502 in

2203 519 2487 589 pristinum
2533 523 2768 577 animum
2807 525 3117 591 restitutos;
3159 527 3298 595 quod
3335 528 3442 582 cito
3483 529 3767 592 faciendum

2203 621 2305 667 est.
2337 613 2393 668 Si
2421 615 2564 669 enim
2587 615 2657 669 de
2673 615 2888 672 homine
2909 622 3018 671 uno
3040 627 3242 673 tantum
3277 623 3468 692 sategit
3501 627 3768 694 Aposloins

2200 703 2405 770 dicens,
2425 705 2507 760 Ne
2520 709 2714 780 majore
2731 708 2935 763 tristitia
2947 710 3288 777 absorbeatur,
3309 714 3394 783 qui
3415 715 3660 783 ejusmodi
3671 730 3768 787 est;

2201 797 2290 852 ubi
2315 799 2476 854 etiam
2503 801 2596 865 ait,
2634 801 2702 856 Ut
2728 817 2830 856 non
2857 804 3209 874 possideamur
3232 816 3494 872 autem;
3523 827 3626 865 non
3650 815 3768 868 mist

2199 887 2492 960 ignoramus
2519 901 2706 946 mentes
2723 893 2836 963 ejus
2860 891 2928 964 (il
2951 892 3070 948 Cor.
3099 910 3158 962 ,
3190 895 3244 960 7,
3277 897 3371 966 )
3398 915 3412 950 :
3441 910 3641 968 quanto
3667 918 3768 957 ma-

2198 979 2281 1050 gis
2302 994 2400 1035 nos
2417 990 2629 1052 oportet
2656 984 2940 1054 vigilanter
2979 1000 3157 1057 agere,
3190 1002 3260 1043 ne
3281 987 3389 1044 hoc
3409 991 3463 1045 in
3489 999 3604 1045 toto
3625 1008 3769 1066 grege

2199 1071 2530 1142 plangamus,
2557 1083 2615 1129 et
2631 1077 2859 1132 maxime
2884 1077 2939 1132 in
2958 1078 3038 1134 eis
3051 1079 3144 1149 qui
3172 1094 3317 1136 nunc
3377 1081 3650 1138 catholicae
3669 1087 3769 1155 paci

2197 1177 2558 1234 accesserunt,
2584 1177 2640 1222 et
2678 1183 2819 1239 quos
2841 1169 2993 1224 nullo
3031 1171 3193 1226 modo
3213 1173 3518 1244 relinquere
3545 1191 3765 1245 pinsum.

2197 1253 2300 1309 Sed
2328 1257 2447 1325 quia
2481 1259 2738 1326 temporis
2764 1274 2872 1314 on
2906 1262 3032 1316 sivit
3055 1265 3324 1331 angustia,
3371 1273 3423 1318 ut
3447 1265 3609 1320 simil
3633 1269 3767 1323 nobis

2199 1344 2322 1400 inde
2367 1346 2654 1417 diligenter
2689 1348 3035 1406 deliberatam
3066 1352 3251 1408 liceret
3291 1354 3531 1424 diqnarc
3569 1367 3767 1412 senten-

2199 1437 2356 1502 tiam;
2383 1437 2512 1507 quid
2529 1439 2661 1492 mihi
2685 1448 2807 1508 post
2830 1440 3132 1512 digressum
3159 1455 3400 1499 nostrum
3415 1445 3513 1500 diu
3541 1451 3766 1519 cogitanti

2197 1529 2472 1598 placuerit,
2501 1531 2726 1600 accipiat
2739 1532 3004 1588 Sanctitas
3030 1544 3118 1590 tua
3143 1554 3159 1591 :
3180 1545 3234 1591 et
3251 1538 3298 1590 si
3317 1537 3410 1592 tibi
3433 1553 3650 1610 quoque
3676 1542 3770 1611 pla-

2196 1630 2301 1687 cet,
2325 1621 2434 1690 jam
2487 1622 2679 1678 littera:
2708 1640 2840 1694 quas
2861 1625 2928 1680 ad
2961 1641 3060 1682 eos
3091 1630 3366 1684 communi
3409 1634 3631 1689 mitte
3649 1633 3768 1688 scri-

2196 1713 2278 1784 psi
2303 1711 2401 1786 (a),
2427 1715 2543 1770 sine
2561 1715 2816 1770 dilatione
2837 1717 3130 1773 mittantur.

2263 1805 2317 1859 2.
2348 1805 2536 1860 Dixisti
2555 1807 2902 1863 utdimidium
2917 1809 3166 1877 babeant,
3179 1819 3236 1866 et
3252 1811 3481 1866 alterum
3507 1813 3768 1870 dimidium

2194 1897 2273 1952 eis
2306 1911 2337 1950 a
2373 1912 2460 1953 me
2498 1898 2864 1970 undecumque
2895 1901 3280 1971 provideretur.
3313 1904 3428 1976 Ego
3453 1916 3638 1962 autem
3661 1918 3771 1978 puto

2193 1988 2316 2057 quia
2345 1988 2392 2044 si
2423 1998 2590 2043 totum
2629 1991 2709 2046 eis
2753 1990 3075 2060 auferretur,
3111 2004 3258 2050 esset
3299 1996 3443 2066 quod
3483 1997 3770 2054 diceremur

2194 2094 2300 2135 non
2326 2080 2394 2135 de
2415 2082 2636 2150 pecunia
2668 2099 2785 2150 nos,
2807 2085 2903 2139 sed
2925 2085 2994 2140 de
3009 2086 3215 2154 justitia
3245 2096 3532 2159 tantopere
3553 2090 3769 2148 laboras-

2193 2186 2272 2226 se.
2301 2171 2435 2226 Cum
2461 2187 2589 2228 vero
2629 2173 2909 2229 dimidium
2947 2178 3027 2233 eis
3055 2180 3422 2246 concedimus,
3453 2191 3513 2236 et
3537 2197 3600 2237 eo
3623 2184 3770 2239 modo

2193 2276 2314 2315 cum
2341 2263 2420 2316 eis
2446 2262 2766 2334 quandoque
2806 2267 3198 2337 componimus,
3229 2271 3361 2325 satis
3385 2273 3770 2342 apparebitno-

2193 2360 2358 2406 stram
2387 2367 2570 2407 curam
2603 2355 2733 2408 nihil
2752 2357 2896 2412 aliud
2929 2374 3086 2429 quam
3117 2362 3476 2429 pecuniariam
3506 2363 3771 2430 fuisse;'et

2193 2445 2341 2500 vides
2363 2461 2481 2515 qure
2505 2449 2766 2515 pernicies
2786 2459 3168 2522 consequatur.
3193 2454 3257 2508 Et
3277 2455 3380 2509 illis
3402 2457 3558 2511 enim
3585 2458 3770 2514 videliio

2192 2552 2314 2592 mur
2337 2537 2566 2592 alienam
2594 2555 2707 2594 rem
2729 2540 3001 2597 dimidiam
3023 2545 3239 2611 tulisse;
3261 2555 3322 2600 et
3356 2547 3434 2602 illi
3463 2550 3772 2606 videbuntur

2193 2629 2348 2683 nobis
2379 2629 2659 2686 inhoneste
2683 2642 2740 2687 et
2766 2634 2943 2704 inique
2969 2651 3028 2690 se
3055 2650 3240 2705 passos
3263 2637 3443 2704 fuisse,
3473 2651 3541 2694 ut
3569 2642 3770 2712 adjuva-

2193 2732 2378 2777 rentur
2393 2723 2459 2779 de
2484 2723 2724 2792 dimidio,
2753 2725 2895 2795 quod
2917 2735 3083 2782 totum
3111 2744 3400 2800 pauperum
3426 2731 3629 2788 fuerat.
3649 2734 3770 2789 Nam

2192 2815 2333 2884 quod
2359 2814 2561 2881 dixisti,
2585 2814 2876 2870 Cavendum
2914 2828 3007 2884 est,
3037 2835 3102 2872 ne
3123 2836 3239 2874 cum
3253 2837 3360 2876 rem
3377 2822 3595 2878 dubiant
3618 2842 3770 2898 erucae

2192 2909 2306 2962 dari
2333 2911 2582 2976 volumus,
2607 2911 2805 2978 maiora
2827 2911 3033 2966 vulnera
3054 2913 3323 2982 faciamus,
3337 2919 3675 2974 tantumdem
3694 2934 3771 2974 va-

2191 3001 2338 3066 lebit,
2367 3002 2411 3056 si
2437 3003 2514 3056 eis
2529 3001 2807 3057 dimidium
2826 3004 3169 3059 concedatur.
3192 3005 3414 3077 Propter
3431 3008 3612 3079 ipsum
3637 3013 3770 3082 quip-

2191 3109 2258 3165 pe
2275 3093 2575 3158 dimidium,
2619 3095 2692 3150 illi
2722 3111 2949 3166 quorum
2975 3100 3311 3154 conversioni
3337 3103 3629 3160 consulere
3685 3118 3769 3159 vo.

2191 3187 2386 3252 lumus,
2419 3198 2476 3242 ut
2503 3187 2606 3243 hoc
2633 3188 2881 3257 exemplo
2905 3204 3084 3243 secum
3117 3200 3323 3260 agatur,
3353 3208 3536 3247 rerum
3568 3209 3767 3249 suarum

2189 3278 2546 3333 venditionezn
2577 3294 2676 3349 per
2694 3281 3002 3334 morasillas
3022 3283 3381 3336 excusatorias
3399 3283 3617 3340 dilaturi
3638 3295 3766 3340 sunt.

2191 3370 2392 3425 Deinde
2430 3372 2622 3425 mirutn
2671 3372 2715 3424 si
2756 3370 2823 3426 de
2865 3387 2922 3426 rc
2961 3372 3122 3428 dubia
3153 3382 3234 3428 est
3281 3375 3438 3428 totius
3465 3376 3643 3445 plebis
3673 3386 3766 3432 tam

2187 3459 2388 3531 grande
2428 3461 2770 3527 scandalum,
2809 3477 2930 3516 cum
2978 3464 3262 3535 episcopos
3311 3479 3455 3530 suos,
3503 3483 3646 3538 quos
3685 3485 3766 3540 pro

2187 3567 2382 3623 magno
2429 3553 2658 3619 habent,
2704 3553 2918 3609 sordida
2955 3558 3174 3612 avaritia
3221 3559 3517 3614 maculatos
3572 3571 3763 3632 putant,

2187 3643 2315 3699 dum
2343 3645 2568 3714 maligna
2598 3646 2808 3715 species
2834 3661 2939 3702 non
2971 3648 3185 3703 vitatur.

2256 3737 2311 3792 5.
2340 3736 2471 3791 Nam
2499 3751 2620 3791 cum
2658 3738 2884 3807 quisque
2919 3737 2984 3794 ad
3012 3741 3391 3794 monasterium
3420 3735 3761 3810 convertitur,

2186 3829 2232 3883 si
2251 3828 2425 3882 veraci
2447 3827 2609 3883 corde
2631 3830 2981 3897 convertitur,
3012 3831 3139 3884 illud
3165 3846 3266 3886 non
3294 3833 3510 3903 cogitat,
3546 3837 3765 3891 maxime

2185 3920 2491 3974 admonitus
2518 3928 2771 3988 quantum
2814 3920 3011 3974 malum
3053 3923 3140 3976 sit.
3173 3923 3228 3977 Si
3259 3931 3435 3977 autem
3465 3923 3630 3980 fallax
3669 3938 3761 3987 eat,

2183 4020 2238 4066 et
2265 4027 2358 4066 sua
2389 4012 2599 4082 quaerit,
2624 4027 2728 4067 non
2758 4028 2876 4084 qua:
2914 4012 3040 4068 Jesu
3066 4015 3259 4069 Christi
3288 4014 3550 4088 (Philipp.
3575 4033 3632 4082 ,
3653 4019 3710 4074 2|
3728 4023 3760 4082 .

2183 4115 2288 4156 non
2329 4103 2490 4158 habet
2532 4103 2712 4173 utique
2730 4102 3074 4158 .charitatem.
3104 4106 3172 4160 Et
3208 4105 3334 4176 quid
3363 4109 3412 4161 ei
3453 4111 3687 4178 prodeSI,
3721 4110 3760 4165 si

2182 4193 2512 4250 distribuerit
2535 4196 2715 4249 omnia
2744 4211 2839 4250 sua
2884 4196 3220 4266 pauperibus.
3254 4208 3307 4252 et
3345 4199 3627 4256 tradiderit
3653 4217 3762 4256 cor-

2183 4301 2280 4356 pus
2301 4303 2452 4340 suum
2477 4298 2532 4341 ut
2556 4286 2742 4342 ardeat
2769 4287 2812 4357 (l
2843 4287 2961 4342 Cor.
2992 4304 3108 4354 ,
3133 4289 3226 4361 5)?
3252 4290 3364 4346 Huc
3390 4293 3617 4355 accedit,
3644 4296 3757 4364 quia

2182 4376 2332 4441 illud,
2367 4378 2498 4431 sicut
2531 4377 2642 4446 jam
2670 4378 2916 4432 collocuti
2951 4393 3154 4446 sumus,
3198 4382 3450 4453 deinceps
3471 4386 3624 4439 vitari
3651 4395 3760 4456 pot-

2180 4476 2280 4530 est,
2327 4476 2384 4520 et
2406 4467 2486 4536 agi
2529 4481 2650 4521 cum
2685 4482 2750 4522 eo
2772 4468 2859 4538 qui
2889 4471 3236 4536 convertitur,
3262 4474 3432 4528 sinon
3470 4486 3645 4544 potest
3668 4475 3758 4531 ad-

2179 4559 2314 4613 mitti
2339 4559 2406 4613 ad
2436 4559 2743 4615 societatem
2773 4562 3009 4628 fratrum,
3043 4573 3325 4634 antequam
3349 4581 3408 4621 se
3427 4568 3680 4623 omnibus
3709 4569 3759 4623 il-

2177 4652 2244 4706 lis
2265 4653 2660 4723 impedimentis
2682 4657 2907 4722 emerit,
2935 4667 2989 4712 et
3008 4673 3071 4712 ex
3091 4661 3200 4713 otio
3231 4661 3478 4716 tendatur
3494 4679 3616 4718 cum
3647 4664 3757 4734 ejus

2177 4761 2263 4800 res
2289 4748 2398 4815 jam
2419 4761 2539 4802 esse
2561 4747 2843 4804 destiterit.
2875 4750 2999 4805 llaec
3018 4763 3192 4807 autem
3225 4769 3369 4807 mors
3397 4755 3752 4825 inlirmorum,

2178 4849 2232 4894 et
2257 4849 2460 4894 tantum
2491 4841 2927 4912 impedimentum
2972 4845 3158 4899 salutis
3183 4862 3386 4913 eorum,
3437 4863 3532 4917 pro
3568 4851 3757 4917 quibus

2178 4942 2452 5004 tantopere
2478 4936 2783 4990 laboramus
2807 4945 2866 4990 ut
2895 4952 2987 4990 eos
3018 4939 3291 4992 catholicae
3322 4941 3438 5009 paci
3471 4942 3755 5008 lucremur,

2174 5027 2330 5079 aliter
2353 5026 2507 5080 vitari
2531 5043 2637 5080 non
2660 5037 2854 5096 potest,
2871 5027 2974 5082 nisi
2995 5039 3050 5083 ut
3075 5033 3409 5101 apertissime
3439 5034 3752 5105 intelligant,

2177 5116 2319 5169 mullo
2348 5117 2506 5170 modo
2533 5132 2630 5171 nos
2655 5117 2722 5172 de
2751 5119 2974 5188 pecunia
2994 5129 3235 5191 satagere
3258 5124 3307 5177 in
3340 5125 3530 5179 talibus
3556 5128 3749 5180 causis.

2173 5206 2322 5274 Quod
2339 5208 2481 5261 nullo
2505 5209 2664 5264 modo
2683 5209 3005 5265 intellecturi
3023 5222 3165 5277 sunt,
3187 5215 3286 5269 nisi
3305 5215 3446 5272 illam
3463 5233 3572 5272 rem
3592 5233 3749 5287 quam

2173 5314 2383 5368 semper
2412 5299 2708 5370 presbyteri
2739 5317 2858 5356 esse
2886 5314 3220 5373 putaverunt,
3250 5323 3431 5362 eorum
3457 5311 3631 5364 usibus

2173 5392 2500 5461 linquzmins;
2531 5393 2653 5462 quia
2675 5395 2777 5448 etsi
2798 5395 2914 5464 ejus
2936 5407 3041 5451 non
3064 5410 3196 5464 erat,
3223 5399 3322 5454 hoc
3350 5400 3419 5455 ab
3445 5401 3588 5455 initio
3610 5400 3750 5454 scire

2171 5481 2484 5539 debuerant.

2279 5593 2343 5636 tta
2365 5593 2472 5637 Mss.
2499 5596 2555 5638 At
2574 5595 2683 5664 Lov.
2709 5589 2876 5662 habet,
2899 5591 3105 5702 qui
3126 5592 3391 5653 catholicae,
3417 5605 3510 5647 etc.

2278 5649 2411 5702 Apud
2433 5655 2542 5700 Lov.
2567 5659 2818 5702 onnttttur.
2844 5666 2989 5702 constt
3008 5667 3120 5702 ere:
3165 5658 3292 5702 uuod
3319 5670 3380 5702 ex
3408 5666 3509 5702 Mss-

2278 5649 2411 5711 Apud
2433 5655 2542 5700 Lov.
2567 5653 2818 5715 omittitur,
2844 5649 3120 5716 consulere;
3165 5658 3292 5720 quod
3319 5649 3387 5707 ex
3408 5666 3509 5708 uss.
3537 5656 3747 5707 restitut-

2213 5721 2287 5757 us.

2213 5721 2287 5758 US.

2231 5790 2302 5852 ()
2327 5796 2406 5839 Hie
2431 5787 2608 5842 littera
2628 5803 2724 5842 non
2748 5800 2956 5846 exstant.

3959 2650 3962 2685 |

3955 2744 3962 2778 l

3953 2913 3962 2966 i

3957 3571 3962 3602 l

3955 3748 3962 3780 l

3957 3835 3962 3858 l
