3962 6396
578 358 684 415 205

579 477 830 536 cuiatem
864 469 991 526 illuc
1014 466 1305 523 mittamus,
1334 466 1390 511 et
1423 456 1545 509 hinc
1572 453 1894 518 auferamus,
1920 452 2010 507 ubi
2035 464 2152 506 eam

584 583 778 641 magno
814 565 989 622 cordis
1030 566 1163 614 testu
1207 550 1558 626 requirimus?
1600 549 1674 604 Da
1713 550 1887 618 itaque
1922 545 2153 641 veniam,

584 636 723 733 quod
764 670 869 712 non
917 653 1087 710 solum
1113 657 1295 705 contra
1326 657 1471 701 tuum
1509 641 1851 733 desiderium,
1876 636 1970 693 sed
1996 636 2155 733 etiam

586 727 769 807 contra
792 760 1002 803 sensum
1025 755 1199 798 meum
1234 738 1388 802 facio,
1423 734 1562 805 quod
1599 748 1683 788 me
1709 731 1903 796 facere,
1934 727 2155 783 sarcina:

592 854 788 901 nosme
824 854 953 895 cura
995 832 1327 902 constringit.
1360 828 1515 884 Dabit
1546 828 1638 882 tibi
1669 826 1941 889 Dominus,
1969 821 2023 875 in
2052 832 2158 890 quo

586 934 807 1008 posuisti
834 946 925 987 cor
950 940 1114 993 tuum,
1148 934 1205 979 ut
1228 924 1359 978 tales
1385 922 1493 976 sint
1506 920 1715 975 labores
1745 917 1839 981 tui,
1858 926 1916 969 ut
1938 928 2037 986 pro
2057 913 2160 967 isto

587 1024 846 1082 beneficio
866 1017 1256 1081 remunereris;
1283 1016 1361 1069 sic
1385 1013 1527 1069 enim
1557 1011 1832 1081 regionum
1860 1015 2158 1062 nostrarum

590 1117 973 1175 ardentissime
1004 1113 1111 1179 siti,
1143 1110 1422 1165 diaconum
1453 1105 1712 1161 Lucillum
1744 1113 1797 1157 tu
1823 1101 1996 1171 potius
2035 1112 2161 1152 con-

590 1208 819 1265 cessisti.
849 1205 1031 1275 Neque
1051 1201 1192 1257 enim
1220 1214 1403 1270 parum
1428 1194 1723 1268 prmstabis,
1746 1206 1864 1246 cum
1893 1189 1960 1243 de
1990 1188 2087 1242 hac
2107 1202 2164 1242 re

592 1300 736 1357 nulla
760 1298 1010 1367 petitione
1036 1309 1120 1349 mc
1159 1290 1381 1347 ulterius
1421 1287 1701 1349 onerabis;
1743 1299 1809 1337 ne
1850 1280 1977 1335 nihil
2022 1277 2165 1332 aliud

589 1406 747 1463 quam
771 1388 954 1442 durior
973 1397 1278 1454 appaream,
1311 1378 1597 1435 venerabili
1624 1376 1752 1430 mihi
1776 1382 1832 1429 et
1856 1380 2051 1429 sanctze
2066 1369 2168 1425 Be-

591 1478 907 1538 nevolentia:
934 1484 1059 1529 tum.

1006 1561 1333 1619 EPISTULA
1374 1556 1614 1615 LXXXV
1656 1554 1751 1628 (ο).

593 1660 901 1734 Augustinus
931 1656 1151 1711 Paulum
1192 1651 1457 1723 quemdam
1487 1649 1775 1719 episcopum
1803 1644 2056 1717 objurgat,
2083 1642 2168 1713 qui

668 1752 943 1809 Ecclesium
975 1748 1169 1801 levitate
1191 1762 1281 1798 sua
1305 1742 1520 1815 graviter
1543 1737 1860 1806 offendebat,
1889 1745 1943 1790 ut
1971 1734 2039 1789 ad
2063 1737 2172 1805 fru-

667 1861 777 1917 gem
805 1853 851 1898 et
871 1842 1102 1911 episcopo
1132 1839 1336 1908 dignam
1365 1836 1513 1888 vitam
1539 1833 1726 1886 redeat.

597 1938 823 1994 Domino
856 1931 1132 1988 sinceriter
1159 1927 1506 1984 dilectissimo
1535 1933 1590 1979 et
1614 1924 1750 1978 votis
1772 1921 2019 1977 omnibus
2042 1919 2169 1974 bea-

668 2027 912 2085 tificando
939 2024 1083 2079 fratri
1114 2031 1168 2077 et
1196 2018 1561 2076 consacerdoti
1586 2016 1764 2072 Ρωιο
1785 2014 1883 2087 (b),
1911 2015 2171 2069 AUGUSTI-

663 2138 783 2184 Nus.
808 2124 856 2173 in
887 2118 1109 2174 Domino
1135 2114 1381 2169 salutem.

669 2214 721 2269 l.
761 2211 892 2267 Tam
924 2206 1303 2263 inerorabih-m
1330 2218 1416 2257 me
1437 2215 1543 2256 non
1572 2213 1792 2255 vocares
1815 2239 1830 2263 ,
1872 2196 1973 2251 niSt
2012 2195 2172 2250 etiam

598 2302 907 2360 mendacem
939 2308 1171 2370 putares.
1195 2294 1331 2364 Quid
1360 2293 1502 2349 enim
1546 2290 1687 2346 aliud
1728 2289 1796 2344 de
1833 2288 2011 2342 animo
2054 2300 2174 2341 meo

595 2396 773 2451 credis
793 2435 807 2456 ,
834 2392 1044 2463 quando
1071 2389 1199 2444 mihi
1228 2387 1348 2441 talia
1385 2385 1573 2441 scribis
1596 2426 1611 2443 .
1635 2384 1734 2438 nisi
1763 2398 1848 2437 me
1871 2390 2052 2436 tenere
2080 2378 2177 2434 ad-

596 2503 783 2545 versus
831 2497 882 2539 te
921 2498 1128 2538 naevum
1170 2478 1449 2535 discordia:
1475 2484 1529 2532 et
1556 2474 1734 2531 odium
1764 2471 2171 2528 detestandum:

598 2580 745 2650 quasi
776 2577 827 2631 in
857 2591 914 2630 re
939 2574 1214 2629 manifesta
1243 2586 1346 2625 non
1371 2584 1609 2631 caveam,
1633 2582 1699 2620 ne
1719 2565 1837 2619 aliis
1863 2562 2173 2634 pra-dicans,

598 2671 712 2741 ipse
754 2667 1011 2737 reprobus
1054 2663 1292 2718 inveniar
1318 2661 1362 2728 (Ι
1390 2659 1507 2715 Cor.
1538 2674 1611 2718 Ix.
1644 2656 1735 2725 27)
1760 2673 1773 2721 ;
1804 2663 1895 2710 aut
1921 2654 1990 2708 ita
2018 2653 2177 2708 velim

595 2762 791 2831 ejicere
830 2757 1076 2827 stipulam
1106 2754 1173 2809 de
1203 2754 1356 2807 oculo
1387 2759 1505 2814 tuo,
1536 2758 1593 2803 ut
1623 2749 1673 2802 in
1701 2763 1819 2802 meo
1847 2745 2048 2799 trabem
2077 2759 2177 2798 nu-

598 2850 751 2906 triatu
779 2847 990 2918 (Matth.
1015 2861 1108 2906 vn,
1132 2843 1228 2917 4)?
1262 2841 1377 2897 Non
1415 2851 1497 2896 est
1534 2837 1675 2909 quod
1720 2848 1891 2908 putas.
1923 2836 2057 2890 Ecce
2082 2835 2180 2889 ite-

600 2958 718 2997 rum
740 2940 860 2993 thco
887 2948 941 2992 et
967 2946 1133 2993 testor
1164 2936 1345 2997 Deoia,
1366 2931 1486 3001 quia
1507 2931 1551 2985 si
1582 2941 1636 2983 tu
1668 2928 1761 2983 tibi
1786 2943 1850 2984 ca
1879 2927 2043 2981 velles
2061 2940 2180 2995 quae

598 3036 691 3090 tibi
722 3048 822 3102 ego
849 3030 989 3094 volo,
1008 3028 1116 3097 jam
1145 3027 1269 3082 olim
1297 3039 1517 3080 securus
1546 3023 1598 3076 in
1629 3020 1839 3074 Christo
1867 3021 2093 3082 viveres,
2125 3027 2183 3071 et.

602 3128 658 3183 in
687 3124 915 3180 nominis
954 3121 1069 3189 ejus
1092 3119 1258 3189 gloria
1286 3127 1449 3172 totam
1480 3115 1596 3185 ejus
1623 3113 1911 3168 Ecclesium
1940 3109 2180 3165 laetifica-

602 3235 710 3277 res.
746 3219 882 3273 Ecce
925 3217 1031 3285 jam
1078 3213 1262 3283 scripsi
1310 3227 1415 3266 non
1460 3219 1661 3264 tantum
1711 3218 1761 3262 te
1804 3220 1922 3263 esse
1965 3203 2179 3258 fratrem

603 3327 777 3368 meum
802 3352 817 3375 ,
848 3308 943 3363 sed
967 3308 1125 3361 etiam
1169 3304 1422 3372 collegam
1465 3316 1663 3355 memn.
1694 3296 1874 3365 Neque
1899 3295 2039 3350 enim
2071 3292 2182 3348 fieri

603 3412 809 3475 potest,
846 3411 904 3455 ut
946 3415 1050 3455 non
1099 3398 1168 3450 sit
1211 3396 1412 3464 collega
1458 3406 1607 3446 meus
1644 3390 1863 3460 quilibet
1904 3389 2185 3458 episcopus

606 3492 857 3551 Ecclesia!
881 3486 1176 3553 catholica,
1206 3484 1604 3556 qualiscumque
1629 3482 1695 3535 sit
1712 3520 1726 3544 ,
1753 3480 1899 3535 nullo
1928 3478 2183 3533 ecclesia-

604 3586 739 3640 stico
759 3584 956 3654 judicio
980 3582 1273 3636 damnatus
1304 3576 1410 3631 Sed
1433 3583 1489 3629 ut
1517 3573 1609 3628 tibi
1644 3589 1745 3626 non
1774 3570 2180 3636 communicem,

608 3679 751 3732 nulla
800 3691 957 3730 causa
995 3685 1071 3729 εει
1095 3714 1110 3739 ,
1144 3671 1243 3726 nisi
1277 3670 1398 3740 quia
1431 3668 1522 3723 tibi
1560 3665 1763 3720 adulari
1802 3682 1906 3720 non
1947 3678 2181 3734 possum.

607 3767 724 3824 Tibi
770 3767 911 3822 enim
958 3765 1185 3819 maxume
1222 3761 1424 3826 debeo,
1454 3760 1576 3831 quia
1608 3760 1662 3813 in
1685 3757 1899 3813 Christo
1931 3756 2054 3811 Jesu
2094 3771 2188 3825 per

608 3859 949 3930 Evangelinm
991 3871 1091 3926 ego
1141 3866 1193 3909 te
1235 3854 1427 3926 genui,
1477 3852 1743 3907 salubrem
1787 3849 2185 3905 mordacitatem

607 3951 880 4007 charitatis
905 3949 1164 4005 veraciter
1184 3940 1533 4017 objurgando.
1563 3944 1671 3999 Nec
1716 3945 1784 3998 ita
1828 3944 2033 4013 gaudeo
2054 3942 2186 3997 mul-

608 4054 690 4099 tos
717 4043 768 4098 in
792 4041 1083 4097 Ecclesium
1112 4038 1427 4094 catholicam
1456 4037 1739 4106 adjuvante
1766 4035 1989 4090 Domino
2017 4049 2111 4105 per
2137 4044 2187 4088 te

609 4151 729 4192 esse
772 4133 1054 4199 tollectos,
1088 4140 1145 4186 ut
1172 4147 1276 4187 non
1302 4129 1527 4185 debeam
1560 4128 1809 4198 plangere
1848 4127 2025 4195 plures
2066 4124 2188 4179 inde

606 4225 860 4296 dispergi.
905 4223 991 4279 Sic
1035 4224 1176 4279 enim
1224 4220 1510 4277 vulnerasti
1553 4218 1845 4275 Ecclesium
1887 4218 2188 4288 llipponen-

610 4334 755 4376 sem.
786 4324 842 4370 ut
882 4316 981 4369 nisi
1030 4326 1082 4369 te
1119 4315 1372 4369 Dominus
1400 4312 1646 4368 omnibus
1689 4312 1833 4366 curis
1872 4321 1926 4365 ct
1967 4311 2189 4365 sarcinis

610 4404 951 4464 siccularibus
996 4403 1330 4472 expeditum,
1380 4402 1444 4457 ad
1500 4415 1679 4455 veram
1708 4400 2062 4469 episcopalem
2109 4401 2188 4455 vi-

611 4506 717 4551 tam
760 4496 1065 4563 victumque
1112 4492 1467 4557 revocaverit,
1502 4490 1606 4544 tale
1643 4491 1831 4544 vulnus
1871 4491 2045 4545 sanari
2084 4506 2187 4547 non

610 4590 796 4660 possit.

687 4682 743 4735 9..
766 4677 897 4735 Cum
928 4686 1103 4734 autem
1129 4687 1185 4732 tu
1210 4677 1377 4749 magis
1407 4675 1683 4748 magisque
1708 4677 1979 4748 implicare
2008 4686 2059 4734 te
2084 4694 2189 4735 non

613 4788 813 4837 cesses,
847 4781 903 4826 ut
926 4770 1085 4827 etiam
1116 4768 1277 4824 rebus
1304 4768 1494 4838 quibus
1520 4768 1856 4834 renuntiasti,
1887 4778 1937 4824 te
1965 4777 2083 4839 post
2110 4785 2192 4824 re-

614 4862 996 4918 nuntiationem
1043 4859 1365 4926 inserueris,
1413 4858 1555 4929 quod
1604 4874 1703 4914 nec
1746 4858 1885 4929 apud
1938 4859 2193 4914 humanas

618 4955 761 5024 ipsas
784 4953 928 5024 leges
952 4953 1061 5008 ullo
1087 4949 1244 5007 modo
1265 4949 1482 5006 defendi
1511 4960 1717 5019 potest;
1747 4961 1801 5006 et
1828 4952 1879 5005 in
1900 4967 1961 5007 ea
1988 4952 2193 5022 profes-

619 5045 771 5101 sione
795 5045 973 5100 vivere
994 5044 1206 5109 dicaris,
1231 5043 1316 5097 cui
1346 5041 1618 5113 frugalitas
1646 5041 1893 5097 Eet'lcsize
1920 5052 2022 5097 tua:
2048 5044 2191 5099 sufli‘

618 5151 743 5193 cere
766 5151 871 5192 non
895 5136 1061 5207 possit
1084 5155 1099 5191 :
1125 5135 1307 5208 utquid
1328 5133 1523 5206 quaeris
1545 5133 1972 5189 communionem
1998 5150 2191 5202 meam,

616 5245 737 5287 cum
766 5228 951 5284 audire
988 5244 1253 5299 nunquam
1280 5228 1511 5283 volueris
1535 5225 1953 5281 admonitionem
1981 5228 2195 5282 meam?

614 5327 699 5383 An
731 5334 785 5379 ut
810 5321 1063 5394 quidquid
1092 5322 1220 5378 facis
1242 5324 1370 5380 mihi
1392 5325 1654 5395 imputent
1681 5320 1944 5386 homines,
1971 5336 2195 5391 quorum

616 5416 866 5489 querelas
907 5414 1172 5471 sustinere
1223 5431 1329 5471 non
1356 5414 1611 5487 possum?
1642 5412 1861 5469 Frustra
1895 5421 2072 5468 autem
2106 5426 2196 5467 su-

679 5548 752 5611 (ιι)
776 5545 900 5600 Alias
920 5546 1012 5598 alii
1035 5562 1048 5598 :
1073 5559 1184 5612 qua
1206 5554 1371 5598 autem
1391 5547 1599 5607 85cm,
1623 5546 1898 5598 continetur
1923 5546 2065 5608 epist.
2094 5544 2195 5596 120.

615 5612 715 5661 εειδί
736 5621 798 5660 .ta
819 5612 941 5660 forte
962 5610 1087 5660 circa
1107 5622 1169 5658 aa
1192 5611 1299 5661 405.

682 5626 751 5720 (δι
774 5680 1118 5720 cataaueusem
1140 5669 1397 5720 Eeclesiam
1418 5670 1779 5720 administrabat
1801 5670 1997 5720 raulus:
2020 5671 2195 5720 unione

682 5672 701 5733 (

733 5674 751 5733 )
774 5680 1118 5735 cataqueusem
1140 5669 1397 5735 Ecclesium
1418 5670 1779 5735 administrabat
1801 5670 1997 5733 raulus;
2020 5671 2200 5735 quippe

616 5732 662 5799 is
802 5742 854 5799 ut
875 5732 1140 5795 opinamur,
1158 5733 1241 5799 qui
1266 5735 1314 5783 in
1338 5736 1483 5797 epist.
1498 5734 1651 5799 98,9.
1678 5732 1725 5794 Ξ,
1736 5735 1915 5799 dicitur

618 5793 861 5875 Bonitacii.
879 5793 1205 5861 CataquenSis',
1221 5796 1361 5858 juxta
1372 5793 1529 5861 epist.
1554 5795 1633 5859 97,
1658 5793 1719 5845 ιι(
1733 5797 1779 5856 5.
1807 5793 2037 5859 episcopi.

2116 5899 2193 5909 ,λοι

1777 336 1835 392 S.
1873 328 2235 391 Αυουετωι
2275 330 2577 389 EPISCOPI

2260 448 2483 517 spicaris
2509 461 2603 502 eos
2623 461 2743 503 esse
2768 448 3151 505 obtrectatores
3172 457 3310 513 tuos,
3341 447 3426 518 qui
3449 447 3536 503 tibi
3551 462 3740 519 semper
3755 463 3798 512 et
3914 460 3915 471 ‘

2262 539 2315 594 in
2343 541 2448 595 vita
2474 542 2651 610 priore
2676 540 2939 597 adversati
2970 551 3111 597 sunt.
3139 541 3255 596 Non
3284 548 3368 596 est
3394 540 3497 601 ita;
3521 555 3616 594 nec
3638 542 3797 599 mirum

2262 629 2404 700 quod
2432 633 2594 687 multa
2618 642 2669 688 te
2695 634 2877 688 latent.
2905 632 3012 689 Sed
3052 633 3261 688 etiamsi
3305 632 3406 687 hoc
3440 647 3618 687 verum
3661 645 3799 703 esset,

2263 721 2395 777 nihil
2422 722 2473 776 in
2506 724 2607 778 tuis
2636 725 2871 779 moribus
2896 725 3135 780 invenire
3172 724 3469 780 delmernnt
3487 765 3502 790 ,
3529 725 3663 793 quod
3686 736 3801 781 recte

2264 814 2749 883 reprehenderent,
2792 825 2845 871 et
2889 816 3031 871 unde
3068 815 3359 871 Ecclesiam
3400 815 3802 884 blasphemareat.

2264 904 2453 960 Adhuc
2498 921 2585 961 me
2630 916 2783 977 putas
2828 907 3055 963 fortasse
3101 907 3221 962 ideo
3248 911 3346 961 ista
3375 905 3571 971 dicere,
3595 908 3805 977 quianon

2265 997 2446 1066 accepi
2474 996 2887 1053 satisfactionem
2933 1007 3099 1052 tuam.
3145 997 3255 1051 Imo
3297 1008 3572 1065 propterea
3610 997 3732 1063 dico,
3758 1014 3806 1055 ne

2268 1086 2385 1156 ipse
2427 1102 2531 1141 non
2572 1089 2769 1158 possim
2808 1090 2940 1143 satis
2970 1089 3078 1145 Deo
3109 1089 3286 1145 facere
3316 1088 3383 1144 de
3414 1088 3637 1157 peccatis
3666 1091 3803 1158 meis,

2268 1178 2313 1233 si
2342 1178 2456 1234 haec
2487 1180 2580 1233 tibi
2624 1189 2857 1237 tacucro.
2884 1180 3014 1235 Novi
3041 1181 3163 1251 quia
3188 1195 3282 1235 cor
3310 1179 3502 1244 habes,
3544 1178 3631 1234 sed
3655 1188 3703 1234 et
3727 1190 3806 1234 tar-

2268 1268 2393 1323 dmn
2421 1285 2665 1325 securum
2691 1278 2793 1335 est,
2815 1271 3026 1340 quando
3057 1271 3107 1325 in
3134 1272 3271 1326 caelo
3297 1278 3410 1336 est;
3441 1279 3493 1324 et
3520 1280 3715 1323 acutum
3738 1286 3810 1325 cor

2269 1360 2401 1416 nihil
2442 1371 2551 1428 est,
2588 1362 2800 1432 quando
2839 1363 2893 1417 in
2932 1372 3070 1418 terra
3115 1371 3218 1418 est.
3269 1362 3384 1416 Non
3414 1371 3495 1416 est
3522 1361 3809 1432 episcopatus

2268 1454 2552 1510 artificium
2577 1454 2931 1525 transigenda:
2976 1457 3098 1510 vita:
3141 1454 3363 1510 fallacis.
3396 1453 3614 1510 Docebit
3634 1463 3681 1509 te
3704 1454 3810 1524 quod

2269 1547 2392 1603 dico
2420 1549 2672 1603 Dominus
2693 1549 2855 1613 Deus,
2886 1549 2975 1619 qui
3021 1548 3113 1603 tibi
3154 1548 3462 1603 interclusit
3502 1562 3681 1602 omnes
3708 1548 3808 1612 vias,

2271 1639 2339 1693 ad
2367 1654 2500 1709 quas
2529 1639 2621 1694 illo
2649 1640 2724 1693 uti
2752 1639 2996 1703 voluisti,
3021 1649 3078 1694 ut
3107 1639 3299 1710 dirigat
3320 1648 3394 1703 te,
3425 1639 3469 1694 si
3501 1638 3813 1708 intelligas,in

2273 1730 2416 1786 illam
2444 1730 2605 1796 viam,
2638 1741 2858 1801 propter
2885 1745 3044 1801 quam
3074 1730 3449 1786 ambulandum
3479 1729 3576 1784 tibi
3600 1738 3696 1784 tam
3719 1742 3814 1784 san-

2273 1830 2359 1878 cta
2387 1822 2594 1878 sarcina
2622 1822 2866 1892 imposita
2895 1831 2999 1878 est.

2663 1912 2995 1970 EPISTOLA
3035 1912 3300 1968 LXXXVI
3316 1916 3338 1937 ‘
3361 1913 3457 1985 (ιι).

2276 2004 2586 2074 Augustinus
2610 2002 2885 2059 Caciliano
2914 2004 3118 2073 prasidi
3136 2046 3151 2070 ,
3177 2012 3231 2058 ut
3258 2021 3350 2057 suo
3380 2003 3546 2058 edicto
3569 2002 3813 2059 Donatista:

2345 2095 2401 2148 in
2428 2095 2629 2165 regione
2672 2093 2989 2165 Hipponensi
3027 2105 3073 2148 et
3116 2096 3168 2149 in
3194 2096 3369 2149 vicinis
3397 2094 3523 2150 locis
3551 2105 3762 2150 coerceat.

2279 2184 2506 2241 Domino
2534 2185 2750 2251 eximio,
2779 2193 2837 2241 et
2873 2186 2925 2239 in
2966 2184 3162 2240 Christi
3203 2184 3462 2240 cbaritate
3488 2201 3616 2240 vero
3648 2185 3821 2240 merito-

2349 2292 2451 2346 que
2477 2276 2772 2332 honorabili
2796 2291 2860 2331 ac
2879 2275 3219 2345 suspiciende
3236 2278 3253 2308 ¹
3281 2277 3390 2330 filio
3410 2277 3721 2344 Caenum,
3741 2276 3821 2331 Au-

2352 2382 2606 2423 susruvus
2634 2367 2938 2437 episcopus.
2966 2368 3018 2421 in
3052 2367 3274 2423 Domino
3302 2368 3554 2423 salutem.

2350 2458 2838 2513 Administrationis
2880 2469 2982 2512 tua:
3025 2458 3239 2512 claritas
3283 2468 3339 2513 et
3384 2458 3527 2513 fama
3583 2460 3820 2523 virtutum,
3914 2458 3915 2523 ἕ

2281 2550 2493 2620 pictatis
2522 2565 2731 2621 quoque
2754 2549 3058 2605 christiana:
3092 2549 3351 2604 laodamia
3385 2550 3657 2620 diligentia
3683 2563 3728 2605 et
3748 2550 3823 2605 ﬁda

2282 2641 2582 2707 sinceritas,
2614 2657 2732 2711 qua:
2762 2641 2854 2696 tibi
2874 2640 3053 2696 divina
3078 2657 3297 2696 munera
3321 2658 3386 2697 eo
3411 2641 3649 2698 donante
3668 2641 3823 2713 gaudet

2282 2732 2476 2786 tributa
2498 2775 2510 2793 .
2538 2748 2567 2785 ει
2600 2748 2707 2803 quo
2744 2748 2929 2803 Speras
2958 2735 3297 2802 promittente
3334 2736 3540 2804 potiora
3562 2776 3579 2799 ,
3606 2738 3823 2790 excitave-

2285 2832 2410 2878 runt
2439 2838 2546 2888 me,
2578 2834 2636 2878 ut
2668 2823 2770 2879 hoc
2796 2824 3071 2894 epistulari
3111 2825 3344 2895 alloquio
3381 2834 3551 2881 aestus
3596 2842 3825 2883 causarum

2284 2930 2519 2970 mearum
2539 2930 2659 2969 cum
2676 2914 2998 2970 Excellentia
3023 2916 3248 2985 partirer
3269 2926 3354 2970 tua
3376 2918 3418 2967 ⁸.
3442 2917 3707 2984 Quantum
3721 2920 3827 2973 enim

2285 3022 2383 3077 per
2409 3006 2544 3061 alias
2575 3007 2766 3062 Africae
2794 3016 2964 3063 terras
3010 3018 3062 3063 te
3105 3009 3293 3063 unitati
3335 3008 3621 3064 catholica:
3649 3008 3829 3064 mirabili
3914 3016 3915 3023 ‘

2284 3098 2519 3154 efﬁcacia
2565 3099 2895 3155 consuluisse
2932 3100 3253 3171 gaudemus,
3283 3110 3485 3156 tantum
3513 3102 3749 3158 dolemus
3770 3116 3833 3155 re-

2283 3189 2496 3259 gionem
2526 3189 3261 3261 llipponensium-Regiorum
3299 3202 3354 3247 et
3376 3192 3425 3248 ei
3472 3193 3678 3249 vicinas
3699 3200 3832 3263 partes

2285 3284 2522 3339 contines
2548 3282 2827 3347 Ntunidiaz,
2856 3285 3137 3354 phasidiali
3163 3285 3183 3316 ³
3208 3284 3366 3340 edicti
3406 3286 3481 3340 tui
3521 3288 3703 3359 vigore
3728 3302 3830 3342 non-

2286 3373 2412 3429 dum
2439 3375 2675 3444 adjuvari
2706 3377 2986 3440 meruisse,
3012 3375 3224 3431 domine
3248 3377 3444 3433 eximie
3462 3420 3477 3441 ,
3503 3387 3557 3433 et
3585 3379 3642 3433 in
3669 3376 3833 3434 Christe

2286 3463 2546 3519 charitate
2587 3479 2713 3519 vere
2755 3466 3049 3535 meritoque
3080 3464 3406 3520 honorabilis
3434 3482 3498 3521 ac
3538 3466 3835 3538 suspiciende

2289 3554 2383 3609 illi.
2415 3555 2566 3621 Quod
2606 3570 2673 3610 ne
2708 3570 2841 3611 mea:
2882 3558 3056 3624 potius
3098 3557 3430 3627 negligentia:
3455 3557 3750 3628 deputetur,
3770 3556 3835 3625 qui

2288 3646 2641 3715 episcopalem
2668 3646 2932 3701 sarcinam
2962 3645 3203 3715 Hippone
3240 3647 3482 3702 sustineo
3500 3688 3515 3712 ,
3544 3657 3652 3703 tute
3676 3646 3835 3716 Magni-

2289 3736 2516 3792 ficentia:
2535 3752 2641 3791 non
2668 3735 2946 3792 tacendum
2971 3738 3166 3807 putavi.
3184 3737 3451 3806 Quantum
3472 3740 3634 3792 etiam
3659 3739 3707 3792 in
3726 3751 3837 3791 caut-

2290 3843 2359 3898 po
2387 3828 2708 3900 Iitpponensi
2737 3828 2984 3885 hzeretica
3018 3840 3301 3899 prmstnnat
3328 3830 3575 3897 audacia,
3609 3831 3653 3884 si
3680 3846 3739 3885 ex
3760 3831 3838 3882 ira-

2292 3920 2458 3975 tribus
2482 3928 2535 3975 et
2564 3919 2781 3990 collegis
2810 3904 2973 3988 meis,
2991 3922 3081 3990 qui
3110 3922 3222 3975 lucc
3252 3932 3353 3976 tua:
3393 3922 3714 3976 thlimitati
3742 3936 3835 3975 uar-

2290 4026 2411 4066 rare
2443 4019 2729 4082 poterunt,
2758 4012 2841 4066 vel
2870 4028 2937 4068 ex
2976 4012 3285 4083 presbytero
3325 4028 3484 4082 quem
3525 4029 3646 4068 cum
3688 4011 3839 4067 litteris

2292 4102 2442 4168 misi,
2475 4101 2638 4158 fueris
2662 4102 2843 4157 audire
2871 4102 3135 4173 dignatus,
3177 4104 3461 4173 adjuvante
3502 4104 3722 4159 Domino
3759 4103 3840 4157 Deo

2292 4204 2502 4258 nostro,
2532 4194 2712 4262 procul
2749 4193 2910 4247 dubio
2941 4193 3240 4265 providebis
3283 4205 3337 4249 ut
3382 4206 3559 4249 tumor
3601 4196 3837 4263 sacrilega

2292 4286 2538 4341 vanitatis
2569 4286 2817 4342 terrendo
2841 4296 3058 4342 sanetur
3084 4288 3255 4358 potius
3280 4304 3439 4358 quam
3466 4288 3759 4345 ulciscendo
3777 4301 3843 4341 re-

2293 4384 2518 4431 secetur.

2671 4467 2996 4524 EPISTOLA
3041 4469 3322 4527 LXXXVII
3351 4477 3391 4496 “
3425 4473 3523 4547 (ὁ).

2294 4556 2602 4627 Augustinus
2650 4556 2873 4613 Emerita
2921 4560 3215 4627 donatista',
3243 4563 3520 4619 adhortans
3557 4576 3614 4620 ut
3654 4564 3843 4619 altendat

2366 4637 2412 4681 et
2441 4629 2778 4698 respondeat,
2810 4646 2910 4699 qua
2928 4632 3071 4701 justa
3097 4649 3250 4686 causa
3287 4636 3505 4689 sclaisma
3545 4638 3789 4690 moverint.

2294 4719 2641 4778 Desiderabili
2667 4733 2721 4777 et
2740 4722 2934 4779 dilecto
2957 4725 3101 4780 fratri
3133 4726 3371 4783 Ειιειιιτο
3398 4726 3495 4801 (τ),
3519 4732 3845 4786 Αυιιυετιιιιις.

2368 4816 2421 4871 1.
2464 4814 2573 4886 Ego
2594 4831 2715 4871 cum
2752 4816 2913 4871 audio
2944 4835 3261 4889 quemquam
3288 4819 3427 4876 bono
3448 4822 3656 4893 ingenio
3682 4819 3849 4891 praedi—

2361 4934 2379 4998 }
2404 4936 2512 4998 uss.
2534 4929 2735 4998 aliquot,
2758 4929 3060 4998 suscipitunde
3087 4944 3105 4983 :
3132 4939 3184 4982 et
3206 4934 3255 4982 in
3277 4945 3482 4998 corpore
3516 4933 3757 4998 διέκαιε,
3790 4943 3851 4982 su-

2297 4990 2541 5058 scipimde
2552 4990 2653 5058 ﬂii.
2680 4994 2763 5041 llic
2786 4990 2895 5055 ipse
2914 5001 3014 5058 est,
3040 5001 3093 5043 ut
3117 5002 3313 5058 putant,
3346 4990 3622 5058 Caeciliatius
3641 4997 3721 5058 qui
3745 4990 3851 5044 Pre-

2299 5054 2424 5120 torio
2447 5054 2704 5120 praefectus
2725 5054 2893 5120 postea
2908 5054 3007 5120 fuit
3041 5054 3254 5120 τηις-409,
3300 5057 3478 5120 cuique
3500 5054 3695 5108 alter-ain
3719 5067 3851 5117 augu-

2298 5114 2459 5165 stinus
2479 5114 2738 5177 epistolam
2752 5116 2941 5178 scripsit
2961 5128 3039 5165 an.
3064 5117 3173 5165 415.

2363 5178 2386 5246 ξ
2406 5182 2471 5246 tta
2492 5182 2773 5246 prope
2787 5177 2973 5228 omnes.
2994 5186 3046 5246 ᾼι
3189 5213 3203 5239 ,
3212 5178 3509 5231 excellentia:
3518 5180 3745 5246 aperirem
3756 5185 3850 5228 tum.

2367 5239 2387 5303 ξ
2418 5243 2500 5303 ms:
2526 5235 2844 5303 'l‘ell’erianus,
2869 5251 2982 5303 prgz.
2994 5236 3174 5290 idiotis.

2364 5296 2697 5410 ὲείέξὶιδῗιοῖιιιιι
2719 5297 2786 5348 hl.
2811 5296 2889 5349 αις.
2916 5300 2965 5349 ιι.
2990 5314 3073 5364 g3.
3099 5315 3142 5351 r.
3162 5308 3199 5351 t.
3223 5316 3298 5353 vc.
3324 5305 3480 5354 tribus
3499 5319 3547 5355 ν.
3576 5312 3625 5355 et
3642 5315 3747 5354 cum
3766 5308 3853 5348 Am-

2301 5369 2412 5411 Bﬂd.
2438 5369 2512 5409 El‘.
2538 5369 2646 5410 LOV.

2435 5424 2779 5493 ltecensuimus
2811 5422 2934 5493 hanc
2955 5423 3013 5493 ad
3036 5436 3082 5473 a.
3108 5424 3190 5493 bg.
3211 5422 3283 5493 bl.
3306 5439 3349 5476 c.
3372 5441 3442 5478 cc.
3462 5427 3511 5477 ff.
3537 5443 3587 5493 ε.
3609 5443 3679 5493 gv.
3696 5439 3743 5475 n.
3763 5436 3800 5472 r.
3818 5436 3852 5471 s.

2302 5486 2378 5536 sb.
2401 5491 2438 5534 t.
2458 5496 2532 5546 vc.
2552 5491 2757 5546 quatuor
2781 5499 2826 5535 v.
2852 5492 2903 5534 et
2924 5485 2982 5534 ad
3007 5498 3105 5535 am.
3133 5485 3242 5537 uad.
3264 5494 3336 5536 Er.
3363 5496 3471 5539 Lor.

2303 5544 2586 5658 an(a101:t5litts'
2606 5545 2668 5595 60
2692 5560 2705 5595 :
2730 5558 2840 5609 qua:
2869 5554 3032 5598 autem
3054 5548 3117 5598 86
3140 5561 3275 5610 erat,
3299 5563 3425 5602 nunc
3446 5552 3523 5601 36.
3549 5552 3712 5613 Scripta
3748 5545 3857 5595 faue

2366 5671 2437 5735 (ιι)
2464 5669 2585 5721 Alias
2609 5670 2699 5720 164
2720 5685 2733 5720 :
2752 5684 2871 5735 quae
2892 5678 3055 5721 autem
3077 5671 3136 5721 87
3162 5679 3289 5735 erat,
3317 5687 3443 5724 nunc
3474 5673 3581 5724 210.
3605 5672 3771 5734 scripta
3788 5679 3856 5716 18-

2306 5732 2400 5800 405
2420 5732 2504 5800 aut
2527 5740 2651 5800 post,
2676 5734 2764 5800 sed
2779 5732 2900 5800 ante
2924 5746 3003 5782 au.
3029 5734 3137 5800 fill.

2374 5793 2442 5855 (ιε)
2467 5793 2704 5845 Emeritos
2726 5796 2845 5845 civis
2873 5798 3179 5848 Cteste'ieusis
3210 5797 3260 5845 in
3281 5797 3578 5861 Mauritania,
3610 5795 3764 5860 ibique
3784 5796 3863 5843 Do-
