3962 6376
193 335 289 395 297

192 461 320 516 tam,
358 443 716 517 doctrinisque
752 439 1058 501 likralibus
1097 442 1398 508 eruditum,
1442 456 1744 514 quanquam

185 554 282 595 non
306 537 375 595 ibi
393 537 529 593 salus
552 537 744 591 anima:
760 535 1049 591 constituta
1070 534 1159 600 sit,
1182 542 1359 591 tamen
1380 534 1432 589 in
1453 534 1746 604 quaestione

183 630 446 693 facillima,
475 627 673 683 sentire
716 625 859 683 aliud
895 640 1055 698 quam
1094 627 1288 681 veritas
1327 626 1590 697 postulat,
1637 641 1745 696 quo

179 721 334 791 mgis
354 720 537 783 miror,
568 734 636 775 eo
660 719 827 789 magis
852 717 1144 774 esardesco
1172 733 1328 773 nosse
1358 717 1626 774 hominem
1647 759 1663 785 ,
1690 726 1745 772 et

181 829 288 869 cum
313 826 378 867 eo
397 811 624 881 colloqui
649 828 665 865 :
692 810 775 866 vel
801 811 847 865 si
873 810 924 865 id
952 826 1058 868 non
1087 810 1310 881 possim,
1339 810 1527 865 saltem
1553 809 1742 865 litteris

179 920 284 977 qua:
306 903 605 976 longissime
630 903 843 969 volant,
870 902 1132 973 attingere
1159 912 1391 959 mentem
1416 901 1552 972 ejus,
1582 910 1742 972 atque

180 997 320 1053 abeo
345 995 574 1050 vicissim
602 994 787 1063 attingi
821 992 1087 1050 desidem.
1133 994 1283 1049 Sicut
1326 1002 1378 1048 te
1419 1008 1540 1048 esse
1584 992 1741 1048 audio

181 1089 321 1145 talem
341 1088 531 1150 virum,
559 1095 613 1141 et
640 1085 709 1140 ab
734 1084 969 1141 Ecclesia
997 1082 1282 1152 catholica,
1307 1099 1426 1154 qua:
1452 1084 1590 1139 sicut
1612 1098 1738 1138 san-

178 1190 254 1237 clo
286 1179 481 1250 Spiritu
525 1179 876 1250 prienuntiata
915 1187 1032 1243 est,
1073 1186 1183 1234 toto
1226 1177 1356 1233 orbe
1399 1176 1736 1243 diffunditur,

184 1272 486 1345 discerptum
514 1272 672 1327 doleo
693 1284 854 1343 atque
878 1271 1183 1335 seclusum;
1221 1286 1379 1340 quam
1421 1270 1491 1324 ob
1523 1285 1738 1326 causam

180 1365 359 1422 nescio.
379 1363 512 1420 Nam
538 1372 745 1419 certum
772 1373 853 1418 est
878 1377 1082 1433 magna:
1121 1363 1261 1431 parti
1307 1362 1534 1416 Romani
1570 1361 1736 1426 orbis,

180 1473 240 1514 ne
259 1457 419 1513 dicam
439 1457 600 1511 etiam
629 1455 868 1510 barbaris
894 1455 1161 1525 gentibus,
1190 1454 1383 1524 quibus
1410 1468 1619 1525 quoque
1645 1455 1741 1510 de-

182 1548 377 1605 bitorein
419 1564 483 1604 se
527 1547 736 1603 dicebat
763 1547 1050 1617 Apostolus
1080 1544 1254 1619 (Rom.
1283 1562 1331 1615 ι,
1361 1546 1449 1618 ll)
1468 1587 1485 1613 ,
1512 1562 1738 1618 quorum

178 1641 451 1698 christiana:
474 1640 600 1697 fidei
620 1638 926 1696 communio
952 1648 1131 1711 nostra
1159 1639 1480 1703 contexitur,
1506 1638 1737 1709 ignotam

177 1746 281 1791 esse
301 1743 504 1803 partem
536 1732 759 1799 Donati;
785 1747 885 1787 nec
908 1745 1003 1788 eos
1025 1730 1244 1787 omnino
1263 1732 1402 1787 scire
1422 1732 1504 1787 vel
1530 1731 1739 1803 quando

179 1828 247 1883 vel
280 1826 461 1898 quibus
503 1826 678 1882 causis
722 1835 909 1882 exorta
938 1825 1007 1880 sit
1033 1825 1132 1880 ista
1158 1824 1439 1881 dissensio.
1468 1823 1615 1892 Quos
1640 1826 1740 1880 uti-

177 1932 266 1991 que
304 1932 491 1974 onines
527 1917 860 1973 Christianos
886 1916 955 1972 ab
981 1916 1061 1972 eis
1084 1915 1393 1971 criminibus
1436 1932 1555 1987 qua:
1596 1914 1741 1971 Afris

174 2012 395 2082 objicitis,
425 2011 534 2066 nisi
561 2010 877 2066 innocentes
900 2024 1021 2065 esse
1051 2008 1287 2077 fatearis,
1310 2010 1521 2081 cogeris
1534 2008 1735 2077 dicere,

176 2105 389 2160 omnium
415 2103 578 2159 malis
598 2102 753 2158 factis
775 2102 1060 2169 obnoxios,
1087 2116 1210 2157 cum
1239 2101 1379 2173 apud
1406 2118 1501 2157 vos
1524 2101 1737 2172 perditi,

178 2208 228 2255 ut
246 2198 412 2252 mitius
434 2196 703 2260 dixerim,
732 2195 933 2261 latent,
964 2209 1063 2251 vos
1098 2208 1287 2250 omnes
1329 2208 1450 2249 esse
1489 2194 1738 2264 pollutos.

176 2286 274 2345 Non
310 2289 446 2345 enim
497 2287 766 2343 neminem
791 2286 859 2342 de
883 2295 1062 2341 vestra
1099 2284 1473 2342 communione
1515 2285 1739 2356 pellitis;

184 2388 262 2435 aut
283 2388 400 2435 tunc
443 2380 675 2451 primum
719 2377 936 2448 pellitis,
968 2392 1091 2432 cum
1135 2376 1364 2447 primum
1409 2375 1567 2441 illud,
1602 2374 1743 2431 unde

178 2470 426 2541 pellendus
446 2480 558 2538 est,
574 2470 873 2526 fecerit.An
896 2485 1002 2525 non
1028 2468 1299 2539 aliquanto
1319 2478 1559 2537 tempore
1583 2467 1745 2523 laten-

178 2572 306 2629 tem,
343 2572 397 2620 et
436 2573 623 2635 postea
677 2562 945 2633 proditum
992 2561 1403 2632 convictumque
1448 2560 1743 2618 damnatis?

178 2656 348 2722 Quieto
387 2657 545 2728 igitur
592 2664 771 2710 utrum
812 2670 908 2711 vos
946 2652 1389 2710 conlaminavcrit
1412 2667 1479 2708 eo
1506 2662 1743 2723 tempore

182 2762 277 2817 quo
318 2747 544 2804 latebat?
593 2745 1004 2818 Respondebis:
1032 2744 1190 2802 Nullo
1228 2744 1408 2801 modo.
1435 2740 1591 2800 Null’o
1615 2760 1743 2817 ergo

186 2848 399 2909 tempore
410 2840 819 2904 contaminaret,
842 2838 1051 2894 etiamsi
1071 2851 1284 2908 semper
1303 2835 1358 2892 id
1378 2836 1597 2903 lateret;
1622 2852 1743 2892 nam

179 2940 228 2986 et
264 2941 578 2987 mortuorum
626 2931 881 2987 nonnulla
928 2944 1074 3001 smpe
1110 2927 1395 2985 commissa
1425 2928 1742 3000 produntur,

177 3038 266 3079 nec
287 3023 449 3080 fraudi
474 3033 564 3081 est
591 3023 935 3090 Christianis,
956 3023 1048 3095 qui
1075 3024 1155 3078 eis
1176 3022 1637 3078 communicavere
1661 3022 1743 3077 vi-

179 3115 415 3172 ventibus.
446 3117 560 3172 Cur
584 3131 717 3187 ergo
738 3131 835 3171 vos
866 3124 971 3170 tam
1000 3114 1279 3170 temeraria
1304 3123 1463 3184 atque
1486 3113 1745 3184 sacrilega

177 3208 502 3281 diremptione
514 3209 835 3282 praicidistis
846 3224 876 3263 a
887 3207 1266 3263 communione
1282 3205 1741 3262 innumerabilium

177 3302 508 3359 Ecclesiarum
546 3301 898 3357 Orientalium
918 3343 933 3368 ,
962 3314 1096 3371 quas
1130 3314 1345 3371 semper
1372 3298 1544 3367 latuit,
1570 3306 1625 3353 et
1646 3297 1743 3352 ad-

176 3393 266 3451 huc
289 3396 408 3451 latet
426 3393 577 3467 quod
604 3394 658 3449 in
688 3392 864 3449 Africa
888 3401 1098 3465 gestum
1138 3406 1259 3448 esse
1300 3400 1391 3446 aut
1423 3389 1628 3446 docetis
1653 3398 1746 3445 aut

177 3488 385 3559 fingitis?

231 3578 281 3634 2.
307 3579 416 3635 Alia
454 3580 607 3636 enim
646 3578 873 3650 quaestio
909 3587 1012 3645 est,
1043 3587 1218 3633 utrum
1250 3578 1339 3633 illa
1367 3592 1493 3633 vera
1529 3576 1740 3647 dicatis,

177 3685 279 3741 qua
313 3671 524 3743 quidem
579 3685 679 3727 nos
715 3670 886 3726 multo
922 3669 1368 3741 probabilioribus
1413 3668 1745 3725 documentis

179 3761 290 3818 falsa
302 3779 417 3821 esse
441 3764 839 3833 convincimus,
857 3773 911 3820 et
933 3764 985 3819 in
1006 3762 1198 3819 vestris
1224 3763 1391 3834 magis
1408 3778 1471 3818 ea
1496 3763 1610 3835 ipsa
1626 3779 1746 3835 quae

178 3854 401 3925 objicitis,
434 3868 568 3913 tunc
591 3857 813 3928 probata
854 3855 1205 3911 declaramus.
1234 3856 1342 3913 Sed
1367 3854 1502 3923 haec,
1529 3867 1588 3911 ut
1611 3856 1739 3925 dixi,

177 3948 264 4003 alia
286 3952 506 4022 qmtio
532 3960 640 4015 est,
659 3960 786 4006 tunc
808 3949 1162 4021 aggredienda
1176 3958 1229 4006 et
1248 3949 1597 4019 discutienda,
1623 3966 1742 4006 cum

176 4058 290 4113 opus
315 4044 490 4102 fuerit.
523 4044 667 4100 Illud
691 4059 834 4100 nunc
848 4043 1087 4101 attendat
1106 4043 1371 4115 vigilantia
1397 4046 1587 4099 mentis
1618 4054 1740 4112 tua),

177 4139 418 4195 neminem
448 4139 805 4195 contaminari
832 4152 988 4209 posse
1017 4140 1313 4209 ignotorum
1340 4138 1533 4209 ignotis
1568 4139 1743 4195 crimi-

177 4230 332 4285 nibus.
355 4230 505 4288 Unde
531 4230 875 4287 manifestum
892 4241 977 4286 est
1000 4246 1029 4285 a
1059 4231 1432 4286 communione
1460 4231 1625 4298 orbis,
1658 4232 1745 4287 cui

176 4325 256 4365 seu
274 4314 393 4370 falsa
421 4331 520 4371 seu
542 4330 670 4372 vera
706 4315 930 4370 crimina
963 4330 1081 4386 quae
1105 4314 1246 4370 Afris
1270 4314 1563 4383 intenditis,
1595 4330 1747 4386 pror-

176 4416 253 4459 sus
278 4406 448 4477 ignota
476 4416 607 4463 sunt
645 4416 702 4463 et
741 4407 917 4477 ignota
959 4421 1172 4477 semper
1208 4405 1441 4473 fuerunt,
1487 4407 1745 4479 sacrilego

178 4494 438 4554 schismate
463 4512 567 4554 vos
594 4512 715 4554 esse
741 4507 1014 4569 separatos
1043 4515 1057 4551 :
1089 4513 1391 4569 quanquam
1411 4508 1464 4553 et
1491 4498 1618 4553 illud
1637 4514 1744 4554 non

177 4596 244 4641 est
271 4591 571 4657 tacendum,
602 4590 764 4646 etiam
793 4589 1032 4661 cognitos
1052 4590 1221 4644 malos
1244 4590 1397 4645 bonis
1423 4605 1525 4644 non
1556 4591 1745 4647 obesse

179 4676 224 4731 in
245 4678 497 4749 Ecclesia,
527 4680 575 4736 si
609 4695 704 4736 eos
729 4695 761 4736 a
786 4680 1161 4736 communione
1189 4680 1505 4750 prohibendi
1539 4691 1629 4736 aut
1654 4698 1746 4752 po-

180 4775 322 4826 testas
340 4771 497 4839 desit,
527 4780 623 4827 aut
645 4770 817 4843 aliqua
846 4771 982 4827 ratio
1010 4771 1387 4826 conservandae
1414 4774 1558 4842 pacis
1578 4773 1745 4843 impe-

178 4859 287 4917 diat.
314 4863 414 4933 Qui
438 4873 567 4921 sunt
585 4863 748 4930 enim,
780 4863 869 4934 qui
895 4863 1034 4934 apud
1062 4862 1371 4934 prophetam
1393 4864 1741 4935 Elechielem,

180 4960 347 5011 stante
361 4956 717 5012 vastationem
741 4954 1071 5026 perditorum
1105 4954 1304 5027 signari
1331 4964 1658 5023 meruerunt,
1690 4966 1746 5013 et

183 5049 366 5105 αωἱυί
379 5058 717 5105 vastarentur
726 5048 954 5104 evadere
974 5048 1127 5104 illaesi
1143 5045 1355 5121 (Each.
1373 5064 1452 5116 ix,
1466 5048 1597 5122 4-6),
1618 5049 1742 5117 nisi,

187 5145 235 5190 ut
248 5136 308 5193 ibi
335 5139 768 5195 manifestissime
783 5139 1100 5207 ostenditur,
1118 5140 1207 5210 qui
1226 5148 1452 5196 maerent
1466 5150 1519 5195 ct
1532 5152 1747 5212 gemunt

184 5238 375 5295 peccata
411 5240 467 5286 et
502 5230 809 5301 iniquitates
831 5224 1014 5302 pepuli
1043 5229 1156 5298 Dei,
1187 5246 1305 5303 qua:
1331 5230 1464 5287 liunt
1490 5232 1543 5287 in
1571 5232 1746 5289 medio

182 5323 373 5379 eorum!
381 5325 505 5397 quis
515 5334 690 5380 autem
701 5324 843 5396 quod
857 5324 1080 5396 ignorat,
1094 5324 1257 5396 gemit
1270 5333 1324 5381 et
1335 5326 1559 5381 maeret?
1570 5326 1644 5382 Ex
1656 5341 1747 5381 ea-

181 5411 508 5473 dcmratione
527 5416 687 5473 etiam
706 5416 900 5473 Paulus
915 5417 1200 5488 Apostolus
1221 5418 1379 5475 falsos
1399 5417 1591 5474 fratres
1612 5418 1746 5474 tole-

184 5514 271 5563 rat.
283 5507 392 5568 Non
402 5509 549 5567 enim
564 5512 629 5569 de
644 5512 924 5584 incognitis
933 5513 1007 5568 ait
1020 5529 1034 5568 :
1051 5510 1237 5567 Omnes
1250 5513 1381 5567 enim
1391 5529 1485 5568 sua
1494 5522 1743 5583 quarunt,

185 5664 447 5717 natistarum
460 5668 728 5733 episcopus
746 5666 870 5733 fuit,
892 5679 1212 5733 unuseorum
1232 5676 1424 5733 septem
1445 5680 1573 5733 quos
1596 5667 1665 5733 illi
1689 5670 1746 5722 ad

184 5736 308 5776 πω
325 5728 556 5779 tuendam
575 5728 765 5778 musam
797 5729 848 5777 in
875 5729 1131 5779 collatione
1152 5728 1513 5792 Carthaginen'si
1544 5729 1749 5794 delege-

185 5796 305 5849 rant;
330 5800 392 5840 ex
417 5789 487 5839 lib
530 5788 563 5838 2
583 5796 782 5840 ttetract.
807 5802 851 5839 c.
874 5791 952 5840 5l.

446 5872 670 5937 Sacr.
698 5873 971 5941 Accusa.
1010 5874 1098 5941 ll.

1342 328 1664 386 EPISTOL’A
1672 326 1817 385 RUM
1853 328 2130 389 CLASSIS
2163 333 2227 389 il.

1854 457 1955 497 non
1980 458 2095 513 qua
2116 444 2241 499 Iesu
2267 444 2452 501 Christi
2477 447 2748 523 (Philipp.
2772 468 2829 522 ιι,
2860 454 2975 527 21);
2993 471 3127 529 quos
3151 470 3325 520 tamen
3349 481 3439 523 se-

1852 547 1988 628 cum
2002 534 2165 591 fuisse
2192 537 2513 595 manifestat.
2534 542 2612 597 Ex
2637 559 2744 615 quo
2763 556 2939 603 autem
2957 565 3150 620 genere
3177 568 3319 623 sunt,
3343 560 3436 628 qui

1852 626 1936 683 vel
1954 626 2255 687 thurifieare
2271 631 2442 700 idolis,
2472 635 2553 689 vel
2568 636 2791 695 Codices
2812 641 3018 699 divinos
3033 646 3259 717 tradere,
3278 626 3435 720 quam

1852 720 1987 775 mori
2019 723 2344 793 maluerunt,
2376 727 2477 782 nisi
2499 742 2564 783 ex
2595 744 2779 786 eorum
2808 733 2897 803 qui
2921 749 3016 789 sua
3035 750 3300 809 quaerunt,
3328 758 3436 800 non

1850 809 1974 867 Jesu
2002 812 2232 870 Christi?

1921 903 1974 959 '5.
2004 904 2163 960 Multa
2186 908 2484 964 testimonia
2514 910 2906 981 Scripturarum
2930 929 3209 990 praetereo,
3238 940 3304 979 ne
3324 926 3440 980 lon—

1845 996 2048 1066 giorem
2077 1013 2235 1069 quam
2265 1016 2484 1058 necesse
2508 1012 2590 1059 est
2616 1006 2893 1074 epistolam
2937 1008 3147 1079 faciam,
3178 1024 3233 1070 et
3259 1016 3438 1071 erudi-

1849 1086 1979 1174 tioni
2006 1096 2109 1143 tua:
2139 1090 2285 1159 plura
2331 1107 2428 1162 per
2462 1095 2687 1164 tcipsum
2734 1099 3114 1157 consideranda
3165 1108 3432 1174 permitto.

1848 1172 2000 1240 Quod
2028 1184 2203 1231 tamen
2241 1179 2371 1234 satis
2390 1187 2492 1245 est,
2520 1181 2638 1236 vide
2662 1181 2923 1239 obsecro:
2948 1186 2994 1239 si
3025 1198 3130 1241 tam
3160 1172 3308 1244 multi
3337 1192 3437 1246 ini-

1849 1266 2013 1335 quiin
2041 1284 2146 1322 uno
2171 1271 2367 1340 populo
2414 1273 2528 1339 Dei,
2569 1289 2664 1329 eos
2704 1276 2794 1345 qui
2832 1291 3013 1332 secum
3048 1281 3433 1337 versabantur‘

1847 1373 1952 1412 non
1979 1360 2217 1415 fecerunt
2252 1362 2405 1427 tales,
2437 1366 2621 1434 quales
2646 1366 2745 1436 ipsi
2762 1378 2933 1434 erant,
2965 1370 3011 1424 si
3036 1372 3315 1428 multitudo
3342 1374 3435 1430 illa

1850 1448 2107 1505 falsorum
2134 1450 2357 1507 fratrum
2388 1456 2691 1524 apostolum
2722 1458 2964 1525 Paulum,
2994 1460 3045 1514 in
3069 1477 3170 1516 una
3204 1478 3324 1518 eum
3354 1466 3434 1520 eis

1804 1538 2084 1610 .Ecclesia
2128 1542 2491 1611 constitutum,
2533 1562 2637 1600 non
2663 1545 2791 1602 fecit
2817 1562 2909 1603 sua
2939 1562 3283 1619 quierentem,
3326 1570 3435 1610 non

1845 1647 1965 1702 qua:
1992 1631 2119 1688 Jcsu
2163 1632 2397 1701 Christi;
2430 1637 2764 1693 manifestum
2793 1650 2875 1695 est
2902 1657 3007 1697 non
3040 1643 3141 1697 hoc
3176 1643 3313 1698 effici
3339 1645 3435 1700 ho-

1847 1726 2067 1807 minem,
2098 1728 2238 1797 quod
2265 1737 2348 1784 est
2374 1731 2546 1786 malus
2571 1733 2869 1802 quisquam,
2896 1749 3018 1789 cum
3040 1750 3145 1804 quo
3172 1736 3239 1790 ad
3268 1736 3436 1793 altare

1846 1815 2044 1871 Christi
2089 1819 2382 1888 acceditur,
2414 1823 2621 1877 etiamsi
2652 1840 2758 1878 non
2786 1825 2854 1879 sit
2894 1826 3211 1898 incognitus,
3240 1831 3281 1884 si
3314 1839 3433 1885 tan-

1847 1916 1957 1964 tum
1984 1926 2089 1967 non
2118 1913 2462 1983 approbatur,
2481 1925 2578 1970 eta
2605 1916 2744 1972 bona
2765 1920 3087 1976 conscientia
3105 1922 3436 1992 displicendo

1846 2014 2139 2074 separetur.
2169 2005 2507 2062 Manifestum
2536 2018 2614 2063 est
2654 2010 2812 2079 igitur
2836 2026 2941 2065 non
2980 2027 3102 2068 esse
3144 2015 3285 2069 aliud
3311 2033 3433 2071 cum

1846 2092 1966 2150 fure
2001 2111 2343 2164 concurrere,
2392 2098 2495 2153 nisi
2540 2099 2622 2153 vel
2667 2098 2835 2156 furari
2860 2118 2981 2159 cum
3007 2118 3093 2171 eo,
3127 2108 3207 2160 vel
3237 2106 3435 2164 furtum

1846 2186 1965 2257 ejus
2002 2188 2179 2270 cordis
2218 2190 2415 2259 placito
2458 2192 2720 2262 accipere.
2767 2194 2880 2249 lloc
2930 2210 3029 2250 nos
3076 2196 3323 2265 dicimus,
3377 2211 3436 2255 ut

1847 2280 2167 2349 quaestiones
2210 2280 2443 2337 infinitas
2487 2293 2648 2353 atque.
2696 2285 2992 2355 superfluas
3029 2287 3096 2343 de
3135 2289 3286 2345 factis
3332 2289 3432 2345 ho-

1848 2372 2072 2441 minum,
2101 2389 2219 2445 quac
2248 2375 2507 2432 rationem
2532 2386 2765 2433 nostram
2788 2378 2920 2434 nihil
2945 2381 3259 2451 impediunt,
3293 2382 3436 2441 aufe-

1848 2481 2047 2521 ramus.

1918 2558 1976 2613 4.
2004 2556 2111 2613 Sed
2138 2568 2192 2613 et
2214 2574 2330 2627 vos,
2353 2560 2453 2616 nisi
2482 2562 2583 2617 hcc
2599 2562 2863 2631 sentiatis,
2894 2566 3023 2619 tales
3052 2566 3203 2620 eritis
3225 2582 3431 2633 omnes,

1848 2650 2020 2722 qualis
2046 2653 2268 2721 Uptatus
2295 2653 2346 2707 in
2370 2664 2543 2709 vestra
2568 2656 2944 2711 communione
2974 2656 3122 2711 vobis
3152 2674 3256 2712 non
3286 2659 3436 2730 igno-

1849 2742 2090 2799 rantibus
2124 2742 2263 2798 fuit:
2293 2744 2433 2815 quod
2458 2744 2591 2800 absit
2618 2746 2687 2801 ab
2733 2747 2958 2801 Emeriti
3004 2748 3261 2814 moribus,
3302 2750 3438 2805 alio-

1848 2851 2073 2907 rumque
2100 2836 2303 2904 talium,
2333 2836 2518 2908 quales
2541 2837 2681 2907 apud
2707 2853 2801 2894 vos
2821 2853 2941 2894 esse
2963 2855 3066 2893 non
3084 2839 3265 2893 dubito
3283 2841 3437 2912 longe

1849 2942 1879 2980 a
1906 2926 2059 2982 factis
2103 2928 2243 2982 illius
2282 2929 2505 2985 alienos.
2542 2928 2726 3000 Neque
2772 2930 2914 2985 enim
2954 2931 3103 2985 vobis
3131 2931 3433 3001 UllleilDUS,

1848 3019 1950 3074 nisi
1989 3018 2289 3075 schismatis
2340 3022 2564 3089 crimen,
2605 3038 2761 3093 quam
2805 3024 2965 3078 etiam
3005 3022 3249 3078 hmresim
3300 3026 3437 3081 male

1848 3111 2239 3182 perseverando
2294 3113 2512 3169 fecistis.
2565 3114 2755 3182 Quanti
2802 3124 2979 3170 autem
3022 3115 3200 3170 divino
3236 3116 3437 3186 judicio

1849 3205 2111 3276 pendatur
2139 3206 2242 3262 hoc
2266 3206 2490 3272 facinus,
2523 3206 2640 3279 lege
2676 3208 2818 3277 quod
2851 3220 2899 3264 te
2920 3208 3112 3279 legisse
3134 3224 3237 3263 non
3264 3210 3435 3264 ambi-

1847 3314 1936 3371 go.
1965 3298 2205 3356 lnvenies
2232 3300 2435 3355 Dathan
2456 3310 2511 3356 et
2534 3302 2735 3356 Abiron
2760 3300 2909 3356 hiatu
2949 3312 3104 3358 terra:
3132 3302 3432 3371 devoratos,

1848 3401 2173 3464 czctcrosque
2192 3407 2399 3458 omnes,
2429 3392 2520 3463 qui
2548 3393 2628 3448 eis
2649 3403 3049 3459 consenserant,
3082 3394 3201 3465 igne
3220 3394 3287 3448 de
3324 3409 3439 3450 me~

1847 3484 1939 3541 dio
1964 3500 2150 3542 eorum
2170 3486 2430 3542 existente
2455 3488 2475 3519 ³
2501 3497 2845 3557 consumptos
2873 3487 3060 3559 (Num.
3081 3503 3190 3553 xvr,
3216 3489 3435 3560 51-55).

1849 3578 1983 3634 illud
2011 3593 2138 3649 ergo
2182 3579 2359 3633 scelus
2399 3577 2468 3633 ad
2506 3578 2810 3649 exemplum
2860 3578 3129 3634 devitandi
3180 3579 3435 3635 Dominus

1849 3670 1991 3726 Deus
2016 3671 2265 3741 praesenti
2292 3670 2549 3743 supplicio
2577 3670 2868 3741 denotavit,
2898 3680 2953 3728 ut
2978 3686 3097 3729 cum
3122 3672 3317 3731 talibus
3341 3688 3435 3749 pa-

1850 3764 2164 3820 tientissime
2189 3767 2379 3835 parcit,
2409 3766 2565 3836 quale
2592 3768 2777 3821 ultimo
2800 3768 3003 3839 judicio
3046 3781 3301 3835 reservet,
3340 3787 3434 3828 os-

1850 3855 2109 3912 tenderet.
2135 3855 2316 3927 Neque
2330 3858 2471 3913 enim
2498 3858 2935 3929 reprehendimus
2962 3862 3195 3917 rationes
3207 3872 3429 3931 vestras,

1848 3948 1893 4005 si
1919 3964 1986 4004 eo
2014 3957 2253 4020 tempore
2288 3966 2396 4021 quo
2436 3965 2630 4005 vesana
2660 3951 2892 4021 potentia
2922 3951 3099 4008 furere
3132 3954 3435 4022 jaclabatur

1848 4039 2092 4110 Optatus,
2122 4055 2245 4096 cum
2274 4042 2390 4111 ejus
2425 4052 2701 4097 accusator
2727 4052 2870 4097 esset
2901 4044 3059 4097 totius
3099 4043 3291 4098 Africa:
3333 4062 3430 4115 ge-

1852 4133 2011 4188 mitus
2034 4134 2546 4203 congemiscentibus
2570 4134 2742 4197 vobis,
2778 4134 2823 4188 si
2852 4145 3025 4187 tamen
3048 4134 3165 4187 talis
3192 4150 3270 4199 es,
3302 4151 3431 4205 qua-

1851 4225 1954 4280 lem
1986 4235 2038 4281 te
2066 4225 2314 4296 prmdieat
2340 4226 2499 4291 fama,
2526 4224 2669 4295 quod
2698 4225 2796 4279 scit
2842 4226 2982 4279 Deus
3006 4240 3093 4280 me
3125 4236 3175 4281 et
3211 4226 3433 4283 credere

1848 4327 1903 4373 et
1927 4317 2100 4373 velle:
2129 4331 2235 4372 non
2278 4331 2404 4387 ergo
2447 4314 2889 4385 reprehendimus
2914 4316 3045 4371 sieo
3071 4324 3329 4386 tempore,
3362 4334 3432 4373 ne

1850 4411 2043 4466 multos
2081 4424 2262 4465 secum
2303 4408 2791 4464 excommunicatus
2832 4407 3087 4475 traheret,
3116 4418 3169 4463 et
3192 4423 3429 4465 commu-

1852 4503 2064 4557 nionem
2092 4510 2319 4555 vestram
2347 4499 2647 4554 sehismalis
2696 4498 2874 4554 furore
2922 4500 3252 4569 praecideret,
3306 4516 3429 4557 eum

1849 4592 2310 4649 excommunicare
2339 4590 2598 4645 noluistis.
2621 4589 2725 4647 Sed
2748 4589 2849 4643 hoc
2872 4590 3039 4660 ipsum
3059 4601 3140 4645 est
3166 4592 3304 4661 quod
3334 4609 3426 4648 vos

1849 4688 2020 4759 arguit
2047 4688 2099 4741 in
2119 4685 2320 4755 judicio
2352 4684 2463 4749 Dei,
2496 4682 2661 4737 frater
2690 4683 2940 4745 Emeritc,
2972 4683 3113 4753 quod
3138 4700 3257 4738 cum
3284 4686 3430 4741 vide-

1850 4780 1978 4835 retis
2008 4788 2111 4832 tam
2134 4791 2379 4846 magnum
2404 4774 2600 4829 malum
2631 4789 2768 4838 esse,
2797 4773 2956 4829 dividi
2988 4780 3187 4843 partem
3217 4776 3424 4843 Donati,

1851 4882 1905 4927 ut
1928 4872 2151 4941 Optatus
2179 4869 2351 4939 potius
2379 4867 2433 4922 in
2480 4869 2855 4922 communione
2896 4866 3200 4922 tolerandus
3247 4870 3430 4925 existi-

1851 4973 2105 5027 maretur,
2130 4978 2287 5032 quam
2332 4960 2461 5016 illud
2486 4960 2886 5023 admitteretur;
2932 4960 3253 5028 permanetis
3282 4962 3337 5015 in
3363 4978 3429 5016 eo

1850 5056 2011 5121 malo,
2041 5052 2185 5125 quod
2208 5054 2259 5108 in
2287 5051 2566 5109 dividenda
2593 5051 2829 5107 Ecclesia
2847 5048 3039 5105 Christi
3060 5066 3089 5104 a
3111 5052 3299 5107 vestris
3317 5069 3427 5108 ma-

1845 5148 2050 5219 joribus
2071 5155 2427 5217 perpetratum
2457 5155 2558 5201 est.

1921 5240 1975 5296 5.
1998 5239 2096 5293 llic
2132 5236 2360 5293 fortasse
2383 5234 2736 5307 respondendi
2773 5237 3012 5306 angustia
3066 5236 3289 5291 tentabis
3333 5236 3427 5290 de-

1851 5333 2066 5389 fendere
2098 5330 2366 5401 Optatum.
2411 5327 2552 5391 Noli,
2584 5326 2765 5394 frater,
2814 5328 2923 5381 noli
2964 5327 3212 5390 obsecro;
3240 5340 3345 5380 non
3374 5333 3427 5380 te

1852 5428 2024 5492 decet,
2055 5434 2109 5479 et
2126 5424 2171 5479 si
2191 5423 2419 5492 aliquem
2440 5421 2601 5474 alium
2624 5419 2761 5476 forte
2785 5419 2985 5483 deceat,
3010 5420 3054 5474 si
3086 5428 3258 5473 tamen
3278 5417 3427 5488 quid-

1849 5533 2008 5590 quam
2037 5516 2191 5573 decet
2218 5515 2405 5577 malos,
2436 5512 2727 5568 Emeritum
2750 5522 2894 5567 certe
2917 5526 3021 5563 non
3053 5508 3206 5563 decet
3242 5506 3430 5564 defeno

1850 5610 1979 5667 dere
2004 5608 2274 5678 Optatum.
2296 5604 2400 5660 Sed
2423 5604 2643 5659 fortasse
2669 5617 2764 5656 nec
2786 5615 3033 5654 accusare
3085 5599 3155 5654 ita
3184 5601 3251 5655 sit
3273 5615 3421 5657 sane.

1916 5727 1932 5757 ⁸
1958 5731 2065 5773 Mss.
2090 5729 2215 5778 octo,
2240 5716 2630 5769 cmitcstulmnmr.

1916 5794 1935 5823 ί
1958 5794 2063 5839 513$.
2087 5783 2201 5844 duo,
2225 5785 2441 5830 exemita

2906 5859 3064 5936 :‘llt';
3086 5861 3121 5941 λ
