3962 6376
559 247 659 303 299

570 334 732 391 utere
749 350 878 392 voce
902 336 1097 401 media,
1115 337 1298 392 etdic:
1322 338 1689 408 Unusquisque
1713 339 1976 392 sarcinam
1992 350 2145 394 suam

566 436 742 497 portat
764 428 783 497 (
806 426 925 482 Gal.
961 444 1031 494 vi,
1062 428 1150 499 ὅ).
1180 428 1260 484 'l’u
1288 430 1406 499 quis
1430 444 1510 495 es,
1556 428 1647 499 qui
1686 428 1894 499 judicas
1931 444 2145 485 servum

567 518 797 597 alienum
819 518 994 589 (Rom.
1020 536 1130 585 xrv,
1153 520 1269 593 4.)?
1287 520 1346 576 Si
1361 534 1489 590 ergo
1512 520 1579 575 ad
1601 522 1960 576 testimonium
1980 521 2145 576 totius

565 612 635 666 Af
636 613 778 679 rica},
802 613 908 667 imo
928 628 1054 667 vero
1072 622 1329 668 terrarum
1348 612 1583 666 omnium
1597 626 2018 682 quaquaversum
2030 610 2145 667 Gil-

561 700 719 758 donis
741 702 875 757 fama
896 703 1150 769 fervebat,
1170 703 1325 758 simul
1338 703 1481 758 enim
1507 712 1561 758 et
1581 703 1671 757 ille
1693 716 1852 757 nctus
1870 711 2004 769 erat,
2033 716 2142 758 non

556 796 671 847 ausi
697 794 827 849 estis
854 808 1085 865 unquam
1125 792 1191 849 de
1218 791 1411 862 Optato
1447 792 1710 863 judicare,
1752 810 1819 849 ne
1848 804 2056 853 temere
2077 794 2152 853 de

559 884 843 955 incognitis
850 882 1167 956 judicaretis
1182 899 1199 949 ;
1223 900 1322 939 nos
1338 883 1551 941 tandem
1570 900 1857 957 possumus
1869 896 1962 943 aut
1976 887 2149 946 debe-

558 995 678 1036 mus
697 978 765 1036 de
786 978 851 1034 iis
877 980 967 1050 qui
990 988 1115 1035 ante
1140 994 1239 1035 nos
1264 979 1532 1046 vixerunt,
1554 980 1622 1035 ad
1650 990 1886 1039 vestrum
1914 992 2148 1040 tantum-

558 1075 719 1129 modo
765 1073 1148 1138 testimonium,
1191 1075 1529 1129 temerariam
1570 1074 1641 1130 de
1679 1075 1964 1147 incognitis
2008 1079 2149 1133 ferre

556 1164 898 1231 sententiam,
932 1175 990 1220 ut
1015 1180 1199 1235 parum
1229 1168 1299 1221 sit
1321 1167 1464 1237 quod
1496 1182 1589 1221 vos
1610 1169 1793 1238 ignota
1815 1170 2146 1227 criminanti-

558 1259 631 1324 ni,
668 1258 770 1313 nisi
794 1269 848 1315 et
871 1274 971 1314 nos
998 1260 1173 1329 ignota
1202 1261 1540 1329 iudicemus?
1562 1262 1676 1318 Non
1708 1266 1850 1319 enim
1873 1266 2144 1336 Optatum,

554 1350 770 1409 etiamsi
798 1350 937 1406 forte
965 1352 1090 1404 falsa
1120 1353 1451 1420 periclitatur
1488 1355 1709 1422 invidia,
1750 1358 1844 1412 sed
1872 1366 1925 1413 te
1954 1357 2141 1413 defen-

555 1443 661 1513 dis,
692 1460 816 1502 cum
842 1444 1010 1502 dicis:
1040 1448 1228 1518 Ignoro
1253 1450 1426 1520 qualis
1446 1452 1549 1506 iste
1571 1452 1747 1508 fuerit.
1780 1454 1990 1523 Quanto
2028 1469 2145 1509 ma-

550 1538 640 1609 gis
666 1551 797 1609 ergo
818 1539 1006 1609 quate!
1034 1537 1233 1596 fuerint
1257 1541 1394 1611 Afri,
1437 1559 1572 1615 quos
1610 1547 1905 1616 ignotiores
1938 1550 2138 1619 arguis;

557 1626 847 1687 Orientalis
875 1631 1020 1687 orbis
1063 1633 1306 1703 ignorat?
1343 1650 1371 1689 a
1417 1638 1611 1706 quibus
1654 1646 1831 1693 tamen
1862 1639 2137 1706 Eeclesiis,

554 1739 781 1795 quarum
826 1725 1041 1781 nomina
1086 1725 1253 1784 habes
1292 1729 1347 1784 in
1391 1729 1565 1787 Libris
1610 1740 1664 1787 et
1692 1734 1904 1802 recitas,
1940 1734 2141 1791 nefaria

554 1816 891 1872 dissensione
915 1817 1256 1890 disjungeris.
1288 1822 1345 1878 Si
1386 1820 1884 1896 Thamugadcnsem
1930 1830 2141 1899 episco-

553 1924 685 1982 pum
726 1921 961 1966 vestrum
1004 1912 1420 1971 famosissimum
1451 1928 1505 1972 et
1534 1920 1766 1988 pessime
1793 1918 2142 1987 diffamatum,

556 2018 663 2060 non
692 2006 811 2060 dico
832 2006 1193 2072 Caesariensis,
1214 2009 1307 2064 sed
1340 2009 1607 2069 Sitifensis
1635 2013 1838 2086 collega
1859 2015 1974 2086 ejus
2000 2017 2145 2086 ejus-

554 2097 784 2169 demque
798 2103 1053 2171 temporis
1066 2099 1362 2173 ignorabat,
1377 2108 1644 2177 quomodo
1662 2110 1946 2167 traditores
1966 2114 2144 2181 Afros,

555 2192 881 2262 quicumque
908 2194 982 2247 illi
1004 2194 1221 2261 fuerint,
1252 2196 1491 2254 Ecclesia
1512 2198 1933 2268 Corinthiorum,
1963 2206 2141 2277 Ephe-

556 2284 778 2352 siorum,
795 2284 1214 2355 Colossensium,
1238 2289 1679 2360 Philippensium,
1702 2294 2146 2355 Thessalonicen-

557 2380 717 2445 sium,
750 2379 1224 2447 AntiOehenorum,
1275 2382 1454 2454 Ponti,
1496 2386 1738 2456 Galatia},
1770 2389 2141 2461 Cappadociae,

557 2483 979 2547 cceterarumque
1008 2476 1153 2532 orbis
1189 2478 1419 2547 partium
1458 2480 1528 2535 ab
1553 2482 1823 2551 Apostolis
1848 2485 1898 2539 in
1927 2486 2140 2541 Christo

558 2562 958 2634 aedificaturum,
987 2579 1079 2625 aut
1112 2580 1275 2627 noSse
1313 2573 1509 2642 potuit,
1546 2584 1637 2629 aut
1667 2576 1906 2633 damnari
1934 2594 1965 2635 a
1991 2582 2142 2635 vobis

554 2662 772 2726 meruit,
805 2661 925 2732 quia
955 2676 1059 2718 non
1088 2662 1289 2733 potuit?
1318 2672 1371 2721 et
1398 2673 1574 2723 tamen
1607 2669 1688 2724 eis
1720 2686 1823 2725 non
1852 2673 2149 2728 communi-

557 2758 711 2823 catis,
740 2764 794 2811 et
827 2756 1002 2810 dicitis
1029 2771 1133 2811 non
1165 2772 1283 2813 esse
1315 2756 1671 2826 Christianos,
1709 2775 1761 2818 et
1788 2780 1880 2820 eos
1905 2765 2142 2837 rebapti-

556 2858 681 2907 zare
704 2851 990 2906 conamini.
1020 2849 1158 2919 Quid
1199 2852 1408 2909 dicam?
1447 2852 1571 2925 quid
1614 2856 1843 2927 querar?
1885 2869 1975 2914 aut
2016 2861 2142 2929 quid

557 2944 851 3000 eiciamem
866 2944 893 2997 τ
908 2942 964 3001 Si
986 2962 1106 3000 cum
1124 2944 1341 3001 homine
1358 2948 1579 3004 cordato
1594 2950 1805 3023 loquor,
1828 2950 2146 3024 indignatio-

554 3038 641 3092 ‘iiis
667 3036 825 3106 hujus
838 3038 1056 3093 aculeos
1082 3042 1254 3093 tecum
1282 3039 1560 3112 participe.
1584 3039 1717 3098 Nam
1738 3041 1886 3101 vides
1904 3042 2142 3117 profecto

560 3130 679 3203 Quae
704 3125 966 3194 dicerem,
994 3126 1039 3181 si
1066 3127 1255 3184 vellem
1283 3129 1481 3185 dicere.

630 3212 676 3270 6.
712 3215 797 3268 An
841 3212 977 3266 forte
1007 3211 1243 3268 fecerunt
1270 3210 1409 3267 inter
1435 3225 1494 3264 se
1518 3211 1749 3279 majores
1786 3209 1946 3264 vestri
1974 3210 2143 3265 conci-

556 3306 711 3374 iium,
734 3316 788 3360 et
813 3304 1193 3358 damnaverunt
1210 3308 1401 3370 prwter
1419 3315 1475 3353 se
1496 3308 1664 3354 totum
1690 3301 1873 3355 orbem
1895 3301 2139 3355 christia-

562 3396 722 3451 num?
744 3394 891 3449 itane
917 3393 979 3447 ad
1005 3392 1105 3446 hoc
1132 3392 1379 3461 perducta
1405 3401 1486 3445 est
1513 3405 1688 3445 rerum
1718 3392 2056 3457 existimatio,
2084 3402 2144 3447 ut

559 3487 843 3542 concilium
876 3483 1387 3548 Maximianensium,
1420 3483 1508 3553 qui
1534 3481 1606 3538 de
1626 3491 1801 3537 vestra
1832 3484 2143 3552 praecisione

555 3581 773 3649 prxcisi
805 3587 947 3644 sunt,
975 3577 1096 3648 quia
1134 3576 1284 3631 vobis
1308 3576 1600 3646 comparati
1650 3576 1949 3647 paucissimi
1995 3585 2140 3644 sunt,

569 3687 673 3726 non
703 3672 873 3724 valeat
901 3669 1153 3723 adversus
1171 3682 1299 3732 vos;
1331 3673 1383 3721 et
1410 3676 1639 3721 vestrum
1665 3667 1943 3722 concilium
1976 3668 2145 3722 valeat

562 3764 817 3820 adversus
854 3773 1043 3832 gentes
1082 3760 1439 3815 haereditatem
1486 3760 1703 3825 Christi,
1752 3770 1803 3815 et
1848 3762 2142 3830 possessio-

564 3873 685 3911 nem
718 3857 829 3925 ejus
852 3854 1105 3909 terminos
1132 3863 1286 3908 terr-.e
1312 3851 1481 3925 (Psal.
1510 3869 1569 3919 n,
1597 3852 1882 3922 8.)?!diror
1912 3853 1955 3906 si
1986 3854 2148 3909 habet

558 3950 618 4005 in
648 3963 869 4018 corpore
888 3946 1220 4016 sanguinem,
1250 3949 1337 4015 qui
1381 3947 1446 3999 de
1484 3945 1585 4000 hac
1614 3961 1670 4000 re
1712 3961 1818 4000 non
1860 3946 2142 4001 erubescit.

556 4039 817 4099 ‘Beseribe
855 4041 919 4096 ad
955 4043 1071 4104 ista,
1104 4055 1327 4112 quzeso:
1358 4054 1391 4095 a
1418 4039 1685 4094 nonnullis
1727 4041 1866 4094 enim
1892 4082 1905 4103 ,
1956 4040 2146 4110 quibus

564 4153 668 4193 non
702 4139 845 4207 potui
868 4153 970 4191 non
1011 4135 1249 4202 credere,
1280 4133 1454 4189 audivi
1477 4143 1529 4189 te
1556 4136 1951 4203 rescripturum,
1984 4135 2024 4188 si
2054 4134 2144 4189 tibi

458 4273 467 4283 .
564 4229 870 4284 scriberem.
904 4227 1016 4281 .lam
1042 4229 1198 4283 etiam
1230 4228 1432 4298 pridem
1480 4227 1597 4281 misi
1636 4243 1794 4281 unam
1844 4228 2143 4297 epistolam,

456 4363 461 4367 .
564 4334 723 4388 quam
746 4327 925 4371 utrum
950 4319 1219 4386 acceperis
1243 4318 1325 4371 vel
1352 4318 1400 4371 ei
1431 4319 1784 4386 responderis,
1810 4329 1863 4373 et
1888 4319 2022 4372 forte
2047 4335 2146 4389 ego

573 4419 714 4463 tuam
746 4423 851 4461 non
879 4408 1196 4475 acceperim,
1243 4409 1439 4461 nescio.
1490 4407 1639 4461 Nune
1678 4409 1886 4463 interim
1924 4422 2044 4479 peto
2078 4411 2147 4465 ad

570 4498 684 4554 inec
709 4498 1030 4567 reSporidere
1059 4514 1125 4553 ne
1167 4499 1419 4568 graveris.
1462 4500 1600 4568 quod
1632 4500 1724 4554 tibi
1772 4501 1991 4557 videtur.
2040 4503 2147 4558 Sed

573 4592 679 4648 noli
715 4602 765 4646 te
800 4591 851 4645 in
883 4587 1013 4644 alias
1038 4589 1225 4645 tollere
1253 4591 1599 4659 quarstiones;
1635 4592 1756 4646 hinc
1801 4593 1940 4647 enim
1993 4604 2149 4663 caput

570 4693 650 4739 est
689 4680 1094 4737 ordinatissimae
1132 4679 1512 4752 inquisitionis,
1552 4696 1647 4737 cur
1686 4682 1913 4738 schisma
1954 4683 2145 4740 factum

570 4780 657 4830 sit.

640 4868 691 4921 Ἰ.
741 4866 873 4922 Nam
916 4874 966 4921 et
1010 4875 1238 4921 terrena:
1286 4874 1576 4935 potestates
1619 4882 1740 4923 cum
1786 4868 2149 4926 schismatieos

574 4968 978 5028 persequuntur,
1011 4973 1073 5012 ea
1097 4956 1278 5027 regula
1302 4970 1358 5012 se
1383 4957 1700 5024 detendunt,
1728 4975 1828 5030 qua
1858 4962 1980 5016 dicit
2010 4964 2149 5032 Ape-

570 5049 739 5103 stolus
764 5067 777 5100 :
809 5048 910 5114 Qui
923 5049 1157 5120 potestati
1176 5050 1374 5107 resistit.
1396 5048 1491 5104 Dei
1513 5053 2006 5107 ordinationiresistit
2020 5071 2039 5117 ;
2062 5057 2149 5125 qui

567 5151 736 5197 autem
760 5142 1013 5208 resistunt,
1046 5142 1145 5211 ipsi
1171 5141 1265 5195 sibi
1280 5143 1534 5213 judicium
1557 5146 1839 5213 acquirunt.
1887 5146 2149 5217 Principes

564 5235 700 5291 enim
720 5251 824 5290 non
854 5245 971 5292 sunt
996 5236 1166 5293 timori
1192 5236 1321 5294 bona
1364 5241 1521 5310 operi,
1552 5242 1640 5296 sed
1667 5242 1817 5295 malo.
1872 5239 1957 5295 Vis
1984 5249 2153 5296 autem

566 5346 667 5386 non
707 5332 881 5386 timere
907 5334 1252 5403 'potestatem?
1290 5332 1485 5390 Bonum
1516 5339 1615 5407 fac,
1647 5344 1691 5389 et
1725 5333 1924 5389 habebis
1951 5332 2152 5389 tandem

565 5440 628 5479 ea:
656 5423 748 5479 illa
762 5438 786 5491 ,'
811 5422 906 5479 Dei
929 5426 1063 5480 enim
1092 5427 1318 5482 minister
1363 5438 1435 5483 est
1480 5428 1569 5481 tibi
1610 5430 1661 5481 in
1700 5427 1904 5480 bonum.
1935 5426 2083 5494 Quod
2108 5426 2154 5480 si

563 5517 753 5572 malum
779 5518 974 5588 feceris.
1004 5522 1273 5575 time:non
1314 5522 1446 5575 enim
1478 5523 1666 5591 {rustra
1694 5518 1921 5589 gladium
1950 5527 2152 5590 portat;

564 5608 663 5663 ﬂei
686 5611 817 5665 enim
844 5611 1070 5667 minister
1099 5623 1187 5677 est,
1221 5613 1405 5668 vindex
1430 5612 1480 5665 in
1512 5612 1639 5666 imm
1687 5610 1731 5666 ci
1769 5611 1856 5681 qui
1891 5611 2021 5666 male
2046 5613 2150 5685 agit

567 5692 759 5770 (Rom.
793 5717 907 5773 sui,
941 5706 976 5760 ἱ
1009 5703 1100 5773 4).
1152 5704 1281 5762 Tota
1337 5703 1497 5776 igitur
1542 5705 1769 5775 quarstin
1815 5716 1916 5776 est,
1971 5714 2145 5764 utrum

1754 252 1812 308 s.
1851 250 2214 308 AUGUSTINI
2256 249 2556 305 EPISCUPI
3693 252 3776 311 500

2246 362 2375 417 nihil
2432 360 2555 416 mali
2600 362 2671 416 sit
2722 360 2991 426 schisma,
3048 366 3138 414 aut
3183 366 3361 413 utrum
3421 358 3641 437 schisms
3694 368 3776 421 non

2241 454 2493 522 feceritis,
2519 464 2578 509 ut
2596 467 2692 524 pro
2716 452 2855 508 bono
2875 462 3036 521 opere
3055 449 3400 522 potestatibus
3418 449 3681 516 resistatis,
3696 470 3779 513 nou

2239 557 2337 615 pro
2362 548 2525 612 maio,
2556 544 2695 600 unde
2720 544 2873 599 vobis
2908 543 3191 612 aequitatis
3221 540 3496 611 judicium.
3537 541 3781 613 Propterea

2240 638 2707 711 providentissime
2727 636 2979 690 Dominus
2992 625 3097 688 non
3124 634 3194 687 ait
3219 632 3395 686 :Beati
3417 634 3501 702 qui
3530 640 3784 703 persecutio-

2240 740 2353 784 nem
2375 730 2636 801 patiuntur
2677 736 2911 791 tantum;
2952 724 3047 779 sed
3095 723 3312 788 addidit,
3345 731 3549 795 propter
3575 724 3784 795 justitiam

2243 812 2455 892 (Matth.
2485 836 2537 886 v,
2564 818 2671 890 10).
2700 818 2757 874 Si
2785 831 2912 888 ergo
2928 817 3130 885 iustitia
3174 825 3434 885 estquam
3458 818 3657 884 operati
3686 821 3786 873 estis

2241 910 2297 965 in
2320 912 2409 965 illa
2435 909 2787 975 dissensione,
2817 910 2869 963 in
2897 923 2995 979 qua
3045 909 3203 963 etiam
3250 907 3593 978 permanetis,
3634 924 3787 963 secun-

2242 1000 2368 1056 dum
2393 1010 2455 1056 ea
2481 1016 2598 1071 qua:
2619 1014 2777 1070 supra
2792 1000 2921 1063 dixi,
2952 1012 3113 1054 nosse
3148 999 3244 1053 abs
3265 1007 3318 1053 te
3344 997 3520 1067 eripio.
3562 996 3614 1051 Si
3648 1008 3788 1055 autem

2243 1093 2493 1163 iniquitas
2511 1100 2593 1147 est
2615 1091 2801 1145 orbem
2827 1090 3173 1146 christianum
3214 1090 3466 1143 damnare
3516 1088 3787 1157 inauditum,

2243 1185 2330 1240 vei
2352 1184 2473 1254 Quia
2499 1198 2605 1237 non
2631 1182 2830 1236 audivit
2855 1196 2972 1251 qua:
2995 1195 3089 1237 vos
3117 1179 3357 1247 audistis,
3387 1179 3472 1235 vel
3496 1180 3619 1249 quis
3649 1195 3737 1234 non
3753 1182 3791 1236 ei

2244 1276 2526 1347 probatum
2550 1284 2631 1329 est
2657 1274 2797 1344 quod
2840 1284 3045 1329 temere
3072 1272 3395 1337 credidistis,
3424 1278 3516 1326 aut
3539 1272 3655 1327 sine
3676 1282 3791 1329 certe
3835 1298 3841 1341 ξ

2244 1368 2566 1424 dOCumento
2592 1368 2900 1432 accusastis,
2924 1365 3109 1421 etideo
3128 1366 3250 1420 reba
3259 1366 3458 1435 ptizare
3474 1360 3611 1419 veiie
3624 1372 3693 1419 tet
3713 1364 3791 1420 Ec-

2243 1458 2435 1514 ciesias
2472 1457 2644 1528 ipsius
2672 1457 2901 1525 Domini,
2931 1472 3051 1511 cum
3081 1456 3164 1510 hic
3192 1455 3367 1509 adhue
3390 1464 3536 1510 esset
3572 1456 3625 1510 in
3648 1469 3791 1523 ante,

2244 1556 2301 1604 et
2323 1547 2699 1619 Apostolorum
2729 1547 2843 1617 ejus
2868 1546 3241 1617 praedicatione
3264 1560 3325 1600 ac
3342 1545 3527 1600 labore
3554 1545 3794 1600 fundatas:

2245 1642 2367 1714 quia
2396 1641 2547 1695 vobis
2588 1640 2732 1707 licet,
2774 1647 2865 1694 aut
2914 1641 3121 1694 nescire
3147 1638 3304 1694 Afros
3347 1640 3590 1710 eodegus
3634 1648 3798 1695 vestros

2242 1732 2593 1789 metussimul
2617 1732 2879 1798 viventes,
2929 1731 3087 1785 sintut
3129 1731 3473 1785 Sacramenta
3508 1738 3797 1795 tractantes;

2245 1833 2339 1880 aut
2361 1825 2522 1880 etiam
2544 1826 2705 1893 scire,
2734 1824 2830 1879 sed
2852 1825 3103 1889 tolerare,
3133 1832 3199 1878 ne
3235 1836 3356 1893 pars
3394 1822 3591 1877 Donati
3632 1822 3798 1878 divida-

2242 1927 2362 1984 tur;
2391 1918 2497 1972 illis
2524 1926 2703 1971 autem
2734 1916 2789 1970 in
2816 1916 2947 1970 orbe
2986 1916 3686 1981 remotissimoeonstitutis,
3718 1928 3802 1968 non

2245 2007 2371 2065 licet
2390 2010 2597 2063 nescire
2624 2008 2767 2079 quod
2796 2023 2891 2062 vos
2912 2007 2979 2061 de
3003 2007 3144 2061 Afris
3158 2015 3253 2062 aut
3273 2007 3460 2072 nostis,
3486 2015 3582 2060 aut
3605 2006 3802 2072 crulitis,

2247 2101 2576 2157 tut‘audistis
2598 2140 2614 2167 ,
2658 2108 2750 2154 aut
2794 2098 3027 2169 ﬁngitis?
3059 2099 3189 2166 Quae
3219 2107 3363 2153 tanta
3396 2108 3481 2153 est
3518 2096 3806 2167 perversitas

2242 2193 2493 2264 amplecti
2510 2206 2661 2246 suam
2690 2192 3041 2263 iniquitatem,
3067 2200 3120 2246 et
3144 2198 3471 2262 potestatum
3488 2203 3808 2245 accusaren-

2247 2284 2524 2340 vcrita‘tcin
2542 2284 2570 2337 Ἰ

2322 2377 2376 2433 8.
2402 2378 2470 2432 At
2494 2377 2637 2432 enim
2669 2382 2723 2432 et
2751 2377 2919 2432 malos
2942 2375 3261 2431 Christianis
3285 2386 3390 2429 non
3420 2374 3549 2429 licet
3572 2374 3805 2446 persequi.

2246 2469 2397 2539 Esto,
2448 2486 2555 2525 non
2602 2471 2792 2535 liceat;
2818 2469 2913 2525 sed
2940 2468 3194 2539 numquid
3239 2468 3343 2523 hoc
3382 2466 3725 2539 potestatibus
3757 2463 3809 2519 sd

2249 2562 2351 2617 hoc
2376 2563 2549 2632 ipsum
2580 2562 2838 2617 ordinatis
2866 2562 2944 2616 fas
2982 2570 3062 2617 est
3091 2561 3361 2629 obiicere?
3403 2561 3484 2614 An
3536 2558 3810 2629 Apostolum

2246 2654 2580 2710 delebimus?
2604 2663 2695 2709 aut
2728 2668 2835 2710 non
2874 2654 3066 2710 habent
3095 2655 3307 2709 codices
3347 2655 3510 2709 vestri
3542 2669 3663 2723 quae
3687 2652 3810 2723 paulo

2246 2755 2372 2801 ante
2414 2746 3007 2802 eonimenioravi‘tSed
3038 2760 3152 2812 vos,
3182 2746 3406 2815 inquies,
3448 2745 3652 2799 talibus
3691 2758 3810 2798 eom-

2249 2838 2522 2892 municare
2570 2853 2674 2892 non
2732 2839 2958 2894 debetis.
3010 2838 3148 2905 Quid
3195 2837 3373 2907 ergo?
3431 2837 3537 2891 Vos
3594 2837 3812 2892 Fluviano

2248 2931 2512 3001 quondam
2568 2932 2799 2997 vicario,
2856 2932 3021 3002 partis
3066 2938 3259 2984 vestrm
3313 2930 3556 2996 homini,
3608 2930 3724 3000 quia
3754 2930 3813 2983 le-

2247 3024 2400 3095 gibus
2444 3025 2717 3086 serviens.
2766 3034 3018 3079 nocentes
3062 3038 3201 3093 quos
3226 3024 3507 3077 invenerat
3548 3022 3811 3085 occidebat,

2244 3130 2355 3170 non
2403 3115 2868 3171 communicastis?
2912 3110 3020 3172 Sed
3062 3132 3092 3169 a
3129 3116 3300 3182 vobis,
3342 3115 3577 3184 inquies,
3618 3110 3815 3169 Romani

2250 3209 2517 3278 principes
2556 3208 2837 3263 adversum
2864 3223 2964 3261 nos
3003 3217 3374 3277 provocamur.
3394 3206 3559 3261 ‘lrnoa
3579 3208 3723 3261 vobis
3743 3204 3816 3258 sd-

2249 3312 2467 3355 versum
2490 3300 2764 3370 vosipsos,
2782 3299 2871 3370 qui
2892 3300 3210 3363 Ecclesium,
3225 3301 3375 3368 cujus
3401 3299 3527 3362 illic,
3542 3300 3680 3354 sicut
3700 3305 3816 3352 tant"

2250 3403 2372 3447 ante
2400 3394 2706 3463 prtedietnm
2732 3403 2833 3457 est,
2880 3394 2987 3463 jam
3036 3392 3277 3447 membra
3323 3400 3447 3445 sunt
3491 3392 3590 3461 (de
3628 3390 3817 3447 Christo

2251 3488 2391 3541 enim
2421 3487 2616 3540 dictum
2648 3496 2750 3552 est,
2777 3485 2845 3539 Et
2866 3484 3145 3539 adorabunt
3181 3501 3294 3538 eum
3321 3500 3490 3539 omnes
3520 3500 3659 3557 reges
3678 3492 3816 3545 tam,

2250 3575 2422 3647 (Psat.
2452 3588 2607 3644 Lm,
2633 3578 2745 3647 il),
2773 3584 2827 3631 et
2844 3578 3154 3647 prtecisiOne
3181 3568 3819 3641 laniareuusieStis,etre-

2250 3666 2518 3737 baptizare
2536 3670 2875 3738 pertinaciter
2893 3669 3119 3723 audetis.
3134 3668 3309 3723 Nostri
3330 3677 3506 3723 autem
3519 3664 3820 3723 κηδεῦ-

2246 3761 2490 3817 iicitaset
2512 3763 2739 3831 privatas
2755 3770 3055 3817 vestrarum
3081 3762 3379 3826 violentias,
3405 3770 3615 3831 quoset
3635 3774 3726 3815 vos
3740 3758 3814 3821 ibi.

2248 3854 2339 3923 qui
2352 3854 2592 3908 talia‘nnn
2601 3853 3296 3924 facitis,doletisetgemitis,
3312 3868 3343 3908 a
3358 3848 3822 3924 potestatibusoi'di

2250 3947 2391 4000 natis
2416 3946 2690 4001 tuitionem
2718 3957 2923 4017 petunt,
2958 3958 3060 4001 non
3083 3956 3185 4017 qua
3208 3963 3307 4002 vos
3318 3955 3721 4017 mrseqttm,
3741 3942 3820 3999 sed

2253 4054 2355 4110 qua
2382 4053 2441 4092 se
2461 4037 2779 4103 defendant;
2812 4039 2947 4093 sicut
2973 4039 3245 4108 apostetus
3268 4037 3461 4092 Paulus
3487 4036 3735 4093 adversus
3751 4033 3823 4089 Ju~

2255 4135 2400 4189 deeds
2416 4135 2766 4203 con-jurantes
2803 4144 2864 4188 ut
2890 4149 3017 4187 eum
3056 4134 3476 4202 necarentuct.
3513 4146 3676 4197 sunt,
3707 4125 3817 4200 ΩΙ).

2256 4234 2539 4296 antequam
2558 4235 2700 4281 esset
2728 4226 3023 4279 Romanum
3053 4225 3332 4295 imperium
3350 4211 3708 4286 christianum,
3730 4219 3823 4290 egit

2252 4329 2313 4374 nt
2330 4320 2432 4374 sibi
2463 4319 2613 4372 tuitio
2639 4320 2798 4372 etiam
2844 4328 3166 4371 armatorum
3190 4316 3434 4370 daretdr.
3469 4314 3576 4371 Sed
3600 4314 3674 4369 iiii
3694 4311 3823 4381 prin-

2254 4411 2399 4483 cipes
2419 4410 2648 4482 qualibet
2678 4408 2958 4464 occasione
2984 4418 3364 4478 cognoscentes
3396 4406 3562 4462 vestri
3589 4406 3821 4461 schisma-

2252 4504 2322 4557 tis
2344 4503 2507 4566 nefas,
2528 4503 2855 4555 emrstituunt
2879 4502 3134 4558 adversus
3148 4516 3244 4555 vos
3265 4514 3361 4571 pm
3384 4515 3480 4555 sua
3495 4496 3825 4555 sollicitudine

2256 4608 2318 4649 ac
2342 4602 2602 4664 potestate
2627 4594 2765 4665 quod
2804 4594 3007 4648 voiunt.
3059 4594 3173 4649 Non
3213 4593 3355 4649 enim
3401 4593 3592 4647 inistra
3616 4589 3823 4661 stadium

2255 4693 2496 4757 portant;
2538 4684 2634 4741 Dei
2663 4685 2806 4741 enim
2832 4686 3063 4740 ministri
3091 4695 3234 4752 sunt,
3256 4685 3496 4740 vindices
3541 4684 3593 4739 in
3632 4684 3754 4738 iram
3777 4680 3824 4733 in

2250 4788 2349 4832 eos
2364 4778 2451 4847 qui
2471 4778 2608 4832 male
2629 4786 2807 4848 agunt.
2827 4776 3105 4832 Postremo
3123 4778 3279 4833 etiam
3302 4778 3344 4831 si
3366 4776 3525 4847 aliqui
3542 4781 3826 4830 nostrorum

2256 4884 2362 4923 non
2392 4868 2679 4923 christiana
2714 4867 3083 4924 moderatione
3106 4868 3208 4922 ista
3231 4866 3457 4932 faciunt,
3482 4867 3715 4938 dispiieet
3740 4876 3827 4916 no-

2259 4961 2369 5027 bis;
2398 4959 2489 5015 sed
2508 4969 2692 5015 tamen
2718 4972 2827 5014 non
2870 4969 3092 5029 propter
3114 4970 3213 5015 eos
3253 4959 3601 5028 relinquimus
3628 4951 3825 5012 catholi-

2258 5067 2373 5107 cam
2398 5050 2719 5116 Eeciesiam,
2750 5052 2795 5106 si
2818 5066 2936 5106 eam
2966 5058 3091 5107 ante
3118 5050 3365 5105 uttimum
3390 5058 3601 5120 tempus
3628 5043 3825 5102 ventila-

2254 5144 2415 5198 tionis
2442 5159 2470 5198 a
2495 5144 2643 5213 palea
2674 5159 2899 5215 purgare
2926 5159 3037 5198 non
3060 5156 3369 5214 possumus,
3412 5142 3625 5221 quando
3658 5149 3703 5195 et
3734 5148 3823 5188 vos

2253 5246 2474 5308 propter
2492 5234 2761 5305 Optatum,
2782 5250 2904 5291 cum
2928 5236 3264 5311 eumpeiiere
3274 5250 3385 5291 non
3406 5234 3687 5296 audebatis,
3704 5242 3823 5301 per-

2260 5339 2367 5385 tem
2396 5330 2589 5384 Donati
2618 5344 2726 5383 non
2760 5328 3068 5399 reiiquiStis.

2327 5421 2381 5476 9.
2426 5421 2491 5474 At
2515 5422 2658 5475 enim
2678 5419 2861 5475 dicitis
2890 5439 2902 5475 :
2928 5419 3104 5487 Quare
3124 5428 3234 5474 nos
3250 5418 3469 5489 udjungi
3486 5416 3641 5472 vobis
3656 5401 3822 5467 vultis.

2256 5514 2304 5569 si
2333 5515 2587 5570 scelerati
2610 5514 2841 5569 minus?
2863 5504 2999 5581 Quia
3025 5512 3201 5569 vivitis
3226 5503 3705 5579 θᾱιηωωινωήίεί
3727 5513 3821 5569 ρο⁴

2260 5609 2412 5663 testis
2458 5607 2502 5662 si
2545 5608 2743 5662 velitis.
2776 5608 2907 5664 Cum
2950 5609 3090 5663 enim
3120 5608 3275 5675 nobis
3301 5598 3697 5677 conjungimini.
3726 5595 3825 5643 ¹¹⁰⁶

2260 5698 2349 5756 est
2375 5695 2629 5757 Ecclesia:
2658 5696 2793 5770 Dei,
2823 5695 3121 5758 bteredituu
3146 5694 3365 5769 cuius.
3397 5693 3548 5769 cum
3569 5680 3823 5766 possessio
