1981 3217
108 203 149 232 505

108 257 235 287 diucnriotte
246 255 330 290 aliqua
344 253 456 289 religioni
468 252 578 288 propria-
592 259 647 278 cum
662 250 744 278 debita
762 257 863 277 venera—

107 308 160 333 tione
168 301 284 330 deserviat.

133 351 154 378 5.
171 348 224 376 Haec
244 353 301 374 cum
320 344 409 372 videas
428 344 463 371 ita
482 351 511 371 se
529 343 642 375 habere,
658 342 720 378 quid
739 342 864 378 estquod

106 395 166 423 nobis
179 393 208 420 de
221 393 402 426 imperatorum
424 389 598 423 jussionibus,
623 396 683 423 qua:
705 393 798 415 contra
816 395 865 414 vos

105 440 282 470 constitttuntur,
301 436 425 464 invidiam
449 436 598 465 concitatis.
623 442 682 462 cum
704 434 756 462 hoc
779 438 864 461 totum

105 494 142 514 vos
160 484 235 521 potius
257 487 333 510 antea
352 480 487 509 feceritis?
511 481 539 508 Si
568 480 634 508 nihil
662 479 760 507 debent
779 479 805 506 in
823 479 865 505 his

104 532 172 561 causis
183 531 347 565 imperatores
357 527 462 563 jubere,
474 527 496 555 si
507 527 539 554 ad
555 526 730 561 imperatores
740 525 865 553 christia-

104 586 141 607 nos
152 578 200 605 batc
213 583 272 604 cura
286 575 418 610 jertiuere
432 581 483 601 non
499 573 588 604 debet,
609 572 668 607 quis
684 572 794 606 urgebat
808 579 866 599 ma-

101 625 160 660 jores
175 626 269 651 vestros
290 628 399 648 causam
421 619 556 647 Caeciliani
569 618 601 645 ad
616 618 804 653 Imperatorem
819 624 867 651 per

103 668 261 706 proconsulem
288 667 415 699 mittere,
439 669 467 693 et
487 665 640 700 episcopum
666 668 760 691 contra
786 670 867 698 quem

102 716 214 743 absentem
224 714 277 748 jam
294 712 439 741 sententias
454 718 561 747 quoquo
572 710 652 738 modo
667 709 802 741 dixeratis.
820 709 869 736 ite-

103 770 148 790 rum
158 760 216 796 apud
228 760 414 793 imperatorem
429 765 554 785 accusare
566 766 573 790 ',
587 764 640 791 quo
655 757 796 784 innocente
806 762 868 790 pro-

102 808 207 839 nuntiato,
223 804 367 833 ordinatori
388 804 447 839 ejus
465 803 545 831 Felici
569 802 635 830 alias
652 801 721 836 apud
744 801 867 829 eumdem

102 853 262 887 imperatorem
289 850 437 878 calumnias
462 847 629 876 machinari?
653 847 687 875 Et
712 854 782 875 nunc
804 846 868 882 quid

101 897 156 925 aliud
165 905 234 933 qttam
248 896 332 931 ipsius
345 895 453 930 majoris
460 893 625 922 Constantini
635 892 763 928 judicium
775 896 868 920 contra

100 948 195 971 vestram
209 947 307 977 partem
323 941 396 972 vivit.
409 940 480 976 quod
494 940 610 974 majores
623 939 703 967 vestri
717 939 867 974 elegerunt,

100 988 154 1025 quod
173 988 280 1015 assiduis
307 986 562 1021 interpellationibus
588 988 776 1017 extorserunt,
798 983 868 1019 quod

100 1034 220 1070 episcopali
242 1033 342 1068 judicio
362 1031 553 1068 prmlulerunt?
574 1030 602 1058 Si
624 1030 764 1065 displicent
785 1030 870 1064 impe-

99 1081 157 1108 rialia
175 1080 288 1115 judicia;
307 1079 352 1114 qui
373 1078 495 1113 primitus
515 1078 688 1111 imperatores
702 1076 735 1103 ad
751 1083 781 1103 ea
794 1075 869 1102 vobis

100 1126 216 1154 excitanda
229 1124 395 1160 coegerunt?
416 1124 461 1152 Sic
479 1123 550 1151 enim
569 1122 647 1150 modo
665 1126 756 1150 contra
772 1120 871 1149 Catho-

100 1173 161 1200 licam
181 1172 305 1202 clamatis.
324 1172 351 1198 in
367 1170 408 1198 his
422 1178 481 1205 qum
495 1173 587 1197 contra
600 1176 647 1196 vos
659 1169 693 1195 ab
703 1167 870 1203 imperatori-

100 1218 138 1246 bus
153 1218 334 1250 decernuntur,
346 1215 568 1252 quemadmodum
590 1214 612 1241 si
631 1214 731 1242 vellent
743 1213 870 1240 adversus

99 1264 214 1292 Danielem
228 1264 355 1295 clamare,
370 1262 413 1297 qui
436 1261 549 1289 liberato
570 1260 615 1287 illo
632 1259 734 1287 eisdem
748 1258 871 1286 leonibus

98 1310 248 1338 consumendi
268 1309 345 1336 missi
366 1312 438 1341 sunt,
462 1315 477 1334 a
493 1307 590 1342 quibus
609 1313 669 1333 eum
685 1305 734 1340 ipsi
748 1304 871 1340 primitus

98 1355 200 1383 consumi
219 1355 361 1383 voluerunt
376 1363 383 1380 :
400 1353 526 1388 scriptum
537 1355 578 1379 est
590 1351 672 1382 enim,
683 1350 758 1377 Nihil
770 1351 872 1377 interest

99 1402 155 1429 inter
166 1403 235 1429 minus
248 1401 315 1437 regis
333 1405 357 1428 et
379 1400 443 1427 iram
461 1399 539 1426 leonis
558 1397 648 1434 (Prov.
668 1405 722 1430 xtx,
739 1396 795 1431 12).
820 1396 872 1423 Da-

98 1448 182 1476 nielcm
202 1448 354 1477 calumniosi
379 1446 478 1474 inimici
496 1446 522 1473 in
549 1446 636 1473 lacum
664 1444 772 1472 leonum
802 1443 871 1471 mitti

96 1499 222 1528 coegerunt
243 1503 250 1522 :
269 1494 337 1521 vicit
358 1492 508 1520 innocentia
525 1491 584 1525 ejus
602 1491 707 1518 illorum
728 1489 870 1522 malitiam;

96 1538 180 1566 illa-sus
191 1539 247 1567 inde
258 1540 364 1566 levatus
374 1541 429 1569 est;
447 1536 497 1572 ipsi
511 1536 572 1563 illuc
585 1535 658 1563 missi
672 1535 817 1570 perierunt.
828 1534 872 1562 Si-

96 1584 179 1612 militer
191 1585 304 1619 majores
323 1583 404 1611 vestri
424 1582 595 1610 Ca'eilianum
608 1585 635 1609 et
649 1581 706 1615 cjus
719 1580 872 1608 societatem

96 1630 163 1666 regia:
175 1630 218 1657 ira:
235 1629 445 1658 consumendum
457 1628 624 1663 objeceruut,
634 1627 710 1661 cujus
723 1626 873 1654 innocentia

95 1676 201 1709 liberata.
214 1677 246 1704 ab
263 1676 367 1704 eisdem
380 1675 486 1710 regibus
499 1673 592 1701 eadem
607 1680 654 1700 vos
669 1672 799 1707 patimini,
815 1679 874 1707 quae

95 1721 144 1750 illos
162 1723 235 1750 vestri
259 1722 317 1759 pati
338 1722 497 1753 voluerunt;
520 1719 644 1754 quoniam
663 1718 789 1753 scriptum
809 1720 850 1744 est
866 1725 873 1744 :

96 1768 137 1800 Qui
149 1773 216 1802 para!
231 1767 350 1803 proximo
365 1766 477 1801 foveam,
498 1765 552 1799 ipse
563 1763 655 1790 incidet
667 1763 692 1789 iu
710 1771 765 1790 eam
780 1761 873 1797 (Eccli.

95 1821 166 1845 um,
179 1813 234 1849 29).

123 1859 145 1886 6.
164 1859 198 1886 De
218 1858 299 1886 nobis
313 1863 376 1892 ergo
388 1855 458 1891 quod
471 1854 618 1890 queramiui
634 1861 687 1881 non
708 1852 829 1885 habetis;
849 1856 877 1880 et

95 1909 170 1933 tamen
181 1905 312 1933 Ecclesia:
326 1902 465 1930 catholica:
484 1899 676 1933 mansuetudo,
690 1899 770 1927 etiam
789 1899 822 1925 ab
835 1898 878 1925 his

95 1951 272 1986 imperatorum
290 1949 458 1985 jussionibus
474 1947 584 1975 omnino
607 1946 806 1980 conquieverat,
828 1945 877 1971 nisi

94 1997 163 2025 vestri
177 1997 265 2025 clerici
279 2000 311 2024 ct
323 1993 569 2024 Circumcelliones,
584 2000 631 2027 per
644 1999 705 2019 suas
719 1989 878 2018 immanissio

93 2051 142 2071 mas
153 2044 340 2078 improbitates
356 2041 522 2075 furiosasque
535 2039 678 2066 violentias
691 2037 806 2073 quietem
829 2044 879 2063 uo-

94 2093 164 2117 ιιι-ατη
179 2089 368 2124 perturbat-tes
382 2091 461 2122 atque
470 2089 615 2117 vastantes,
629 2084 686 2110 hrec
697 2084 722 2111 in
737 2089 785 2109 vos
797 2081 879 2109 recoli

93 2140 116 2162 et
135 2135 254 2163 renovari
278 2133 440 2168 coegissent.
462 2131 526 2158 Nam
546 2130 695 2164 priusquam
719 2128 880 2155 recentiores

94 2179 156 2215 leges
174 2180 231 2208 istae
254 2180 289 2207 de
312 2178 406 2214 quibus
430 2177 521 2205 modo
535 2175 684 2210 querimini,
701 2174 835 2200 vertissent
856 2173 881 2199 in

93 2227 207 2258 Africam,
220 2226 335 2254 insidias
346 2225 372 2252 in
387 2224 526 2251 itineribus
546 2223 643 2249 nostris
656 2222 787 2256 episcopis
798 2225 881 2247 teten-

94 2271 189 2304 derunt.
198 2272 367 2301 conclericos
380 2275 485 2297 nostros
500 2269 581 2303 plagis
597 2267 794 2294 immanissimis
805 2273 882 2300 quas-

92 2323 218 2351 saverunt,
235 2317 315 2345 laicis
330 2322 434 2351 quoque
449 2319 475 2341 et
490 2315 579 2348 plagas
594 2314 764 2348 gravissimas
778 2312 881 2338 inﬂixe-

93 2368 157 2398 runt,
171 2369 197 2392 et
211 2364 364 2391 intulerunt
380 2369 471 2389 eorum
488 2360 606 2386 aediliciis
621 2359 750 2386 incendia.
768 2359 881 2393 Presby-

93 2412 170 2436 terum
178 2409 260 2437 etiam
273 2407 416 2443 quemdam
429 2406 488 2441 quia
501 2405 608 2439 prOpria
618 2409 643 2430 et
655 2404 737 2430 libera
749 2404 883 2430 voluntate

93 2455 210 2483 unitatem
232 2460 337 2483 nostra:
358 2452 552 2480 communionis
573 2450 661 2484 elegit,
683 2450 716 2476 de
739 2449 818 2475 domo
837 2457 883 2475 sua

93 2506 198 2537 raptum,
213 2506 241 2529 et
257 2508 309 2536 pro
324 2499 433 2526 arbitrio
454 2497 604 2525 immaniter
622 2503 721 2522 ca‘sum
745 2496 768 2522 in
784 2496 885 2529 gurgite

95 2547 164 2574 etiam
177 2554 294 2576 caenoso
307 2546 452 2573 volutatum
465 2566 472 2577 ,
489 2543 557 2570 buda
575 2544 582 2558 ι
600 2543 733 2573 vestitum,
751 2550 810 2569 cum
826 2542 884 2576 qui-

94 2590 196 2621 husdam
209 2591 371 2623 dolendum,
382 2590 538 2624 quibusdam
550 2588 688 2616 ridendum
701 2589 725 2615 in
739 2596 833 2623 pompa
846 2588 885 2615 sui

121 2661 130 2676 ¹
141 2663 166 2685 In
176 2661 291 2689 excusis,
305 2659 391 2683 barda.
405 2662 428 2682 ln
438 2658 515 2682 tribus
525 2661 587 2685 \ts;.,
602 2657 685 2689 (lauda.
697 2660 721 2689 ᾼῑ
735 2657 757 2679 in
770 2657 822 2689 aliis
833 2655 886 2689 [ln-

92 2691 170 2723 ήιιιιε
179 2687 405 2723 ια’ἱιιίιιίι-,λύιιάας
423 2689 542 2723 sic_etiam
555 2688 657 2723 inelist.
674 2688 725 2722 107i,
739 2688 779 2710 uti
793 2687 842 2723 ille,
855 2687 886 2711 de

93 2719 239 2753 marica-itur,
252 2721 386 2753 presbyter
395 2720 535 2753 _l\cstitutus
546 2719 884 2753 \ictorianensisJiominatur.

94 2749 147 2780 ωδ
158 2749 245 2777 intem
253 2749 292 2776 'sit
304 2749 376 2779 bu'da,
387 2751 459 2775 docet
480 2750 626 2781 Augustinus
639 2749 661 2773 in
678 2749 718 2781 illi.
732 2749 747 2773 5
757 2752 821 2781 cont.
834 2752 887 2781 (πιφ-

93 2787 195 2808 mm
205 2790 231 2808 c.
243 2781 290 2812 48,
303 2788 356 2807 uim
368 2781 478 2806 eamdem
489 2784 608 2812 retexens
619 2780 741 2804 historiam
763 2780 796 2812 ait
811 2780 886 2803 nesti-

94 2815 167 2848 tm
181 2813 264 2839 hisee
281 2810 377 2848 'aanictrt
393 2812 482 2848 junceo
503 2810 743 2848 deltorwstritrtni.IE§t-
763 2811 836 2845 igitur
847 2814 888 2833 aut

94 2842 186 2874 inus,
196 2848 242 2869 aut
253 2847 328 2874 certe
338 2840 419 2874 διοτρρ
432 2849 462 2874 ex
472 2843 555 2874 junco,
565 2841 634 2874 juxta
652 2841 705 2865 tsid.
717 2840 790 2864 Gloss.
804 2841 827 2864 in
840 2847 887 2871 quo

94 2871 274 2906 lmen-pravo
299 2871 482 2929 Ιῑὲἰιιιτηὺυάαζ
494 2871 600 2901 historia,
617 2879 659 2907 pro
670 2875 704 2895 est
716 2874 799 2906 storm.
816 2875 885 2895 Porro

94 2906 195 2929 Domus
205 2906 233 2929 in
244 2909 310 2929 ,ειιε
337 2923 343 2928 .
353 2904 377 2929 2.
389 2908 421 2928 att
436 2913 447 2927 α
458 2904 538 2928 ulvam
549 2909 563 2927 a
575 2903 697 2929 plerisque
709 2902 754 2926 dlCl
768 2908 819 2927 eam
833 2908 885 2926 esse

93 2902 233 2932 Domus-in
244 2902 343 2930 .Eneid’.
353 2904 377 2935 2,
389 2905 421 2928 ait
436 2904 538 2935 «ulvam
549 2909 563 2927 a
575 2902 697 2934 plerisque
709 2902 754 2926 dici
768 2908 819 2927 eam
833 2908 887 2926 esse

97 2942 108 2957 α
117 2941 188 2968 qm
198 2935 280 2968 vulgo
290 2935 378 2960 budam
389 2934 517 2966 appellant.
531 2941 541 2956 I

650 191 888 222 EPISTOLARUM
906 191 1041 222 CLASSIS
1060 194 1091 222 ll.

918 249 1044 278 facinoris
1054 254 1245 284 ostentassent.
1257 252 1398 281 abductum
1414 254 1475 282 inde
1488 262 1541 290 quo
1555 255 1709 293 voluerunt,

917 297 961 324 vix
982 302 1041 332 post
1055 297 1113 325 dies
1126 297 1265 326 duodecim
1279 299 1447 328 dimiserunt.
1467 301 1543 329 Unde
1562 308 1710 332 conventus

919 343 1124 377 municipalibus
1136 343 1225 371 Gestis
1238 352 1253 371 a
1268 350 1358 372 nostro
1368 346 1493 381 episcopo
1506 346 1706 382 Proculeianus,

918 396 977 416 cum
1000 389 1034 416 ab
1058 389 1215 424 inquirenda
1239 398 1317 418 causa
1342 391 1544 425 dissimulasset,
1566 397 1594 420 et
1613 393 1709 421 iterum

919 434 1045 462 continuo
1057 439 1204 463 conventus
1218 440 1307 469 esset,
1327 436 1392 463 nihil
1407 444 1436 464 se
1450 437 1581 465 dicturum
1597 439 1713 474 amplius

919 479 1008 508 Gestis
1014 481 1156 515 expressit.
1166 481 1198 508 Et
1205 481 1283 509 hodie
1292 481 1330 508 illi
1340 482 1384 516 qui
1397 481 1447 509 hoc
1457 484 1587 515 fecerunt,
1601 484 1712 519 presby-

919 526 968 553 teri
979 526 1058 553 veSIri
1072 531 1143 559 sunt,
1156 526 1243 554 adhuc
1257 534 1306 555 nos
1317 527 1422 562 insuper
1432 528 1592 563 territantes,
1606 534 1632 557 et
1642 530 1713 558 sicut

920 572 1051 607 potuerint
1065 576 1266 607 persequentes.

956 618 982 644 7.
995 617 1049 645 Nec
1059 622 1147 645 tamen
1161 618 1194 646 de
1207 618 1248 645 his
1259 618 1362 653 injuriis
1374 623 1401 646 et
1411 620 1639 654 persccutionibus
1646 629 1714 658 quas

920 663 1039 691 Ecclesia
1052 663 1180 692 catholica
1196 664 1221 691 in
1237 664 1345 699 regione
1359 670 1450 692 nostra
1461 670 1524 693 tunc
1535 667 1650 702 pertulit.
1664 668 1714 695 im-

920 710 1088 744 peratoribus
1110 715 1271 745 conquestus
1297 715 1339 738 est
1365 711 1507 746 episcopus
1534 717 1635 741 noster.
1659 715 1714 743 Sed

920 755 990 783 facto
1007 756 1121 784 concilio
1135 756 1174 791 (α)
1189 756 1286 791 placuit
1306 761 1336 784 ut
1359 757 1467 792 pacifice
1485 760 1692 788 eouveniremini
1703 782 1713 795 ,

920 809 984 837 quo,
995 802 1017 830 si
1033 802 1090 830 fieri
1103 807 1203 836 posset.
1220 802 1352 830 haberetis
1365 803 1434 831 inter
1447 811 1496 831 vos
1511 805 1519 820 '
1534 804 1712 840 collationem,

920 852 948 876 et
962 856 1054 876 errore
1068 849 1182 882 sublato,
1199 848 1314 877 t'mterna
1328 849 1444 878 cltaritas
1458 851 1530 886 pacis
1545 851 1651 880 vinculo
1666 852 1715 880 la:-

922 899 1023 923 taretur
1034 896 1055 922 ³.
1070 896 1103 922 Et
1123 896 1148 922 in
1165 896 1221 931 ipsa
1242 897 1420 924 conventione
1440 896 1503 932 quid
1525 897 1716 932 Proculcianus

921 939 1008 975 pritno
1022 929 1200 975 responderit,
1215 941 1284 976 quod
1296 941 1438 969 concilium
1449 929 1554 969 iiacturi
1568 943 1673 976 essetis,
1688 929 1721 971 et.

922 986 977 1015 illic
1001 987 1082 1014 visuri
1104 987 1167 1022 quid
1192 987 1356 1022 respondere
1374 988 1638 1020 deberetis;deinde
1651 989 1716 1024 quid

921 1038 1025 1069 postea,
1040 1041 1100 1061 cum
1114 1037 1222 1069 propter
1234 1041 1309 1061 suam
1330 1033 1534 1068 promissionem
1548 1034 1637 1062 denuo
1648 1042 1715 1062 con-

921 1083 1017 1106 ventus
1038 1082 1119 1111 esset,
1142 1079 1216 1107 Actis
1238 1079 1409 1114 expresserit,
1430 1086 1557 1107 recusans
1578 1079 1716 1115 pacificam

921 1124 1102 1157 collationem,
1121 1125 1176 1160 ipsa
1198 1123 1278 1152 Gesta
1301 1125 1436 1152 instruant
1451 1124 1613 1152 Gravitatem
1632 1129 1715 1153 tuam.

923 1170 1023 1198 Deinde
1031 1178 1092 1199 cum
1103 1176 1252 1199 vestrorum
1263 1171 1423 1199 clericorum
1433 1175 1461 1199 et
1470 1171 1716 1199 circumcellionum

922 1217 1060 1245 notissima
1087 1218 1211 1246 omnibus
1233 1226 1286 1245 non
1315 1221 1433 1246 cessaret
1458 1217 1621 1251 immanitas,
1647 1217 1719 1246 dicta

922 1271 1002 1291 causa
1016 1268 1068 1296 est,
1090 1271 1151 1291 cum
1174 1263 1311 1299 Crispinus
1332 1263 1465 1299 judicatus
1488 1263 1640 1297 hmreticus,
1666 1271 1719 1292 nec

922 1317 1001 1346 pinna
1019 1310 1112 1338 decem
1137 1310 1264 1338 librarum
1279 1310 1337 1338 auri
1353 1318 1411 1346 qua:
1426 1310 1452 1338 in
1468 1310 1608 1338 haereticos
1621 1311 1655 1338 ab
1669 1311 1720 1339 im-

922 1355 1089 1390 peratoribus
1102 1354 1187 1382 fuerat
1200 1355 1353 1386 constituta,
1367 1363 1416 1390 per
1429 1355 1659 1384 mansuetudinem
1671 1364 1719 1384 ca-

923 1400 1049 1428 tholicam
1063 1400 1134 1428 teriri
1148 1400 1293 1435 permissus
1302 1404 1353 1432 est,
1362 1405 1389 1428 et
1400 1405 1487 1428 tamen
1499 1400 1532 1427 ad
1543 1400 1719 1436 imperatores

923 1445 1109 1482 appellandum
1125 1446 1227 1481 putavit
1241 1445 1288 1481 (ιι).
1303 1445 1383 1481 Cujus
1404 1446 1572 1481 appellationi
1591 1447 1661 1481 quod
1682 1447 1719 1475 ita

924 1500 1082 1527 responsum
1097 1496 1148 1525 est,
1169 1499 1257 1520 nonne
1273 1497 1423 1519 vestrorum
1442 1492 1595 1528 praecedens
1619 1493 1721 1530 impro-

924 1539 993 1567 bitas
1005 1559 1012 1572 ,
1034 1543 1061 1567 et
1085 1538 1178 1566 eadem
1198 1538 1280 1574 ipsius
1293 1538 1436 1574 appellatio
1449 1539 1561 1566 extorsit
1576 1544 1605 1567 ut
1620 1540 1696 1568 lieret
1706 1540 1719 1567 ἲ

925 1592 975 1613 nec
987 1589 1075 1612 tamen
1093 1586 1172 1612 etiam
1187 1589 1245 1620 post
1259 1585 1344 1620 ipsum
1359 1585 1533 1621 rescriptum,
1554 1586 1721 1615 interceden-

925 1631 995 1659 tibus
1008 1631 1078 1666 apud
1092 1631 1281 1666 Imperatorem
1293 1631 1391 1659 nostris
1401 1632 1545 1668 episcopis,
1554 1633 1647 1661 eadem
1660 1634 1719 1661 auri

925 1678 1147 1706 condemnatione
1168 1678 1295 1706 multatus
1313 1681 1364 1706 est.
1385 1678 1424 1706 Ex
1446 1679 1559 1707 concilio
1575 1679 1608 1716 (τ)
1629 1685 1721 1709 autem

926 1723 1011 1752 nostri
1025 1724 1141 1760 episcopi
1163 1724 1265 1759 legatos
1285 1723 1320 1751 ad
1338 1724 1492 1752 comitatum
1515 1725 1654 1757 miserunt,
1674 1726 1723 1761 qui

927 1769 1100 1804 impetrarent
1123 1773 1152 1796 ut
1167 1777 1222 1797 non
1240 1777 1335 1798 omnes
1355 1770 1472 1805 episcopi
1490 1774 1518 1798 et
1534 1770 1623 1799 clerici
1638 1771 1722 1806 partis

927 1820 1032 1848 vcstrze,
1046 1815 1079 1843 ad
1092 1815 1213 1843 eamdem
1227 1815 1475 1844 condemnationem
1488 1816 1580 1845 decem
1593 1816 1723 1845 librarum

928 1862 996 1895 auri,
1005 1869 1064 1897 qua:
1079 1861 1104 1889 in
1118 1868 1213 1889 omnes
1225 1860 1366 1890 haereticos
1378 1861 1523 1890 constituta
1532 1866 1583 1895 est,
1595 1866 1723 1890 teneren-

930 1912 989 1940 tur;
1006 1907 1052 1935 sed
1067 1907 1094 1934 hi
1104 1907 1154 1934 soli
1168 1908 1193 1935 in
1207 1915 1320 1943 quorum
1335 1907 1402 1935 locis
1414 1907 1516 1943 aliquas
1528 1915 1543 1935 a
1558 1908 1654 1936 vestris
1667 1908 1725 1937 vio-

930 1953 1024 1980 lentias
1055 1952 1172 1981 Ecclesia
1198 1952 1327 1980 catholica
1348 1957 1483 1987 pateretur
1509 1952 1561 1989 (ά).
1585 1953 1639 1981 Sed
1662 1962 1724 1982 cum

930 1999 1008 2035 legati
1026 1998 1138 2026 Romam
1160 2002 1298 2030 venerunt,
1312 1999 1367 2033 jam
1391 1998 1528 2026 cicatrices
1545 1998 1663 2033 episcopi
1676 2006 1725 2026 ca-

931 2044 1020 2072 tholici
1041 2044 1075 2080 (e)
1097 2044 1232 2079 Bagaitani
1245 2044 1255 2059 ³
1269 2044 1409 2071 horrenda:
1421 2051 1453 2070 ac
1465 2043 1657 2071 recentissimae
1669 2043 1723 2072 lm-

932 2095 1081 2126 peratorem
1096 2094 1307 2121 commoverant,
1322 2092 1351 2115 ut
1365 2088 1439 2124 leges
1452 2088 1519 2116 tales
1533 2088 1702 2117 mitterentur
1714 2109 1724 2124 ,

931 2135 1023 2171 quales
1037 2139 1064 2163 ct
1077 2135 1164 2162 missae
1176 2139 1248 2162 sunt.
1263 2134 1364 2167 Quibus
1379 2134 1406 2161 in
1420 2133 1535 2161 Africam
1545 2133 1725 2169 venientibus,

932 2190 992 2210 cum
1007 2183 1097 2218 utique
1109 2190 1162 2210 non
1179 2181 1212 2209 ad
1226 2181 1337 2215 malum,
1358 2181 1405 2209 sed
1418 2181 1451 2209 ad
1464 2181 1562 2209 bonum
1577 2181 1728 2217 cmpissetis

933 2229 1032 2264 urgeri,
1048 2228 1111 2264 quid
1133 2227 1222 2255 facere
1235 2227 1372 2255 debebatis
1387 2227 1437 2255 nisi
1454 2232 1481 2255 et
1500 2235 1547 2255 vos
1566 2228 1671 2256 mittere
1692 2229 1727 2257 ad

933 2275 1072 2310 episcopos
1088 2279 1202 2306 nostros,
1215 2278 1244 2301 ut
1255 2272 1388 2308 quomodo
1400 2280 1447 2301 vos
1463 2273 1512 2308 ipsi
1525 2279 1705 2301 convenerant
1716 2295 1724 2306 ,

934 2321 973 2348 sic
986 2320 1190 2348 convenirentur
1204 2327 1217 2346 a
1234 2318 1320 2353 vobis,
1336 2323 1363 2346 et
1376 2319 1464 2354 potius
1476 2319 1617 2347 collatione
1629 2320 1727 2347 veritas

935 2366 1094 2402 appareret?

968 2454 976 2469 ι
990 2452 1045 2477 ΗΜ.
1055 2460 1061 2476 :
1077 2450 1198 2477 [laboratis
1208 2450 1270 2476 inter
1281 2457 1324 2475 nos
1331 2449 1488 2475 collationem.
1497 2452 1525 2475 At.
1532 2452 1584 2474 Mss.
1593 2455 1670 2477 mone
1677 2456 1729 2475 om-

935 2491 982 2510 nes
990 2503 998 2514 ,
1009 2483 1072 2509 inter
1079 2489 1127 2507 ros.
1139 2483 1234 2514 Scilicet
1241 2488 1289 2506 non
1297 2481 1380 2514 de_sc_,
1394 2479 1482 2514 scddc
1496 2479 1616 2511 episcopis
1628 2479 1731 2506 Catholi-

936 2516 972 2541 cis
984 2511 1010 2540 et
1024 2514 1152 2539 Donatistis
1166 2512 1297 2545 loquuntur
1315 2511 1401 2537 clerici
1418 2511 1600 2542 Hipponenses,
1616 2515 1643 2537 ut
1661 2514 1731 2544 patet

937 2554 979 2593 ω’
985 2545 1087 2602 Πύῐιξιὲἰε
1101 2576 1175 2600 Vatic.
1187 2578 1253 2605 Mss,
1261 2573 1386 2606 ligaretur.

969 2609 980 2625 ³
994 2608 1064 2644 Attus.
1076 2610 1131 2644 .'_-°v-
1146 2609 1172 2644 et
1184 2609 1232 2644 ετιε
1251 2604 1526 2644 ζᾶθίιαηίςᾉξβειιὲξ
1538 2604 1729 2644 septemﬂua

938 2643 1002 2665 notas
1010 2634 1132 2667 scribitur,
1149 2634 1351 2668 Hagoitarrifnec
1368 2634 1557 2668 multumhaliter
1569 2634 1595 2660 in
1616 2634 1728 2668 casteria,

937 2670 1033 2702 scilicet
1042 2670 1066 2702 in
1075 2666 1153 2702 tritius
1166 2666 1406 2702 \‘atic.,_llagaelani;
1418 2666 1445 2702 in
1453 2666 1507 2702 alio
1514 2666 1669 2702 itemgt'atlci,
1682 2669 1730 2702 Iut-

937 2700 1050 2734 gartum';
1058 2701 1084 2734 in
1104 2700 1213 2734 giste_rc.,
1228 2696 1345 2734 L'igm'tani
1354 2704 1374 2734 ;_
1388 2698 1414 2722 in
1568 2700 1628 2728 Λιῃ.¹
1644 2696 1729 2727 uacat-

937 2728 997 2758 M.
1008 2728 1093 2756 Confer
1103 2731 1146 2756 lib.
1160 2730 1176 2754 5
1189 2728 1431 2758 cont.'txesconiutn,
1445 2734 1467 2753 c.
1482 2728 1521 2752 45.

981 2774 1005 2804 a)
1016 2772 1168 2804 Carthagine,
1179 2778 1218 2796 an.
1231 2771 1286 2801 403,
1297 2770 1338 2795 die
1350 2770 1380 2795 25
1391 2777 1447 2804 aug.

981 2781 994 2798 η
1016 2774 1168 2804 Carthagine,
1179 2778 1218 2796 an.
1231 2774 1286 2801 405,
1297 2774 1338 2795 die
1350 2774 1380 2795 ‘25
1391 2777 1447 2800 aug.

1087 2803 1229 2859 loica-cont.
1241 2806 1351 2827 (:l‘escon.
1362 2808 1384 2826 c.
1393 2801 1465 2831 46,11.
1477 2797 1517 2829 50,
1529 2801 1555 2825 et
1569 2804 1586 2825 ξ.
1599 2798 1639 2830 47,
1652 2805 1676 2824 n.
1688 2798 1730 2830 5!,

940 2840 967 2862 et
979 2840 1076 2862 Possm.
1090 2841 1112 2859 c.
1127 2840 1163 2859 ιε.

981 2867 1005 2922 ξ)
1016 2866 1151 2896 carthagin.
1164 2864 1249 2890 concil.
1261 2864 1302 2888 die
1313 2863 1343 2887 26
1351 2862 1421 2894 juuit,
1433 2867 1463 2885 an
1485 2860 1539 2886 ωι.

997 2899 1009 2959 ἒ
1022 2896 1080 2932 vide
1092 2897 1163 2932 epist.
1178 2897 1230 2925 185,
1241 2901 1293 2926 cap.
1306 2895 1330 2924 7,
1342 2900 1366 2919 n.
1380 2893 1418 2924 25,
1430 2892 1468 2918 ΞΒ.

983 2935 997 2953 e
1019 2932 1158 2953 Maxmuant.

997 2892 1009 2960 ἓ
1022 2896 1080 2932 vide
1092 2892 1163 2932 eiust.
1178 2897 1230 2925 185,
1241 2901 1293 2926 cap.
1306 2895 1330 2924 7,
1342 2892 1366 2919 n.
1380 2893 1418 2924 25,
1430 2892 1468 2918 96.

1019 2932 1158 2953 Maxmuam.

983 2927 1007 2953 ei
1019 2927 1158 2953 Maximiani.
