3962 6390
568 426 674 488 307

644 546 698 602 8.
729 539 842 597 Non
880 534 1058 595 solum
1088 540 1263 589 autem
1294 541 1401 585 non
1426 522 1646 585 fecistis,
1680 514 1771 573 sed
1798 512 1980 585 pejora
2023 506 2159 562 maia

564 638 729 695 nobis
754 633 918 691 vestri
971 644 1110 686 nunc
1154 625 1371 680 faciunt.
1420 616 1535 673 Non
1578 620 1780 667 tantum
1810 621 1907 660 nos
1938 598 2162 657 fustibus

572 735 822 806 quassant
859 725 1103 793 ferroque
1127 716 1445 775 concidunt;
1488 722 1671 763 verum
1712 703 1871 759 etiam
1900 699 1951 752 in
1981 692 2163 750 oculos

572 783 988 893 elxstinguendos
1023 813 1223 868 calcem
1251 808 1415 861 mixto
1446 810 1594 857 aceto
1624 792 1916 853 incredibili
1946 783 2164 855 excogi-

573 918 775 972 tatioue
842 906 1062 966 sceleris
1133 902 1367 957 mittunt.
1420 895 1621 950 Domus
1671 890 1891 955 insuper
1954 886 2161 935 uosuas

576 1007 943 1077 rompilantes,
976 1014 1123 1055 arma
1162 993 1261 1049 Sibi
1293 988 1523 1060 ingentia
1562 991 1618 1041 et
1658 977 1912 1037 terribilia
1941 972 2163 1028 fabrica-

578 1109 721 1166 runt,
748 1095 939 1167 quibus
969 1088 1156 1147 armati
1198 1100 1295 1155 per
1338 1082 1543 1137 diversa
1574 1075 1896 1134 discurrunt,
1942 1062 2165 1121 commi-

579 1202 765 1250 nantes
812 1198 969 1259 atque
1014 1179 1328 1236 anhelantes
1370 1168 1567 1237 caedes,
1609 1167 1843 1233 rapinas,
1882 1155 2123 1214 incendia
2148 1195 2163 1220 ,

578 1283 864 1337 carcitates.
892 1274 1093 1344 Quibus
1125 1270 1284 1324 rebus
1304 1262 1563 1332 compulsi
1594 1272 1776 1314 sumus
1805 1252 1898 1307 tibi
1924 1248 2166 1321 primitus

578 1372 853 1442 conqueri,
891 1378 947 1421 ut
990 1360 1296 1418 consideret
1338 1354 1580 1412 Gravitas
1624 1356 1796 1405 vestra
1829 1358 1985 1414 quam
2016 1337 2168 1394 multi

580 1474 841 1529 vestrum,
883 1460 991 1513 imo
1016 1462 1112 1509 Vos
1137 1466 1344 1517 omnes,
1376 1444 1466 1517 qui
1492 1458 1586 1498 vos
1627 1441 1732 1510 pati
1768 1436 1941 1491 dicitis
1988 1436 2168 1503 perse-

580 1558 883 1615 cutionem,
928 1549 1025 1604 sub
1070 1547 1199 1617 ipsis
1245 1540 1392 1613 quasi
1435 1526 1758 1592 terribilibus
1792 1530 2170 1597 imperatorum

582 1645 964 1701 catholicorqu
999 1638 1204 1709 legibus
1226 1635 1278 1689 in
1306 1625 1730 1703 possessionibus
1753 1620 1943 1676 vestris
1967 1624 2023 1671 et
2046 1610 2171 1669 alie-

582 1744 665 1797 nis
695 1741 869 1797 securi
898 1734 1148 1798 sedeatis,
1181 1734 1235 1785 et
1264 1743 1361 1785 nos
1384 1741 1415 1779 a
1441 1722 1632 1779 vestris
1654 1727 1760 1774 tam
1783 1711 2017 1770 inaudita
2034 1702 2172 1763 maia

556 1833 869 1907 -patiamur.
909 1827 1014 1881 Vos
1043 1794 1218 1880 dicitis
1255 1818 1361 1891 pati
1407 1811 1868 1887 persecutionem;
1899 1810 1953 1858 et
1981 1810 2078 1855 nes
2106 1794 2173 1852 ab

585 1924 804 1981 armatis
831 1918 1021 1978 vestris
1053 1914 1278 1972 fustibus
1307 1916 1361 1967 et
1388 1902 1531 1967 ierro
1559 1902 1909 1964 concidimur.
1958 1895 2069 1950 Vos
2095 1888 2173 1947 di-

585 2020 703 2074 citis
732 2017 833 2088 pati
860 2011 1322 2085 persecutionem;
1350 2015 1405 2060 et
1426 2008 1619 2059 nostra:
1645 1996 1834 2053 dooms
1860 1991 1927 2046 ab
1955 1984 2175 2043 armatis

587 2082 783 2166 vestris
812 2082 1148 2175 compilando
1176 2105 1468 2154 vastantur.
1508 2088 1618 2147 Vos
1646 2086 1821 2144 dicitis
1851 2082 1953 2153 pati
1992 2086 2175 2149 perse-

588 2200 892 2261 cutionem;
921 2200 975 2250 et
1002 2192 1166 2249 nostri
1190 2187 1328 2243 oculi
1368 2179 1435 2238 ab
1475 2182 1693 2238 armatis
1731 2174 1921 2231 vestris
1950 2168 2097 2226 calce
2126 2174 2179 2222 et

592 2300 744 2346 aceto
770 2287 1195 2355 exstinguuntur.
1221 2272 1442 2347 Insuper
1463 2275 1621 2328 etiam
1639 2270 1683 2323 si
1704 2278 1835 2339 Quas
1855 2268 2055 2318 mortes
2079 2259 2179 2315 sibi

592 2380 733 2438 ultro
772 2380 1038 2453 ingerunt,
1084 2372 1239 2430 nobis
1281 2366 1463 2425 volunt
1509 2373 1628 2421 esse
1670 2352 1977 2422 ittvidiosas,
2030 2348 2180 2407 vobis

592 2448 870 2547 glorioSas.
919 2466 1069 2537 Quod
1114 2462 1267 2521 nobis
1299 2461 1533 2523 faciunt,
1588 2452 1689 2509 sibi
1736 2458 1838 2506 nun
1885 2448 2177 2517 imputant;

592 2534 648 2624 et
664 2564 805 2638 quod
818 2556 919 2618 sibi
940 2534 1156 2621 iaciunt,
1180 2552 1331 2611 nobis
1350 2555 1627 2624 imputant.
1640 2544 1832 2601 Vivont
1846 2549 1902 2596 ut
1914 2534 2179 2617 latrones,

594 2657 894 2715 moriuntur
907 2658 961 2708 ut
981 2644 1458 2708 Circumcelliones,
1480 2638 1810 2695 honorantur
1826 2642 1879 2688 ut
1897 2638 2179 2701 martyres;

594 2758 649 2805 et
680 2758 856 2803 tamen
891 2759 987 2801 nec
1030 2738 1261 2796 latrones
1302 2726 1585 2804 aliquando
1611 2720 1906 2783 audivimus
1930 2730 2025 2777 eus
2053 2726 2184 2789 quos

594 2834 884 2911 depraedati
935 2842 1075 2899 sunt,
1124 2844 1447 2886 ειοτιξοοεεθ.
1493 2822 1712 2882 Occisus
1748 2810 1995 2874 auferunt
2042 2808 2181 2887 luci,

595 2950 703 2989 non
730 2932 744 2964 ¹
777 2928 905 2985 vivis
932 2922 1179 2982 auferunt
1205 2924 1399 2977 lucem.

668 3023 721 3079 9.
762 3021 869 3078 Nos
886 3019 1095 3075 interim
1118 3016 1162 3070 si
1186 3008 1398 3087 quando
1420 3016 1626 3065 vestros
1651 3012 2055 3067 tenemus,cum
2077 3009 2188 3049 ma-

597 3133 699 3189 gna
728 3112 1011 3168 dilectione
1039 3122 1315 3165 servamus
1342 3102 1554 3163 illaesos,
1587 3097 1853 3168 loquimur
1880 3091 2004 3155 illis,
2029 3094 2083 3144 et
2108 3080 2188 3142 ie-

597 3209 772 3279 gimus
792 3203 991 3267 omnia,
1005 3198 1195 3269 quibus
1211 3206 1363 3251 error
1386 3194 1498 3263 ipse
1515 3188 1866 3279 cpnviucitur,
1891 3181 1979 3253 qui
1997 3179 2189 3235 fratrcs

599 3270 627 3351 5
656 3293 909 3351 fratribus
937 3293 1177 3360 separat;
1199 3284 1421 3340 facimus
1445 3270 1586 3352 quod
1608 3276 1863 3332 Dominus
1888 3284 1981 3342 per
2001 3270 2188 3324 isaiam

602 3385 912 3460 prophetam
944 3380 1227 3453 prtccepit,
1260 3376 1441 3431 dicens
1472 3388 1484 3425 :
1517 3368 1696 3423 Audite
1737 3364 1821 3439 qui
1860 3361 2047 3435 pavetis
2076 3368 2189 3412 ver-

604 3453 718 3537 bunt
748 3478 954 3533 Domini
977 3492 993 3541 ,'
1024 3475 1207 3540 dicite,
1246 3466 1453 3524 Fratres
1485 3461 1643 3519 nostri
1671 3459 1791 3516 estis
1810 3499 1825 3523 ,
1860 3455 1937 3510 his
1978 3453 2065 3525 qui
2106 3460 2192 3506 eo:

605 3574 813 3626 oderunt
842 3579 888 3625 et
914 3566 1001 3641 qui
1025 3576 1112 3620 vos
1141 3568 1485 3624 exsecrantur,
1514 3564 1566 3608 ut
1592 3566 1772 3607 nomen
1796 3544 2003 3602 Domini
2036 3544 2193 3598 Itono-

603 3662 862 3733 ri/icetur,
886 3634 937 3714 et
971 3663 1215 3729 appareat
1254 3646 1358 3707 litis
1398 3650 1450 3704 tu
1493 3643 1854 3719 jucunditate;
1884 3634 1984 3710 ipsi
2026 3645 2193 3690 autem

605 3730 892 3810 erubescant
918 3746 1069 3821 (Isai.
1100 3756 1241 3809 Lm,
1272 3739 1350 3818 5).
1382 3741 1461 3796 Ac
1489 3739 1566 3793 sic
1606 3730 1811 3805 aliquos
1840 3744 2025 3787 eorum
2061 3742 2191 3781 cou-

606 3846 902 3905 sidet'antes
926 3840 1247 3901 evidentiam
1275 3834 1539 3900 veritatis,
1562 3838 1615 3888 et
1636 3824 2075 3900 pulchritudinem
2103 3832 2196 3891 pa-

606 3942 704 4007 cis,
736 3956 839 3994 uou
867 3936 1141 4007 Baptismo
1174 3942 1331 4004 quem
1357 3929 1465 4001 jam
1494 3922 1630 3980 sicut
1658 3921 1890 3993 regalem
1918 3916 2193 3972 characte-

607 4050 722 4091 rem
760 4040 1007 4102 lauquam
1050 4026 1353 4082 desertores
1390 4022 1742 4089 acceperant,
1778 4008 1873 4067 sed
1914 4007 2035 4063 ildei
2079 4018 2197 4079 quae

608 4125 710 4184 illis
734 4101 920 4193 defuit,
951 4132 1007 4180 et
1033 4118 1263 4194 Spiritus
1291 4113 1461 4173 sancti
1500 4108 1744 4167 charitati
1771 4114 1823 4161 et
1849 4101 2046 4160 Christi
2073 4112 2197 4154 cor-

611 4220 724 4292 pori
745 4219 1029 4273 sociamus.
1048 4210 1312 4283 Scriptum
1333 4216 1416 4263 est
1440 4204 1607 4267 enim,
1628 4197 1757 4253 Fide
1776 4195 2023 4251 mandans
2043 4189 2200 4246 corda

611 4281 784 4365 eorum
824 4307 957 4378 (Act.
987 4321 1057 4359 xv
1078 4347 1091 4369 ,
1118 4281 1210 4375 9);
1258 4299 1490 4367 itemque
1524 4291 1779 4362 scriptum
1818 4296 1931 4352 est,
1966 4281 2200 4339 Charitas

613 4375 839 4472 cooperit
865 4395 1233 4451 multitudinem
1258 4398 1572 4461 peceatorum
1594 4384 1643 4457 (Ι
1664 4382 1805 4437 Petr.
1830 4396 1900 4445 tv,
1918 4379 1994 4446 8).
2025 4375 2080 4431 Si
2108 4391 2200 4427 auo

617 4503 721 4546 tem
750 4491 834 4544 vel
861 4488 1022 4543 nimia
1050 4484 1262 4547 duritia,
1296 4480 1377 4535 vel
1404 4478 1607 4550 pudore
1633 4488 1735 4527 non
1761 4472 1990 4525 ferentes
2014 4482 2199 4523 eorum

614 4582 1031 4647 insultationem,
1054 4592 1174 4632 cum
1199 4572 1390 4646 quibus
1414 4576 1597 4625 contra
1626 4578 1724 4618 nos
1747 4571 1854 4616 tam
1881 4560 2045 4614 multa
2072 4555 2201 4612 falsa

613 4676 883 4748 jactabaut
919 4684 973 4728 et
998 4681 1103 4725 tam
1137 4666 1304 4723 multa
1334 4662 1468 4719 mala
1494 4655 1898 4728 excogitabant,
1928 4651 2009 4707 vel
2036 4650 2203 4720 magis

618 4771 812 4825 timore
833 4808 847 4832 ,
879 4780 946 4819 ne
974 4762 1148 4834 qualia
1176 4757 1329 4812 nobis
1368 4761 1523 4807 antea
1562 4749 1844 4813 faciebant,
1877 4744 1998 4801 talia
2024 4740 2205 4798 nobis-

617 4869 742 4909 cum
772 4829 885 4922 jam
919 4829 1217 4923 patiantur,
1249 4838 1435 4895 unitati
1462 4834 1658 4892 Christi
1686 4832 1988 4888 consentire
2017 4829 2202 4884 nolue-

618 4944 745 5006 rint,
774 4942 914 4996 sicut
942 4936 1094 4995 ἰδιωδὶ
1116 4932 1315 4993 retenti
1339 4939 1497 4995 sunt,
1527 4926 1606 4983 sic
1633 4942 1662 4980 a
1690 4925 1843 4981 nobis
1869 4923 2206 4979 dimittuntur

620 5036 771 5090 illaesi
796 5051 810 5087 :
836 5034 935 5087 hoc
964 5040 1214 5101 quantum
1246 5038 1527 5096 possumus
1556 5034 1832 5076 monemus
1852 5019 2010 5073 etiam
2042 5017 2205 5071 laieos

622 5138 857 5192 nostros,
886 5134 943 5178 ut
969 5140 1062 5179 eos
1097 5124 1288 5176 illmsos
1318 5126 1553 5184 teneant,
1580 5124 1634 5169 et
1664 5113 1815 5168 nobis
1844 5110 2206 5180 corripiendos

617 5215 1065 5284 instruendustu
1094 5210 1403 5283 perducant.
1437 5206 1542 5263 Sed
1568 5204 1725 5275 aliqui
1757 5217 1854 5257 nos
1882 5202 2123 5267 audiunt,
2154 5207 2208 5256 et

620 5313 669 5368 si
702 5316 921 5381 possunt
944 5302 1145 5361 faciunt
1168 5321 1180 5356 :
1204 5302 1292 5357 alii
1321 5317 1441 5356 cum
1469 5299 1571 5353 illis
1608 5293 2052 5367 quemadmodum
2083 5308 2203 5349 cum

622 5401 918 5458 latronibus
944 5404 1124 5467 agunt,
1151 5396 1270 5465 quia
1298 5406 1391 5447 eos
1415 5406 1598 5446 revera
1626 5389 1757 5445 tales
1781 5387 2069 5459 patiuntur.
2100 5385 2207 5439 Ali-

624 5496 716 5567 qui
748 5494 880 5549 ictus
904 5505 1089 5547 eorum
1120 5486 1230 5542 suis
1266 5483 1575 5553 corporibus
1605 5481 1940 5535 imminentes
1969 5475 2205 5533 feriendo

626 5587 909 5655 repellunt,
933 5600 1001 5640 ne
1022 5584 1090 5638 ab
1111 5583 1189 5637 eis
1214 5587 1335 5634 alue
1357 5577 1609 5633 feriantur
1633 5593 1643 5629 :
1667 5574 1826 5645 aliqui
1847 5573 2207 5644 apprehensus

624 5678 891 5748 )udicibus
920 5677 1166 5740 oli'erunt,
1196 5688 1294 5728 nec
1321 5671 1473 5725 nobis
1502 5669 1949 5723 intercedentibus
1976 5665 2056 5721 eis
2082 5678 2205 5735 par—

694 5816 711 5889 ξ
743 5821 792 5889 tu
999 5809 1144 5859 deest
1170 5819 1298 5872 non;
1340 5818 1451 5872 qua:
1487 5804 1685 5869 negatio
1720 5804 1965 5868 reperitur
2011 5803 2061 5850 in
2100 5807 2207 5852 Mss.

625 5877 921 5942 quindecim.

1819 396 1875 456 s.
1919 380 2289 452 AUGUSTiNl
2331 378 2632 440 EPISCOPI
3691 379 3765 440 ωε

2269 505 2414 564 cunt,
2446 497 2570 551 dum
2602 492 2670 548 ab
2692 492 2770 548 eis
2801 490 2907 561 pati
2937 487 3075 544 mala
3103 485 3342 541 immania
3364 487 3704 559 pertimescunt.
3726 495 3764 552 lr.

2268 592 2462 663 quibus
2492 588 2739 643 omnibus
2774 585 2847 639 illi
2876 599 2982 638 non
3009 581 3283 650 deponunt
3310 579 3436 636 facta
3460 582 3764 653 latronum,et

2270 680 2527 741 honorem
2556 682 2659 737 sibi
2690 681 2909 751 exigunt
2939 683 3253 745 martyrum.

2329 777 2430 835 10.
2474 778 2586 832 iloc
2622 783 2702 830 est
2740 789 2867 843 ergo
2908 769 3231 825 desiderium
3271 769 3663 839 uostrum,quod
3701 780 3771 829 tua

2270 870 2529 928 Gravitati
2561 884 2657 939 per
2686 867 2782 920 has
2809 866 3031 927 litteras,
3063 870 3118 916 et
3156 866 3251 930 per
3275 858 3454 913 fratres
3480 902 3494 924 ,
3520 874 3633 930 quos
3664 866 3771 920 misi.

2272 976 2410 1030 mus,
2440 962 2750 1031 allegamus.
2782 957 3020 1011 Primum
3046 948 3091 1007 si
3119 949 3235 1007 ﬁeri
3266 957 3445 1021 potest,
3480 959 3532 1005 ut
3573 964 3671 1007 cum
3694 957 3773 1025 epi-

2272 1056 2451 1123 scopis
2480 1051 2681 1107 nostris
2719 1048 2937 1121 paciilce
2966 1043 3252 1101 conferatis
3271 1085 3287 1111 ,
3314 1050 3372 1099 ut
3397 1043 3447 1098 in
3481 1044 3641 1114 quibus
3663 1045 3774 1103 fuerit

2273 1148 2523 1202 inretitus
2548 1187 2562 1211 ,
2594 1158 2699 1198 non
2747 1141 2992 1195 homines
3014 1181 3027 1206 ,
3058 1136 3152 1191 sed
3192 1148 3340 1190 error
3374 1136 3480 1204 ipse
3514 1136 3714 1202 tollatur;
3738 1150 3775 1193 nt

2276 1234 2520 1293 homines
2550 1249 2653 1289 non
2685 1233 2999 1303 puniantur,
3030 1228 3124 1284 sed
3157 1228 3507 1296 corrigantur;
3529 1232 3578 1281 ut
3602 1243 3677 1283 vos
3697 1244 3775 1284 mo-

2274 1320 2347 1385 do
2370 1328 2726 1392 conveniatis,
2756 1325 2877 1395 quia
2906 1334 3091 1377 eorum
3118 1322 3509 1377 conventionem
3536 1329 3663 1375 antea
3683 1336 3777 1377 con-

2278 1421 2590 1493 tempsistis.
2622 1420 2831 1485 Quanto
2860 1415 3050 1471 melius
3088 1415 3228 1470 enim
3260 1413 3357 1468 hoc
3393 1414 3520 1468 inter
3541 1428 3622 1469 vos
3641 1414 3777 1483 facitis,

2278 1520 2337 1568 tit
2360 1511 2501 1584 quod
2528 1512 2744 1582 egeritis
2780 1508 3141 1577 conscriptum
3168 1515 3221 1562 et
3242 1507 3577 1577 subscriptum
3610 1505 3782 1576 impera-

2278 1602 2379 1661 tori
2408 1603 2663 1671 mittatis,
2694 1616 2853 1671 quam
2890 1608 2946 1653 ut
2984 1598 3084 1654 hoc
3126 1594 3269 1669 apud
3305 1606 3533 1652 terrenas
3566 1606 3783 1666 potestates

2279 1688 2393 1761 ﬂat,
2420 1708 2539 1766 qua:
2568 1710 2673 1749 non
2704 1700 2925 1764 possunt
2944 1691 3043 1745 nisi
3061 1691 3170 1762 jam
3193 1689 3330 1743 datis
3349 1698 3524 1745 contra
3544 1704 3622 1744 vos
3640 1689 3786 1758 legibus

2279 1782 2536 1843 inservire
2568 1784 2636 1839 '?
2674 1784 2849 1840 Vestri
2890 1784 3031 1839 enim
3075 1781 3299 1851 collega:
3340 1781 3424 1849 qui
3471 1778 3786 1850 navigaverang

2280 1879 2418 1950 apud
2436 1877 2509 1951 (α)
2533 1879 2810 1949 prwlectos
2830 1875 3077 1930 dixerunt
3092 1887 3151 1927 se
3174 1871 3343 1926 audiri
3366 1871 3578 1926 venisse.
3595 1868 3649 1925 Et
3667 1873 3789 1926 nomi-

2282 1978 2542 2026 naverunt
2570 1976 2809 2023 sanctum
2831 1972 3036 2037 patrem
3061 1972 3301 2019 nostrum
3326 1961 3618 2017 catholicum
3636 1963 3790 2032 episco-

2284 2078 2407 2135 pum
2434 2061 2769 2118 Valentinum
2790 2103 2803 2125 ,
2833 2060 2923 2129 qui
2955 2068 3079 2113 tttnc
3105 2058 3156 2112 in
3179 2058 3431 2113 comitatu
3457 2058 3592 2120 erat,
3615 2054 3792 2109 dicentes

2283 2167 2405 2210 cum
2447 2152 2538 2207 illo
2573 2168 2631 2207 se
2658 2150 2794 2206 velle
2818 2148 2987 2204 audiri
3013 2163 3027 2201 :
3052 2146 3192 2218 quod
3220 2148 3299 2202 eis
3338 2158 3440 2202 non
3478 2155 3655 2218 poterat
3675 2142 3795 2214 iudex

2284 2246 2580 2304 concedere
2599 2287 2613 2307 ,
2643 2245 2732 2314 qui
2757 2244 2865 2314 jam
2897 2236 3186 2297 secundum
3218 2238 3393 2310 leges,
3420 2252 3531 2309 qua:
3555 2246 3704 2292 contra
3730 2249 3794 2290 vos

2285 2339 2593 2395 constitutae
2621 2345 2766 2401 sunt,
2795 2334 3100 2405 judicabat;
3132 2346 3232 2387 nec
3259 2330 3350 2387 ille
3379 2330 3633 2402 cpiscopus
3657 2329 3710 2382 ita
3732 2341 3797 2381 ve-

2287 2434 2458 2493 nerat,
2492 2434 2582 2483 aut
2608 2427 2822 2498 aliquod
2853 2426 2955 2481 tale
2982 2422 3290 2479 mandatum
3315 2438 3348 2478 δ
3376 2422 3481 2477 suis
3504 2420 3722 2490 episcopis
3740 2431 3797 2471 ac-

2286 2531 2524 2595 ceperat.
2567 2520 2775 2589 Qnanto
2799 2534 2929 2591 ergo
2960 2518 3152 2573 melius
3182 2517 3297 2587 ipse
3328 2518 3615 2585 imperator,
3640 2511 3709 2582 qui
3730 2526 3799 2564 non

2288 2622 2371 2671 est
2400 2614 2600 2671 eisdem
2631 2614 2833 2683 legibus
2862 2610 3126 2675 subditus,
3160 2617 3213 2663 et
3236 2609 3326 2678 qui
3360 2607 3513 2661 habet
3536 2605 3581 2659 in
3609 2606 3802 2673 potestate

2290 2704 2425 2793 alias
2455 2708 2601 2780 leges
2631 2708 2792 2772 ferre,
2819 2719 2936 2759 cum
2960 2703 3007 2757 ei
3032 2701 3245 2757 collatio
3268 2709 3438 2754 vestra
3466 2696 3610 2753 fuerit
3628 2694 3802 2757 recitata,

2292 2792 2359 2856 de
2390 2809 2495 2854 tota
2528 2800 2639 2869 ipsa
2668 2808 2825 2851 causa
2856 2793 3046 2865 poterit
3068 2791 3342 2863 judicare,
3366 2788 3591 2861 quamvis
3611 2786 3700 2856 jam
3719 2782 3805 2838 olim

2292 2884 2432 2945 dicta
2464 2888 2622 2944 fuerit
2647 2885 2926 2943 terminata
2939 2888 2962 2936 ’ξ
2992 2882 3099 2939 Sed
3132 2881 3257 2937 ideo
3282 2896 3375 2936 vos
3398 2880 3420 2913 ⁸
3447 2875 3669 2934 conferre
3700 2873 3806 2927 volu-

2292 2988 2430 3047 mus,
2462 2994 2569 3035 non
2597 2985 2655 3033 ut
2683 2988 2839 3033 causa
2865 2975 3058 3031 iterum
3093 2972 3340 3034 tiniatur;
3371 2968 3462 3027 sed
3490 2978 3543 3025 ut
3564 2962 3632 3024 eis
3653 2966 3722 3038 qui
3743 2976 3806 3018 ne-

2293 3073 2469 3128 sciunt
2490 3070 2599 3141 jam
2622 3066 2767 3122 [inita
2784 3071 3129 3122 monstretur.
3154 3063 3311 3131 Quod
3328 3060 3373 3118 si
3393 3061 3493 3117 hoc
3512 3057 3669 3115 facere
3686 3052 3804 3110 vestri

2294 3163 2529 3247 episcopi
2568 3159 2867 3224 voluerint,
2890 3156 3017 3229 quid
3055 3155 3179 3212 inde
3208 3155 3463 3225 perditis,
3486 3161 3537 3208 et
3574 3162 3664 3206 non
3689 3147 3809 3218 potius

2294 3242 2567 3330 aequiritls
2588 3299 2601 3323 ,
2660 3251 2783 3326 quia
2818 3252 3063 3307 voluntas
3100 3259 3277 3304 vestra
3310 3245 3610 3309 innoteseit,
3637 3257 3691 3295 nc
3720 3236 3814 3293 dini.

2296 3328 2474 3406 dentia
2502 3347 2694 3403 merito
2725 3333 3186 3415 reprehendatur?
3211 3342 3296 3396 Au
3322 3340 3454 3396 forte
3477 3336 3651 3408 putatis
3678 3347 3755 3386 non
3776 3328 3815 3383 li-

2296 3458 2423 3499 cere
2455 3440 2592 3505 lierl,
2626 3452 2746 3493 cum
2776 3448 2881 3491 non
2910 3449 3005 3491 vos
3027 3435 3187 3489 lateat
3211 3434 3356 3504 quod
3380 3431 3618 3486 Dominus
3638 3422 3816 3483 Christus

2295 3535 2457 3592 etiam
2479 3546 2600 3587 cum
2619 3530 2831 3585 diabolo
2860 3526 2925 3584 de
2947 3527 3087 3599 Lege
3113 3524 3325 3581 locutus
3352 3531 3438 3582 est
3461 3522 3653 3596 (Matth.
3674 3534 3734 3584 tv,
3754 3515 3815 3583 tl);

2297 3625 2439 3715 quod
2466 3640 2587 3680 cum
2617 3622 2783 3679 Paulo
2804 3620 3046 3691 apostolo
3068 3633 3173 3673 non
3203 3619 3377 3673 solum
3403 3615 3586 3680 Judaei,
3612 3608 3689 3667 sed
3706 3604 3817 3663 etiam

2297 3708 2365 3777 de
2392 3714 2583 3774 bmresi
2608 3715 2909 3772 Stoicorum
2939 3721 2990 3767 et
3011 3711 3400 3782 Epicureorum
3427 3702 3700 3778 philosophi
3721 3700 3819 3755 Gen-

2301 3811 2432 3867 tium
2458 3807 2795 3864 contulerunt
2827 3804 2971 3875 (Act.
3010 3819 3122 3859 xvn
3144 3846 3159 3871 ,
3190 3801 3330 3871 l8)?
3351 3817 3417 3856 an
3455 3798 3585 3855 forte
3606 3798 3703 3851 ista:
3724 3792 3820 3861 leges

2298 3898 2637 3973 Imperatoris
2662 3941 2677 3966 ,
2705 3912 2801 3951 vos
2828 3911 2935 3951 non
2985 3895 3301 3967 permittunt
3355 3902 3561 3948 nostros
3606 3887 3821 3957 episcopos

2301 3989 2626 4049 convenire?
2655 3988 2792 4043 Ecce
2823 3986 3033 4042 interim
3074 3985 3359 4056 epise0pos
3399 3992 3598 4037 vestros
3637 3976 3711 4047 qui
3740 3978 3823 4027 sunt

2300 4086 2354 4143 in
2373 4087 2586 4157 regione
2606 4082 2949 4153 ilipponensi,
2964 4078 3053 4134 ubi
3070 4095 3098 4132 a
3120 4078 3314 4133 vestris
3331 4084 3471 4131 tanta
3493 4074 3619 4129 mala
3634 4068 3821 4141 patimur.

2307 4176 2607 4233 convenite.
2622 4173 2835 4242 Quanto
2851 4173 2990 4227 enim
3010 4169 3254 4226 licentius
3272 4178 3326 4225 et
3342 4169 3557 4225 liberius
3578 4164 3637 4220 ad
3657 4169 3824 4228 nos,pet

2310 4279 2518 4327 vestros
2547 4280 2723 4324 vestra
2746 4268 2963 4337 scripta,
2993 4280 3149 4337 quam
3175 4279 3365 4319 eorum
3387 4278 3531 4319 arma
3544 4248 3826 4331 perveniunt?

2378 4363 2466 4418 ii.
2498 4361 2776 4417 Postremo
2805 4375 2900 4431 per
2930 4359 3057 4413 istos
3085 4356 3227 4433 ipsos
3268 4355 3462 4412 fratres
3500 4362 3713 4412 nostros,
3734 4354 3827 4415 quos

2306 4454 2372 4511 ad
2403 4470 2497 4510 vos
2530 4452 2791 4520 misimus,
2822 4449 2944 4505 talia
2971 4448 3272 4505 rescribite.
3305 4448 3359 4505 Si
3385 4456 3556 4503 autem
3581 4452 3630 4499 et
3656 4442 3738 4496 hoc
3758 4448 3828 4488 uon
3922 4460 3923 4495 ;

2306 4548 2488 4615 vultis,
2518 4547 2707 4602 saltem
2735 4560 2855 4599 eum
2882 4542 3073 4598 vestris
3102 4558 3131 4596 a
3172 4543 3365 4614 quibus
3394 4542 3518 4595 talia
3544 4537 3743 4609 patimur
3764 4539 3830 4581 nos

2308 4641 2507 4697 audite.
2550 4636 2827 4693 Ostendite
2866 4635 3020 4692 nobis
3050 4636 3331 4690 veritatem
3354 4677 3368 4703 ,
3400 4649 3494 4705 pro
3522 4646 3616 4703 qua
3650 4641 3729 4680 vos
3760 4616 3832 4690 ita“

2308 4732 2481 4788 dicitis
2526 4728 2983 4806 persecutionem,
3013 4743 3133 4783 cum
3170 4726 3436 4803 patiamur
3476 4739 3569 4779 nos
3601 4723 3832 4776 vestrorum
3924 4782 3925 4785 η

2312 4834 2508 4880 tantam
2539 4821 2931 4879 crudelitatem.
2970 4817 3030 4874 Si
3056 4818 3197 4875 enim
3220 4836 3318 4873 nos
3347 4832 3466 4873 esse
3497 4816 3548 4870 in
3572 4823 3729 4868 errore
3746 4817 3834 4859 suns

2309 4916 2541 4973 viceritis
2566 4957 2580 4981 ,
2612 4914 2749 4970 forte
2774 4910 3080 4969 concedetis
3112 4910 3266 4966 nobis
3294 4921 3350 4966 ut
3382 4926 3487 4964 non
3516 4900 3836 4974 rebaptizetnur

2306 5024 2340 5066 a
2365 5009 2517 5065 vobis
2536 5050 2551 5075 ,
2578 5006 2778 5079 justum
2807 5004 3176 5061 existimantes
3205 5011 3261 5057 ut
3291 5002 3447 5057 nobis
3489 5001 3585 5054 hoc
3614 4984 3833 5068 praestans,

2311 5104 2399 5175 qui
2427 5101 2677 5173 baptizati
2716 5114 2901 5155 sumus
2938 5098 3007 5153 ab
3045 5097 3123 5153 eis
3161 5111 3295 5168 quos
3325 5095 3474 5151 nullo
3510 5089 3692 5165 judicio
3727 5082 3836 5138 dam-

2376 5219 2392 5249 ι
2427 5217 2499 5265 sic
2525 5215 2578 5263 in
2608 5212 2848 5264 tredecim
2874 5218 2982 5261 Mss.
3014 5216 3068 5261 At
3104 5210 3156 5259 in
3182 5209 3320 5273 prius
3334 5208 3446 5258 Edd.
3472 5190 3837 5273 habeturlttff’i'f'

2374 5281 2393 5311 ι
2416 5260 2577 5327 ὦδξῖ
2597 5260 2822 5327 idaea
2841 5260 3249 5329 nosconfcrrefst
3263 5278 3375 5323 uss.
3403 5282 3495 5321 sex
3512 5301 3529 5329 ,
3550 5269 3707 5329 ναιεζὶῐ
3722 5260 3839 5329 fecit?

2308 5324 2572 5401 νείᾶέιῖάρ
2588 5324 2647 5388 ad
2658 5324 2924 5401 "erist
2943 5324 3209 5401 catholicos
3223 5324 3590 5401 et
3609 5324 3841 5401 vitam}?

2310 5384 2798 5473 animos
3164 5384 3169 5473 ί
3182 5396 3367 5473 109991
3376 5394 3632 5473 “32233?
3669 5384 3839 5437 Μ’

2312 5454 2513 5527 quod'u'
2529 5462 2618 5513 hoc
2638 5463 2799 5525 facere
2828 5458 2979 5511 nostri
3000 5457 3213 5523 episcopi
3229 5454 3468 5508 noluerint
3493 5454 3627 5516 [nos].

2373 5550 2445 5662 qq.)
2458 5554 2568 5622 .Huc
2588 5521 2807 5626 spectant
2829 5548 2969 5617 Gesta
2984 5521 3101 5617 qua:
3124 5540 3454 5610 producuntur
3477 5539 3525 5585 in
3545 5521 3843 5591 carthagme

2373 5611 2386 5661 l
2436 5618 2567 5661 tione
2590 5624 2639 5662 ο.
2664 5622 2714 5657 n.
2744 5605 2843 5662 1⁸21,
2875 5619 2959 5655 «ω
2976 5602 3155 5662 λυόισὶο
3177 5602 3340 5651 habita
3367 5599 3658 5662 praefectura:
3676 5625 3692 5653 ,
3806 5594 3843 5662 ξε

2310 5584 2568 5663 οοῆλίίδιῑε
2588 5584 3658 5669 “mi715135333Mittam“
3676 5584 3789 5669 ’ῘΨ-

2319 5694 2340 5721 α
2364 5689 2475 5746 pars
2496 5647 2715 5729 advei'sa,
2744 5668 2803 5743 id.
2817 5647 2894 5717 est
3492 5647 3725 5717 tantorum

2321 5755 2341 5782 α(
2365 5714 2481 5787 iam
2496 5714 2578 5793 ἵζ’
2593 5714 2843 5793 ξιὶῖξῖνίγῖὺὶ
2852 5714 3211 5793 eaeaeae.
3238 5714 3288 5776 n'.
3318 5723 3401 5774 ut
3412 5760 3437 5793 ,_
3454 5714 3662 5793 instanter
3680 5714 3844 5793 maiae}:

2312 5775 2579 5867 natenbai,
2594 5775 2687 5844 die
2701 5775 2843 5843 sisi.
2870 5775 3214 5844 naiasin
3241 5775 3301 5838 et
3341 5775 3489 5837 Probo
3513 5791 3559 5834 tv
3582 5790 3716 5841 (1153.,
3734 5776 3774 5829 id
3793 5775 3847 5818 est

2314 5875 2392 5910 an.
2417 5862 2585 5910 christ;
2607 5858 2714 5907 406.

2314 5875 2392 5913 an.
2417 5874 2585 5910 ωηιδυ
2607 5874 2714 5907 ωο.
