3962 6382
141 278 225 336 δοθ
1250 262 1686 321 EPISTOLARUI

1795 263 2032 323 LLASSIS
2067 266 2130 327 ll.

140 395 296 458 uastis,
312 388 445 463 quod
470 385 787 459 praestitistis
804 384 885 443 eis
904 396 1036 453 quos
1057 380 1358 443 Felicianus
1372 378 1687 439 Hustitanus

143 502 185 544 et
216 487 543 551 Pratcxtatus
576 475 921 537 Assaritanus
955 487 1049 541 per
1078 482 1183 527 tam
1221 472 1437 543 longum
1476 479 1688 541 tempus

144 579 523 652 baptizaverant.
550 567 766 641 quando
788 579 881 623 eos
910 580 1005 639 per
1044 564 1279 634 iudicum
1315 563 1467 632 iussa
1491 562 1559 618 de
1584 562 1681 617 ba.

145 672 280 729 silicis
304 666 499 738 pellere
516 658 873 723 conabamioi,
895 657 1016 728 quia
1040 656 1362 717 Maximiano
1388 655 1683 713 communi-

144 764 320 819 cabant.
338 771 451 813 cum
472 768 579 823 quo
594 766 623 805 a
645 749 794 805 vobis
819 749 869 803 in
893 747 1119 803 concilio
1132 748 1416 817 Bagaitano
1430 762 1682 819 expresse

146 849 524 917 nominatimun
546 841 782 921 dmunaii
806 846 949 903 sunt.
981 839 1111 906 Quae
1135 838 1312 901 omnia
1336 837 1514 905 Gesus
1535 836 1680 906 judi-

144 944 328 1003 cialihus
352 949 401 997 et
427 932 833 1007 municipalibus
851 931 1301 999 demonstratum,
1320 930 1409 995 ubi
1428 938 1485 985 et
1509 930 1681 998 ipsum

146 1035 391 1094 concilium
434 1037 669 1087 vestrum
714 1025 985 1097 allegastis
1008 1065 1024 1088 ,
1058 1023 1184 1081 dum
1222 1025 1380 1083 vultis
1416 1022 1683 1092 judicibus

146 1124 387 1191 ostetidcrc
407 1119 550 1193 quod
578 1116 945 1179 schismaticos
972 1122 1178 1171 vestros
1210 1114 1281 1185 de
1310 1114 1542 1173 basilicis
1569 1113 1683 1183 ρθι-

146 1220 310 1278 lcretis.
346 1215 413 1271 Et
439 1222 616 1271 tamen
642 1210 731 1279 qui
760 1209 828 1264 ab
854 1209 969 1279 ipso
998 1210 1201 1262 semine
1227 1207 1472 1273 Abrahm,
1500 1208 1687 1276 inquo

146 1325 297 1369 omnes
321 1314 497 1381 gentes
528 1300 913 1363 benedicuntur
942 1296 1100 1371 (Gen.
1133 1314 1263 1365 χιιι,
1292 1297 1425 1367 18),
1451 1297 1683 1353 schisma

146 1404 323 1463 fecistis.
344 1400 412 1455 de
443 1396 673 1456 basilicis
704 1394 827 1467 pelli
856 1409 963 1451 non
987 1393 1166 1453 vultis.
1197 1408 1301 1457 non
1334 1407 1426 1461 per
1452 1392 1678 1461 judiees,

147 1500 257 1553 sicut
292 1489 630 1557 schismaticis
657 1487 849 1543 vestris
890 1501 982 1540 vos
1023 1484 1245 1545 fecistis.
1279 1484 1371 1539 sed
1412 1500 1504 1551 per
1542 1484 1685 1551 ipsos

147 1604 272 1658 rcges
292 1596 451 1645 terrm,
466 1581 552 1652 qui
573 1579 834 1649 completa
853 1576 1127 1647 prophetia
1138 1574 1411 1639 Christum
1437 1573 1701 1640 adorant,

146 1676 256 1747 apud
280 1688 401 1746 quos
424 1671 764 1739 Caecilianum
793 1676 1103 1733 accusantes
1133 1667 1252 1723 victi
1294 1666 1611 1729 recessistis.

203 1766 275 1822 l2.
307 1765 355 1819 Si
383 1771 553 1823 autem
582 1775 681 1817 nec
714 1759 897 1819 audire
927 1773 1026 1813 nec
1050 1757 1243 1813 docere
1270 1771 1368 1812 nos
1393 1757 1566 1818 vultis,
1590 1772 1685 1817 ve-

146 1860 234 1913 nite
260 1865 344 1917 ant
364 1855 551 1917 mittite
580 1851 856 1915 nobiscum
878 1850 931 1905 in
952 1851 1221 1920 regionem
1244 1849 1681 1919 Hipponensium,

143 1950 214 2019 qui
250 1948 447 2013 videant
501 1953 762 1999 armatum
802 1943 1089 2011 exercitum
1136 1950 1409 2006 vestrum;
1446 1939 1685 2010 quamvis

146 2041 295 2096 nullus
322 2036 463 2101 miles
490 2048 710 2099 munero
738 2048 1006 2095 armorum
1033 2047 1249 2088 suorum
1274 2031 1472 2089 calcem
1494 2040 1548 2087 et
1565 2047 1688 2087 ace-

147 2142 235 2187 tum
257 2130 448 2187 addidit
471 2126 539 2189 ad
567 2126 749 2185 oculos
772 2124 1135 2187 barbarorum.
1164 2123 1220 2179 Si
1248 2140 1417 2192 neque
1447 2123 1545 2179 hoc
1572 2122 1684 2183 vul-

147 2225 215 2288 tis,
242 2224 417 2277 saltem
448 2218 661 2275 scribite
689 2218 753 2272 ad
783 2218 935 2283 illos,
964 2226 1019 2271 ut
1058 2218 1166 2285 jam
1203 2217 1299 2271 ista
1337 2231 1444 2270 non
1472 2216 1682 2282 faciant,

146 2325 189 2369 ut
206 2316 306 2383 jam
324 2328 379 2371 se
394 2329 423 2367 a
448 2311 682 2373 caedibus
706 2319 921 2374 nostris,
945 2324 976 2364 a
1000 2309 1217 2377 rapinis,
1240 2308 1307 2363 ab
1331 2310 1685 2364 excaecaiione

146 2413 465 2475 compescant.
488 2401 745 2463 Nolumus
759 2400 971 2457 dicere:
992 2401 1245 2457 Damnate
1266 2400 1402 2455 illos.
1422 2400 1530 2455 Vos
1543 2401 1684 2454 enim

144 2499 352 2555 videritis
365 2493 623 2567 quomodo
639 2509 733 2547 vos
753 2507 858 2549 non
876 2492 1167 2559 inquinent,
1185 2507 1317 2561 quos
1333 2492 1490 2546 modo
1510 2499 1690 2547 osten-

143 2589 297 2653 dimus
322 2588 371 2644 in
397 2598 565 2647 vestra
605 2585 978 2641 communione
1008 2584 1238 2639 latrones
1256 2622 1271 2653 ,
1299 2593 1353 2639 et
1380 2598 1478 2643 nos
1511 2584 1680 2653 inqui-

144 2692 256 2738 nent
274 2696 397 2751 quos
414 2694 674 2751 nunquam
702 2677 947 2748 potuistis
969 2676 1250 2735 ostendere
1280 2676 1576 2731 trnditores.
1605 2675 1685 2730 Ex

148 2775 223 2829 his
242 2772 663 2843 umnibuseligite
684 2770 824 2840 quod
846 2769 1137 2833 volueritis.
1166 2768 1221 2823 Si
1245 2775 1421 2823 autem
1442 2767 1688 2838 querelas

144 2877 339 2931 nostras
358 2864 797 2936 contempseritis,
823 2878 923 2917 nos
952 2860 1170 2919 minime
1199 2860 1476 2931 ptenitebit
1500 2860 1686 2916 ordine

142 2957 339 3027 paciﬁca
354 2973 501 3031 agere
518 2956 770 3025 voluisse.
798 2954 985 3021 Aderit
1003 2953 1258 3017 Dominus
1284 2953 1532 3015 Ecclesiae
1549 2968 1681 3018 sum,

141 3057 187 3105 ut
210 3063 303 3113 vos
332 3048 497 3121 potius
522 3046 872 3115 humilitatem
898 3054 1134 3113 nostram.
1158 3045 1542 3113 contempsisse
1573 3059 1688 3114 poc—

142 3142 301 3207 niteat.

493 3226 826 3296 EPISTOLA
862 3224 1131 3287 LXXXIX
1154 3228 1173 3248 -
1194 3224 1292 3296 (α).

144 3323 423 3401 Augurinus
457 3320 645 3387 Festo,
678 3320 861 3387 docent
895 3328 1023 3377 recte
1059 3316 1249 3387 legibus
1278 3316 1481 3388 repriuti
1513 3316 1687 3375 Dorc-

198 3416 359 3489 δίωξις
398 3424 443 3487 ᾳ
484 3412 713 3483 indicans
764 3411 819 3465 in
860 3410 1061 3481 regione
1103 3408 1419 3480 Hipponensi
1462 3409 1689 3465 nondum

198 3520 271 3573 eos
293 3502 430 3559 Fati
455 3502 633 3558 litteﬁs
664 3509 942 3569 conectas,
982 3501 1071 3555 sed
1110 3501 1274 3555 adhuc
1309 3500 1687 3559 intolerabiliter

197 3594 425 3669 grauan-

146 3683 338 3743 Domino
358 3683 705 3751 dilectissimo
735 3690 789 3743 et
818 3680 1115 3738 honorabili
1135 3695 1198 3736 ac
1220 3680 1557 3750 suscipiendo
1576 3682 1686 3736 filio

290 3775 494 3841 Fssro,
526 3776 889 3839 Accusamus,
926 3773 977 3827 in
1005 3772 1230 3827 Domino
1257 3773 1503 3831 salutem.

203 3868 246 3923 l.
281 3868 332 3924 Si
360 3884 454 3939 pro
478 3882 660 3927 errore
690 3866 933 3927 homines
961 3874 1015 3918 et
1042 3864 1326 3925 damnabili
1356 3866 1686 3921 dissensione

144 3968 188 4014 et
206 3962 429 4018 convicta
457 3960 628 4021 modis
652 3958 896 4017 omnibus
917 3957 1143 4015 falsitate
1173 3966 1314 4017 tanta
1338 3968 1681 4026 praesumunt,

146 4063 189 4107 ut
212 4070 381 4111 eorum
416 4053 642 4111 salutem
670 4048 956 4121 requirenti
986 4048 1262 4113 catholica:
1295 4049 1549 4106 Ecclesiae
1574 4060 1687 4105 tam

144 4146 364 4209 audacter
390 4145 626 4209 insidiari
647 4142 940 4212 minarique
963 4158 1069 4201 non
1093 4150 1332 4206 cessent;
1355 4151 1553 4211 quanto
1570 4159 1685 4197 ma-

143 4237 208 4305 gis
231 4253 426 4306 tequum
466 4246 580 4304 est,
603 4246 658 4291 et
695 4244 901 4304 oportet
945 4250 1038 4297 eos
1075 4235 1163 4304 qui
1189 4235 1335 4307 pacis
1373 4246 1426 4290 et
1471 4235 1687 4290 unitatis

143 4327 682 4401 cliristianmasserunt
722 4326 1030 4393 veritatem,
1054 4327 1301 4391 omnibus
1338 4326 1497 4381 etiam
1532 4325 1686 4382 dissi-

145 4418 438 4477 mulantibus
464 4428 518 4489 et
543 4416 909 4487 cohibentibus
935 4416 1265 4471 manifestam
1288 4457 1301 4478 ,
1329 4427 1567 4487 satagere
1604 4418 1686 4471 in-

145 4516 317 4565 stanter
338 4519 496 4585 atque
538 4507 791 4581 impigre,
818 4521 926 4565 non
963 4506 1133 4565 solum
1162 4522 1257 4577 pro
1292 4522 1475 4567 eorum
1511 4508 1687 4562 muni-

144 4597 266 4657 mine
288 4600 371 4670 qui
392 4600 505 4670 jam
530 4597 777 4665 catholici
804 4603 955 4664 sunt,
988 4612 1169 4655 verum
1196 4598 1353 4653 etiam
1382 4613 1477 4667 pro
1504 4614 1686 4653 eorum

145 4690 440 4753 correctione
464 4690 554 4763 qui
593 4688 826 4761 nondum
861 4687 1023 4743 sunt?
1046 4687 1181 4744 Nam
1217 4688 1260 4743 si
1293 4689 1575 4757 pertinacia
1606 4691 1683 4743 in-

146 4782 439 4865 superabiles
463 4783 603 4838 vires
618 4780 813 4851 habere
832 4788 1071 4845 conatur,
1086 4789 1308 4849 quantas
1324 4778 1474 4835 decet
1495 4780 1689 4836 habere

146 4868 497 4942 constantiam,
526 4889 646 4945 quae
673 4873 727 4929 in
752 4887 818 4928 eo
844 4872 983 4929 bono
1016 4871 1160 4942 quod
1190 4883 1588 4940 perseveranter
1611 4884 1691 4928 at-

148 4978 234 5031 que
258 4964 641 5036 infatigabiliter
672 4963 814 5035 agit,
843 4973 900 5019 et
939 4964 1048 5019 Deo
1080 4963 1287 5033 placere
1325 4976 1384 5019 se
1428 4965 1604 5029 novit,
1638 4973 1692 5019 et

150 5055 308 5121 procul
342 5058 499 5113 dubio
527 5071 635 5115 non
676 5062 856 5127 potest
883 5054 1184 5115 hominibus
1208 5054 1552 5124 prudentibus
1580 5056 1688 5113 dis-

149 5142 319 5213 plicere
334 5146 358 5201 τ

205 5233 254 5290 2.
273 5235 399 5311 Quid
414 5247 593 5309 autem
620 5235 883 5293 infelicius
902 5242 1058 5305 atque
1078 5236 1400 5305 perversius,
1429 5238 1568 5295 sicut
1589 5239 1691 5293 Do-

149 5327 335 5391 natista
357 5330 569 5399 faciunt,
590 5330 680 5400 qui
705 5346 765 5387 se
794 5330 1213 5400 persecutionem
1238 5333 1439 5401 perpeti
1456 5334 1690 5403 glorian-

152 5424 246 5484 tur,
272 5436 421 5499 quam
447 5422 516 5481 de
553 5421 874 5491 coercitione
910 5420 1199 5490 iniquitatis
1235 5437 1344 5475 suae
1383 5438 1486 5477 non
1520 5424 1691 5479 solum

201 5534 215 5546 '
236 5533 298 5593 Ad
320 5549 370 5593 κα.
397 5538 476 5599 bg.
510 5538 577 5589 bl.
618 5549 663 5603 c.
693 5548 763 5586 cc.
796 5535 844 5584 θ’.
950 5546 1113 5611 evan.
1154 5549 1195 5583 r.
1235 5548 1275 5583 s.
1307 5536 1380 5585 sb.
1413 5543 1449 5587 t.
1478 5538 1596 5592 duos
1617 5553 1690 5590 vc.

201 5604 331 5643 attici:-
347 5612 389 5643 v.
411 5600 579 5643 mltum
605 5608 712 5643 est.
743 5608 793 5643 et
826 5611 867 5643 ac
910 5608 1004 5643 Ain.
1032 5595 1277 5643 bad.lr.L
1312 5614 1355 5643 ν.

149 5604 389 5658 quatmzjv.
411 5595 580 5655 collata
601 5600 713 5658 est,
743 5608 793 5649 et
826 5595 891 5645 ad
910 5595 1004 5658 sm.
1032 5595 1277 5646 Bud.lr.L
1312 5614 1355 5647 v.

198 5656 267 5717 (ej
282 5656 405 5722 ﬁlias
426 5662 509 5725 167
532 5656 674 5725 :qute
695 5656 859 5727 autem
874 5657 935 5707 8'3
954 5668 1077 5719 erat,
1096 5672 1222 5721 nunc
1248 5662 1349 5711 157.
1375 5663 1550 5725 εειυῃῑα
1572 5666 1696 5729 circa

149 5712 482 5777 “exemtis.

1794 380 2001 437 nescire
2027 381 2298 452 confundi,
2327 385 2419 442 sed
2448 387 2607 442 etiam
2639 386 2778 445 velle
2802 388 3039 456 laudari;
3070 394 3375 465 ignorantes

1791 473 2035 549 caecitate
2068 474 2326 541 mirabili,
2357 478 2439 532 vel
2466 479 2807 537 animositate
2828 480 3115 539 damnabili
3154 501 3214 540 se
3234 490 3375 544 scire

1788 561 2203 631 dissimulantes,
2235 567 2377 636 quod
2402 579 2660 641 martyres
2690 586 2848 626 veros
2875 589 2977 627 non
3007 574 3162 633 faciat
3192 590 3372 646 mena,

1789 654 1885 715 sed
1923 656 2124 710 causa?
2168 657 2237 714 Et
2274 657 2375 714 hoc
2415 661 2627 728 quidem
2670 662 3067 720 adversus-:eos
3114 667 3369 733 dicerem,

1789 760 1925 814 quos
1948 746 2058 799 sola
2089 747 2261 817 caligo
2290 747 2523 804 haeretici
2558 752 2755 805 erroris
2787 754 3116 823 involverat,
3148 772 3241 826 pro
3268 776 3377 830 quo

1790 837 2069 907 sacrilegio
2105 852 2288 907 panos
2326 838 2663 911 dignissimas
2698 844 2922 910 luerent,
2947 862 3047 902 nec
3073 858 3245 903 tamen
3268 852 3375 905 ulla

1789 944 2111 999 quemquam
2144 930 2605 997 violenta,insania
2638 933 2829 989 lmdere
2861 936 3140 999 auderent.
3168 940 3374 995 Adver-

1790 1035 1881 1075 sus
1904 1030 2081 1076 autem
2110 1021 2244 1081 istos
2286 1021 2651 1092 quidrdicam,
2688 1040 2913 1094 quorum
2943 1037 3047 1080 tam
3074 1030 3372 1100 perniciesa

1792 1114 2130 1179 perversitas,
2153 1115 2239 1171 vel
2270 1114 2597 1171 damnorum
2615 1126 2819 1172 terrore
2839 1130 3137 1187 coercetur,
3165 1123 3245 1178 vel
3271 1123 3373 1179 do-

1789 1212 1939 1267 cetur
1962 1205 2154 1261 exsilio
2178 1220 2337 1275 quam
2362 1206 2382 1239 ⁸
2412 1206 2607 1276 ubique
2632 1206 2823 1262 dilfusa
2849 1210 2918 1262 sit
2950 1211 3206 1278 Ecclesia,
3232 1214 3373 1268 sicut

1790 1296 1963 1351 futura
1992 1298 2245 1366 praedicta
2288 1304 2402 1361 est,
2432 1314 2590 1369 quam
2631 1300 2835 1355 malunt
2877 1316 3180 1373 Oppugnarc
3214 1321 3370 1374 quam

1790 1389 2121 1459 agnoscere?
2147 1391 2212 1445 Et
2232 1391 2277 1445 si
2302 1405 2365 1445 ea
2388 1406 2507 1460 quae
2530 1406 2623 1461 per
2642 1393 3184 1448 misericordissimam
3209 1396 3339 1451 disci
3355 1428 3374 1437 -

1791 1480 1984 1549 plinam
2014 1482 2304 1549 patiuntur,
2332 1493 2706 1552 comparentur
2732 1485 2809 1538 eis
2840 1484 2991 1538 factis
3025 1501 3145 1556 quae
3172 1486 3367 1544 furiosa

1790 1574 2090 1629 temeritate
2124 1575 2495 1641 committunt,
2536 1576 2653 1644 quis
2694 1591 2801 1630 non
2841 1575 3045 1642 videat,
3073 1578 3160 1647 qui
3204 1581 3369 1649 magis

1791 1675 2160 1735 persecutores
2186 1666 2406 1721 vocandi
2449 1666 2614 1721 sunt?
2660 1667 2968 1736 Quanquam
3002 1666 3092 1720 filii
3136 1668 3264 1723 mali
3305 1684 3370 1724 eo

1792 1766 1996 1812 tantum
2035 1773 2141 1827 quo
2183 1758 2387 1827 perdite
2423 1759 2631 1822 vivunt,
2665 1760 2872 1812 etiamsi
2913 1760 3082 1814 nullas
3113 1760 3372 1817 violenter

1791 1848 2021 1905 inferant
2058 1865 2278 1916 manus,
2319 1860 2593 1920 parentum
2638 1852 2887 1920 pietatem
2930 1853 3144 1922 gravius
3184 1868 3371 1923 persc-

1791 1951 2042 2011 quuntur,
2067 1957 2221 2011 quam
2245 1958 2367 1997 cum
2391 1944 2510 1998 illos
2535 1952 2684 2012 pater
2706 1952 2797 1998 aut
2822 1953 3008 2007 mater,
3038 1955 3235 2014 quanto
3254 1961 3370 2000 am-

1792 2032 1928 2103 plius
1970 2033 2230 2102 diligunt,
2262 2043 2409 2088 tanto
2438 2034 2664 2102 amplius
2710 2034 2775 2087 ad
2816 2035 3008 2089 bonam
3055 2036 3216 2090 vitam
3252 2037 3371 2092 sine

1791 2123 1897 2178 ulla
1926 2122 2345 2179 dissimulatione
2370 2124 2712 2193 compellunt.

1861 2214 1914 2270 5.
1958 2214 2177 2269 Exstant
2199 2215 2529 2283 publicorum
2564 2223 3028 2269 monumentorum
3055 2216 3354 2273 firmissima

1790 2303 2127 2368 documenta,
2154 2321 2272 2374 quae
2300 2313 2449 2375 potes
2488 2305 2663 2375 legere
2690 2307 2732 2359 si
2756 2305 3006 2369 volueris,
3038 2305 3145 2360 imo
3170 2318 3293 2376 peto
3318 2316 3374 2362 et

1792 2394 1974 2450 hortor
2002 2404 2058 2449 ut
2082 2396 2256 2465 legas;
2280 2395 2470 2466 quibus
2484 2395 2739 2465 probatur
2762 2396 2902 2465 quod
2930 2396 3157 2463 majores
3184 2411 3369 2452 eorum

1790 2487 1878 2556 qui
1922 2487 2076 2555 primi
2109 2501 2170 2542 se
2203 2486 2269 2541 ab
2307 2486 2562 2542 Ecclesiae
2590 2501 2719 2556 pace
2761 2486 3078 2551 diviserunt,
3110 2486 3251 2541 ultro
3279 2503 3375 2557 per

1791 2577 2081 2645 Anulinum
2108 2585 2231 2631 tunc
2262 2578 2632 2646 proconsulem
2666 2578 2804 2648 apud
2833 2578 3237 2632 Constantinum
3267 2580 3368 2633 im-

1791 2676 2089 2739 peratorem
2114 2684 2366 2725 accusare
2395 2670 2508 2723 ausi
2538 2679 2663 2724 sunt
2681 2668 3041 2726 Cmcilianum.
3068 2670 3124 2726 In
3146 2687 3252 2741 quo
3268 2673 3371 2726 uti-

1790 2774 1895 2829 que
1919 2759 2120 2829 judicio
2147 2760 2193 2816 si
2220 2760 2495 2826 vicissent,
2525 2761 2652 2831 quid
2697 2771 2809 2817 erat
2830 2764 3145 2818 Caeilianus
3178 2765 3245 2819 ab
3269 2765 3368 2819 lm—

1793 2861 2036 2924 peratore
2062 2867 2329 2922 passurus,
2362 2851 2460 2907 nisi
2500 2854 2639 2923 quod
2678 2854 2731 2908 in
2760 2855 2888 2910 istos
2923 2866 3263 2926 posteaquam
3292 2858 3368 2911 vi-

1790 2942 1861 2997 cti
1888 2950 2010 2996 sunt
2035 2942 2543 3011 pronuntiavit?Sed
2564 2943 2809 3000 videlicet
2826 2946 2871 2999 si
2896 2946 2972 3000 eis
2996 2948 3366 3003 accusantibus

1790 3041 1949 3103 atque
1970 3034 2343 3101 superantibus
2365 3033 2681 3089 Caecilianus
2718 3036 2937 3106 ejusque
2960 3036 3176 3107 collega:
3201 3040 3366 3110 pelle-

1791 3133 1973 3180 rentur
1995 3124 2228 3188 sedibus,
2258 3130 2388 3193 quas
2417 3126 2685 3190 tenebant,
2722 3129 2804 3180 vel
2827 3129 2989 3183 etiam
3031 3128 3083 3182 in
3113 3112 3215 3183 sua
3238 3145 3368 3185 con.-

1789 3214 2076 3286 spiratione
2103 3216 2355 3272 durantes
2381 3218 2401 3265 φ
2427 3219 2637 3287 gravius
2662 3220 3194 3291 puoirentur(neque
3223 3223 3367 3277 enim

1790 3315 1998 3376 poterat
2024 3308 2189 3363 victos
2216 3319 2269 3362 et
2299 3307 2610 3364 resistentes
2639 3311 2780 3381 regia
2805 3325 3029 3366 censura
3059 3322 3366 3369 contemnc~

1789 3398 1915 3469 re);
1941 3407 2068 3454 tunc
2086 3399 2169 3455 isti
2199 3401 2554 3467 provisionum
2580 3417 2727 3456 suam
2758 3412 2812 3457 et
2833 3418 2929 3473 pro
2950 3403 3187 3459 Ecclesia
3218 3406 3365 3459 solli-

1790 3488 1949 3546 citam
1977 3505 2157 3546 curam
2180 3491 2567 3560 praedicandam
2596 3492 2839 3548 laudibus
2863 3495 3197 3549 ventilarcnt.
3216 3496 3367 3549 Nunc

1790 3587 1967 3637 autem
2006 3584 2127 3651 quia
2160 3581 2261 3650 ipsi
2290 3584 2521 3651 superati
2551 3593 2695 3651 sunt,
2732 3585 2853 3653 quia
2873 3598 2934 3638 ea
2976 3600 3095 3653 quzc
3116 3584 3365 3639 intende-

1790 3673 1939 3739 bant,
1966 3674 2193 3742 probare
2222 3674 2440 3729 minime
2477 3685 2779 3745 potuerunt,
2808 3677 2851 3730 si
2871 3676 2997 3747 quid
3020 3692 3115 3747 pro
3145 3694 3239 3733 sua
3270 3680 3369 3732 ini-

1789 3765 1991 3835 quitate
2018 3764 2305 3833 patiuntur,
2339 3768 2756 3835 persecutionem
2788 3777 3006 3834 vocant;
3040 3784 3137 3824 nec
3165 3777 3367 3825 tantum

1789 3855 2024 3912 furorem
2077 3857 2339 3926 perditum
2373 3858 2593 3913 minime
2632 3860 2947 3929 reprimunt,
2975 3876 3160 3915 verum
3208 3864 3365 3917 etiam

1790 3945 2050 4005 honorem
2096 3954 2384 4017 martyrum
2428 3959 2706 4018 quaerunt:
2739 3950 2887 4019 quasi
2918 3964 3046 4004 vero
3094 3951 3367 4007 christiani

1790 4039 2035 4093 catholici
2060 4039 2404 4108 imperatores
2423 4038 2675 4094 adversus
2692 4054 2874 4093 eorum
2893 4042 3363 4107 pertinacissimam

1793 4129 2121 4197 iniquitatem
2151 4129 2292 4183 aliud
2344 4138 2633 4195 sequantur
2658 4144 2814 4199 quam
2862 4129 3190 4184 Constantini
3230 4132 3369 4198 judi-

1792 4220 1951 4282 cium,
1976 4219 2113 4287 apud
2140 4234 2295 4287 quem
2324 4218 2462 4271 ultro
2480 4218 2749 4272 Caeciliani
2771 4226 3108 4274 accusatores
3130 4219 3362 4285 fuerunt,

1792 4310 1941 4380 cujus
1974 4311 2338 4366 auctoritatem
2388 4310 2634 4364 omnibus
2681 4313 3047 4367 transmarinis
3102 4314 3366 4384 episc0pis

1791 4403 2155 4474 prmtulerunt,
2201 4414 2258 4457 ut
2296 4419 2402 4458 non
2432 4402 2498 4458 ad
2526 4404 2674 4467 illos,
2710 4404 2803 4459 sed
2847 4406 2912 4459 ad
2950 4406 3093 4461 illum
3116 4408 3367 4465 Ecclesia:

1792 4508 2003 4549 Causam
2025 4494 2325 4559 deferrent;
2351 4504 2408 4548 ut
2428 4494 2494 4549 ab
2512 4510 2577 4549 eo
2614 4495 2792 4549 datum
2815 4495 2866 4551 in
2891 4499 3018 4552 urbe
3059 4498 3223 4555 Roma
3251 4502 3363 4570 cpi-

1793 4586 2005 4654 scopale
2040 4586 2314 4653 judicium,
2358 4586 2408 4639 in
2454 4600 2559 4655 quo
2580 4588 2807 4655 primum
2834 4588 2956 4643 victi
2986 4599 3135 4656 sunt,
3182 4608 3366 4648 rursus

1794 4676 1931 4745 apud
1965 4676 2111 4730 illum
2141 4684 2479 4741 accusarent;
2520 4683 2577 4731 ut
2621 4677 2687 4731 ab
2710 4678 2876 4732 altero
2910 4678 3047 4747 apud
3091 4681 3361 4753 Arclalum

1794 4766 1918 4821 dato
1950 4766 2235 4836 episcopali
2282 4767 2478 4836 judicio
2523 4768 2587 4822 ad
2628 4768 2772 4822 illum
2812 4770 3137 4839 appellarent
3170 4789 3183 4824 :
3220 4775 3359 4841 apud

1794 4874 1951 4930 quem
1980 4868 2155 4913 tamen
2194 4858 2479 4913 novissime
2518 4861 2771 4927 superati,
2802 4861 2851 4912 in
2880 4875 2971 4913 sua
3015 4864 3363 4930 perversitate

1796 4957 2220 5019 permanserunt.
2244 4949 2382 5004 Puto
2408 4950 2546 5019 quod
2570 4950 2682 5020 ipse
2704 4950 2960 5015 diabolus,
2982 4951 3023 5004 si
3053 4954 3365 5011 auctoritate

1790 5038 1983 5109 judicia
2001 5054 2159 5113 quem
2177 5040 2317 5095 ultro
2342 5041 2595 5111 elegerat,
2618 5042 2773 5095 toties
2795 5041 3113 5106 vinceretur,
3147 5058 3253 5100 non
3283 5061 3366 5101 es-

1796 5140 1878 5184 set
1900 5138 2007 5185 tam
2034 5130 2313 5199 impudens
2342 5141 2401 5185 ut
2422 5132 2473 5185 in
2492 5147 2551 5185 ea
2583 5146 2739 5184 causa
2760 5130 3081 5199 persisterct.

1865 5220 1920 5276 ι.
1958 5220 2065 5278 Sed
2092 5221 2207 5277 haec
2234 5222 2461 5276 humana
2484 5223 2679 5291 judicia
2706 5222 3040 5291 deputentur.
3069 5235 3122 5280 et
3142 5227 3368 5280 circum-

1796 5313 1964 5368 veniri
1988 5327 2052 5369 ac
2087 5314 2221 5379 falli,
2246 5316 2329 5370 vel
2365 5315 2522 5369 etiam
2548 5317 2814 5387 corrumpi
2847 5318 3075 5385 potuisse.
3102 5316 3361 5371 dicantur.

1796 5404 1903 5461 Cur
1917 5422 2043 5477 ergo
2058 5408 2229 5463 adhuc
2253 5416 2531 5462 accusatur
2554 5408 2875 5461 christianus
2918 5408 3060 5462 orbis
3080 5419 3362 5475 terrarum,

1798 5508 1853 5555 et
1878 5500 2055 5554 nescio
2071 5501 2258 5568 quilms
2275 5499 2582 5553 traditurum
2621 5500 2926 5553 criminibus
2952 5500 3249 5559 infamatur.
3276 5503 3365 5571 qui

1866 5612 1959 5682 f‘tn
1992 5614 2123 5671 furius
2138 5612 2266 5682 ψει..
2288 5622 2429 5682 quam
2452 5611 2578 5671 qrcd
2596 5612 2776 5682 ubique.
2796 5610 3365 5682 sedeoncinmusintlss.

1800 5672 1995 5735 sublato
2025 5673 2167 5735 qioit.
2199 5671 2421 5735 hauritur,
2451 5685 2593 5735 quam
2617 5671 2785 5735 ιιοὶίμιε
2799 5671 2993 5733 cli/fusa,
3024 5681 3119 5725 etc.

1865 5733 1888 5766 ¹
1913 5739 2017 5781 Mss.
2037 5733 2140 5782 tres
2170 5736 2311 5785 \atic.
2339 5733 2633 5784 durantibus.
