  <div class='ocr_page' id='page_1' title='image "/cluster/home/n/w/nwhite01/storage/ocr_20150623/33/uva.x000669810/163.png"; bbox 0 0 3962 6386; ppageno 0'>
   <div class='ocr_carea' id='block_1_1' title="bbox 546 262 2140 343">
    <p class='ocr_par' dir='ltr' id='par_1_1' title="bbox 546 262 2140 343">
     <span class='ocr_line' id='line_1_1' title="bbox 546 262 2140 343; baseline 0 -22"><span class='ocrx_word' id='word_1_1' title='bbox 546 282 643 343; x_wconf 70' lang='grc' dir='ltr'>δη</span> <span class='ocrx_word' id='word_1_2' title='bbox 1782 267 1836 321; x_wconf 90' lang='lat' dir='ltr'><strong>S.</strong></span> <span class='ocrx_word' id='word_1_3' title='bbox 1881 262 2140 323; x_wconf 71' lang='lat' dir='ltr'><strong>AUGUS‘I</strong></span> 
     </span>
    </p>
   </div>
   <div class='ocr_carea' id='block_1_2' title="bbox 2245 262 3717 343">
    <p class='ocr_par' dir='ltr' id='par_1_2' title="bbox 2281 264 3717 343">
     <span class='ocr_line' id='line_1_2' title="bbox 2281 264 3717 343; baseline -0.001 -21"><span class='ocrx_word' id='word_1_4' title='bbox 2281 264 2582 323; x_wconf 82' lang='lat' dir='ltr'><strong>EPISCOPI</strong></span> <span class='ocrx_word' id='word_1_5' title='bbox 3641 285 3717 343; x_wconf 64' lang='grc' dir='ltr'><strong>δι,</strong></span> 
     </span>
    </p>
   </div>
   <div class='ocr_carea' id='block_1_3' title="bbox 551 378 2124 464">
    <p class='ocr_par' dir='ltr' id='par_1_3' title="bbox 551 378 2124 464">
     <span class='ocr_line' id='line_1_3' title="bbox 551 378 2124 464; baseline -0.012 -15"><span class='ocrx_word' id='word_1_6' title='bbox 551 396 730 464; x_wconf 91' lang='lat' dir='ltr'><strong>utique</strong></span> <span class='ocrx_word' id='word_1_7' title='bbox 749 402 849 445; x_wconf 88' lang='lat' dir='ltr'><strong>nec</strong></span> <span class='ocrx_word' id='word_1_8' title='bbox 871 386 1039 459; x_wconf 89' lang='lat' dir='ltr'><strong>potuit</strong></span> <span class='ocrx_word' id='word_1_9' title='bbox 1058 398 1159 441; x_wconf 91' lang='lat' dir='ltr'><strong>nec</strong></span> <span class='ocrx_word' id='word_1_10' title='bbox 1178 383 1359 439; x_wconf 90' lang='lat' dir='ltr'><strong>debuit</strong></span> <span class='ocrx_word' id='word_1_11' title='bbox 1384 380 1482 437; x_wconf 89' lang='lat' dir='ltr'><strong>nisi</strong></span> <span class='ocrx_word' id='word_1_12' title='bbox 1513 379 1700 435; x_wconf 89' lang='lat' dir='ltr'><strong>electis</strong></span> <span class='ocrx_word' id='word_1_13' title='bbox 1737 378 2002 447; x_wconf 90' lang='lat' dir='ltr'><strong>judicibus</strong></span> <span class='ocrx_word' id='word_1_14' title='bbox 2029 393 2124 447; x_wconf 84' lang='lat' dir='ltr'><strong>po-</strong></span> 
     </span>
    </p>
   </div>
   <div class='ocr_carea' id='block_1_4' title="bbox 550 470 2126 555">
    <p class='ocr_par' dir='ltr' id='par_1_4' title="bbox 550 470 2126 555">
     <span class='ocr_line' id='line_1_4' title="bbox 550 470 2126 555; baseline -0.015 -10"><span class='ocrx_word' id='word_1_15' title='bbox 550 492 659 545; x_wconf 87' lang='lat' dir='ltr'><strong>tius</strong></span> <span class='ocrx_word' id='word_1_16' title='bbox 688 499 843 555; x_wconf 81' lang='lat' dir='ltr'><strong>quam</strong></span> <span class='ocrx_word' id='word_1_17' title='bbox 879 480 1030 535; x_wconf 85' lang='lat' dir='ltr'><strong>victis</strong></span> <span class='ocrx_word' id='word_1_18' title='bbox 1076 477 1428 549; x_wconf 77' lang='lat' dir='ltr'><strong>litigatoribus</strong></span> <span class='ocrx_word' id='word_1_19' title='bbox 1455 470 1709 529; x_wconf 81' lang='lat' dir='ltr'><strong>credere?</strong></span> <span class='ocrx_word' id='word_1_20' title='bbox 1738 470 1946 531; x_wconf 83' lang='lat' dir='ltr'><strong>Habent</strong></span> <span class='ocrx_word' id='word_1_21' title='bbox 1988 470 2126 540; x_wconf 89' lang='lat' dir='ltr'><strong>apud</strong></span> 
     </span>
    </p>
   </div>
   <div class='ocr_carea' id='block_1_5' title="bbox 2231 375 3720 454">
    <p class='ocr_par' dir='ltr' id='par_1_5' title="bbox 2231 375 3720 454">
     <span class='ocr_line' id='line_1_5' title="bbox 2231 375 3720 454; baseline 0.01 -20"><span class='ocrx_word' id='word_1_22' title='bbox 2231 390 2331 445; x_wconf 88' lang='lat' dir='ltr'><strong>est,</strong></span> <span class='ocrx_word' id='word_1_23' title='bbox 2354 387 2411 433; x_wconf 90' lang='lat' dir='ltr'><strong>ut</strong></span> <span class='ocrx_word' id='word_1_24' title='bbox 2426 380 2650 449; x_wconf 88' lang='lat' dir='ltr'><strong>quisque</strong></span> <span class='ocrx_word' id='word_1_25' title='bbox 2687 375 3032 446; x_wconf 80' lang='lat' dir='ltr'><strong>baptizandus</strong></span> <span class='ocrx_word' id='word_1_26' title='bbox 3053 383 3196 446; x_wconf 90' lang='lat' dir='ltr'><strong>optet</strong></span> <span class='ocrx_word' id='word_1_27' title='bbox 3237 377 3302 434; x_wconf 87' lang='lat' dir='ltr'><strong>ab</strong></span> <span class='ocrx_word' id='word_1_28' title='bbox 3326 384 3514 442; x_wconf 88' lang='lat' dir='ltr'><strong>occulto</strong></span> <span class='ocrx_word' id='word_1_29' title='bbox 3536 390 3720 454; x_wconf 79' lang='lat' dir='ltr'><strong>adultero</strong></span> 
     </span>
    </p>
   </div>
   <div class='ocr_carea' id='block_1_6' title="bbox 2235 466 3717 543">
    <p class='ocr_par' dir='ltr' id='par_1_6' title="bbox 2235 466 3717 543">
     <span class='ocr_line' id='line_1_6' title="bbox 2235 466 3717 543; baseline 0.013 -20"><span class='ocrx_word' id='word_1_30' title='bbox 2235 471 2410 541; x_wconf 88' lang='lat' dir='ltr'><strong>potius</strong></span> <span class='ocrx_word' id='word_1_31' title='bbox 2438 468 2713 539; x_wconf 79' lang='lat' dir='ltr'><strong>baptizari,</strong></span> <span class='ocrx_word' id='word_1_32' title='bbox 2742 482 2899 537; x_wconf 88' lang='lat' dir='ltr'><strong>quam</strong></span> <span class='ocrx_word' id='word_1_33' title='bbox 2929 482 2957 520; x_wconf 85' lang='lat' dir='ltr'><strong>a</strong></span> <span class='ocrx_word' id='word_1_34' title='bbox 2989 466 3264 524; x_wconf 81' lang='lat' dir='ltr'><strong>manifesto</strong></span> <span class='ocrx_word' id='word_1_35' title='bbox 3298 481 3455 541; x_wconf 88' lang='lat' dir='ltr'><strong>casto,</strong></span> <span class='ocrx_word' id='word_1_36' title='bbox 3483 491 3621 537; x_wconf 78' lang='lat' dir='ltr'><strong>restat</strong></span> <span class='ocrx_word' id='word_1_37' title='bbox 3642 488 3717 543; x_wconf 86' lang='lat' dir='ltr'><strong>uti-</strong></span> 
     </span>
    </p>
   </div>
   <div class='ocr_carea' id='block_1_7' title="bbox 550 558 3718 642">
    <p class='ocr_par' dir='ltr' id='par_1_7' title="bbox 550 558 3718 642">
     <span class='ocr_line' id='line_1_7' title="bbox 550 558 3718 642; baseline -0.001 -12"><span class='ocrx_word' id='word_1_38' title='bbox 550 578 715 631; x_wconf 82' lang='lat' dir='ltr'><strong>Deum</strong></span> <span class='ocrx_word' id='word_1_39' title='bbox 748 574 823 627; x_wconf 91' lang='lat' dir='ltr'><strong>illi</strong></span> <span class='ocrx_word' id='word_1_40' title='bbox 858 570 1063 642; x_wconf 89' lang='lat' dir='ltr'><strong>judices</strong></span> <span class='ocrx_word' id='word_1_41' title='bbox 1095 582 1310 623; x_wconf 79' lang='lat' dir='ltr'><strong>causam</strong></span> <span class='ocrx_word' id='word_1_42' title='bbox 1341 580 1490 620; x_wconf 88' lang='lat' dir='ltr'><strong>suam</strong></span> <span class='ocrx_word' id='word_1_43' title='bbox 1520 563 1631 617; x_wconf 94' lang='lat' dir='ltr'><strong>sive</strong></span> <span class='ocrx_word' id='word_1_44' title='bbox 1660 562 1852 616; x_wconf 87' lang='lat' dir='ltr'><strong>bonam</strong></span> <span class='ocrx_word' id='word_1_45' title='bbox 1874 561 1992 616; x_wconf 82' lang='lat' dir='ltr'><strong>sive</strong></span> <span class='ocrx_word' id='word_1_46' title='bbox 2017 575 2129 615; x_wconf 83' lang='lat' dir='ltr'><strong>ma-</strong></span> <span class='ocrx_word' id='word_1_47' title='bbox 2231 576 2334 634; x_wconf 89' lang='lat' dir='ltr'><strong>que</strong></span> <span class='ocrx_word' id='word_1_48' title='bbox 2356 571 2412 616; x_wconf 88' lang='lat' dir='ltr'><strong>ut</strong></span> <span class='ocrx_word' id='word_1_49' title='bbox 2439 560 2661 632; x_wconf 89' lang='lat' dir='ltr'><strong>quilibet</strong></span> <span class='ocrx_word' id='word_1_50' title='bbox 2677 559 3040 614; x_wconf 88' lang='lat' dir='ltr'><strong>ministrorum</strong></span> <span class='ocrx_word' id='word_1_51' title='bbox 3062 558 3324 617; x_wconf 90' lang='lat' dir='ltr'><strong>hominum</strong></span> <span class='ocrx_word' id='word_1_52' title='bbox 3344 572 3609 638; x_wconf 84' lang='lat' dir='ltr'><strong>accesserit,</strong></span> <span class='ocrx_word' id='word_1_53' title='bbox 3630 575 3718 635; x_wconf 80' lang='lat' dir='ltr'><strong>ideo</strong></span> 
     </span>
    </p>
   </div>
   <div class='ocr_carea' id='block_1_8' title="bbox 547 654 2126 733">
    <p class='ocr_par' dir='ltr' id='par_1_8' title="bbox 547 654 2126 733">
     <span class='ocr_line' id='line_1_8' title="bbox 547 654 2126 733; baseline -0.006 -16"><span class='ocrx_word' id='word_1_54' title='bbox 547 669 654 723; x_wconf 74' lang='lat' dir='ltr'><strong>lam</strong></span> <span class='ocrx_word' id='word_1_55' title='bbox 685 684 697 721; x_wconf 91' lang='lat'>:</span> <span class='ocrx_word' id='word_1_56' title='bbox 730 665 853 733; x_wconf 89' lang='lat' dir='ltr'><strong>quid</strong></span> <span class='ocrx_word' id='word_1_57' title='bbox 886 662 1012 719; x_wconf 90' lang='lat' dir='ltr'><strong>fecit</strong></span> <span class='ocrx_word' id='word_1_58' title='bbox 1037 661 1275 717; x_wconf 87' lang='lat' dir='ltr'><strong>Ecclesia</strong></span> <span class='ocrx_word' id='word_1_59' title='bbox 1304 667 1413 711; x_wconf 90' lang='lat' dir='ltr'><strong>toto</strong></span> <span class='ocrx_word' id='word_1_60' title='bbox 1457 657 1588 710; x_wconf 92' lang='lat' dir='ltr'><strong>orbe</strong></span> <span class='ocrx_word' id='word_1_61' title='bbox 1626 654 1835 715; x_wconf 70' lang='lat' dir='ltr'><strong>diffusa,</strong></span> <span class='ocrx_word' id='word_1_62' title='bbox 1873 668 1991 725; x_wconf 65' lang='lat' dir='ltr'><strong>quae</strong></span> <span class='ocrx_word' id='word_1_63' title='bbox 2021 667 2126 708; x_wconf 93' lang='lat' dir='ltr'><strong>non</strong></span> 
     </span>
    </p>
   </div>
   <div class='ocr_carea' id='block_1_9' title="bbox 550 744 2129 818">
    <p class='ocr_par' dir='ltr' id='par_1_9' title="bbox 550 744 2129 818">
     <span class='ocr_line' id='line_1_9' title="bbox 550 744 2129 818; baseline -0.011 -4"><span class='ocrx_word' id='word_1_64' title='bbox 550 758 621 816; x_wconf 80' lang='lat' dir='ltr'><strong>ob</strong></span> <span class='ocrx_word' id='word_1_65' title='bbox 647 756 786 812; x_wconf 82' lang='lat' dir='ltr'><strong>aliud</strong></span> <span class='ocrx_word' id='word_1_66' title='bbox 826 755 893 810; x_wconf 93' lang='lat' dir='ltr'><strong>ab</strong></span> <span class='ocrx_word' id='word_1_67' title='bbox 940 753 1055 807; x_wconf 87' lang='lat' dir='ltr'><strong>istis</strong></span> <span class='ocrx_word' id='word_1_68' title='bbox 1081 746 1452 818; x_wconf 84' lang='lat' dir='ltr'><strong>rebaptizanda</strong></span> <span class='ocrx_word' id='word_1_69' title='bbox 1492 755 1760 809; x_wconf 90' lang='lat' dir='ltr'><strong>censetur,</strong></span> <span class='ocrx_word' id='word_1_70' title='bbox 1786 744 1887 799; x_wconf 91' lang='lat' dir='ltr'><strong>nisi</strong></span> <span class='ocrx_word' id='word_1_71' title='bbox 1913 744 2037 813; x_wconf 90' lang='lat' dir='ltr'><strong>quia</strong></span> <span class='ocrx_word' id='word_1_72' title='bbox 2076 746 2129 797; x_wconf 94' lang='lat' dir='ltr'><strong>in</strong></span> 
     </span>
    </p>
   </div>
   <div class='ocr_carea' id='block_1_10' title="bbox 553 836 2127 914">
    <p class='ocr_par' dir='ltr' id='par_1_10' title="bbox 553 836 2127 914">
     <span class='ocr_line' id='line_1_10' title="bbox 553 836 2127 914; baseline -0.011 -9"><span class='ocrx_word' id='word_1_73' title='bbox 553 865 615 905; x_wconf 83' lang='lat' dir='ltr'><strong>ea</strong></span> <span class='ocrx_word' id='word_1_74' title='bbox 644 862 822 910; x_wconf 88' lang='lat' dir='ltr'><strong>causa,</strong></span> <span class='ocrx_word' id='word_1_75' title='bbox 851 847 901 898; x_wconf 93' lang='lat' dir='ltr'><strong>in</strong></span> <span class='ocrx_word' id='word_1_76' title='bbox 927 859 1027 914; x_wconf 91' lang='lat' dir='ltr'><strong>qua</strong></span> <span class='ocrx_word' id='word_1_77' title='bbox 1049 840 1175 912; x_wconf 90' lang='lat' dir='ltr'><strong>quid</strong></span> <span class='ocrx_word' id='word_1_78' title='bbox 1203 839 1313 893; x_wconf 89' lang='lat' dir='ltr'><strong>veri</strong></span> <span class='ocrx_word' id='word_1_79' title='bbox 1345 846 1487 892; x_wconf 90' lang='lat' dir='ltr'><strong>esset</strong></span> <span class='ocrx_word' id='word_1_80' title='bbox 1531 836 1770 907; x_wconf 81' lang='lat' dir='ltr'><strong>judicare</strong></span> <span class='ocrx_word' id='word_1_81' title='bbox 1800 852 1904 891; x_wconf 91' lang='lat' dir='ltr'><strong>non</strong></span> <span class='ocrx_word' id='word_1_82' title='bbox 1940 836 2127 905; x_wconf 90' lang='lat' dir='ltr'><strong>potuit,</strong></span> 
     </span>
    </p>
   </div>
   <div class='ocr_carea' id='block_1_11' title="bbox 554 930 2132 1009">
    <p class='ocr_par' dir='ltr' id='par_1_11' title="bbox 554 930 2132 1009">
     <span class='ocr_line' id='line_1_11' title="bbox 554 930 2132 1009; baseline -0.007 -14"><span class='ocrx_word' id='word_1_83' title='bbox 554 942 632 995; x_wconf 83' lang='lat' dir='ltr'><strong>eis</strong></span> <span class='ocrx_word' id='word_1_84' title='bbox 663 941 835 1009; x_wconf 83' lang='lat' dir='ltr'><strong>potius</strong></span> <span class='ocrx_word' id='word_1_85' title='bbox 864 938 948 1006; x_wconf 91' lang='lat' dir='ltr'><strong>qui</strong></span> <span class='ocrx_word' id='word_1_86' title='bbox 974 934 1210 1004; x_wconf 86' lang='lat' dir='ltr'><strong>judicare</strong></span> <span class='ocrx_word' id='word_1_87' title='bbox 1255 939 1557 1000; x_wconf 88' lang='lat' dir='ltr'><strong>potuerunt,</strong></span> <span class='ocrx_word' id='word_1_88' title='bbox 1605 945 1763 1000; x_wconf 90' lang='lat' dir='ltr'><strong>quam</strong></span> <span class='ocrx_word' id='word_1_89' title='bbox 1813 931 1889 984; x_wconf 79' lang='lat' dir='ltr'><strong>eis</strong></span> <span class='ocrx_word' id='word_1_90' title='bbox 1916 930 2006 999; x_wconf 91' lang='lat' dir='ltr'><strong>qui</strong></span> <span class='ocrx_word' id='word_1_91' title='bbox 2034 944 2132 984; x_wconf 90' lang='lat' dir='ltr'><strong>nec</strong></span> 
     </span>
    </p>
   </div>
   <div class='ocr_carea' id='block_1_12' title="bbox 558 1019 2131 1101">
    <p class='ocr_par' dir='ltr' id='par_1_12' title="bbox 558 1019 2131 1101">
     <span class='ocr_line' id='line_1_12' title="bbox 558 1019 2131 1101; baseline -0.008 -15"><span class='ocrx_word' id='word_1_92' title='bbox 558 1030 788 1101; x_wconf 87' lang='lat' dir='ltr'><strong>superati</strong></span> <span class='ocrx_word' id='word_1_93' title='bbox 843 1033 1141 1089; x_wconf 85' lang='lat' dir='ltr'><strong>cesserunt,</strong></span> <span class='ocrx_word' id='word_1_94' title='bbox 1187 1021 1511 1077; x_wconf 87' lang='lat' dir='ltr'><strong>credendum</strong></span> <span class='ocrx_word' id='word_1_95' title='bbox 1538 1020 1774 1090; x_wconf 82' lang='lat' dir='ltr'><strong>putavit?</strong></span> <span class='ocrx_word' id='word_1_96' title='bbox 1817 1019 2131 1089; x_wconf 90' lang='lat' dir='ltr'><strong>Omagnum</strong></span> 
     </span>
    </p>
   </div>
   <div class='ocr_carea' id='block_1_13' title="bbox 559 1108 2132 1185">
    <p class='ocr_par' dir='ltr' id='par_1_13' title="bbox 559 1108 2132 1185">
     <span class='ocr_line' id='line_1_13' title="bbox 559 1108 2132 1185; baseline -0.008 -7"><span class='ocrx_word' id='word_1_97' title='bbox 559 1124 760 1178; x_wconf 89' lang='lat' dir='ltr'><strong>crimen</strong></span> <span class='ocrx_word' id='word_1_98' title='bbox 774 1118 1004 1173; x_wconf 87' lang='lat' dir='ltr'><strong>omnium</strong></span> <span class='ocrx_word' id='word_1_99' title='bbox 1023 1115 1279 1185; x_wconf 86' lang='lat' dir='ltr'><strong>gentium,</strong></span> <span class='ocrx_word' id='word_1_100' title='bbox 1297 1128 1428 1181; x_wconf 92' lang='lat' dir='ltr'><strong>quas</strong></span> <span class='ocrx_word' id='word_1_101' title='bbox 1450 1112 1500 1166; x_wconf 93' lang='lat' dir='ltr'><strong>in</strong></span> <span class='ocrx_word' id='word_1_102' title='bbox 1514 1111 1719 1166; x_wconf 85' lang='lat' dir='ltr'><strong>semine</strong></span> <span class='ocrx_word' id='word_1_103' title='bbox 1731 1108 1956 1164; x_wconf 75' lang='lat' dir='ltr'><strong>Abraha:</strong></span> <span class='ocrx_word' id='word_1_104' title='bbox 1968 1109 2132 1165; x_wconf 91' lang='lat' dir='ltr'><strong>bene-</strong></span> 
     </span>
    </p>
   </div>
   <div class='ocr_carea' id='block_1_14' title="bbox 557 1200 2135 1276">
    <p class='ocr_par' dir='ltr' id='par_1_14' title="bbox 557 1200 2135 1276">
     <span class='ocr_line' id='line_1_14' title="bbox 557 1200 2135 1276; baseline -0.008 -10"><span class='ocrx_word' id='word_1_105' title='bbox 557 1210 808 1266; x_wconf 89' lang='lat' dir='ltr'><strong>diceudas</strong></span> <span class='ocrx_word' id='word_1_106' title='bbox 824 1206 1063 1276; x_wconf 83' lang='lat' dir='ltr'><strong>promisit</strong></span> <span class='ocrx_word' id='word_1_107' title='bbox 1080 1205 1215 1259; x_wconf 85' lang='lat' dir='ltr'><strong>Deus</strong></span> <span class='ocrx_word' id='word_1_108' title='bbox 1233 1202 1383 1273; x_wconf 79' lang='lat' dir='ltr'><strong>(Gen.</strong></span> <span class='ocrx_word' id='word_1_109' title='bbox 1399 1218 1531 1267; x_wconf 78' lang='lat' dir='ltr'><strong>xm,</strong></span> <span class='ocrx_word' id='word_1_110' title='bbox 1554 1200 1667 1271; x_wconf 85' lang='lat' dir='ltr'><strong>t8),</strong></span> <span class='ocrx_word' id='word_1_111' title='bbox 1682 1210 1736 1255; x_wconf 92' lang='lat' dir='ltr'><strong>et</strong></span> <span class='ocrx_word' id='word_1_112' title='bbox 1750 1200 2135 1271; x_wconf 87' lang='lat' dir='ltr'><strong>sicntpromisit</strong></span> 
     </span>
    </p>
   </div>
   <div class='ocr_carea' id='block_1_15' title="bbox 560 1290 2135 1367">
    <p class='ocr_par' dir='ltr' id='par_1_15' title="bbox 560 1290 2135 1367">
     <span class='ocr_line' id='line_1_15' title="bbox 560 1290 2135 1367; baseline -0.008 -9"><span class='ocrx_word' id='word_1_113' title='bbox 560 1299 831 1358; x_wconf 78' lang='lat' dir='ltr'><strong>exhibuit!</strong></span> <span class='ocrx_word' id='word_1_114' title='bbox 864 1313 981 1367; x_wconf 68' lang='lat' dir='ltr'><strong>qua:</strong></span> <span class='ocrx_word' id='word_1_115' title='bbox 1000 1311 1119 1350; x_wconf 89' lang='lat' dir='ltr'><strong>cum</strong></span> <span class='ocrx_word' id='word_1_116' title='bbox 1150 1310 1249 1349; x_wconf 89' lang='lat' dir='ltr'><strong>una</strong></span> <span class='ocrx_word' id='word_1_117' title='bbox 1272 1308 1400 1347; x_wconf 86' lang='lat' dir='ltr'><strong>voce</strong></span> <span class='ocrx_word' id='word_1_118' title='bbox 1411 1292 1661 1357; x_wconf 76' lang='lat' dir='ltr'><strong>dixerint,</strong></span> <span class='ocrx_word' id='word_1_119' title='bbox 1681 1290 1853 1358; x_wconf 88' lang='lat' dir='ltr'><strong>Quare</strong></span> <span class='ocrx_word' id='word_1_120' title='bbox 1866 1307 1964 1345; x_wconf 89' lang='lat' dir='ltr'><strong>nos</strong></span> <span class='ocrx_word' id='word_1_121' title='bbox 1977 1292 2135 1346; x_wconf 89' lang='lat' dir='ltr'><strong>vultis</strong></span> 
     </span>
    </p>
   </div>
   <div class='ocr_carea' id='block_1_16' title="bbox 558 1383 2137 1461">
    <p class='ocr_par' dir='ltr' id='par_1_16' title="bbox 558 1383 2137 1461">
     <span class='ocr_line' id='line_1_16' title="bbox 558 1383 2137 1461; baseline -0.006 -13"><span class='ocrx_word' id='word_1_122' title='bbox 558 1394 907 1461; x_wconf 83' lang='lat' dir='ltr'><strong>rebaptizare,</strong></span> <span class='ocrx_word' id='word_1_123' title='bbox 940 1388 1289 1458; x_wconf 75' lang='lat' dir='ltr'><strong>respondetur</strong></span> <span class='ocrx_word' id='word_1_124' title='bbox 1309 1386 1406 1447; x_wconf 91' lang='lat' dir='ltr'><strong>eis,</strong></span> <span class='ocrx_word' id='word_1_125' title='bbox 1425 1384 1555 1451; x_wconf 85' lang='lat' dir='ltr'><strong>Quia</strong></span> <span class='ocrx_word' id='word_1_126' title='bbox 1586 1384 1800 1439; x_wconf 86' lang='lat' dir='ltr'><strong>nescitis</strong></span> <span class='ocrx_word' id='word_1_127' title='bbox 1822 1383 1910 1453; x_wconf 85' lang='lat' dir='ltr'><strong>qui</strong></span> <span class='ocrx_word' id='word_1_128' title='bbox 1941 1383 2137 1439; x_wconf 80' lang='lat' dir='ltr'><strong>fuerint</strong></span> 
     </span>
    </p>
   </div>
   <div class='ocr_carea' id='block_1_17' title="bbox 557 1474 2136 1545">
    <p class='ocr_par' dir='ltr' id='par_1_17' title="bbox 557 1474 2136 1545">
     <span class='ocr_line' id='line_1_17' title="bbox 557 1474 2136 1545; baseline -0.006 -6"><span class='ocrx_word' id='word_1_129' title='bbox 557 1486 609 1539; x_wconf 94' lang='lat' dir='ltr'><strong>in</strong></span> <span class='ocrx_word' id='word_1_130' title='bbox 639 1484 813 1538; x_wconf 78' lang='lat' dir='ltr'><strong>Africa</strong></span> <span class='ocrx_word' id='word_1_131' title='bbox 837 1490 1138 1535; x_wconf 83' lang='lat' dir='ltr'><strong>sanctorum</strong></span> <span class='ocrx_word' id='word_1_132' title='bbox 1161 1477 1413 1532; x_wconf 88' lang='lat' dir='ltr'><strong>Codicum</strong></span> <span class='ocrx_word' id='word_1_133' title='bbox 1442 1474 1808 1540; x_wconf 72' lang='lat' dir='ltr'><strong>traditores,et</strong></span> <span class='ocrx_word' id='word_1_134' title='bbox 1835 1476 1888 1529; x_wconf 92' lang='lat' dir='ltr'><strong>in</strong></span> <span class='ocrx_word' id='word_1_135' title='bbox 1909 1491 1974 1531; x_wconf 92' lang='lat' dir='ltr'><strong>eo</strong></span> <span class='ocrx_word' id='word_1_136' title='bbox 1993 1474 2136 1545; x_wconf 88' lang='lat' dir='ltr'><strong>quod</strong></span> 
     </span>
    </p>
   </div>
   <div class='ocr_carea' id='block_1_18' title="bbox 558 1568 2137 1639">
    <p class='ocr_par' dir='ltr' id='par_1_18' title="bbox 558 1568 2137 1639">
     <span class='ocr_line' id='line_1_18' title="bbox 558 1568 2137 1639; baseline -0.005 -10"><span class='ocrx_word' id='word_1_137' title='bbox 558 1574 897 1634; x_wconf 83' lang='lat' dir='ltr'><strong>nesciebatis,</strong></span> <span class='ocrx_word' id='word_1_138' title='bbox 924 1571 1189 1639; x_wconf 88' lang='lat' dir='ltr'><strong>judicibus</strong></span> <span class='ocrx_word' id='word_1_139' title='bbox 1221 1568 1385 1638; x_wconf 86' lang='lat' dir='ltr'><strong>magis</strong></span> <span class='ocrx_word' id='word_1_140' title='bbox 1415 1583 1570 1637; x_wconf 88' lang='lat' dir='ltr'><strong>quam</strong></span> <span class='ocrx_word' id='word_1_141' title='bbox 1598 1568 1995 1623; x_wconf 89' lang='lat' dir='ltr'><strong>accusatoribus</strong></span> <span class='ocrx_word' id='word_1_142' title='bbox 2020 1582 2137 1622; x_wconf 89' lang='lat' dir='ltr'><strong>cre-</strong></span> 
     </span>
    </p>
   </div>
   <div class='ocr_carea' id='block_1_19' title="bbox 559 1660 2137 1730">
    <p class='ocr_par' dir='ltr' id='par_1_19' title="bbox 559 1660 2137 1730">
     <span class='ocr_line' id='line_1_19' title="bbox 559 1660 2137 1730; baseline -0.004 -10"><span class='ocrx_word' id='word_1_143' title='bbox 559 1665 692 1721; x_wconf 87' lang='lat' dir='ltr'><strong>dere</strong></span> <span class='ocrx_word' id='word_1_144' title='bbox 734 1664 995 1717; x_wconf 81' lang='lat' dir='ltr'><strong>voluistis.</strong></span> <span class='ocrx_word' id='word_1_145' title='bbox 1031 1661 1085 1717; x_wconf 89' lang='lat' dir='ltr'><strong>Si</strong></span> <span class='ocrx_word' id='word_1_146' title='bbox 1112 1662 1311 1716; x_wconf 88' lang='lat' dir='ltr'><strong>crimen</strong></span> <span class='ocrx_word' id='word_1_147' title='bbox 1353 1660 1580 1714; x_wconf 89' lang='lat' dir='ltr'><strong>alienum</strong></span> <span class='ocrx_word' id='word_1_148' title='bbox 1625 1674 1730 1713; x_wconf 93' lang='lat' dir='ltr'><strong>non</strong></span> <span class='ocrx_word' id='word_1_149' title='bbox 1746 1667 1927 1729; x_wconf 87' lang='lat' dir='ltr'><strong>gravat</strong></span> <span class='ocrx_word' id='word_1_150' title='bbox 1949 1674 2137 1730; x_wconf 85' lang='lat' dir='ltr'><strong>quem-</strong></span> 
     </span>
    </p>
   </div>
   <div class='ocr_carea' id='block_1_20' title="bbox 556 1749 2141 1827">
    <p class='ocr_par' dir='ltr' id='par_1_20' title="bbox 556 1749 2141 1827">
     <span class='ocr_line' id='line_1_20' title="bbox 556 1749 2141 1827; baseline -0.004 -18"><span class='ocrx_word' id='word_1_151' title='bbox 556 1772 739 1827; x_wconf 85' lang='lat' dir='ltr'><strong>quam,</strong></span> <span class='ocrx_word' id='word_1_152' title='bbox 762 1753 885 1821; x_wconf 87' lang='lat' dir='ltr'><strong>quid</strong></span> <span class='ocrx_word' id='word_1_153' title='bbox 919 1753 1144 1821; x_wconf 89' lang='lat' dir='ltr'><strong>pertinet</strong></span> <span class='ocrx_word' id='word_1_154' title='bbox 1170 1751 1237 1804; x_wconf 91' lang='lat' dir='ltr'><strong>ad</strong></span> <span class='ocrx_word' id='word_1_155' title='bbox 1268 1752 1447 1805; x_wconf 89' lang='lat' dir='ltr'><strong>orbem</strong></span> <span class='ocrx_word' id='word_1_156' title='bbox 1480 1758 1738 1804; x_wconf 88' lang='lat' dir='ltr'><strong>terrarum</strong></span> <span class='ocrx_word' id='word_1_157' title='bbox 1763 1750 1901 1819; x_wconf 89' lang='lat' dir='ltr'><strong>quod</strong></span> <span class='ocrx_word' id='word_1_158' title='bbox 1928 1750 1980 1804; x_wconf 89' lang='lat' dir='ltr'><strong>in</strong></span> <span class='ocrx_word' id='word_1_159' title='bbox 2000 1749 2141 1805; x_wconf 83' lang='lat' dir='ltr'><strong>Afri-</strong></span> 
     </span>
    </p>
   </div>
   <div class='ocr_carea' id='block_1_21' title="bbox 562 1841 2139 1917">
    <p class='ocr_par' dir='ltr' id='par_1_21' title="bbox 562 1841 2139 1917">
     <span class='ocr_line' id='line_1_21' title="bbox 562 1841 2139 1917; baseline -0.004 -15"><span class='ocrx_word' id='word_1_160' title='bbox 562 1863 623 1902; x_wconf 90' lang='lat' dir='ltr'><strong>ca</strong></span> <span class='ocrx_word' id='word_1_161' title='bbox 648 1847 873 1917; x_wconf 83' lang='lat' dir='ltr'><strong>quisque</strong></span> <span class='ocrx_word' id='word_1_162' title='bbox 899 1842 1197 1898; x_wconf 81' lang='lat' dir='ltr'><strong>commisit?</strong></span> <span class='ocrx_word' id='word_1_163' title='bbox 1223 1842 1276 1897; x_wconf 90' lang='lat' dir='ltr'><strong>Si</strong></span> <span class='ocrx_word' id='word_1_164' title='bbox 1306 1842 1505 1895; x_wconf 86' lang='lat' dir='ltr'><strong>crimen</strong></span> <span class='ocrx_word' id='word_1_165' title='bbox 1537 1841 1859 1911; x_wconf 86' lang='lat' dir='ltr'><strong>incognitum</strong></span> <span class='ocrx_word' id='word_1_166' title='bbox 1884 1857 1989 1896; x_wconf 91' lang='lat' dir='ltr'><strong>non</strong></span> <span class='ocrx_word' id='word_1_167' title='bbox 2015 1856 2139 1911; x_wconf 83' lang='lat' dir='ltr'><strong>gra-</strong></span> 
     </span>
    </p>
   </div>
   <div class='ocr_carea' id='block_1_22' title="bbox 560 1931 2142 2004">
    <p class='ocr_par' dir='ltr' id='par_1_22' title="bbox 560 1931 2142 2004">
     <span class='ocr_line' id='line_1_22' title="bbox 560 1931 2142 2004; baseline -0.001 -15"><span class='ocrx_word' id='word_1_168' title='bbox 560 1946 647 1991; x_wconf 88' lang='lat' dir='ltr'><strong>vat</strong></span> <span class='ocrx_word' id='word_1_169' title='bbox 668 1951 1003 2004; x_wconf 85' lang='lat' dir='ltr'><strong>quemquam,</strong></span> <span class='ocrx_word' id='word_1_170' title='bbox 1023 1932 1161 1988; x_wconf 91' lang='lat' dir='ltr'><strong>unde</strong></span> <span class='ocrx_word' id='word_1_171' title='bbox 1187 1932 1353 2002; x_wconf 89' lang='lat' dir='ltr'><strong>potuit</strong></span> <span class='ocrx_word' id='word_1_172' title='bbox 1371 1931 1517 1987; x_wconf 86' lang='lat' dir='ltr'><strong>orbis</strong></span> <span class='ocrx_word' id='word_1_173' title='bbox 1542 1940 1799 1987; x_wconf 90' lang='lat' dir='ltr'><strong>terrarum</strong></span> <span class='ocrx_word' id='word_1_174' title='bbox 1818 1947 2142 2003; x_wconf 77' lang='lat' dir='ltr'><strong>cognoscere</strong></span> 
     </span>
    </p>
   </div>
   <div class='ocr_carea' id='block_1_23' title="bbox 560 2022 2143 2094">
    <p class='ocr_par' dir='ltr' id='par_1_23' title="bbox 560 2022 2143 2094">
     <span class='ocr_line' id='line_1_23' title="bbox 560 2022 2143 2094; baseline -0.001 -15"><span class='ocrx_word' id='word_1_175' title='bbox 560 2028 642 2081; x_wconf 85' lang='lat' dir='ltr'><strong>vel</strong></span> <span class='ocrx_word' id='word_1_176' title='bbox 672 2027 870 2081; x_wconf 90' lang='lat' dir='ltr'><strong>crimen</strong></span> <span class='ocrx_word' id='word_1_177' title='bbox 901 2024 1130 2094; x_wconf 75' lang='lat' dir='ltr'><strong>iudicum</strong></span> <span class='ocrx_word' id='word_1_178' title='bbox 1160 2024 1244 2078; x_wconf 85' lang='lat' dir='ltr'><strong>vel</strong></span> <span class='ocrx_word' id='word_1_179' title='bbox 1271 2023 1522 2079; x_wconf 78' lang='lat' dir='ltr'><strong>reorum?</strong></span> <span class='ocrx_word' id='word_1_180' title='bbox 1544 2022 1783 2079; x_wconf 84' lang='lat' dir='ltr'><strong>Judicate</strong></span> <span class='ocrx_word' id='word_1_181' title='bbox 1808 2025 1897 2094; x_wconf 92' lang='lat' dir='ltr'><strong>qui</strong></span> <span class='ocrx_word' id='word_1_182' title='bbox 1927 2041 2022 2081; x_wconf 92' lang='lat' dir='ltr'><strong>cor</strong></span> <span class='ocrx_word' id='word_1_183' title='bbox 2046 2025 2143 2078; x_wconf 89' lang='lat' dir='ltr'><strong>ha-</strong></span> 
     </span>
    </p>
   </div>
   <div class='ocr_carea' id='block_1_24' title="bbox 561 2115 2143 2193">
    <p class='ocr_par' dir='ltr' id='par_1_24' title="bbox 561 2115 2143 2193">
     <span class='ocr_line' id='line_1_24' title="bbox 561 2115 2143 2193; baseline 0 -21"><span class='ocrx_word' id='word_1_184' title='bbox 561 2119 719 2173; x_wconf 91' lang='lat' dir='ltr'><strong>betis.</strong></span> <span class='ocrx_word' id='word_1_185' title='bbox 752 2118 875 2171; x_wconf 84' lang='lat' dir='ltr'><strong>ll:ec</strong></span> <span class='ocrx_word' id='word_1_186' title='bbox 900 2126 983 2171; x_wconf 92' lang='lat' dir='ltr'><strong>est</strong></span> <span class='ocrx_word' id='word_1_187' title='bbox 1012 2115 1259 2170; x_wconf 79' lang='lat' dir='ltr'><strong>lia-retica</strong></span> <span class='ocrx_word' id='word_1_188' title='bbox 1288 2116 1513 2185; x_wconf 88' lang='lat' dir='ltr'><strong>justitia,</strong></span> <span class='ocrx_word' id='word_1_189' title='bbox 1546 2126 1605 2171; x_wconf 93' lang='lat' dir='ltr'><strong>ut</strong></span> <span class='ocrx_word' id='word_1_190' title='bbox 1635 2117 1762 2193; x_wconf 83' lang='lat' dir='ltr'><strong>quia</strong></span> <span class='ocrx_word' id='word_1_191' title='bbox 1802 2118 1947 2172; x_wconf 87' lang='lat' dir='ltr'><strong>orbis</strong></span> <span class='ocrx_word' id='word_1_192' title='bbox 1977 2126 2143 2172; x_wconf 90' lang='lat' dir='ltr'><strong>terra-</strong></span> 
     </span>
    </p>
   </div>
   <div class='ocr_carea' id='block_1_25' title="bbox 561 2207 2142 2276">
    <p class='ocr_par' dir='ltr' id='par_1_25' title="bbox 561 2207 2142 2276">
     <span class='ocr_line' id='line_1_25' title="bbox 561 2207 2142 2276; baseline -0.003 -12"><span class='ocrx_word' id='word_1_193' title='bbox 561 2226 680 2265; x_wconf 89' lang='lat' dir='ltr'><strong>rum</strong></span> <span class='ocrx_word' id='word_1_194' title='bbox 708 2224 811 2263; x_wconf 92' lang='lat' dir='ltr'><strong>non</strong></span> <span class='ocrx_word' id='word_1_195' title='bbox 836 2207 1050 2261; x_wconf 85' lang='lat' dir='ltr'><strong>damnat</strong></span> <span class='ocrx_word' id='word_1_196' title='bbox 1077 2207 1277 2261; x_wconf 90' lang='lat' dir='ltr'><strong>crimen</strong></span> <span class='ocrx_word' id='word_1_197' title='bbox 1311 2208 1651 2275; x_wconf 86' lang='lat' dir='ltr'><strong>incognitum,</strong></span> <span class='ocrx_word' id='word_1_198' title='bbox 1683 2221 1806 2276; x_wconf 85' lang='lat' dir='ltr'><strong>pars</strong></span> <span class='ocrx_word' id='word_1_199' title='bbox 1835 2207 2019 2261; x_wconf 90' lang='lat' dir='ltr'><strong>Donati</strong></span> <span class='ocrx_word' id='word_1_200' title='bbox 2049 2207 2142 2261; x_wconf 87' lang='lat' dir='ltr'><strong>da-</strong></span> 
     </span>
    </p>
   </div>
   <div class='ocr_carea' id='block_1_26' title="bbox 564 2300 2143 2356">
    <p class='ocr_par' dir='ltr' id='par_1_26' title="bbox 564 2300 2143 2356">
     <span class='ocr_line' id='line_1_26' title="bbox 564 2300 2143 2356; baseline -0.001 -1"><span class='ocrx_word' id='word_1_201' title='bbox 564 2309 713 2355; x_wconf 90' lang='lat' dir='ltr'><strong>mnet</strong></span> <span class='ocrx_word' id='word_1_202' title='bbox 752 2301 935 2354; x_wconf 89' lang='lat' dir='ltr'><strong>orbem</strong></span> <span class='ocrx_word' id='word_1_203' title='bbox 976 2308 1234 2353; x_wconf 89' lang='lat' dir='ltr'><strong>terrarum</strong></span> <span class='ocrx_word' id='word_1_204' title='bbox 1272 2300 1581 2354; x_wconf 91' lang='lat' dir='ltr'><strong>inauditum.</strong></span> <span class='ocrx_word' id='word_1_205' title='bbox 1624 2300 1728 2355; x_wconf 89' lang='lat' dir='ltr'><strong>Sed</strong></span> <span class='ocrx_word' id='word_1_206' title='bbox 1777 2314 1907 2355; x_wconf 89' lang='lat' dir='ltr'><strong>sane</strong></span> <span class='ocrx_word' id='word_1_207' title='bbox 1950 2300 2143 2356; x_wconf 75' lang='lat' dir='ltr'><strong>sufficit</strong></span> 
     </span>
    </p>
   </div>
   <div class='ocr_carea' id='block_1_27' title="bbox 562 2392 2143 2460">
    <p class='ocr_par' dir='ltr' id='par_1_27' title="bbox 562 2392 2143 2460">
     <span class='ocr_line' id='line_1_27' title="bbox 562 2392 2143 2460; baseline 0 -13"><span class='ocrx_word' id='word_1_208' title='bbox 562 2394 677 2447; x_wconf 88' lang='lat' dir='ltr'><strong>orbi</strong></span> <span class='ocrx_word' id='word_1_209' title='bbox 702 2402 957 2446; x_wconf 89' lang='lat' dir='ltr'><strong>terrarum</strong></span> <span class='ocrx_word' id='word_1_210' title='bbox 982 2402 1159 2445; x_wconf 88' lang='lat' dir='ltr'><strong>tenere</strong></span> <span class='ocrx_word' id='word_1_211' title='bbox 1180 2392 1557 2460; x_wconf 87' lang='lat' dir='ltr'><strong>promissiones</strong></span> <span class='ocrx_word' id='word_1_212' title='bbox 1588 2393 1700 2457; x_wconf 90' lang='lat' dir='ltr'><strong>Dei,</strong></span> <span class='ocrx_word' id='word_1_213' title='bbox 1733 2401 1787 2447; x_wconf 90' lang='lat' dir='ltr'><strong>et</strong></span> <span class='ocrx_word' id='word_1_214' title='bbox 1810 2392 1862 2446; x_wconf 92' lang='lat' dir='ltr'><strong>in</strong></span> <span class='ocrx_word' id='word_1_215' title='bbox 1888 2407 1945 2448; x_wconf 91' lang='lat' dir='ltr'><strong>sc</strong></span> <span class='ocrx_word' id='word_1_216' title='bbox 1962 2393 2143 2447; x_wconf 89' lang='lat' dir='ltr'><strong>videre</strong></span> 
     </span>
    </p>
   </div>
   <div class='ocr_carea' id='block_1_28' title="bbox 564 2481 2141 2554">
    <p class='ocr_par' dir='ltr' id='par_1_28' title="bbox 564 2481 2141 2554">
     <span class='ocr_line' id='line_1_28' title="bbox 564 2481 2141 2554; baseline -0.003 -14"><span class='ocrx_word' id='word_1_217' title='bbox 564 2482 818 2554; x_wconf 89' lang='lat' dir='ltr'><strong>compleri</strong></span> <span class='ocrx_word' id='word_1_218' title='bbox 872 2481 1012 2551; x_wconf 91' lang='lat' dir='ltr'><strong>quod</strong></span> <span class='ocrx_word' id='word_1_219' title='bbox 1044 2481 1320 2550; x_wconf 67' lang='lat' dir='ltr'><strong>Propheta:</strong></span> <span class='ocrx_word' id='word_1_220' title='bbox 1349 2490 1494 2537; x_wconf 91' lang='lat' dir='ltr'><strong>tanto</strong></span> <span class='ocrx_word' id='word_1_221' title='bbox 1531 2491 1653 2537; x_wconf 90' lang='lat' dir='ltr'><strong>ante</strong></span> <span class='ocrx_word' id='word_1_222' title='bbox 1697 2483 2032 2547; x_wconf 89' lang='lat' dir='ltr'><strong>cecinerunt;</strong></span> <span class='ocrx_word' id='word_1_223' title='bbox 2088 2483 2141 2536; x_wconf 93' lang='lat' dir='ltr'><strong>in</strong></span> 
     </span>
    </p>
   </div>
   <div class='ocr_carea' id='block_1_29' title="bbox 564 2571 2145 2640">
    <p class='ocr_par' dir='ltr' id='par_1_29' title="bbox 564 2571 2145 2640">
     <span class='ocr_line' id='line_1_29' title="bbox 564 2571 2145 2640; baseline -0.002 -12"><span class='ocrx_word' id='word_1_224' title='bbox 564 2572 765 2628; x_wconf 90' lang='lat' dir='ltr'><strong>eisdem</strong></span> <span class='ocrx_word' id='word_1_225' title='bbox 785 2571 1071 2639; x_wconf 87' lang='lat' dir='ltr'><strong>Scripturis</strong></span> <span class='ocrx_word' id='word_1_226' title='bbox 1089 2586 1374 2638; x_wconf 79' lang='lat' dir='ltr'><strong>agnoscere</strong></span> <span class='ocrx_word' id='word_1_227' title='bbox 1392 2571 1705 2637; x_wconf 86' lang='lat' dir='ltr'><strong>Ecclesiam,</strong></span> <span class='ocrx_word' id='word_1_228' title='bbox 1730 2572 1816 2627; x_wconf 91' lang='lat' dir='ltr'><strong>ubi</strong></span> <span class='ocrx_word' id='word_1_229' title='bbox 1841 2580 1896 2627; x_wconf 89' lang='lat' dir='ltr'><strong>et</strong></span> <span class='ocrx_word' id='word_1_230' title='bbox 1908 2588 2010 2637; x_wconf 57' lang='lat' dir='ltr'><strong>rex</strong></span> <span class='ocrx_word' id='word_1_231' title='bbox 2028 2572 2145 2640; x_wconf 88' lang='lat' dir='ltr'><strong>ejus</strong></span> 
     </span>
    </p>
   </div>
   <div class='ocr_carea' id='block_1_30' title="bbox 564 2658 2143 2733">
    <p class='ocr_par' dir='ltr' id='par_1_30' title="bbox 564 2658 2143 2733">
     <span class='ocr_line' id='line_1_30' title="bbox 564 2658 2143 2733; baseline -0.001 -15"><span class='ocrx_word' id='word_1_232' title='bbox 564 2661 805 2718; x_wconf 85' lang='lat' dir='ltr'><strong>Christus</strong></span> <span class='ocrx_word' id='word_1_233' title='bbox 822 2660 1142 2731; x_wconf 79' lang='lat' dir='ltr'><strong>agnoscitur.</strong></span> <span class='ocrx_word' id='word_1_234' title='bbox 1167 2658 1268 2715; x_wconf 88' lang='lat' dir='ltr'><strong>Ubi</strong></span> <span class='ocrx_word' id='word_1_235' title='bbox 1290 2661 1431 2715; x_wconf 90' lang='lat' dir='ltr'><strong>enim</strong></span> <span class='ocrx_word' id='word_1_236' title='bbox 1459 2660 1525 2716; x_wconf 91' lang='lat' dir='ltr'><strong>de</strong></span> <span class='ocrx_word' id='word_1_237' title='bbox 1552 2661 1766 2718; x_wconf 84' lang='lat' dir='ltr'><strong>Christo</strong></span> <span class='ocrx_word' id='word_1_238' title='bbox 1794 2664 1915 2717; x_wconf 92' lang='lat' dir='ltr'><strong>talia</strong></span> <span class='ocrx_word' id='word_1_239' title='bbox 1947 2663 2143 2733; x_wconf 64' lang='lat' dir='ltr'><strong>praedi-</strong></span> 
     </span>
    </p>
   </div>
   <div class='ocr_carea' id='block_1_31' title="bbox 563 2751 2145 2823">
    <p class='ocr_par' dir='ltr' id='par_1_31' title="bbox 563 2751 2145 2823">
     <span class='ocr_line' id='line_1_31' title="bbox 563 2751 2145 2823; baseline 0.001 -16"><span class='ocrx_word' id='word_1_240' title='bbox 563 2762 647 2807; x_wconf 89' lang='lat' dir='ltr'><strong>cta</strong></span> <span class='ocrx_word' id='word_1_241' title='bbox 678 2760 821 2816; x_wconf 91' lang='lat' dir='ltr'><strong>sunt,</strong></span> <span class='ocrx_word' id='word_1_242' title='bbox 853 2751 1023 2820; x_wconf 88' lang='lat' dir='ltr'><strong>qualia</strong></span> <span class='ocrx_word' id='word_1_243' title='bbox 1054 2752 1311 2819; x_wconf 83' lang='lat' dir='ltr'><strong>completa</strong></span> <span class='ocrx_word' id='word_1_244' title='bbox 1344 2752 1394 2805; x_wconf 91' lang='lat' dir='ltr'><strong>in</strong></span> <span class='ocrx_word' id='word_1_245' title='bbox 1436 2752 1722 2823; x_wconf 86' lang='lat' dir='ltr'><strong>Evangelio</strong></span> <span class='ocrx_word' id='word_1_246' title='bbox 1750 2754 1989 2823; x_wconf 78' lang='lat' dir='ltr'><strong>legimus.</strong></span> <span class='ocrx_word' id='word_1_247' title='bbox 2042 2754 2145 2808; x_wconf 92' lang='lat' dir='ltr'><strong>illic</strong></span> 
     </span>
    </p>
   </div>
   <div class='ocr_carea' id='block_1_32' title="bbox 564 2842 2143 2916">
    <p class='ocr_par' dir='ltr' id='par_1_32' title="bbox 564 2842 2143 2916">
     <span class='ocr_line' id='line_1_32' title="bbox 564 2842 2143 2916; baseline 0.001 -17"><span class='ocrx_word' id='word_1_248' title='bbox 564 2845 814 2916; x_wconf 72' lang='lat' dir='ltr'><strong>prmdicta</strong></span> <span class='ocrx_word' id='word_1_249' title='bbox 859 2852 983 2896; x_wconf 91' lang='lat' dir='ltr'><strong>sunt</strong></span> <span class='ocrx_word' id='word_1_250' title='bbox 1008 2842 1073 2896; x_wconf 93' lang='lat' dir='ltr'><strong>de</strong></span> <span class='ocrx_word' id='word_1_251' title='bbox 1106 2842 1363 2909; x_wconf 86' lang='lat' dir='ltr'><strong>Ecclesia,</strong></span> <span class='ocrx_word' id='word_1_252' title='bbox 1385 2844 1560 2913; x_wconf 81' lang='lat' dir='ltr'><strong>qualia</strong></span> <span class='ocrx_word' id='word_1_253' title='bbox 1597 2844 1851 2915; x_wconf 90' lang='lat' dir='ltr'><strong>compleri</strong></span> <span class='ocrx_word' id='word_1_254' title='bbox 1881 2852 1991 2899; x_wconf 87' lang='lat' dir='ltr'><strong>toto</strong></span> <span class='ocrx_word' id='word_1_255' title='bbox 2012 2845 2143 2900; x_wconf 86' lang='lat' dir='ltr'><strong>orbe</strong></span> 
     </span>
    </p>
   </div>
   <div class='ocr_carea' id='block_1_33' title="bbox 560 2934 981 3006">
    <p class='ocr_par' dir='ltr' id='par_1_33' title="bbox 560 2934 981 3006">
     <span class='ocr_line' id='line_1_33' title="bbox 560 2934 981 3006; baseline 0.005 -19"><span class='ocrx_word' id='word_1_256' title='bbox 560 2934 671 3006; x_wconf 86' lang='lat' dir='ltr'><strong>jam</strong></span> <span class='ocrx_word' id='word_1_257' title='bbox 693 2934 981 2989; x_wconf 89' lang='lat' dir='ltr'><strong>cernimus.</strong></span> 
     </span>
    </p>
   </div>
   <div class='ocr_carea' id='block_1_34' title="bbox 639 3022 2141 3095">
    <p class='ocr_par' dir='ltr' id='par_1_34' title="bbox 639 3022 2141 3095">
     <span class='ocr_line' id='line_1_34' title="bbox 639 3022 2141 3095; baseline 0.001 -16"><span class='ocrx_word' id='word_1_258' title='bbox 639 3026 692 3080; x_wconf 86' lang='lat'><strong>5.</strong></span> <span class='ocrx_word' id='word_1_259' title='bbox 733 3023 841 3078; x_wconf 79' lang='lat' dir='ltr'><strong>Nisi</strong></span> <span class='ocrx_word' id='word_1_260' title='bbox 886 3022 1021 3077; x_wconf 86' lang='lat' dir='ltr'><strong>forte</strong></span> <span class='ocrx_word' id='word_1_261' title='bbox 1065 3037 1384 3093; x_wconf 88' lang='lat' dir='ltr'><strong>quemquam</strong></span> <span class='ocrx_word' id='word_1_262' title='bbox 1416 3023 1748 3093; x_wconf 86' lang='lat' dir='ltr'><strong>prudentium</strong></span> <span class='ocrx_word' id='word_1_263' title='bbox 1794 3027 2141 3095; x_wconf 86' lang='lat' dir='ltr'><strong>permovebit,</strong></span> 
     </span>
    </p>
   </div>
   <div class='ocr_carea' id='block_1_35' title="bbox 567 3116 2143 3187">
    <p class='ocr_par' dir='ltr' id='par_1_35' title="bbox 567 3116 2143 3187">
     <span class='ocr_line' id='line_1_35' title="bbox 567 3116 2143 3187; baseline 0.006 -18"><span class='ocrx_word' id='word_1_264' title='bbox 567 3116 706 3185; x_wconf 90' lang='lat' dir='ltr'><strong>quod</strong></span> <span class='ocrx_word' id='word_1_265' title='bbox 737 3116 802 3170; x_wconf 91' lang='lat' dir='ltr'><strong>de</strong></span> <span class='ocrx_word' id='word_1_266' title='bbox 830 3117 1095 3185; x_wconf 85' lang='lat' dir='ltr'><strong>Baptismo</strong></span> <span class='ocrx_word' id='word_1_267' title='bbox 1124 3121 1296 3175; x_wconf 87' lang='lat' dir='ltr'><strong>solent</strong></span> <span class='ocrx_word' id='word_1_268' title='bbox 1323 3120 1521 3187; x_wconf 90' lang='lat' dir='ltr'><strong>dicere,</strong></span> <span class='ocrx_word' id='word_1_269' title='bbox 1547 3132 1671 3177; x_wconf 91' lang='lat' dir='ltr'><strong>tunc</strong></span> <span class='ocrx_word' id='word_1_270' title='bbox 1694 3138 1813 3177; x_wconf 89' lang='lat' dir='ltr'><strong>esse</strong></span> <span class='ocrx_word' id='word_1_271' title='bbox 1840 3138 2022 3179; x_wconf 89' lang='lat' dir='ltr'><strong>verum</strong></span> <span class='ocrx_word' id='word_1_272' title='bbox 2046 3123 2143 3178; x_wconf 87' lang='lat' dir='ltr'><strong>ba-</strong></span> 
     </span>
    </p>
   </div>
   <div class='ocr_carea' id='block_1_36' title="bbox 568 3204 2148 3281">
    <p class='ocr_par' dir='ltr' id='par_1_36' title="bbox 568 3204 2148 3281">
     <span class='ocr_line' id='line_1_36' title="bbox 568 3204 2148 3281; baseline 0.007 -21"><span class='ocrx_word' id='word_1_273' title='bbox 568 3207 818 3276; x_wconf 88' lang='lat' dir='ltr'><strong>ptismum</strong></span> <span class='ocrx_word' id='word_1_274' title='bbox 843 3204 1058 3270; x_wconf 89' lang='lat' dir='ltr'><strong>Christi,</strong></span> <span class='ocrx_word' id='word_1_275' title='bbox 1087 3224 1205 3264; x_wconf 92' lang='lat' dir='ltr'><strong>cum</strong></span> <span class='ocrx_word' id='word_1_276' title='bbox 1232 3211 1300 3263; x_wconf 94' lang='lat' dir='ltr'><strong>ab</strong></span> <span class='ocrx_word' id='word_1_277' title='bbox 1340 3211 1551 3267; x_wconf 89' lang='lat' dir='ltr'><strong>homine</strong></span> <span class='ocrx_word' id='word_1_278' title='bbox 1570 3215 1714 3281; x_wconf 89' lang='lat' dir='ltr'><strong>justo</strong></span> <span class='ocrx_word' id='word_1_279' title='bbox 1738 3215 1911 3279; x_wconf 87' lang='lat' dir='ltr'><strong>datur,</strong></span> <span class='ocrx_word' id='word_1_280' title='bbox 1944 3231 2064 3270; x_wconf 88' lang='lat' dir='ltr'><strong>cmn</strong></span> <span class='ocrx_word' id='word_1_281' title='bbox 2092 3225 2148 3270; x_wconf 88' lang='lat' dir='ltr'><strong>et</strong></span> 
     </span>
    </p>
   </div>
   <div class='ocr_carea' id='block_1_37' title="bbox 568 3296 2146 3376">
    <p class='ocr_par' dir='ltr' id='par_1_37' title="bbox 568 3296 2146 3376">
     <span class='ocr_line' id='line_1_37' title="bbox 568 3296 2146 3376; baseline 0.006 -27"><span class='ocrx_word' id='word_1_282' title='bbox 568 3296 690 3350; x_wconf 90' lang='lat' dir='ltr'><strong>hinc</strong></span> <span class='ocrx_word' id='word_1_283' title='bbox 718 3306 889 3350; x_wconf 81' lang='lat' dir='ltr'><strong>teneat</strong></span> <span class='ocrx_word' id='word_1_284' title='bbox 909 3297 1052 3351; x_wconf 92' lang='lat' dir='ltr'><strong>orbis</strong></span> <span class='ocrx_word' id='word_1_285' title='bbox 1077 3306 1331 3353; x_wconf 88' lang='lat' dir='ltr'><strong>terrarum</strong></span> <span class='ocrx_word' id='word_1_286' title='bbox 1362 3301 1809 3357; x_wconf 78' lang='lat' dir='ltr'><strong>evidentissimum</strong></span> <span class='ocrx_word' id='word_1_287' title='bbox 1832 3314 1885 3359; x_wconf 91' lang='lat' dir='ltr'><strong>ct</strong></span> <span class='ocrx_word' id='word_1_288' title='bbox 1912 3320 2146 3376; x_wconf 88' lang='lat' dir='ltr'><strong>evange-</strong></span> 
     </span>
    </p>
   </div>
   <div class='ocr_carea' id='block_1_38' title="bbox 567 3387 2150 3463">
    <p class='ocr_par' dir='ltr' id='par_1_38' title="bbox 567 3387 2150 3463">
     <span class='ocr_line' id='line_1_38' title="bbox 567 3387 2150 3463; baseline 0.005 -22"><span class='ocrx_word' id='word_1_289' title='bbox 567 3387 723 3441; x_wconf 87' lang='lat' dir='ltr'><strong>licam</strong></span> <span class='ocrx_word' id='word_1_290' title='bbox 760 3388 1058 3455; x_wconf 89' lang='lat' dir='ltr'><strong>veritatem,</strong></span> <span class='ocrx_word' id='word_1_291' title='bbox 1091 3390 1179 3444; x_wconf 91' lang='lat' dir='ltr'><strong>ubi</strong></span> <span class='ocrx_word' id='word_1_292' title='bbox 1205 3390 1435 3446; x_wconf 87' lang='lat' dir='ltr'><strong>Joannes</strong></span> <span class='ocrx_word' id='word_1_293' title='bbox 1462 3393 1565 3446; x_wconf 87' lang='lat' dir='ltr'><strong>ait:</strong></span> <span class='ocrx_word' id='word_1_294' title='bbox 1595 3393 1695 3458; x_wconf 83' lang='lat' dir='ltr'><strong>Qui</strong></span> <span class='ocrx_word' id='word_1_295' title='bbox 1719 3410 1797 3447; x_wconf 78' lang='lat' dir='ltr'><strong>me</strong></span> <span class='ocrx_word' id='word_1_296' title='bbox 1824 3396 1955 3449; x_wconf 82' lang='lat' dir='ltr'><strong>misit</strong></span> <span class='ocrx_word' id='word_1_297' title='bbox 1984 3397 2150 3463; x_wconf 84' lang='lat' dir='ltr'><strong>bapti-</strong></span> 
     </span>
    </p>
   </div>
   <div class='ocr_carea' id='block_1_39' title="bbox 572 3478 2147 3557">
    <p class='ocr_par' dir='ltr' id='par_1_39' title="bbox 572 3478 2147 3557">
     <span class='ocr_line' id='line_1_39' title="bbox 572 3478 2147 3557; baseline 0.008 -28"><span class='ocrx_word' id='word_1_298' title='bbox 572 3493 689 3530; x_wconf 72' lang='lat' dir='ltr'><strong>zare</strong></span> <span class='ocrx_word' id='word_1_299' title='bbox 716 3478 767 3530; x_wconf 88' lang='lat' dir='ltr'><strong>in</strong></span> <span class='ocrx_word' id='word_1_300' title='bbox 796 3495 945 3548; x_wconf 86' lang='lat' dir='ltr'><strong>aqua,</strong></span> <span class='ocrx_word' id='word_1_301' title='bbox 969 3480 1076 3548; x_wconf 86' lang='lat' dir='ltr'><strong>ipse</strong></span> <span class='ocrx_word' id='word_1_302' title='bbox 1103 3481 1227 3533; x_wconf 82' lang='lat' dir='ltr'><strong>mihi</strong></span> <span class='ocrx_word' id='word_1_303' title='bbox 1252 3482 1379 3535; x_wconf 73' lang='lat' dir='ltr'><strong>dixit</strong></span> <span class='ocrx_word' id='word_1_304' title='bbox 1410 3498 1427 3535; x_wconf 91' lang='lat'><strong><em>:</em></strong></span> <span class='ocrx_word' id='word_1_305' title='bbox 1455 3480 1622 3552; x_wconf 80' lang='lat' dir='ltr'><strong>Super</strong></span> <span class='ocrx_word' id='word_1_306' title='bbox 1652 3500 1795 3554; x_wconf 90' lang='lat' dir='ltr'><strong>quem</strong></span> <span class='ocrx_word' id='word_1_307' title='bbox 1821 3485 2003 3540; x_wconf 81' lang='lat' dir='ltr'><strong>videris</strong></span> <span class='ocrx_word' id='word_1_308' title='bbox 2025 3486 2147 3557; x_wconf 83' lang='lat' dir='ltr'><strong>Spi-</strong></span> 
     </span>
    </p>
   </div>
   <div class='ocr_carea' id='block_1_40' title="bbox 565 3569 2148 3649">
    <p class='ocr_par' dir='ltr' id='par_1_40' title="bbox 565 3569 2148 3649">
     <span class='ocr_line' id='line_1_40' title="bbox 565 3569 2148 3649; baseline 0.007 -28"><span class='ocrx_word' id='word_1_309' title='bbox 565 3570 718 3622; x_wconf 80' lang='lat' dir='ltr'><strong>ritum</strong></span> <span class='ocrx_word' id='word_1_310' title='bbox 738 3569 1116 3624; x_wconf 80' lang='lat' dir='ltr'><strong>descendentem</strong></span> <span class='ocrx_word' id='word_1_311' title='bbox 1139 3574 1283 3643; x_wconf 86' lang='lat' dir='ltr'><strong>quasi</strong></span> <span class='ocrx_word' id='word_1_312' title='bbox 1302 3573 1605 3640; x_wconf 80' lang='lat' dir='ltr'><strong>columbam,</strong></span> <span class='ocrx_word' id='word_1_313' title='bbox 1629 3586 1674 3629; x_wconf 86' lang='lat' dir='ltr'><strong>et</strong></span> <span class='ocrx_word' id='word_1_314' title='bbox 1700 3588 1978 3631; x_wconf 84' lang='lat' dir='ltr'><strong>manentem</strong></span> <span class='ocrx_word' id='word_1_315' title='bbox 1998 3594 2148 3649; x_wconf 81' lang='lat' dir='ltr'><strong>super</strong></span> 
     </span>
    </p>
   </div>
   <div class='ocr_carea' id='block_1_41' title="bbox 567 3660 2144 3739">
    <p class='ocr_par' dir='ltr' id='par_1_41' title="bbox 567 3660 2144 3739">
     <span class='ocr_line' id='line_1_41' title="bbox 567 3660 2144 3739; baseline 0.008 -28"><span class='ocrx_word' id='word_1_316' title='bbox 567 3675 702 3721; x_wconf 82' lang='lat' dir='ltr'><strong>eum,</strong></span> <span class='ocrx_word' id='word_1_317' title='bbox 720 3660 827 3729; x_wconf 83' lang='lat' dir='ltr'><strong>ipse</strong></span> <span class='ocrx_word' id='word_1_318' title='bbox 852 3671 924 3714; x_wconf 87' lang='lat' dir='ltr'><strong>est</strong></span> <span class='ocrx_word' id='word_1_319' title='bbox 947 3662 1033 3732; x_wconf 86' lang='lat' dir='ltr'><strong>qui</strong></span> <span class='ocrx_word' id='word_1_320' title='bbox 1060 3661 1278 3731; x_wconf 80' lang='lat' dir='ltr'><strong>baptizat</strong></span> <span class='ocrx_word' id='word_1_321' title='bbox 1298 3664 1351 3717; x_wconf 85' lang='lat' dir='ltr'><strong>in</strong></span> <span class='ocrx_word' id='word_1_322' title='bbox 1371 3663 1567 3734; x_wconf 82' lang='lat' dir='ltr'><strong>Spiritu</strong></span> <span class='ocrx_word' id='word_1_323' title='bbox 1586 3676 1758 3720; x_wconf 86' lang='lat' dir='ltr'><strong>sancto</strong></span> <span class='ocrx_word' id='word_1_324' title='bbox 1781 3665 1955 3739; x_wconf 77' lang='lat' dir='ltr'><strong>(Joan.</strong></span> <span class='ocrx_word' id='word_1_325' title='bbox 1972 3683 2011 3735; x_wconf 83' lang='lat' dir='ltr'><strong>t,</strong></span> <span class='ocrx_word' id='word_1_326' title='bbox 2033 3668 2144 3739; x_wconf 77' lang='grc'><strong>55).</strong></span> 
     </span>
    </p>
   </div>
   <div class='ocr_carea' id='block_1_42' title="bbox 568 3748 2146 3828">
    <p class='ocr_par' dir='ltr' id='par_1_42' title="bbox 568 3748 2146 3828">
     <span class='ocr_line' id='line_1_42' title="bbox 568 3748 2146 3828; baseline 0.007 -23"><span class='ocrx_word' id='word_1_327' title='bbox 568 3748 720 3805; x_wconf 86' lang='lat' dir='ltr'><strong>Unde</strong></span> <span class='ocrx_word' id='word_1_328' title='bbox 743 3765 923 3804; x_wconf 86' lang='lat' dir='ltr'><strong>secura</strong></span> <span class='ocrx_word' id='word_1_329' title='bbox 958 3752 1188 3807; x_wconf 81' lang='lat' dir='ltr'><strong>Ecclesia</strong></span> <span class='ocrx_word' id='word_1_330' title='bbox 1218 3769 1363 3821; x_wconf 88' lang='lat' dir='ltr'><strong>spem</strong></span> <span class='ocrx_word' id='word_1_331' title='bbox 1396 3771 1499 3811; x_wconf 92' lang='lat' dir='ltr'><strong>non</strong></span> <span class='ocrx_word' id='word_1_332' title='bbox 1529 3758 1678 3828; x_wconf 84' lang='lat' dir='ltr'><strong>ponit</strong></span> <span class='ocrx_word' id='word_1_333' title='bbox 1719 3759 1771 3812; x_wconf 94' lang='lat' dir='ltr'><strong>in</strong></span> <span class='ocrx_word' id='word_1_334' title='bbox 1805 3758 2041 3825; x_wconf 89' lang='lat' dir='ltr'><strong>homine,</strong></span> <span class='ocrx_word' id='word_1_335' title='bbox 2076 3777 2146 3817; x_wconf 93' lang='lat' dir='ltr'><strong>ne</strong></span> 
     </span>
    </p>
   </div>
   <div class='ocr_carea' id='block_1_43' title="bbox 567 3840 2151 3919">
    <p class='ocr_par' dir='ltr' id='par_1_43' title="bbox 567 3840 2151 3919">
     <span class='ocr_line' id='line_1_43' title="bbox 567 3840 2151 3919; baseline 0.006 -23"><span class='ocrx_word' id='word_1_336' title='bbox 567 3840 766 3896; x_wconf 85' lang='lat' dir='ltr'><strong>incidat</strong></span> <span class='ocrx_word' id='word_1_337' title='bbox 793 3842 843 3895; x_wconf 91' lang='lat' dir='ltr'><strong>in</strong></span> <span class='ocrx_word' id='word_1_338' title='bbox 876 3843 1014 3897; x_wconf 89' lang='lat' dir='ltr'><strong>illam</strong></span> <span class='ocrx_word' id='word_1_339' title='bbox 1038 3846 1352 3899; x_wconf 91' lang='lat' dir='ltr'><strong>sententiam</strong></span> <span class='ocrx_word' id='word_1_340' title='bbox 1380 3848 1431 3900; x_wconf 93' lang='lat' dir='ltr'><strong>in</strong></span> <span class='ocrx_word' id='word_1_341' title='bbox 1449 3864 1549 3917; x_wconf 91' lang='lat' dir='ltr'><strong>qua</strong></span> <span class='ocrx_word' id='word_1_342' title='bbox 1575 3850 1828 3919; x_wconf 88' lang='lat' dir='ltr'><strong>scriptum</strong></span> <span class='ocrx_word' id='word_1_343' title='bbox 1854 3859 1955 3916; x_wconf 91' lang='lat' dir='ltr'><strong>est,</strong></span> <span class='ocrx_word' id='word_1_344' title='bbox 1986 3850 2151 3905; x_wconf 72' lang='lat' dir='ltr'><strong>Matr-</strong></span> 
     </span>
    </p>
   </div>
   <div class='ocr_carea' id='block_1_44' title="bbox 567 3932 2145 4009">
    <p class='ocr_par' dir='ltr' id='par_1_44' title="bbox 567 3932 2145 4009">
     <span class='ocr_line' id='line_1_44' title="bbox 567 3932 2145 4009; baseline 0.007 -25"><span class='ocrx_word' id='word_1_345' title='bbox 567 3932 731 3985; x_wconf 85' lang='lat' dir='ltr'><strong>dictus</strong></span> <span class='ocrx_word' id='word_1_346' title='bbox 770 3934 931 3989; x_wconf 85' lang='lat' dir='ltr'><strong>omnis</strong></span> <span class='ocrx_word' id='word_1_347' title='bbox 973 3934 1055 4000; x_wconf 82' lang='lat' dir='ltr'><strong>qui</strong></span> <span class='ocrx_word' id='word_1_348' title='bbox 1096 3952 1235 4004; x_wconf 83' lang='lat' dir='ltr'><strong>spem</strong></span> <span class='ocrx_word' id='word_1_349' title='bbox 1277 3952 1421 3991; x_wconf 83' lang='lat' dir='ltr'><strong>suam</strong></span> <span class='ocrx_word' id='word_1_350' title='bbox 1448 3940 1587 4006; x_wconf 82' lang='lat' dir='ltr'><strong>ponit</strong></span> <span class='ocrx_word' id='word_1_351' title='bbox 1615 3939 1667 3992; x_wconf 91' lang='lat' dir='ltr'><strong>in</strong></span> <span class='ocrx_word' id='word_1_352' title='bbox 1696 3939 1896 3994; x_wconf 82' lang='lat' dir='ltr'><strong>homine</strong></span> <span class='ocrx_word' id='word_1_353' title='bbox 1931 3939 2145 4009; x_wconf 72' lang='lat' dir='ltr'><strong>(larem.</strong></span> 
     </span>
    </p>
   </div>
   <div class='ocr_carea' id='block_1_45' title="bbox 566 4024 2149 4102">
    <p class='ocr_par' dir='ltr' id='par_1_45' title="bbox 566 4024 2149 4102">
     <span class='ocr_line' id='line_1_45' title="bbox 566 4024 2149 4102; baseline 0.006 -23"><span class='ocrx_word' id='word_1_354' title='bbox 566 4040 701 4089; x_wconf 80' lang='lat' dir='ltr'><strong>xvn,</strong></span> <span class='ocrx_word' id='word_1_355' title='bbox 732 4024 825 4097; x_wconf 84' lang='lat'><strong>5);</strong></span> <span class='ocrx_word' id='word_1_356' title='bbox 854 4026 946 4081; x_wconf 91' lang='lat' dir='ltr'><strong>scd</strong></span> <span class='ocrx_word' id='word_1_357' title='bbox 977 4041 1124 4096; x_wconf 77' lang='lat' dir='ltr'><strong>Spem</strong></span> <span class='ocrx_word' id='word_1_358' title='bbox 1147 4043 1294 4082; x_wconf 91' lang='lat' dir='ltr'><strong>suam</strong></span> <span class='ocrx_word' id='word_1_359' title='bbox 1325 4030 1475 4099; x_wconf 88' lang='lat' dir='ltr'><strong>ponit</strong></span> <span class='ocrx_word' id='word_1_360' title='bbox 1502 4030 1553 4084; x_wconf 93' lang='lat' dir='ltr'><strong>in</strong></span> <span class='ocrx_word' id='word_1_361' title='bbox 1583 4029 1817 4097; x_wconf 87' lang='lat' dir='ltr'><strong>Christo,</strong></span> <span class='ocrx_word' id='word_1_362' title='bbox 1850 4032 1937 4102; x_wconf 90' lang='lat' dir='ltr'><strong>qui</strong></span> <span class='ocrx_word' id='word_1_363' title='bbox 1963 4033 2041 4088; x_wconf 89' lang='lat' dir='ltr'><strong>sic</strong></span> <span class='ocrx_word' id='word_1_364' title='bbox 2059 4047 2149 4088; x_wconf 87' lang='lat' dir='ltr'><strong>ac-</strong></span> 
     </span>
    </p>
   </div>
   <div class='ocr_carea' id='block_1_46' title="bbox 565 4116 2147 4191">
    <p class='ocr_par' dir='ltr' id='par_1_46' title="bbox 565 4116 2147 4191">
     <span class='ocr_line' id='line_1_46' title="bbox 565 4116 2147 4191; baseline 0.005 -20"><span class='ocrx_word' id='word_1_365' title='bbox 565 4118 707 4187; x_wconf 88' lang='lat' dir='ltr'><strong>cepit</strong></span> <span class='ocrx_word' id='word_1_366' title='bbox 726 4116 947 4173; x_wconf 90' lang='lat' dir='ltr'><strong>formam</strong></span> <span class='ocrx_word' id='word_1_367' title='bbox 975 4120 1135 4184; x_wconf 88' lang='lat' dir='ltr'><strong>servi,</strong></span> <span class='ocrx_word' id='word_1_368' title='bbox 1168 4128 1225 4174; x_wconf 93' lang='lat' dir='ltr'><strong>ut</strong></span> <span class='ocrx_word' id='word_1_369' title='bbox 1251 4136 1356 4176; x_wconf 93' lang='lat' dir='ltr'><strong>non</strong></span> <span class='ocrx_word' id='word_1_370' title='bbox 1387 4123 1652 4178; x_wconf 90' lang='lat' dir='ltr'><strong>amitteret</strong></span> <span class='ocrx_word' id='word_1_371' title='bbox 1682 4124 1901 4178; x_wconf 78' lang='lat' dir='ltr'><strong>fortnam</strong></span> <span class='ocrx_word' id='word_1_372' title='bbox 1935 4124 2048 4191; x_wconf 89' lang='lat' dir='ltr'><strong>Dei,</strong></span> <span class='ocrx_word' id='word_1_373' title='bbox 2080 4124 2147 4179; x_wconf 89' lang='lat' dir='ltr'><strong>de</strong></span> 
     </span>
    </p>
   </div>
   <div class='ocr_carea' id='block_1_47' title="bbox 564 4208 2144 4283">
    <p class='ocr_par' dir='ltr' id='par_1_47' title="bbox 564 4208 2144 4283">
     <span class='ocr_line' id='line_1_47' title="bbox 564 4208 2144 4283; baseline 0.009 -24"><span class='ocrx_word' id='word_1_374' title='bbox 564 4224 671 4277; x_wconf 89' lang='lat' dir='ltr'><strong>quo</strong></span> <span class='ocrx_word' id='word_1_375' title='bbox 689 4208 887 4263; x_wconf 90' lang='lat' dir='ltr'><strong>dictum</strong></span> <span class='ocrx_word' id='word_1_376' title='bbox 932 4219 1033 4273; x_wconf 86' lang='lat' dir='ltr'><strong>est,</strong></span> <span class='ocrx_word' id='word_1_377' title='bbox 1066 4208 1188 4281; x_wconf 84' lang='lat' dir='ltr'><strong>Ipse</strong></span> <span class='ocrx_word' id='word_1_378' title='bbox 1222 4221 1294 4266; x_wconf 86' lang='lat' dir='ltr'><strong>est</strong></span> <span class='ocrx_word' id='word_1_379' title='bbox 1337 4213 1424 4282; x_wconf 84' lang='lat' dir='ltr'><strong>qui</strong></span> <span class='ocrx_word' id='word_1_380' title='bbox 1451 4212 1690 4283; x_wconf 79' lang='lat' dir='ltr'><strong>baptizat.</strong></span> <span class='ocrx_word' id='word_1_381' title='bbox 1726 4215 1955 4270; x_wconf 86' lang='lat' dir='ltr'><strong>Proinde</strong></span> <span class='ocrx_word' id='word_1_382' title='bbox 1984 4216 2144 4273; x_wconf 91' lang='lat' dir='ltr'><strong>homo</strong></span> 
     </span>
    </p>
   </div>
   <div class='ocr_carea' id='block_1_48' title="bbox 564 4298 2143 4376">
    <p class='ocr_par' dir='ltr' id='par_1_48' title="bbox 564 4298 2143 4376">
     <span class='ocr_line' id='line_1_48' title="bbox 564 4298 2143 4376; baseline 0.009 -28"><span class='ocrx_word' id='word_1_383' title='bbox 564 4298 781 4366; x_wconf 89' lang='lat' dir='ltr'><strong>quilibet</strong></span> <span class='ocrx_word' id='word_1_384' title='bbox 813 4299 1050 4353; x_wconf 89' lang='lat' dir='ltr'><strong>minister</strong></span> <span class='ocrx_word' id='word_1_385' title='bbox 1075 4300 1317 4367; x_wconf 88' lang='lat' dir='ltr'><strong>baptismi</strong></span> <span class='ocrx_word' id='word_1_386' title='bbox 1345 4303 1479 4369; x_wconf 87' lang='lat' dir='ltr'><strong>ejus,</strong></span> <span class='ocrx_word' id='word_1_387' title='bbox 1510 4306 1947 4376; x_wconf 87' lang='lat' dir='ltr'><strong>qualemcumque</strong></span> <span class='ocrx_word' id='word_1_388' title='bbox 1983 4310 2143 4364; x_wconf 87' lang='lat' dir='ltr'><strong>sarci-</strong></span> 
     </span>
    </p>
   </div>
   <div class='ocr_carea' id='block_1_49' title="bbox 564 4389 2148 4463">
    <p class='ocr_par' dir='ltr' id='par_1_49' title="bbox 564 4389 2148 4463">
     <span class='ocr_line' id='line_1_49' title="bbox 564 4389 2148 4463; baseline 0.008 -22"><span class='ocrx_word' id='word_1_389' title='bbox 564 4403 687 4441; x_wconf 86' lang='lat' dir='ltr'><strong>nam</strong></span> <span class='ocrx_word' id='word_1_390' title='bbox 742 4396 935 4455; x_wconf 87' lang='lat' dir='ltr'><strong>portet,</strong></span> <span class='ocrx_word' id='word_1_391' title='bbox 973 4404 1075 4441; x_wconf 93' lang='lat' dir='ltr'><strong>non</strong></span> <span class='ocrx_word' id='word_1_392' title='bbox 1107 4389 1224 4452; x_wconf 88' lang='lat' dir='ltr'><strong>iste,</strong></span> <span class='ocrx_word' id='word_1_393' title='bbox 1258 4391 1350 4443; x_wconf 91' lang='lat' dir='ltr'><strong>sed</strong></span> <span class='ocrx_word' id='word_1_394' title='bbox 1382 4407 1544 4461; x_wconf 88' lang='lat' dir='ltr'><strong>super</strong></span> <span class='ocrx_word' id='word_1_395' title='bbox 1568 4409 1725 4463; x_wconf 89' lang='lat' dir='ltr'><strong>quem</strong></span> <span class='ocrx_word' id='word_1_396' title='bbox 1766 4398 2009 4452; x_wconf 88' lang='lat' dir='ltr'><strong>columba</strong></span> <span class='ocrx_word' id='word_1_397' title='bbox 2055 4399 2148 4453; x_wconf 89' lang='lat' dir='ltr'><strong>de-</strong></span> 
     </span>
    </p>
   </div>
   <div class='ocr_carea' id='block_1_50' title="bbox 564 4476 2147 4548">
    <p class='ocr_par' dir='ltr' id='par_1_50' title="bbox 564 4476 2147 4548">
     <span class='ocr_line' id='line_1_50' title="bbox 564 4476 2147 4548; baseline 0.008 -17"><span class='ocrx_word' id='word_1_398' title='bbox 564 4476 788 4542; x_wconf 85' lang='lat' dir='ltr'><strong>scendit,</strong></span> <span class='ocrx_word' id='word_1_399' title='bbox 824 4478 934 4546; x_wconf 79' lang='lat' dir='ltr'><strong>ipse</strong></span> <span class='ocrx_word' id='word_1_400' title='bbox 977 4481 1164 4546; x_wconf 86' lang='lat' dir='ltr'><strong>estqui</strong></span> <span class='ocrx_word' id='word_1_401' title='bbox 1200 4480 1444 4548; x_wconf 84' lang='lat' dir='ltr'><strong>baptizat.</strong></span> <span class='ocrx_word' id='word_1_402' title='bbox 1477 4481 1598 4537; x_wconf 89' lang='lat' dir='ltr'><strong>lllos</strong></span> <span class='ocrx_word' id='word_1_403' title='bbox 1623 4494 1799 4538; x_wconf 91' lang='lat' dir='ltr'><strong>autem</strong></span> <span class='ocrx_word' id='word_1_404' title='bbox 1844 4502 1974 4541; x_wconf 85' lang='lat' dir='ltr'><strong>vana</strong></span> <span class='ocrx_word' id='word_1_405' title='bbox 2020 4504 2147 4544; x_wconf 87' lang='lat' dir='ltr'><strong>sen-</strong></span> 
     </span>
    </p>
   </div>
   <div class='ocr_carea' id='block_1_51' title="bbox 565 4570 2149 4650">
    <p class='ocr_par' dir='ltr' id='par_1_51' title="bbox 565 4570 2149 4650">
     <span class='ocr_line' id='line_1_51' title="bbox 565 4570 2149 4650; baseline 0.008 -27"><span class='ocrx_word' id='word_1_406' title='bbox 565 4570 777 4635; x_wconf 84' lang='lat' dir='ltr'><strong>tientes,</strong></span> <span class='ocrx_word' id='word_1_407' title='bbox 804 4579 943 4623; x_wconf 89' lang='lat' dir='ltr'><strong>tanta</strong></span> <span class='ocrx_word' id='word_1_408' title='bbox 961 4570 1259 4625; x_wconf 88' lang='lat' dir='ltr'><strong>absurditas</strong></span> <span class='ocrx_word' id='word_1_409' title='bbox 1284 4574 1539 4642; x_wconf 88' lang='lat' dir='ltr'><strong>sequitur,</strong></span> <span class='ocrx_word' id='word_1_410' title='bbox 1558 4583 1616 4628; x_wconf 87' lang='lat' dir='ltr'><strong>ut</strong></span> <span class='ocrx_word' id='word_1_411' title='bbox 1638 4590 1744 4643; x_wconf 91' lang='lat' dir='ltr'><strong>quo</strong></span> <span class='ocrx_word' id='word_1_412' title='bbox 1772 4577 1839 4631; x_wconf 89' lang='lat' dir='ltr'><strong>ab</strong></span> <span class='ocrx_word' id='word_1_413' title='bbox 1862 4593 1922 4633; x_wconf 89' lang='lat' dir='ltr'><strong>ea</strong></span> <span class='ocrx_word' id='word_1_414' title='bbox 1952 4580 2149 4650; x_wconf 88' lang='lat' dir='ltr'><strong>fugiant</strong></span> 
     </span>
    </p>
   </div>
   <div class='ocr_carea' id='block_1_52' title="bbox 562 4659 2142 4726">
    <p class='ocr_par' dir='ltr' id='par_1_52' title="bbox 562 4659 2142 4726">
     <span class='ocr_line' id='line_1_52' title="bbox 562 4659 2142 4726; baseline 0.008 -13"><span class='ocrx_word' id='word_1_415' title='bbox 562 4673 671 4713; x_wconf 91' lang='lat' dir='ltr'><strong>non</strong></span> <span class='ocrx_word' id='word_1_416' title='bbox 701 4659 986 4713; x_wconf 88' lang='lat' dir='ltr'><strong>inveniant.</strong></span> <span class='ocrx_word' id='word_1_417' title='bbox 1035 4659 1167 4713; x_wconf 89' lang='lat' dir='ltr'><strong>Cum</strong></span> <span class='ocrx_word' id='word_1_418' title='bbox 1195 4662 1334 4715; x_wconf 88' lang='lat' dir='ltr'><strong>enim</strong></span> <span class='ocrx_word' id='word_1_419' title='bbox 1374 4661 1637 4718; x_wconf 84' lang='lat' dir='ltr'><strong>fateantur</strong></span> <span class='ocrx_word' id='word_1_420' title='bbox 1664 4675 1835 4721; x_wconf 92' lang='lat' dir='ltr'><strong>ratum</strong></span> <span class='ocrx_word' id='word_1_421' title='bbox 1865 4678 1917 4723; x_wconf 93' lang='lat' dir='ltr'><strong>et</strong></span> <span class='ocrx_word' id='word_1_422' title='bbox 1961 4685 2142 4726; x_wconf 90' lang='lat' dir='ltr'><strong>verum</strong></span> 
     </span>
    </p>
   </div>
   <div class='ocr_carea' id='block_1_53' title="bbox 565 4751 2143 4830">
    <p class='ocr_par' dir='ltr' id='par_1_53' title="bbox 565 4751 2143 4830">
     <span class='ocr_line' id='line_1_53' title="bbox 565 4751 2143 4830; baseline 0.008 -25"><span class='ocrx_word' id='word_1_423' title='bbox 565 4764 683 4805; x_wconf 87' lang='lat' dir='ltr'><strong>esse</strong></span> <span class='ocrx_word' id='word_1_424' title='bbox 713 4751 1058 4819; x_wconf 83' lang='lat' dir='ltr'><strong>Baptismum,</strong></span> <span class='ocrx_word' id='word_1_425' title='bbox 1110 4752 1321 4822; x_wconf 83' lang='lat' dir='ltr'><strong>quando</strong></span> <span class='ocrx_word' id='word_1_426' title='bbox 1377 4754 1605 4824; x_wconf 85' lang='lat' dir='ltr'><strong>baptizat</strong></span> <span class='ocrx_word' id='word_1_427' title='bbox 1655 4758 1792 4826; x_wconf 91' lang='lat' dir='ltr'><strong>apud</strong></span> <span class='ocrx_word' id='word_1_428' title='bbox 1832 4774 1925 4815; x_wconf 92' lang='lat' dir='ltr'><strong>eos</strong></span> <span class='ocrx_word' id='word_1_429' title='bbox 1953 4761 2143 4830; x_wconf 82' lang='lat' dir='ltr'><strong>aliquis</strong></span> 
     </span>
    </p>
   </div>
   <div class='ocr_carea' id='block_1_54' title="bbox 563 4842 2143 4918">
    <p class='ocr_par' dir='ltr' id='par_1_54' title="bbox 563 4842 2143 4918">
     <span class='ocr_line' id='line_1_54' title="bbox 563 4842 2143 4918; baseline 0.009 -21"><span class='ocrx_word' id='word_1_430' title='bbox 563 4842 901 4904; x_wconf 89' lang='lat' dir='ltr'><strong>criminosus.</strong></span> <span class='ocrx_word' id='word_1_431' title='bbox 932 4844 1084 4913; x_wconf 84' lang='lat' dir='ltr'><strong>cujus</strong></span> <span class='ocrx_word' id='word_1_432' title='bbox 1130 4846 1347 4899; x_wconf 89' lang='lat' dir='ltr'><strong>crimina</strong></span> <span class='ocrx_word' id='word_1_433' title='bbox 1379 4846 1572 4912; x_wconf 88' lang='lat' dir='ltr'><strong>latent;</strong></span> <span class='ocrx_word' id='word_1_434' title='bbox 1615 4849 1840 4907; x_wconf 88' lang='lat' dir='ltr'><strong>dicimus</strong></span> <span class='ocrx_word' id='word_1_435' title='bbox 1890 4854 1985 4918; x_wconf 87' lang='lat' dir='ltr'><strong>eis,</strong></span> <span class='ocrx_word' id='word_1_436' title='bbox 2013 4854 2143 4918; x_wconf 87' lang='lat' dir='ltr'><strong>Quis</strong></span> 
     </span>
    </p>
   </div>
   <div class='ocr_carea' id='block_1_55' title="bbox 520 4933 2139 5011">
    <p class='ocr_par' dir='ltr' id='par_1_55' title="bbox 520 4933 2139 5011">
     <span class='ocr_line' id='line_1_55' title="bbox 520 4933 2139 5011; baseline 0.01 -25"><span class='ocrx_word' id='word_1_437' title='bbox 520 4978 530 4987; x_wconf 90' lang='lat'><strong>.</strong></span> <span class='ocrx_word' id='word_1_438' title='bbox 563 4940 690 4985; x_wconf 88' lang='lat' dir='ltr'><strong>tunc</strong></span> <span class='ocrx_word' id='word_1_439' title='bbox 714 4933 970 5001; x_wconf 77' lang='lat' dir='ltr'><strong>liaptizzit?</strong></span> <span class='ocrx_word' id='word_1_440' title='bbox 996 4951 1093 4989; x_wconf 89' lang='lat' dir='ltr'><strong>nec</strong></span> <span class='ocrx_word' id='word_1_441' title='bbox 1108 4935 1435 5006; x_wconf 87' lang='lat' dir='ltr'><strong>habentquid</strong></span> <span class='ocrx_word' id='word_1_442' title='bbox 1456 4942 1946 5011; x_wconf 87' lang='lat' dir='ltr'><strong>respondeantnisi,</strong></span> <span class='ocrx_word' id='word_1_443' title='bbox 1969 4947 2139 5002; x_wconf 89' lang='lat' dir='ltr'><strong>Deus:</strong></span> 
     </span>
    </p>
   </div>
   <div class='ocr_carea' id='block_1_56' title="bbox 562 5024 2140 5107">
    <p class='ocr_par' dir='ltr' id='par_1_56' title="bbox 562 5024 2140 5107">
     <span class='ocr_line' id='line_1_56' title="bbox 562 5024 2140 5107; baseline 0.01 -30"><span class='ocrx_word' id='word_1_444' title='bbox 562 5036 740 5091; x_wconf 86' lang='lat' dir='ltr'><strong>neque</strong></span> <span class='ocrx_word' id='word_1_445' title='bbox 766 5024 904 5076; x_wconf 91' lang='lat' dir='ltr'><strong>enim</strong></span> <span class='ocrx_word' id='word_1_446' title='bbox 936 5036 1155 5091; x_wconf 91' lang='lat' dir='ltr'><strong>possunt</strong></span> <span class='ocrx_word' id='word_1_447' title='bbox 1181 5024 1359 5079; x_wconf 88' lang='lat' dir='ltr'><strong>dicere</strong></span> <span class='ocrx_word' id='word_1_448' title='bbox 1379 5030 1514 5097; x_wconf 89' lang='lat' dir='ltr'><strong>quod</strong></span> <span class='ocrx_word' id='word_1_449' title='bbox 1543 5032 1700 5085; x_wconf 91' lang='lat' dir='ltr'><strong>homo</strong></span> <span class='ocrx_word' id='word_1_450' title='bbox 1729 5033 1935 5090; x_wconf 89' lang='lat' dir='ltr'><strong>adulter</strong></span> <span class='ocrx_word' id='word_1_451' title='bbox 1952 5053 2140 5107; x_wconf 90' lang='lat' dir='ltr'><strong>quem-</strong></span> 
     </span>
    </p>
   </div>
   <div class='ocr_carea' id='block_1_57' title="bbox 562 5114 2133 5196">
    <p class='ocr_par' dir='ltr' id='par_1_57' title="bbox 562 5114 2133 5196">
     <span class='ocr_line' id='line_1_57' title="bbox 562 5114 2133 5196; baseline 0.013 -32"><span class='ocrx_word' id='word_1_452' title='bbox 562 5127 720 5183; x_wconf 87' lang='lat' dir='ltr'><strong>quam</strong></span> <span class='ocrx_word' id='word_1_453' title='bbox 769 5114 1075 5167; x_wconf 88' lang='lat' dir='ltr'><strong>sanctificet.</strong></span> <span class='ocrx_word' id='word_1_454' title='bbox 1108 5114 1309 5183; x_wconf 90' lang='lat' dir='ltr'><strong>Quibus</strong></span> <span class='ocrx_word' id='word_1_455' title='bbox 1339 5120 1737 5187; x_wconf 83' lang='lat' dir='ltr'><strong>reSpondcmus,</strong></span> <span class='ocrx_word' id='word_1_456' title='bbox 1770 5124 1824 5180; x_wconf 91' lang='lat' dir='ltr'><strong>Si</strong></span> <span class='ocrx_word' id='word_1_457' title='bbox 1856 5142 1985 5196; x_wconf 89' lang='lat' dir='ltr'><strong>ergo</strong></span> <span class='ocrx_word' id='word_1_458' title='bbox 2013 5144 2133 5185; x_wconf 92' lang='lat' dir='ltr'><strong>cum</strong></span> 
     </span>
    </p>
   </div>
   <div class='ocr_carea' id='block_1_58' title="bbox 562 5202 2138 5285">
    <p class='ocr_par' dir='ltr' id='par_1_58' title="bbox 562 5202 2138 5285">
     <span class='ocr_line' id='line_1_58' title="bbox 562 5202 2138 5285; baseline 0.011 -28"><span class='ocrx_word' id='word_1_459' title='bbox 562 5202 798 5273; x_wconf 82' lang='lat' dir='ltr'><strong>baptizat</strong></span> <span class='ocrx_word' id='word_1_460' title='bbox 828 5203 1170 5275; x_wconf 91' lang='lat' dir='ltr'><strong>homojustus</strong></span> <span class='ocrx_word' id='word_1_461' title='bbox 1196 5209 1522 5277; x_wconf 89' lang='lat' dir='ltr'><strong>manifestus,</strong></span> <span class='ocrx_word' id='word_1_462' title='bbox 1546 5212 1657 5281; x_wconf 88' lang='lat' dir='ltr'><strong>ipse</strong></span> <span class='ocrx_word' id='word_1_463' title='bbox 1685 5216 1997 5285; x_wconf 89' lang='lat' dir='ltr'><strong>sanctiﬁcat,</strong></span> <span class='ocrx_word' id='word_1_464' title='bbox 2020 5234 2138 5275; x_wconf 92' lang='lat' dir='ltr'><strong>cum</strong></span> 
     </span>
    </p>
   </div>
   <div class='ocr_carea' id='block_1_59' title="bbox 563 5296 2137 5385">
    <p class='ocr_par' dir='ltr' id='par_1_59' title="bbox 563 5296 2137 5385">
     <span class='ocr_line' id='line_1_59' title="bbox 563 5296 2137 5385; baseline 0.011 -37"><span class='ocrx_word' id='word_1_465' title='bbox 563 5306 742 5350; x_wconf 86' lang='lat' dir='ltr'><strong>autem</strong></span> <span class='ocrx_word' id='word_1_466' title='bbox 769 5296 996 5365; x_wconf 88' lang='lat' dir='ltr'><strong>baptizat</strong></span> <span class='ocrx_word' id='word_1_467' title='bbox 1027 5298 1185 5353; x_wconf 92' lang='lat' dir='ltr'><strong>homo</strong></span> <span class='ocrx_word' id='word_1_468' title='bbox 1208 5300 1416 5385; x_wconf 70' lang='lat' dir='ltr'><strong>iniquus</strong></span> <span class='ocrx_word' id='word_1_469' title='bbox 1441 5306 1700 5373; x_wconf 91' lang='lat' dir='ltr'><strong>occultus,</strong></span> <span class='ocrx_word' id='word_1_470' title='bbox 1727 5314 1850 5363; x_wconf 88' lang='lat' dir='ltr'><strong>tunc</strong></span> <span class='ocrx_word' id='word_1_471' title='bbox 1876 5325 1979 5363; x_wconf 88' lang='lat' dir='ltr'><strong>non</strong></span> <span class='ocrx_word' id='word_1_472' title='bbox 2004 5310 2137 5381; x_wconf 91' lang='lat' dir='ltr'><strong>ipse,</strong></span> 
     </span>
    </p>
   </div>
   <div class='ocr_carea' id='block_1_60' title="bbox 561 5385 2133 5469">
    <p class='ocr_par' dir='ltr' id='par_1_60' title="bbox 561 5385 2133 5469">
     <span class='ocr_line' id='line_1_60' title="bbox 561 5385 2133 5469; baseline 0.011 -30"><span class='ocrx_word' id='word_1_473' title='bbox 561 5385 659 5439; x_wconf 83' lang='lat' dir='ltr'><strong>sed</strong></span> <span class='ocrx_word' id='word_1_474' title='bbox 689 5385 827 5441; x_wconf 85' lang='lat' dir='ltr'><strong>Deus</strong></span> <span class='ocrx_word' id='word_1_475' title='bbox 873 5388 1194 5455; x_wconf 89' lang='lat' dir='ltr'><strong>sanctiﬁcat;</strong></span> <span class='ocrx_word' id='word_1_476' title='bbox 1218 5399 1402 5459; x_wconf 89' lang='lat' dir='ltr'><strong>optare</strong></span> <span class='ocrx_word' id='word_1_477' title='bbox 1430 5392 1625 5449; x_wconf 91' lang='lat' dir='ltr'><strong>debent</strong></span> <span class='ocrx_word' id='word_1_478' title='bbox 1666 5400 1755 5467; x_wconf 91' lang='lat' dir='ltr'><strong>qui</strong></span> <span class='ocrx_word' id='word_1_479' title='bbox 1786 5397 2133 5469; x_wconf 83' lang='lat' dir='ltr'><strong>baptizantur,</strong></span> 
     </span>
    </p>
   </div>
   <div class='ocr_carea' id='block_1_61' title="bbox 565 5476 2137 5563">
    <p class='ocr_par' dir='ltr' id='par_1_61' title="bbox 565 5476 2137 5563">
     <span class='ocr_line' id='line_1_61' title="bbox 565 5476 2137 5563; baseline 0.013 -34"><span class='ocrx_word' id='word_1_480' title='bbox 565 5476 634 5530; x_wconf 86' lang='lat' dir='ltr'><strong>ab</strong></span> <span class='ocrx_word' id='word_1_481' title='bbox 656 5478 875 5531; x_wconf 90' lang='lat' dir='ltr'><strong>occultis</strong></span> <span class='ocrx_word' id='word_1_482' title='bbox 901 5479 1057 5534; x_wconf 91' lang='lat' dir='ltr'><strong>malis</strong></span> <span class='ocrx_word' id='word_1_483' title='bbox 1080 5479 1382 5537; x_wconf 88' lang='lat' dir='ltr'><strong>hominibus</strong></span> <span class='ocrx_word' id='word_1_484' title='bbox 1408 5487 1580 5553; x_wconf 91' lang='lat' dir='ltr'><strong>potius</strong></span> <span class='ocrx_word' id='word_1_485' title='bbox 1610 5487 1884 5558; x_wconf 86' lang='lat' dir='ltr'><strong>baptizari,</strong></span> <span class='ocrx_word' id='word_1_486' title='bbox 1923 5508 2079 5563; x_wconf 89' lang='lat' dir='ltr'><strong>quam</strong></span> <span class='ocrx_word' id='word_1_487' title='bbox 2108 5511 2137 5551; x_wconf 88' lang='lat' dir='ltr'><strong>a</strong></span> 
     </span>
    </p>
   </div>
   <div class='ocr_carea' id='block_1_62' title="bbox 561 5568 2137 5660">
    <p class='ocr_par' dir='ltr' id='par_1_62' title="bbox 561 5568 2137 5660">
     <span class='ocr_line' id='line_1_62' title="bbox 561 5568 2137 5660; baseline 0.013 -39"><span class='ocrx_word' id='word_1_488' title='bbox 561 5568 858 5624; x_wconf 83' lang='lat' dir='ltr'><strong>manifestis</strong></span> <span class='ocrx_word' id='word_1_489' title='bbox 878 5571 1032 5627; x_wconf 92' lang='lat' dir='ltr'><strong>bonis</strong></span> <span class='ocrx_word' id='word_1_490' title='bbox 1064 5590 1078 5627; x_wconf 89' lang='lat'><strong>:</strong></span> <span class='ocrx_word' id='word_1_491' title='bbox 1106 5574 1270 5629; x_wconf 90' lang='lat' dir='ltr'><strong>multo</strong></span> <span class='ocrx_word' id='word_1_492' title='bbox 1295 5577 1433 5632; x_wconf 89' lang='lat' dir='ltr'><strong>enim</strong></span> <span class='ocrx_word' id='word_1_493' title='bbox 1462 5594 1555 5633; x_wconf 90' lang='lat' dir='ltr'><strong>eos</strong></span> <span class='ocrx_word' id='word_1_494' title='bbox 1583 5581 1771 5637; x_wconf 88' lang='lat' dir='ltr'><strong>melius</strong></span> <span class='ocrx_word' id='word_1_495' title='bbox 1797 5584 1954 5660; x_wconf 83' lang='lat' dir='ltr'><strong>Dens,</strong></span> <span class='ocrx_word' id='word_1_496' title='bbox 1982 5602 2137 5656; x_wconf 89' lang='lat' dir='ltr'><strong>quam</strong></span> 
     </span>
    </p>
   </div>
   <div class='ocr_carea' id='block_1_63' title="bbox 566 5657 2137 5737">
    <p class='ocr_par' dir='ltr' id='par_1_63' title="bbox 566 5657 2137 5737">
     <span class='ocr_line' id='line_1_63' title="bbox 566 5657 2137 5737; baseline 0.018 -30"><span class='ocrx_word' id='word_1_497' title='bbox 566 5657 787 5726; x_wconf 85' lang='lat' dir='ltr'><strong>quilibet</strong></span> <span class='ocrx_word' id='word_1_498' title='bbox 828 5660 985 5718; x_wconf 88' lang='lat' dir='ltr'><strong>homo</strong></span> <span class='ocrx_word' id='word_1_499' title='bbox 1006 5662 1179 5730; x_wconf 88' lang='lat' dir='ltr'><strong>justus</strong></span> <span class='ocrx_word' id='word_1_500' title='bbox 1229 5667 1538 5722; x_wconf 81' lang='lat' dir='ltr'><strong>sanctificat.</strong></span> <span class='ocrx_word' id='word_1_501' title='bbox 1567 5670 1717 5737; x_wconf 87' lang='lat' dir='ltr'><strong>Quod</strong></span> <span class='ocrx_word' id='word_1_502' title='bbox 1763 5673 1806 5728; x_wconf 96' lang='lat' dir='ltr'><strong>si</strong></span> <span class='ocrx_word' id='word_1_503' title='bbox 1851 5657 2137 5737; x_wconf 84' lang='lat' dir='ltr'><strong>absurdum</strong></span> 
     </span>
    </p>
   </div>
   <div class='ocr_carea' id='block_1_64' title="bbox 2234 649 3723 723">
    <p class='ocr_par' dir='ltr' id='par_1_64' title="bbox 2234 649 3723 723">
     <span class='ocr_line' id='line_1_64' title="bbox 2234 649 3723 723; baseline 0.003 -16"><span class='ocrx_word' id='word_1_504' title='bbox 2234 663 2379 708; x_wconf 84' lang='lat' dir='ltr'><strong>ratus</strong></span> <span class='ocrx_word' id='word_1_505' title='bbox 2400 657 2469 707; x_wconf 90' lang='lat' dir='ltr'><strong>sit</strong></span> <span class='ocrx_word' id='word_1_506' title='bbox 2496 652 2793 720; x_wconf 87' lang='lat' dir='ltr'><strong>Baptismus</strong></span> <span class='ocrx_word' id='word_1_507' title='bbox 2812 692 2827 717; x_wconf 95' lang='lat'><strong>,</strong></span> <span class='ocrx_word' id='word_1_508' title='bbox 2867 649 2991 721; x_wconf 88' lang='lat' dir='ltr'><strong>quia</strong></span> <span class='ocrx_word' id='word_1_509' title='bbox 3018 665 3178 721; x_wconf 86' lang='lat' dir='ltr'><strong>super</strong></span> <span class='ocrx_word' id='word_1_510' title='bbox 3202 667 3351 722; x_wconf 88' lang='lat' dir='ltr'><strong>quem</strong></span> <span class='ocrx_word' id='word_1_511' title='bbox 3394 655 3627 718; x_wconf 76' lang='lat' dir='ltr'><strong>descendit</strong></span> <span class='ocrx_word' id='word_1_512' title='bbox 3657 683 3723 723; x_wconf 90' lang='lat' dir='ltr'><strong>co.</strong></span> 
     </span>
    </p>
   </div>
   <div class='ocr_carea' id='block_1_65' title="bbox 2234 743 2829 814">
    <p class='ocr_par' dir='ltr' id='par_1_65' title="bbox 2234 743 2829 814">
     <span class='ocr_line' id='line_1_65' title="bbox 2234 743 2829 814; baseline -0.007 -14"><span class='ocrx_word' id='word_1_513' title='bbox 2234 745 2434 810; x_wconf 89' lang='lat' dir='ltr'><strong>lumba,</strong></span> <span class='ocrx_word' id='word_1_514' title='bbox 2460 744 2573 814; x_wconf 91' lang='lat' dir='ltr'><strong>ipse</strong></span> <span class='ocrx_word' id='word_1_515' title='bbox 2600 743 2829 813; x_wconf 84' lang='lat' dir='ltr'><strong>bapizat.</strong></span> 
     </span>
    </p>
   </div>
   <div class='ocr_carea' id='block_1_66' title="bbox 2303 834 3728 907">
    <p class='ocr_par' dir='ltr' id='par_1_66' title="bbox 2303 834 3728 907">
     <span class='ocr_line' id='line_1_66' title="bbox 2303 834 3728 907; baseline 0.008 -16"><span class='ocrx_word' id='word_1_516' title='bbox 2303 837 2356 891; x_wconf 91' lang='lat'><strong>6.</strong></span> <span class='ocrx_word' id='word_1_517' title='bbox 2392 834 2462 890; x_wconf 86' lang='lat' dir='ltr'><strong>Et</strong></span> <span class='ocrx_word' id='word_1_518' title='bbox 2494 844 2669 890; x_wconf 88' lang='lat' dir='ltr'><strong>tamen</strong></span> <span class='ocrx_word' id='word_1_519' title='bbox 2701 849 2819 889; x_wconf 89' lang='lat' dir='ltr'><strong>cum</strong></span> <span class='ocrx_word' id='word_1_520' title='bbox 2846 841 2952 890; x_wconf 89' lang='lat' dir='ltr'><strong>tam</strong></span> <span class='ocrx_word' id='word_1_521' title='bbox 2992 834 3264 905; x_wconf 89' lang='lat' dir='ltr'><strong>perspicua</strong></span> <span class='ocrx_word' id='word_1_522' title='bbox 3304 838 3488 895; x_wconf 83' lang='lat' dir='ltr'><strong>veritas</strong></span> <span class='ocrx_word' id='word_1_523' title='bbox 3527 857 3653 902; x_wconf 84' lang='lat' dir='ltr'><strong>aures</strong></span> <span class='ocrx_word' id='word_1_524' title='bbox 3689 860 3728 907; x_wconf 86' lang='lat' dir='ltr'><strong>et</strong></span> 
     </span>
    </p>
   </div>
   <div class='ocr_carea' id='block_1_67' title="bbox 2234 924 3729 997">
    <p class='ocr_par' dir='ltr' id='par_1_67' title="bbox 2234 924 3729 997">
     <span class='ocr_line' id='line_1_67' title="bbox 2234 924 3729 997; baseline 0 -16"><span class='ocrx_word' id='word_1_525' title='bbox 2234 926 2397 981; x_wconf 87' lang='lat' dir='ltr'><strong>corda</strong></span> <span class='ocrx_word' id='word_1_526' title='bbox 2427 924 2703 980; x_wconf 89' lang='lat' dir='ltr'><strong>hominum</strong></span> <span class='ocrx_word' id='word_1_527' title='bbox 2726 924 2902 989; x_wconf 82' lang='lat' dir='ltr'><strong>feriat,</strong></span> <span class='ocrx_word' id='word_1_528' title='bbox 2934 934 3079 980; x_wconf 90' lang='lat' dir='ltr'><strong>tanta</strong></span> <span class='ocrx_word' id='word_1_529' title='bbox 3118 925 3367 997; x_wconf 84' lang='lat' dir='ltr'><strong>quosdam</strong></span> <span class='ocrx_word' id='word_1_530' title='bbox 3396 931 3534 987; x_wconf 76' lang='lat' dir='ltr'><strong>mala:</strong></span> <span class='ocrx_word' id='word_1_531' title='bbox 3556 949 3729 995; x_wconf 81' lang='lat' dir='ltr'><strong>censue.</strong></span> 
     </span>
    </p>
   </div>
   <div class='ocr_carea' id='block_1_68' title="bbox 2237 1016 3731 1088">
    <p class='ocr_par' dir='ltr' id='par_1_68' title="bbox 2237 1016 3731 1088">
     <span class='ocr_line' id='line_1_68' title="bbox 2237 1016 3731 1088; baseline 0.01 -17"><span class='ocrx_word' id='word_1_532' title='bbox 2237 1017 2437 1072; x_wconf 89' lang='lat' dir='ltr'><strong>tudinis</strong></span> <span class='ocrx_word' id='word_1_533' title='bbox 2482 1032 2675 1088; x_wconf 88' lang='lat' dir='ltr'><strong>vorago</strong></span> <span class='ocrx_word' id='word_1_534' title='bbox 2692 1016 2979 1073; x_wconf 86' lang='lat' dir='ltr'><strong>submersit</strong></span> <span class='ocrx_word' id='word_1_535' title='bbox 2999 1058 3015 1083; x_wconf 93' lang='lat'><strong>,</strong></span> <span class='ocrx_word' id='word_1_536' title='bbox 3045 1025 3105 1073; x_wconf 90' lang='lat' dir='ltr'><strong>ut</strong></span> <span class='ocrx_word' id='word_1_537' title='bbox 3144 1018 3384 1075; x_wconf 87' lang='lat' dir='ltr'><strong>omnibus</strong></span> <span class='ocrx_word' id='word_1_538' title='bbox 3409 1024 3731 1087; x_wconf 78' lang='lat' dir='ltr'><strong>auctoritatibus</strong></span> 
     </span>
    </p>
   </div>
   <div class='ocr_carea' id='block_1_69' title="bbox 2236 1110 3734 1181">
    <p class='ocr_par' dir='ltr' id='par_1_69' title="bbox 2236 1110 3734 1181">
     <span class='ocr_line' id='line_1_69' title="bbox 2236 1110 3734 1181; baseline 0.006 -16"><span class='ocrx_word' id='word_1_539' title='bbox 2236 1110 2638 1181; x_wconf 90' lang='lat' dir='ltr'><strong>rationibusque</strong></span> <span class='ocrx_word' id='word_1_540' title='bbox 2654 1110 2921 1174; x_wconf 87' lang='lat' dir='ltr'><strong>resistere,</strong></span> <span class='ocrx_word' id='word_1_541' title='bbox 2936 1125 3092 1179; x_wconf 90' lang='lat' dir='ltr'><strong>quam</strong></span> <span class='ocrx_word' id='word_1_542' title='bbox 3122 1110 3417 1167; x_wconf 89' lang='lat' dir='ltr'><strong>consentire</strong></span> <span class='ocrx_word' id='word_1_543' title='bbox 3432 1114 3610 1170; x_wconf 87' lang='lat' dir='ltr'><strong>malint.</strong></span> <span class='ocrx_word' id='word_1_544' title='bbox 3625 1116 3734 1174; x_wconf 79' lang='lat' dir='ltr'><strong>Resi-</strong></span> 
     </span>
    </p>
   </div>
   <div class='ocr_carea' id='block_1_70' title="bbox 2237 1200 3733 1278">
    <p class='ocr_par' dir='ltr' id='par_1_70' title="bbox 2237 1200 3733 1278">
     <span class='ocr_line' id='line_1_70' title="bbox 2237 1200 3733 1278; baseline -0.001 -24"><span class='ocrx_word' id='word_1_545' title='bbox 2237 1209 2382 1255; x_wconf 91' lang='lat' dir='ltr'><strong>stunt</strong></span> <span class='ocrx_word' id='word_1_546' title='bbox 2419 1209 2597 1255; x_wconf 88' lang='lat' dir='ltr'><strong>autem</strong></span> <span class='ocrx_word' id='word_1_547' title='bbox 2628 1200 2832 1255; x_wconf 91' lang='lat' dir='ltr'><strong>duobus</strong></span> <span class='ocrx_word' id='word_1_548' title='bbox 2860 1200 3068 1264; x_wconf 92' lang='lat' dir='ltr'><strong>modis;</strong></span> <span class='ocrx_word' id='word_1_549' title='bbox 3095 1208 3184 1254; x_wconf 90' lang='lat' dir='ltr'><strong>aut</strong></span> <span class='ocrx_word' id='word_1_550' title='bbox 3204 1200 3479 1268; x_wconf 70' lang='lat' dir='ltr'><strong>saeviendo,</strong></span> <span class='ocrx_word' id='word_1_551' title='bbox 3504 1214 3582 1258; x_wconf 82' lang='lat' dir='ltr'><strong>aut</strong></span> <span class='ocrx_word' id='word_1_552' title='bbox 3603 1208 3733 1278; x_wconf 67' lang='lat' dir='ltr'><strong>pigre.</strong></span> 
     </span>
    </p>
   </div>
   <div class='ocr_carea' id='block_1_71' title="bbox 2238 1292 3739 1364">
    <p class='ocr_par' dir='ltr' id='par_1_71' title="bbox 2238 1292 3739 1364">
     <span class='ocr_line' id='line_1_71' title="bbox 2238 1292 3739 1364; baseline 0.001 -16"><span class='ocrx_word' id='word_1_553' title='bbox 2238 1293 2452 1348; x_wconf 91' lang='lat' dir='ltr'><strong>scendo.</strong></span> <span class='ocrx_word' id='word_1_554' title='bbox 2486 1293 2619 1360; x_wconf 88' lang='lat' dir='ltr'><strong>Quid</strong></span> <span class='ocrx_word' id='word_1_555' title='bbox 2651 1293 2809 1364; x_wconf 92' lang='lat' dir='ltr'><strong>igitur</strong></span> <span class='ocrx_word' id='word_1_556' title='bbox 2836 1293 2921 1347; x_wconf 89' lang='lat' dir='ltr'><strong>hic</strong></span> <span class='ocrx_word' id='word_1_557' title='bbox 2948 1292 3104 1347; x_wconf 90' lang='lat' dir='ltr'><strong>faciat</strong></span> <span class='ocrx_word' id='word_1_558' title='bbox 3132 1292 3378 1347; x_wconf 75' lang='lat' dir='ltr'><strong>Ecclesia:</strong></span> <span class='ocrx_word' id='word_1_559' title='bbox 3403 1293 3651 1364; x_wconf 85' lang='lat' dir='ltr'><strong>medicina,</strong></span> <span class='ocrx_word' id='word_1_560' title='bbox 3677 1314 3739 1355; x_wconf 80' lang='lat' dir='ltr'><strong>sa-</strong></span> 
     </span>
    </p>
   </div>
   <div class='ocr_carea' id='block_1_72' title="bbox 2240 1382 3736 1457">
    <p class='ocr_par' dir='ltr' id='par_1_72' title="bbox 2240 1382 3736 1457">
     <span class='ocr_line' id='line_1_72' title="bbox 2240 1382 3736 1457; baseline 0.005 -20"><span class='ocrx_word' id='word_1_561' title='bbox 2240 1384 2401 1437; x_wconf 86' lang='lat' dir='ltr'><strong>lutem</strong></span> <span class='ocrx_word' id='word_1_562' title='bbox 2422 1383 2657 1438; x_wconf 89' lang='lat' dir='ltr'><strong>omnium</strong></span> <span class='ocrx_word' id='word_1_563' title='bbox 2679 1391 2912 1437; x_wconf 90' lang='lat' dir='ltr'><strong>materna</strong></span> <span class='ocrx_word' id='word_1_564' title='bbox 2933 1382 3191 1438; x_wconf 87' lang='lat' dir='ltr'><strong>charitate</strong></span> <span class='ocrx_word' id='word_1_565' title='bbox 3205 1383 3526 1454; x_wconf 88' lang='lat' dir='ltr'><strong>conquirens,</strong></span> <span class='ocrx_word' id='word_1_566' title='bbox 3545 1394 3736 1457; x_wconf 79' lang='lat' dir='ltr'><strong>tanquam</strong></span> 
     </span>
    </p>
   </div>
   <div class='ocr_carea' id='block_1_73' title="bbox 2241 1472 3740 1545">
    <p class='ocr_par' dir='ltr' id='par_1_73' title="bbox 2241 1472 3740 1545">
     <span class='ocr_line' id='line_1_73' title="bbox 2241 1472 3740 1545; baseline 0.004 -18"><span class='ocrx_word' id='word_1_567' title='bbox 2241 1473 2379 1527; x_wconf 91' lang='lat' dir='ltr'><strong>inter</strong></span> <span class='ocrx_word' id='word_1_568' title='bbox 2393 1472 2729 1544; x_wconf 75' lang='lat' dir='ltr'><strong>plircnezicos</strong></span> <span class='ocrx_word' id='word_1_569' title='bbox 2752 1481 2805 1526; x_wconf 90' lang='lat' dir='ltr'><strong>ct</strong></span> <span class='ocrx_word' id='word_1_570' title='bbox 2821 1472 3138 1543; x_wconf 88' lang='lat' dir='ltr'><strong>lethargicos</strong></span> <span class='ocrx_word' id='word_1_571' title='bbox 3153 1474 3413 1529; x_wconf 75' lang='lat' dir='ltr'><strong>mstuans?</strong></span> <span class='ocrx_word' id='word_1_572' title='bbox 3428 1477 3645 1545; x_wconf 89' lang='lat' dir='ltr'><strong>numquid</strong></span> <span class='ocrx_word' id='word_1_573' title='bbox 3654 1494 3740 1535; x_wconf 83' lang='lat' dir='ltr'><strong>eon-</strong></span> 
     </span>
    </p>
   </div>
   <div class='ocr_carea' id='block_1_74' title="bbox 2241 1564 3742 1640">
    <p class='ocr_par' dir='ltr' id='par_1_74' title="bbox 2241 1564 3742 1640">
     <span class='ocr_line' id='line_1_74' title="bbox 2241 1564 3742 1640; baseline 0.005 -21"><span class='ocrx_word' id='word_1_574' title='bbox 2241 1574 2497 1630; x_wconf 89' lang='lat' dir='ltr'><strong>tcmnere,</strong></span> <span class='ocrx_word' id='word_1_575' title='bbox 2512 1565 2762 1636; x_wconf 90' lang='lat' dir='ltr'><strong>numquid</strong></span> <span class='ocrx_word' id='word_1_576' title='bbox 2781 1564 3039 1622; x_wconf 84' lang='lat' dir='ltr'><strong>desistere</strong></span> <span class='ocrx_word' id='word_1_577' title='bbox 3055 1566 3138 1621; x_wconf 89' lang='lat' dir='ltr'><strong>vel</strong></span> <span class='ocrx_word' id='word_1_578' title='bbox 3156 1567 3314 1623; x_wconf 91' lang='lat' dir='ltr'><strong>debet</strong></span> <span class='ocrx_word' id='word_1_579' title='bbox 3326 1570 3406 1625; x_wconf 91' lang='lat' dir='ltr'><strong>vel</strong></span> <span class='ocrx_word' id='word_1_580' title='bbox 3423 1571 3602 1640; x_wconf 77' lang='lat' dir='ltr'><strong>potest?</strong></span> <span class='ocrx_word' id='word_1_581' title='bbox 3616 1570 3742 1627; x_wconf 82' lang='lat' dir='ltr'><strong>Utris-</strong></span> 
     </span>
    </p>
   </div>
   <div class='ocr_carea' id='block_1_75' title="bbox 2240 1658 3743 1729">
    <p class='ocr_par' dir='ltr' id='par_1_75' title="bbox 2240 1658 3743 1729">
     <span class='ocr_line' id='line_1_75' title="bbox 2240 1658 3743 1729; baseline 0.003 -15"><span class='ocrx_word' id='word_1_582' title='bbox 2240 1674 2344 1729; x_wconf 88' lang='lat' dir='ltr'><strong>que</strong></span> <span class='ocrx_word' id='word_1_583' title='bbox 2363 1658 2431 1713; x_wconf 88' lang='lat' dir='ltr'><strong>sit</strong></span> <span class='ocrx_word' id='word_1_584' title='bbox 2458 1672 2678 1713; x_wconf 84' lang='lat' dir='ltr'><strong>necesse</strong></span> <span class='ocrx_word' id='word_1_585' title='bbox 2704 1666 2787 1713; x_wconf 87' lang='lat' dir='ltr'><strong>est</strong></span> <span class='ocrx_word' id='word_1_586' title='bbox 2812 1659 3056 1725; x_wconf 89' lang='lat' dir='ltr'><strong>molesta,</strong></span> <span class='ocrx_word' id='word_1_587' title='bbox 3085 1659 3208 1729; x_wconf 90' lang='lat' dir='ltr'><strong>quia</strong></span> <span class='ocrx_word' id='word_1_588' title='bbox 3250 1660 3448 1716; x_wconf 91' lang='lat' dir='ltr'><strong>neutris</strong></span> <span class='ocrx_word' id='word_1_589' title='bbox 3472 1669 3546 1715; x_wconf 90' lang='lat' dir='ltr'><strong>est</strong></span> <span class='ocrx_word' id='word_1_590' title='bbox 3565 1662 3743 1719; x_wconf 79' lang='lat' dir='ltr'><strong>inimica.</strong></span> 
     </span>
    </p>
   </div>
   <div class='ocr_carea' id='block_1_76' title="bbox 2240 1748 3746 1821">
    <p class='ocr_par' dir='ltr' id='par_1_76' title="bbox 2240 1748 3746 1821">
     <span class='ocr_line' id='line_1_76' title="bbox 2240 1748 3746 1821; baseline 0.001 -16"><span class='ocrx_word' id='word_1_591' title='bbox 2240 1749 2372 1805; x_wconf 83' lang='lat' dir='ltr'><strong>Nam</strong></span> <span class='ocrx_word' id='word_1_592' title='bbox 2402 1758 2455 1806; x_wconf 87' lang='lat' dir='ltr'><strong>et</strong></span> <span class='ocrx_word' id='word_1_593' title='bbox 2484 1748 2771 1819; x_wconf 85' lang='lat' dir='ltr'><strong>phrenetici</strong></span> <span class='ocrx_word' id='word_1_594' title='bbox 2801 1748 2989 1803; x_wconf 93' lang='lat' dir='ltr'><strong>nolunt</strong></span> <span class='ocrx_word' id='word_1_595' title='bbox 3030 1749 3200 1819; x_wconf 89' lang='lat' dir='ltr'><strong>ligari,</strong></span> <span class='ocrx_word' id='word_1_596' title='bbox 3243 1758 3297 1805; x_wconf 92' lang='lat' dir='ltr'><strong>et</strong></span> <span class='ocrx_word' id='word_1_597' title='bbox 3322 1749 3575 1821; x_wconf 86' lang='lat' dir='ltr'><strong>letliargici</strong></span> <span class='ocrx_word' id='word_1_598' title='bbox 3601 1752 3746 1807; x_wconf 85' lang='lat' dir='ltr'><strong>nolunt</strong></span> 
     </span>
    </p>
   </div>
   <div class='ocr_carea' id='block_1_77' title="bbox 2242 1838 3743 1913">
    <p class='ocr_par' dir='ltr' id='par_1_77' title="bbox 2242 1838 3743 1913">
     <span class='ocr_line' id='line_1_77' title="bbox 2242 1838 3743 1913; baseline 0.001 -17"><span class='ocrx_word' id='word_1_599' title='bbox 2242 1840 2460 1896; x_wconf 79' lang='lat' dir='ltr'><strong>excitari</strong></span> <span class='ocrx_word' id='word_1_600' title='bbox 2486 1859 2499 1895; x_wconf 93' lang='lat'><strong>:</strong></span> <span class='ocrx_word' id='word_1_601' title='bbox 2524 1839 2618 1895; x_wconf 89' lang='lat' dir='ltr'><strong>sed</strong></span> <span class='ocrx_word' id='word_1_602' title='bbox 2646 1849 2949 1911; x_wconf 87' lang='lat' dir='ltr'><strong>perseverat</strong></span> <span class='ocrx_word' id='word_1_603' title='bbox 2973 1838 3247 1910; x_wconf 90' lang='lat' dir='ltr'><strong>diligentia</strong></span> <span class='ocrx_word' id='word_1_604' title='bbox 3275 1839 3743 1913; x_wconf 83' lang='lat' dir='ltr'><strong>cbaritatis,pbrene-</strong></span> 
     </span>
    </p>
   </div>
   <div class='ocr_carea' id='block_1_78' title="bbox 2243 1930 3743 2002">
    <p class='ocr_par' dir='ltr' id='par_1_78' title="bbox 2243 1930 3743 2002">
     <span class='ocr_line' id='line_1_78' title="bbox 2243 1930 3743 2002; baseline 0 -17"><span class='ocrx_word' id='word_1_605' title='bbox 2243 1931 2403 1987; x_wconf 88' lang='lat' dir='ltr'><strong>ticum</strong></span> <span class='ocrx_word' id='word_1_606' title='bbox 2424 1931 2704 2002; x_wconf 83' lang='lat' dir='ltr'><strong>castigare,</strong></span> <span class='ocrx_word' id='word_1_607' title='bbox 2735 1930 3081 2002; x_wconf 88' lang='lat' dir='ltr'><strong>lethargicum</strong></span> <span class='ocrx_word' id='word_1_608' title='bbox 3102 1930 3395 1993; x_wconf 88' lang='lat' dir='ltr'><strong>stimulare,</strong></span> <span class='ocrx_word' id='word_1_609' title='bbox 3410 1930 3578 1987; x_wconf 77' lang='lat' dir='ltr'><strong>ambas</strong></span> <span class='ocrx_word' id='word_1_610' title='bbox 3593 1947 3743 1989; x_wconf 81' lang='lat' dir='ltr'><strong>amate.</strong></span> 
     </span>
    </p>
   </div>
   <div class='ocr_carea' id='block_1_79' title="bbox 2244 2022 3747 2094">
    <p class='ocr_par' dir='ltr' id='par_1_79' title="bbox 2244 2022 3747 2094">
     <span class='ocr_line' id='line_1_79' title="bbox 2244 2022 3747 2094; baseline 0.001 -15"><span class='ocrx_word' id='word_1_611' title='bbox 2244 2023 2416 2079; x_wconf 82' lang='lat' dir='ltr'><strong>Ambo</strong></span> <span class='ocrx_word' id='word_1_612' title='bbox 2442 2023 2798 2088; x_wconf 71' lang='lat' dir='ltr'><strong>offenduntur,</strong></span> <span class='ocrx_word' id='word_1_613' title='bbox 2813 2024 2906 2078; x_wconf 91' lang='lat' dir='ltr'><strong>sed</strong></span> <span class='ocrx_word' id='word_1_614' title='bbox 2931 2022 3090 2077; x_wconf 90' lang='lat' dir='ltr'><strong>ambo</strong></span> <span class='ocrx_word' id='word_1_615' title='bbox 3115 2023 3435 2094; x_wconf 80' lang='lat' dir='ltr'><strong>diliguntur;</strong></span> <span class='ocrx_word' id='word_1_616' title='bbox 3459 2023 3599 2079; x_wconf 89' lang='lat' dir='ltr'><strong>ambo</strong></span> <span class='ocrx_word' id='word_1_617' title='bbox 3620 2025 3747 2080; x_wconf 86' lang='lat' dir='ltr'><strong>mole-</strong></span> 
     </span>
    </p>
   </div>
   <div class='ocr_carea' id='block_1_80' title="bbox 2244 2112 3750 2184">
    <p class='ocr_par' dir='ltr' id='par_1_80' title="bbox 2244 2112 3750 2184">
     <span class='ocr_line' id='line_1_80' title="bbox 2244 2112 3750 2184; baseline 0.002 -17"><span class='ocrx_word' id='word_1_618' title='bbox 2244 2113 2389 2179; x_wconf 90' lang='lat' dir='ltr'><strong>stati,</strong></span> <span class='ocrx_word' id='word_1_619' title='bbox 2434 2113 2684 2183; x_wconf 86' lang='lat' dir='ltr'><strong>quamdiu</strong></span> <span class='ocrx_word' id='word_1_620' title='bbox 2718 2112 2844 2183; x_wconf 86' lang='lat' dir='ltr'><strong>:cgri</strong></span> <span class='ocrx_word' id='word_1_621' title='bbox 2873 2122 2999 2168; x_wconf 91' lang='lat' dir='ltr'><strong>sunt</strong></span> <span class='ocrx_word' id='word_1_622' title='bbox 3043 2112 3404 2184; x_wconf 87' lang='lat' dir='ltr'><strong>indignantur,</strong></span> <span class='ocrx_word' id='word_1_623' title='bbox 3431 2112 3519 2170; x_wconf 87' lang='lat' dir='ltr'><strong>sed</strong></span> <span class='ocrx_word' id='word_1_624' title='bbox 3540 2115 3667 2169; x_wconf 86' lang='lat' dir='ltr'><strong>ambo</strong></span> <span class='ocrx_word' id='word_1_625' title='bbox 3686 2129 3750 2170; x_wconf 80' lang='lat' dir='ltr'><strong>sa-</strong></span> 
     </span>
    </p>
   </div>
   <div class='ocr_carea' id='block_1_81' title="bbox 2245 2206 3134 2275">
    <p class='ocr_par' dir='ltr' id='par_1_81' title="bbox 2245 2206 3134 2275">
     <span class='ocr_line' id='line_1_81' title="bbox 2245 2206 3134 2275; baseline -0.002 -16"><span class='ocrx_word' id='word_1_626' title='bbox 2245 2206 2351 2260; x_wconf 88' lang='lat' dir='ltr'><strong>nati</strong></span> <span class='ocrx_word' id='word_1_627' title='bbox 2371 2206 2716 2275; x_wconf 87' lang='lat' dir='ltr'><strong>gratulantur.</strong></span> <span class='ocrx_word' id='word_1_628' title='bbox 3104 2212 3134 2245; x_wconf 75' lang='grc' dir='ltr'><strong><em>ἰ</em></strong></span> 
     </span>
    </p>
   </div>
   <div class='ocr_carea' id='block_1_82' title="bbox 2320 2296 3757 2369">
    <p class='ocr_par' dir='ltr' id='par_1_82' title="bbox 2320 2296 3757 2369">
     <span class='ocr_line' id='line_1_82' title="bbox 2320 2296 3757 2369; baseline 0.002 -18"><span class='ocrx_word' id='word_1_629' title='bbox 2320 2298 2371 2351; x_wconf 89' lang='grc'><strong>7.</strong></span> <span class='ocrx_word' id='word_1_630' title='bbox 2413 2296 2649 2364; x_wconf 74' lang='lat' dir='ltr'><strong>Denique</strong></span> <span class='ocrx_word' id='word_1_631' title='bbox 2674 2312 2780 2352; x_wconf 92' lang='lat' dir='ltr'><strong>non</strong></span> <span class='ocrx_word' id='word_1_632' title='bbox 2820 2297 2956 2353; x_wconf 90' lang='lat' dir='ltr'><strong>sicut</strong></span> <span class='ocrx_word' id='word_1_633' title='bbox 2982 2306 3186 2367; x_wconf 89' lang='lat' dir='ltr'><strong>putant,</strong></span> <span class='ocrx_word' id='word_1_634' title='bbox 3212 2308 3266 2354; x_wconf 90' lang='lat' dir='ltr'><strong>et</strong></span> <span class='ocrx_word' id='word_1_635' title='bbox 3291 2298 3428 2354; x_wconf 89' lang='lat' dir='ltr'><strong>sicut</strong></span> <span class='ocrx_word' id='word_1_636' title='bbox 3446 2298 3641 2369; x_wconf 77' lang='lat' dir='ltr'><strong>iactant,</strong></span> <span class='ocrx_word' id='word_1_637' title='bbox 3659 2298 3757 2354; x_wconf 79' lang='lat' dir='ltr'><strong>tales</strong></span> 
     </span>
    </p>
   </div>
   <div class='ocr_carea' id='block_1_83' title="bbox 2245 2388 3751 2459">
    <p class='ocr_par' dir='ltr' id='par_1_83' title="bbox 2245 2388 3751 2459">
     <span class='ocr_line' id='line_1_83' title="bbox 2245 2388 3751 2459; baseline 0.001 -16"><span class='ocrx_word' id='word_1_638' title='bbox 2245 2402 2336 2443; x_wconf 89' lang='lat' dir='ltr'><strong>eos</strong></span> <span class='ocrx_word' id='word_1_639' title='bbox 2362 2388 2675 2459; x_wconf 88' lang='lat' dir='ltr'><strong>suscipimus</strong></span> <span class='ocrx_word' id='word_1_640' title='bbox 2699 2388 2881 2459; x_wconf 83' lang='lat' dir='ltr'><strong>quales</strong></span> <span class='ocrx_word' id='word_1_641' title='bbox 2915 2388 3143 2456; x_wconf 89' lang='lat' dir='ltr'><strong>fuerunt,</strong></span> <span class='ocrx_word' id='word_1_642' title='bbox 3184 2389 3280 2445; x_wconf 91' lang='lat' dir='ltr'><strong>sed</strong></span> <span class='ocrx_word' id='word_1_643' title='bbox 3308 2390 3517 2444; x_wconf 90' lang='lat' dir='ltr'><strong>omnino</strong></span> <span class='ocrx_word' id='word_1_644' title='bbox 3542 2398 3751 2452; x_wconf 82' lang='lat' dir='ltr'><strong>mutatus;</strong></span> 
     </span>
    </p>
   </div>
   <div class='ocr_carea' id='block_1_84' title="bbox 2246 2479 3760 2549">
    <p class='ocr_par' dir='ltr' id='par_1_84' title="bbox 2246 2479 3760 2549">
     <span class='ocr_line' id='line_1_84' title="bbox 2246 2479 3760 2549; baseline 0.001 -16"><span class='ocrx_word' id='word_1_645' title='bbox 2246 2479 2367 2549; x_wconf 91' lang='lat' dir='ltr'><strong>quia</strong></span> <span class='ocrx_word' id='word_1_646' title='bbox 2395 2493 2514 2534; x_wconf 89' lang='lat' dir='ltr'><strong>esse</strong></span> <span class='ocrx_word' id='word_1_647' title='bbox 2541 2480 2787 2534; x_wconf 91' lang='lat' dir='ltr'><strong>catholici</strong></span> <span class='ocrx_word' id='word_1_648' title='bbox 2815 2494 2921 2536; x_wconf 92' lang='lat' dir='ltr'><strong>non</strong></span> <span class='ocrx_word' id='word_1_649' title='bbox 2970 2480 3251 2549; x_wconf 91' lang='lat' dir='ltr'><strong>incipiunt,</strong></span> <span class='ocrx_word' id='word_1_650' title='bbox 3299 2481 3399 2536; x_wconf 91' lang='lat' dir='ltr'><strong>nisi</strong></span> <span class='ocrx_word' id='word_1_651' title='bbox 3428 2480 3637 2535; x_wconf 66' lang='lat' dir='ltr'><strong>barretici</strong></span> <span class='ocrx_word' id='word_1_652' title='bbox 3673 2494 3760 2535; x_wconf 79' lang='lat' dir='ltr'><strong>esse</strong></span> 
     </span>
    </p>
   </div>
   <div class='ocr_carea' id='block_1_85' title="bbox 2246 2570 3759 2641">
    <p class='ocr_par' dir='ltr' id='par_1_85' title="bbox 2246 2570 3759 2641">
     <span class='ocr_line' id='line_1_85' title="bbox 2246 2570 3759 2641; baseline -0.002 -17"><span class='ocrx_word' id='word_1_653' title='bbox 2246 2570 2564 2625; x_wconf 86' lang='lat' dir='ltr'><strong>destiterint.</strong></span> <span class='ocrx_word' id='word_1_654' title='bbox 2593 2570 2775 2641; x_wconf 88' lang='lat' dir='ltr'><strong>Neque</strong></span> <span class='ocrx_word' id='word_1_655' title='bbox 2801 2573 2942 2627; x_wconf 90' lang='lat' dir='ltr'><strong>enim</strong></span> <span class='ocrx_word' id='word_1_656' title='bbox 2968 2582 3301 2627; x_wconf 89' lang='lat' dir='ltr'><strong>sacramenta</strong></span> <span class='ocrx_word' id='word_1_657' title='bbox 3333 2587 3509 2627; x_wconf 87' lang='lat' dir='ltr'><strong>eorum</strong></span> <span class='ocrx_word' id='word_1_658' title='bbox 3537 2570 3669 2626; x_wconf 88' lang='lat' dir='ltr'><strong>nobis</strong></span> <span class='ocrx_word' id='word_1_659' title='bbox 3684 2570 3759 2624; x_wconf 62' lang='lat' dir='ltr'><strong>ini.</strong></span> 
     </span>
    </p>
   </div>
   <div class='ocr_carea' id='block_1_86' title="bbox 2249 2660 3760 2732">
    <p class='ocr_par' dir='ltr' id='par_1_86' title="bbox 2249 2660 3760 2732">
     <span class='ocr_line' id='line_1_86' title="bbox 2249 2660 3760 2732; baseline -0.001 -19"><span class='ocrx_word' id='word_1_660' title='bbox 2249 2660 2382 2714; x_wconf 80' lang='lat' dir='ltr'><strong>ntiea</strong></span> <span class='ocrx_word' id='word_1_661' title='bbox 2410 2670 2534 2715; x_wconf 88' lang='lat' dir='ltr'><strong>sunt</strong></span> <span class='ocrx_word' id='word_1_662' title='bbox 2571 2676 2689 2731; x_wconf 65' lang='lat' dir='ltr'><strong>quae</strong></span> <span class='ocrx_word' id='word_1_663' title='bbox 2717 2677 2835 2717; x_wconf 91' lang='lat' dir='ltr'><strong>cum</strong></span> <span class='ocrx_word' id='word_1_664' title='bbox 2863 2662 2967 2717; x_wconf 89' lang='lat' dir='ltr'><strong>illis</strong></span> <span class='ocrx_word' id='word_1_665' title='bbox 2991 2662 3145 2717; x_wconf 89' lang='lat' dir='ltr'><strong>nobis</strong></span> <span class='ocrx_word' id='word_1_666' title='bbox 3170 2672 3300 2717; x_wconf 89' lang='lat' dir='ltr'><strong>sunt</strong></span> <span class='ocrx_word' id='word_1_667' title='bbox 3331 2661 3648 2725; x_wconf 85' lang='lat' dir='ltr'><strong>communia;</strong></span> <span class='ocrx_word' id='word_1_668' title='bbox 3674 2660 3760 2732; x_wconf 78' lang='lat' dir='ltr'><strong>quia</strong></span> 
     </span>
    </p>
   </div>
   <div class='ocr_carea' id='block_1_87' title="bbox 2247 2751 3766 2824">
    <p class='ocr_par' dir='ltr' id='par_1_87' title="bbox 2247 2751 3766 2824">
     <span class='ocr_line' id='line_1_87' title="bbox 2247 2751 3766 2824; baseline 0.001 -20"><span class='ocrx_word' id='word_1_669' title='bbox 2247 2764 2351 2804; x_wconf 92' lang='lat' dir='ltr'><strong>non</strong></span> <span class='ocrx_word' id='word_1_670' title='bbox 2375 2751 2601 2806; x_wconf 90' lang='lat' dir='ltr'><strong>humana</strong></span> <span class='ocrx_word' id='word_1_671' title='bbox 2627 2761 2769 2818; x_wconf 87' lang='lat' dir='ltr'><strong>sunt,</strong></span> <span class='ocrx_word' id='word_1_672' title='bbox 2803 2752 2895 2808; x_wconf 88' lang='lat' dir='ltr'><strong>sed</strong></span> <span class='ocrx_word' id='word_1_673' title='bbox 2930 2752 3124 2807; x_wconf 91' lang='lat' dir='ltr'><strong>divina.</strong></span> <span class='ocrx_word' id='word_1_674' title='bbox 3154 2753 3407 2824; x_wconf 83' lang='lat' dir='ltr'><strong>Proprius</strong></span> <span class='ocrx_word' id='word_1_675' title='bbox 3448 2767 3619 2809; x_wconf 87' lang='lat' dir='ltr'><strong>eorum</strong></span> <span class='ocrx_word' id='word_1_676' title='bbox 3654 2764 3766 2806; x_wconf 84' lang='lat' dir='ltr'><strong>error</strong></span> 
     </span>
    </p>
   </div>
   <div class='ocr_carea' id='block_1_88' title="bbox 2248 2844 3765 2914">
    <p class='ocr_par' dir='ltr' id='par_1_88' title="bbox 2248 2844 3765 2914">
     <span class='ocr_line' id='line_1_88' title="bbox 2248 2844 3765 2914; baseline 0.001 -19"><span class='ocrx_word' id='word_1_677' title='bbox 2248 2844 2565 2898; x_wconf 90' lang='lat' dir='ltr'><strong>auferendus</strong></span> <span class='ocrx_word' id='word_1_678' title='bbox 2592 2852 2696 2909; x_wconf 90' lang='lat' dir='ltr'><strong>est,</strong></span> <span class='ocrx_word' id='word_1_679' title='bbox 2741 2860 2896 2914; x_wconf 87' lang='lat' dir='ltr'><strong>quem</strong></span> <span class='ocrx_word' id='word_1_680' title='bbox 2933 2846 3071 2901; x_wconf 90' lang='lat' dir='ltr'><strong>male</strong></span> <span class='ocrx_word' id='word_1_681' title='bbox 3119 2845 3463 2909; x_wconf 88' lang='lat' dir='ltr'><strong>imbiberunt,</strong></span> <span class='ocrx_word' id='word_1_682' title='bbox 3510 2860 3603 2900; x_wconf 88' lang='lat' dir='ltr'><strong>non</strong></span> <span class='ocrx_word' id='word_1_683' title='bbox 3630 2858 3765 2897; x_wconf 81' lang='lat' dir='ltr'><strong>sacra-</strong></span> 
     </span>
    </p>
   </div>
   <div class='ocr_carea' id='block_1_89' title="bbox 2249 2939 3762 3012">
    <p class='ocr_par' dir='ltr' id='par_1_89' title="bbox 2249 2939 3762 3012">
     <span class='ocr_line' id='line_1_89' title="bbox 2249 2939 3762 3012; baseline -0.001 -21"><span class='ocrx_word' id='word_1_684' title='bbox 2249 2946 2429 2993; x_wconf 90' lang='lat' dir='ltr'><strong>menta</strong></span> <span class='ocrx_word' id='word_1_685' title='bbox 2443 2954 2565 3009; x_wconf 73' lang='lat' dir='ltr'><strong>quze</strong></span> <span class='ocrx_word' id='word_1_686' title='bbox 2584 2939 2833 2994; x_wconf 89' lang='lat' dir='ltr'><strong>similiter</strong></span> <span class='ocrx_word' id='word_1_687' title='bbox 2851 2949 3191 3010; x_wconf 88' lang='lat' dir='ltr'><strong>acceperunt,</strong></span> <span class='ocrx_word' id='word_1_688' title='bbox 3211 2957 3333 3012; x_wconf 73' lang='lat' dir='ltr'><strong>qua:</strong></span> <span class='ocrx_word' id='word_1_689' title='bbox 3348 2942 3413 2996; x_wconf 88' lang='lat' dir='ltr'><strong>ad</strong></span> <span class='ocrx_word' id='word_1_690' title='bbox 3442 2954 3633 3011; x_wconf 75' lang='lat' dir='ltr'><strong>ptenam</strong></span> <span class='ocrx_word' id='word_1_691' title='bbox 3652 2951 3762 2991; x_wconf 84' lang='lat' dir='ltr'><strong>suam</strong></span> 
     </span>
    </p>
   </div>
   <div class='ocr_carea' id='block_1_90' title="bbox 2250 3028 3769 3103">
    <p class='ocr_par' dir='ltr' id='par_1_90' title="bbox 2250 3028 3769 3103">
     <span class='ocr_line' id='line_1_90' title="bbox 2250 3028 3769 3103; baseline -0.001 -20"><span class='ocrx_word' id='word_1_692' title='bbox 2250 3038 2464 3100; x_wconf 84' lang='lat' dir='ltr'><strong>portant</strong></span> <span class='ocrx_word' id='word_1_693' title='bbox 2507 3042 2562 3087; x_wconf 92' lang='lat' dir='ltr'><strong>et</strong></span> <span class='ocrx_word' id='word_1_694' title='bbox 2587 3030 2806 3095; x_wconf 89' lang='lat' dir='ltr'><strong>habent,</strong></span> <span class='ocrx_word' id='word_1_695' title='bbox 2837 3038 3034 3101; x_wconf 86' lang='lat' dir='ltr'><strong>quanto</strong></span> <span class='ocrx_word' id='word_1_696' title='bbox 3064 3031 3334 3103; x_wconf 86' lang='lat' dir='ltr'><strong>indignius</strong></span> <span class='ocrx_word' id='word_1_697' title='bbox 3359 3031 3567 3097; x_wconf 89' lang='lat' dir='ltr'><strong>habent,</strong></span> <span class='ocrx_word' id='word_1_698' title='bbox 3608 3028 3688 3085; x_wconf 86' lang='lat' dir='ltr'><strong>sed</strong></span> <span class='ocrx_word' id='word_1_699' title='bbox 3711 3037 3769 3081; x_wconf 83' lang='lat' dir='ltr'><strong>ta-</strong></span> 
     </span>
    </p>
   </div>
   <div class='ocr_carea' id='block_1_91' title="bbox 2248 3120 3768 3194">
    <p class='ocr_par' dir='ltr' id='par_1_91' title="bbox 2248 3120 3768 3194">
     <span class='ocr_line' id='line_1_91' title="bbox 2248 3120 3768 3194; baseline -0.001 -20"><span class='ocrx_word' id='word_1_700' title='bbox 2248 3135 2371 3175; x_wconf 92' lang='lat' dir='ltr'><strong>men</strong></span> <span class='ocrx_word' id='word_1_701' title='bbox 2400 3120 2613 3177; x_wconf 90' lang='lat' dir='ltr'><strong>habent.</strong></span> <span class='ocrx_word' id='word_1_702' title='bbox 2636 3122 3015 3191; x_wconf 84' lang='lat' dir='ltr'><strong>Erroreitaque</strong></span> <span class='ocrx_word' id='word_1_703' title='bbox 3036 3122 3311 3190; x_wconf 87' lang='lat' dir='ltr'><strong>derelicto,</strong></span> <span class='ocrx_word' id='word_1_704' title='bbox 3342 3122 3768 3194; x_wconf 76' lang='lat' dir='ltr'><strong>separationispra-</strong></span> 
     </span>
    </p>
   </div>
   <div class='ocr_carea' id='block_1_92' title="bbox 2251 3212 3774 3285">
    <p class='ocr_par' dir='ltr' id='par_1_92' title="bbox 2251 3212 3774 3285">
     <span class='ocr_line' id='line_1_92' title="bbox 2251 3212 3774 3285; baseline -0.001 -19"><span class='ocrx_word' id='word_1_705' title='bbox 2251 3212 2416 3267; x_wconf 89' lang='lat' dir='ltr'><strong>vitate</strong></span> <span class='ocrx_word' id='word_1_706' title='bbox 2447 3223 2705 3277; x_wconf 85' lang='lat' dir='ltr'><strong>correcta,</strong></span> <span class='ocrx_word' id='word_1_707' title='bbox 2736 3214 2804 3267; x_wconf 91' lang='lat' dir='ltr'><strong>ab</strong></span> <span class='ocrx_word' id='word_1_708' title='bbox 2850 3214 3040 3269; x_wconf 71' lang='lat' dir='ltr'><strong>hmresi</strong></span> <span class='ocrx_word' id='word_1_709' title='bbox 3070 3214 3136 3269; x_wconf 89' lang='lat' dir='ltr'><strong>ad</strong></span> <span class='ocrx_word' id='word_1_710' title='bbox 3180 3216 3435 3271; x_wconf 67' lang='lat' dir='ltr'><strong>Ecclesia:</strong></span> <span class='ocrx_word' id='word_1_711' title='bbox 3458 3229 3625 3285; x_wconf 87' lang='lat' dir='ltr'><strong>pacem</strong></span> <span class='ocrx_word' id='word_1_712' title='bbox 3644 3222 3774 3267; x_wconf 74' lang='lat' dir='ltr'><strong>trans-</strong></span> 
     </span>
    </p>
   </div>
   <div class='ocr_carea' id='block_1_93' title="bbox 2250 3305 3770 3378">
    <p class='ocr_par' dir='ltr' id='par_1_93' title="bbox 2250 3305 3770 3378">
     <span class='ocr_line' id='line_1_93' title="bbox 2250 3305 3770 3378; baseline -0.003 -18"><span class='ocrx_word' id='word_1_713' title='bbox 2250 3316 2379 3360; x_wconf 88' lang='lat' dir='ltr'><strong>eunt</strong></span> <span class='ocrx_word' id='word_1_714' title='bbox 2402 3322 2559 3377; x_wconf 91' lang='lat' dir='ltr'><strong>quam</strong></span> <span class='ocrx_word' id='word_1_715' title='bbox 2596 3322 2700 3361; x_wconf 91' lang='lat' dir='ltr'><strong>non</strong></span> <span class='ocrx_word' id='word_1_716' title='bbox 2726 3306 3009 3369; x_wconf 88' lang='lat' dir='ltr'><strong>habebant,</strong></span> <span class='ocrx_word' id='word_1_717' title='bbox 3041 3307 3157 3363; x_wconf 90' lang='lat' dir='ltr'><strong>sine</strong></span> <span class='ocrx_word' id='word_1_718' title='bbox 3179 3322 3285 3378; x_wconf 89' lang='lat' dir='ltr'><strong>qua</strong></span> <span class='ocrx_word' id='word_1_719' title='bbox 3331 3308 3434 3363; x_wconf 91' lang='lat' dir='ltr'><strong>illis</strong></span> <span class='ocrx_word' id='word_1_720' title='bbox 3468 3305 3770 3378; x_wconf 87' lang='lat' dir='ltr'><strong>perniciosum</strong></span> 
     </span>
    </p>
   </div>
   <div class='ocr_carea' id='block_1_94' title="bbox 2251 3394 3772 3468">
    <p class='ocr_par' dir='ltr' id='par_1_94' title="bbox 2251 3394 3772 3468">
     <span class='ocr_line' id='line_1_94' title="bbox 2251 3394 3772 3468; baseline -0.001 -18"><span class='ocrx_word' id='word_1_721' title='bbox 2251 3394 2578 3468; x_wconf 85' lang='lat' dir='ltr'><strong>fueratquod</strong></span> <span class='ocrx_word' id='word_1_722' title='bbox 2599 3397 2883 3453; x_wconf 89' lang='lat' dir='ltr'><strong>habebant.</strong></span> <span class='ocrx_word' id='word_1_723' title='bbox 2900 3396 3004 3453; x_wconf 88' lang='lat' dir='ltr'><strong>Sed</strong></span> <span class='ocrx_word' id='word_1_724' title='bbox 3022 3398 3064 3452; x_wconf 92' lang='lat' dir='ltr'><strong>si</strong></span> <span class='ocrx_word' id='word_1_725' title='bbox 3082 3413 3200 3453; x_wconf 91' lang='lat' dir='ltr'><strong>cum</strong></span> <span class='ocrx_word' id='word_1_726' title='bbox 3224 3406 3521 3463; x_wconf 90' lang='lat' dir='ltr'><strong>transeunt,</strong></span> <span class='ocrx_word' id='word_1_727' title='bbox 3544 3396 3640 3452; x_wconf 87' lang='lat' dir='ltr'><strong>fleti</strong></span> <span class='ocrx_word' id='word_1_728' title='bbox 3661 3398 3772 3455; x_wconf 83' lang='lat' dir='ltr'><strong>sunt,</strong></span> 
     </span>
    </p>
   </div>
   <div class='ocr_carea' id='block_1_95' title="bbox 2252 3486 3773 3558">
    <p class='ocr_par' dir='ltr' id='par_1_95' title="bbox 2252 3486 3773 3558">
     <span class='ocr_line' id='line_1_95' title="bbox 2252 3486 3773 3558; baseline -0.005 -16"><span class='ocrx_word' id='word_1_729' title='bbox 2252 3502 2359 3542; x_wconf 92' lang='lat' dir='ltr'><strong>non</strong></span> <span class='ocrx_word' id='word_1_730' title='bbox 2389 3496 2473 3542; x_wconf 82' lang='lat' dir='ltr'><strong>est</strong></span> <span class='ocrx_word' id='word_1_731' title='bbox 2498 3488 2600 3543; x_wconf 90' lang='lat' dir='ltr'><strong>hoc</strong></span> <span class='ocrx_word' id='word_1_732' title='bbox 2624 3489 2730 3556; x_wconf 87' lang='lat' dir='ltr'><strong>jam</strong></span> <span class='ocrx_word' id='word_1_733' title='bbox 2754 3499 3015 3555; x_wconf 88' lang='lat' dir='ltr'><strong>nostrum,</strong></span> <span class='ocrx_word' id='word_1_734' title='bbox 3042 3489 3137 3544; x_wconf 87' lang='lat' dir='ltr'><strong>sed</strong></span> <span class='ocrx_word' id='word_1_735' title='bbox 3160 3489 3253 3544; x_wconf 91' lang='lat' dir='ltr'><strong>Dei</strong></span> <span class='ocrx_word' id='word_1_736' title='bbox 3271 3489 3550 3558; x_wconf 89' lang='lat' dir='ltr'><strong>judicium.</strong></span> <span class='ocrx_word' id='word_1_737' title='bbox 3570 3486 3773 3541; x_wconf 81' lang='lat' dir='ltr'><strong>Ettamen</strong></span> 
     </span>
    </p>
   </div>
   <div class='ocr_carea' id='block_1_96' title="bbox 2251 3571 3777 3651">
    <p class='ocr_par' dir='ltr' id='par_1_96' title="bbox 2251 3571 3777 3651">
     <span class='ocr_line' id='line_1_96' title="bbox 2251 3571 3777 3651; baseline -0.003 -19"><span class='ocrx_word' id='word_1_738' title='bbox 2251 3580 2462 3648; x_wconf 91' lang='lat' dir='ltr'><strong>quidam</strong></span> <span class='ocrx_word' id='word_1_739' title='bbox 2488 3595 2607 3634; x_wconf 91' lang='lat' dir='ltr'><strong>eum</strong></span> <span class='ocrx_word' id='word_1_740' title='bbox 2640 3580 2743 3634; x_wconf 91' lang='lat' dir='ltr'><strong>ﬁcti</strong></span> <span class='ocrx_word' id='word_1_741' title='bbox 2775 3589 3116 3649; x_wconf 89' lang='lat' dir='ltr'><strong>putarentur,</strong></span> <span class='ocrx_word' id='word_1_742' title='bbox 3173 3582 3426 3650; x_wconf 90' lang='lat' dir='ltr'><strong>quoniam</strong></span> <span class='ocrx_word' id='word_1_743' title='bbox 3465 3576 3694 3651; x_wconf 86' lang='lat' dir='ltr'><strong>jussiouis</strong></span> <span class='ocrx_word' id='word_1_744' title='bbox 3729 3571 3777 3627; x_wconf 80' lang='lat' dir='ltr'><strong>ad</strong></span> 
     </span>
    </p>
   </div>
   <div class='ocr_carea' id='block_1_97' title="bbox 2256 3666 3780 3744">
    <p class='ocr_par' dir='ltr' id='par_1_97' title="bbox 2256 3666 3780 3744">
     <span class='ocr_line' id='line_1_97' title="bbox 2256 3666 3780 3744; baseline -0.004 -19"><span class='ocrx_word' id='word_1_745' title='bbox 2256 3687 2357 3725; x_wconf 92' lang='lat' dir='ltr'><strong>nos</strong></span> <span class='ocrx_word' id='word_1_746' title='bbox 2384 3682 2587 3728; x_wconf 90' lang='lat' dir='ltr'><strong>terrore</strong></span> <span class='ocrx_word' id='word_1_747' title='bbox 2635 3673 2977 3738; x_wconf 89' lang='lat' dir='ltr'><strong>transierunt,</strong></span> <span class='ocrx_word' id='word_1_748' title='bbox 3007 3673 3141 3727; x_wconf 89' lang='lat' dir='ltr'><strong>tales</strong></span> <span class='ocrx_word' id='word_1_749' title='bbox 3178 3675 3447 3744; x_wconf 89' lang='lat' dir='ltr'><strong>posterius</strong></span> <span class='ocrx_word' id='word_1_750' title='bbox 3470 3673 3521 3728; x_wconf 91' lang='lat' dir='ltr'><strong>in</strong></span> <span class='ocrx_word' id='word_1_751' title='bbox 3562 3666 3780 3727; x_wconf 88' lang='lat' dir='ltr'><strong>nonnullis</strong></span> 
     </span>
    </p>
   </div>
   <div class='ocr_carea' id='block_1_98' title="bbox 2252 3757 3781 3833">
    <p class='ocr_par' dir='ltr' id='par_1_98' title="bbox 2252 3757 3781 3833">
     <span class='ocr_line' id='line_1_98' title="bbox 2252 3757 3781 3833; baseline -0.003 -19"><span class='ocrx_word' id='word_1_752' title='bbox 2252 3762 2631 3817; x_wconf 78' lang='lat' dir='ltr'><strong>tentationibus</strong></span> <span class='ocrx_word' id='word_1_753' title='bbox 2657 3763 2853 3817; x_wconf 89' lang='lat' dir='ltr'><strong>inventi</strong></span> <span class='ocrx_word' id='word_1_754' title='bbox 2907 3773 3059 3824; x_wconf 89' lang='lat' dir='ltr'><strong>sunt,</strong></span> <span class='ocrx_word' id='word_1_755' title='bbox 3114 3772 3169 3816; x_wconf 91' lang='lat' dir='ltr'><strong>ut</strong></span> <span class='ocrx_word' id='word_1_756' title='bbox 3212 3763 3527 3833; x_wconf 89' lang='lat' dir='ltr'><strong>quibusdam</strong></span> <span class='ocrx_word' id='word_1_757' title='bbox 3563 3757 3781 3815; x_wconf 84' lang='lat' dir='ltr'><strong>veteribus</strong></span> 
     </span>
    </p>
   </div>
   <div class='ocr_carea' id='block_1_99' title="bbox 2252 3851 3776 3925">
    <p class='ocr_par' dir='ltr' id='par_1_99' title="bbox 2252 3851 3776 3925">
     <span class='ocr_line' id='line_1_99' title="bbox 2252 3851 3776 3925; baseline -0.003 -18"><span class='ocrx_word' id='word_1_758' title='bbox 2252 3852 2530 3907; x_wconf 88' lang='lat' dir='ltr'><strong>catholicis</strong></span> <span class='ocrx_word' id='word_1_759' title='bbox 2560 3851 2955 3921; x_wconf 72' lang='lat' dir='ltr'><strong>przel‘errentnr.</strong></span> <span class='ocrx_word' id='word_1_760' title='bbox 3006 3853 3119 3908; x_wconf 87' lang='lat' dir='ltr'><strong>Non</strong></span> <span class='ocrx_word' id='word_1_761' title='bbox 3169 3869 3299 3925; x_wconf 86' lang='lat' dir='ltr'><strong>ergo</strong></span> <span class='ocrx_word' id='word_1_762' title='bbox 3328 3854 3456 3909; x_wconf 88' lang='lat' dir='ltr'><strong>nihil</strong></span> <span class='ocrx_word' id='word_1_763' title='bbox 3481 3852 3661 3923; x_wconf 87' lang='lat' dir='ltr'><strong>agitur,</strong></span> <span class='ocrx_word' id='word_1_764' title='bbox 3683 3860 3776 3903; x_wconf 85' lang='lat' dir='ltr'><strong>cum</strong></span> 
     </span>
    </p>
   </div>
   <div class='ocr_carea' id='block_1_100' title="bbox 2252 3940 3781 4015">
    <p class='ocr_par' dir='ltr' id='par_1_100' title="bbox 2252 3940 3781 4015">
     <span class='ocr_line' id='line_1_100' title="bbox 2252 3940 3781 4015; baseline -0.007 -14"><span class='ocrx_word' id='word_1_765' title='bbox 2252 3944 2512 4001; x_wconf 90' lang='lat' dir='ltr'><strong>instanter</strong></span> <span class='ocrx_word' id='word_1_766' title='bbox 2528 3945 2717 4015; x_wconf 88' lang='lat' dir='ltr'><strong>agitur.</strong></span> <span class='ocrx_word' id='word_1_767' title='bbox 2745 3944 2924 4015; x_wconf 89' lang='lat' dir='ltr'><strong>Neque</strong></span> <span class='ocrx_word' id='word_1_768' title='bbox 2947 3946 3089 4000; x_wconf 90' lang='lat' dir='ltr'><strong>enim</strong></span> <span class='ocrx_word' id='word_1_769' title='bbox 3110 3945 3237 4000; x_wconf 90' lang='lat' dir='ltr'><strong>solis</strong></span> <span class='ocrx_word' id='word_1_770' title='bbox 3258 3946 3507 4002; x_wconf 89' lang='lat' dir='ltr'><strong>humanis</strong></span> <span class='ocrx_word' id='word_1_771' title='bbox 3535 3940 3781 4001; x_wconf 88' lang='lat' dir='ltr'><strong>terroribus</strong></span> 
     </span>
    </p>
   </div>
   <div class='ocr_carea' id='block_1_101' title="bbox 2251 4029 3782 4107">
    <p class='ocr_par' dir='ltr' id='par_1_101' title="bbox 2251 4029 3782 4107">
     <span class='ocr_line' id='line_1_101' title="bbox 2251 4029 3782 4107; baseline -0.004 -18"><span class='ocrx_word' id='word_1_772' title='bbox 2251 4050 2436 4089; x_wconf 91' lang='lat' dir='ltr'><strong>murus</strong></span> <span class='ocrx_word' id='word_1_773' title='bbox 2453 4034 2599 4089; x_wconf 76' lang='lat' dir='ltr'><strong>dura:</strong></span> <span class='ocrx_word' id='word_1_774' title='bbox 2630 4034 3023 4090; x_wconf 87' lang='lat' dir='ltr'><strong>consuetudinis</strong></span> <span class='ocrx_word' id='word_1_775' title='bbox 3048 4045 3421 4107; x_wconf 83' lang='lat' dir='ltr'><strong>expugnatur;</strong></span> <span class='ocrx_word' id='word_1_776' title='bbox 3447 4036 3537 4092; x_wconf 90' lang='lat' dir='ltr'><strong>sed</strong></span> <span class='ocrx_word' id='word_1_777' title='bbox 3557 4035 3697 4091; x_wconf 85' lang='lat' dir='ltr'><strong>etiam</strong></span> <span class='ocrx_word' id='word_1_778' title='bbox 3719 4029 3782 4084; x_wconf 86' lang='lat' dir='ltr'><strong>di-</strong></span> 
     </span>
    </p>
   </div>
   <div class='ocr_carea' id='block_1_102' title="bbox 2251 4122 3784 4199">
    <p class='ocr_par' dir='ltr' id='par_1_102' title="bbox 2251 4122 3784 4199">
     <span class='ocr_line' id='line_1_102' title="bbox 2251 4122 3784 4199; baseline -0.001 -21"><span class='ocrx_word' id='word_1_779' title='bbox 2251 4126 2388 4182; x_wconf 91' lang='lat' dir='ltr'><strong>vinis</strong></span> <span class='ocrx_word' id='word_1_780' title='bbox 2415 4127 2811 4182; x_wconf 89' lang='lat' dir='ltr'><strong>auctoritatibus</strong></span> <span class='ocrx_word' id='word_1_781' title='bbox 2836 4137 2997 4199; x_wconf 90' lang='lat' dir='ltr'><strong>atqne</strong></span> <span class='ocrx_word' id='word_1_782' title='bbox 3040 4128 3339 4184; x_wconf 88' lang='lat' dir='ltr'><strong>rationibus</strong></span> <span class='ocrx_word' id='word_1_783' title='bbox 3379 4130 3511 4185; x_wconf 88' lang='lat' dir='ltr'><strong>ﬁdes</strong></span> <span class='ocrx_word' id='word_1_784' title='bbox 3535 4136 3586 4184; x_wconf 89' lang='lat' dir='ltr'><strong>et</strong></span> <span class='ocrx_word' id='word_1_785' title='bbox 3619 4122 3784 4181; x_wconf 85' lang='lat' dir='ltr'><strong>intelli-</strong></span> 
     </span>
    </p>
   </div>
   <div class='ocr_carea' id='block_1_103' title="bbox 2251 4220 2971 4290">
    <p class='ocr_par' dir='ltr' id='par_1_103' title="bbox 2251 4220 2971 4290">
     <span class='ocr_line' id='line_1_103' title="bbox 2251 4220 2971 4290; baseline -0.003 -16"><span class='ocrx_word' id='word_1_786' title='bbox 2251 4220 2423 4290; x_wconf 88' lang='lat' dir='ltr'><strong>gentia</strong></span> <span class='ocrx_word' id='word_1_787' title='bbox 2456 4220 2650 4274; x_wconf 87' lang='lat' dir='ltr'><strong>mentis</strong></span> <span class='ocrx_word' id='word_1_788' title='bbox 2678 4220 2971 4275; x_wconf 89' lang='lat' dir='ltr'><strong>instruitur.</strong></span> 
     </span>
    </p>
   </div>
   <div class='ocr_carea' id='block_1_104' title="bbox 2322 4308 3784 4385">
    <p class='ocr_par' dir='ltr' id='par_1_104' title="bbox 2322 4308 3784 4385">
     <span class='ocr_line' id='line_1_104' title="bbox 2322 4308 3784 4385; baseline -0.001 -20"><span class='ocrx_word' id='word_1_789' title='bbox 2322 4310 2374 4365; x_wconf 85' lang='lat'><strong>8.</strong></span> <span class='ocrx_word' id='word_1_790' title='bbox 2413 4310 2541 4378; x_wconf 79' lang='lat' dir='ltr'><strong>Quae</strong></span> <span class='ocrx_word' id='word_1_791' title='bbox 2563 4326 2679 4365; x_wconf 90' lang='lat' dir='ltr'><strong>cum</strong></span> <span class='ocrx_word' id='word_1_792' title='bbox 2710 4312 2779 4365; x_wconf 90' lang='lat' dir='ltr'><strong>ita</strong></span> <span class='ocrx_word' id='word_1_793' title='bbox 2809 4312 2935 4374; x_wconf 92' lang='lat' dir='ltr'><strong>sint,</strong></span> <span class='ocrx_word' id='word_1_794' title='bbox 2967 4313 3173 4368; x_wconf 90' lang='lat' dir='ltr'><strong>noverit</strong></span> <span class='ocrx_word' id='word_1_795' title='bbox 3214 4312 3519 4385; x_wconf 81' lang='lat' dir='ltr'><strong>Benignitas</strong></span> <span class='ocrx_word' id='word_1_796' title='bbox 3537 4324 3620 4369; x_wconf 90' lang='lat' dir='ltr'><strong>tua</strong></span> <span class='ocrx_word' id='word_1_797' title='bbox 3643 4308 3784 4367; x_wconf 86' lang='lat' dir='ltr'><strong>homi-</strong></span> 
     </span>
    </p>
   </div>
   <div class='ocr_carea' id='block_1_105' title="bbox 2251 4401 3787 4474">
    <p class='ocr_par' dir='ltr' id='par_1_105' title="bbox 2251 4401 3787 4474">
     <span class='ocr_line' id='line_1_105' title="bbox 2251 4401 3787 4474; baseline 0 -20"><span class='ocrx_word' id='word_1_798' title='bbox 2251 4415 2346 4456; x_wconf 86' lang='lat' dir='ltr'><strong>nes</strong></span> <span class='ocrx_word' id='word_1_799' title='bbox 2369 4412 2577 4456; x_wconf 87' lang='lat' dir='ltr'><strong>vcstros</strong></span> <span class='ocrx_word' id='word_1_800' title='bbox 2618 4402 2704 4471; x_wconf 92' lang='lat' dir='ltr'><strong>qui</strong></span> <span class='ocrx_word' id='word_1_801' title='bbox 2735 4402 2788 4456; x_wconf 91' lang='lat' dir='ltr'><strong>in</strong></span> <span class='ocrx_word' id='word_1_802' title='bbox 2828 4402 3042 4471; x_wconf 85' lang='lat' dir='ltr'><strong>regione</strong></span> <span class='ocrx_word' id='word_1_803' title='bbox 3092 4403 3426 4474; x_wconf 80' lang='lat' dir='ltr'><strong>Hipponensi</strong></span> <span class='ocrx_word' id='word_1_804' title='bbox 3475 4415 3613 4469; x_wconf 88' lang='lat' dir='ltr'><strong>sunt,</strong></span> <span class='ocrx_word' id='word_1_805' title='bbox 3646 4401 3787 4457; x_wconf 81' lang='lat' dir='ltr'><strong>adhuc</strong></span> 
     </span>
    </p>
   </div>
   <div class='ocr_carea' id='block_1_106' title="bbox 2250 4490 3783 4567">
    <p class='ocr_par' dir='ltr' id='par_1_106' title="bbox 2250 4490 3783 4567">
     <span class='ocr_line' id='line_1_106' title="bbox 2250 4490 3783 4567; baseline -0.001 -22"><span class='ocrx_word' id='word_1_806' title='bbox 2250 4505 2368 4545; x_wconf 88' lang='lat' dir='ltr'><strong>esse</strong></span> <span class='ocrx_word' id='word_1_807' title='bbox 2397 4490 2703 4555; x_wconf 88' lang='lat' dir='ltr'><strong>donatistas,</strong></span> <span class='ocrx_word' id='word_1_808' title='bbox 2738 4507 2834 4547; x_wconf 91' lang='lat' dir='ltr'><strong>nec</strong></span> <span class='ocrx_word' id='word_1_809' title='bbox 2860 4492 2997 4561; x_wconf 88' lang='lat' dir='ltr'><strong>apud</strong></span> <span class='ocrx_word' id='word_1_810' title='bbox 3018 4508 3113 4549; x_wconf 88' lang='lat' dir='ltr'><strong>eos</strong></span> <span class='ocrx_word' id='word_1_811' title='bbox 3133 4494 3418 4567; x_wconf 90' lang='lat' dir='ltr'><strong>quidquam</strong></span> <span class='ocrx_word' id='word_1_812' title='bbox 3446 4495 3665 4550; x_wconf 86' lang='lat' dir='ltr'><strong>valuisse</strong></span> <span class='ocrx_word' id='word_1_813' title='bbox 3691 4502 3783 4547; x_wconf 80' lang='lat' dir='ltr'><strong>tuas</strong></span> 
     </span>
    </p>
   </div>
   <div class='ocr_carea' id='block_1_107' title="bbox 2251 4580 3787 4658">
    <p class='ocr_par' dir='ltr' id='par_1_107' title="bbox 2251 4580 3787 4658">
     <span class='ocr_line' id='line_1_107' title="bbox 2251 4580 3787 4658; baseline 0 -23"><span class='ocrx_word' id='word_1_814' title='bbox 2251 4582 2472 4635; x_wconf 87' lang='lat' dir='ltr'><strong>litteras.</strong></span> <span class='ocrx_word' id='word_1_815' title='bbox 2497 4580 2603 4635; x_wconf 91' lang='lat' dir='ltr'><strong>Cur</strong></span> <span class='ocrx_word' id='word_1_816' title='bbox 2626 4590 2801 4636; x_wconf 86' lang='lat' dir='ltr'><strong>autem</strong></span> <span class='ocrx_word' id='word_1_817' title='bbox 2844 4598 2949 4637; x_wconf 93' lang='lat' dir='ltr'><strong>non</strong></span> <span class='ocrx_word' id='word_1_818' title='bbox 2978 4585 3259 4654; x_wconf 91' lang='lat' dir='ltr'><strong>valuerint,</strong></span> <span class='ocrx_word' id='word_1_819' title='bbox 3293 4602 3401 4642; x_wconf 92' lang='lat' dir='ltr'><strong>non</strong></span> <span class='ocrx_word' id='word_1_820' title='bbox 3422 4602 3552 4658; x_wconf 84' lang='lat' dir='ltr'><strong>opus</strong></span> <span class='ocrx_word' id='word_1_821' title='bbox 3566 4594 3643 4640; x_wconf 90' lang='lat' dir='ltr'><strong>est</strong></span> <span class='ocrx_word' id='word_1_822' title='bbox 3679 4581 3787 4639; x_wconf 82' lang='lat' dir='ltr'><strong>scri-</strong></span> 
     </span>
    </p>
   </div>
   <div class='ocr_carea' id='block_1_108' title="bbox 2250 4672 3786 4746">
    <p class='ocr_par' dir='ltr' id='par_1_108' title="bbox 2250 4672 3786 4746">
     <span class='ocr_line' id='line_1_108' title="bbox 2250 4672 3786 4746; baseline -0.001 -18"><span class='ocrx_word' id='word_1_823' title='bbox 2250 4672 2409 4739; x_wconf 89' lang='lat' dir='ltr'><strong>bere;</strong></span> <span class='ocrx_word' id='word_1_824' title='bbox 2460 4672 2552 4727; x_wconf 88' lang='lat' dir='ltr'><strong>sed</strong></span> <span class='ocrx_word' id='word_1_825' title='bbox 2578 4674 2725 4729; x_wconf 82' lang='lat' dir='ltr'><strong>mitte</strong></span> <span class='ocrx_word' id='word_1_826' title='bbox 2749 4674 2977 4746; x_wconf 86' lang='lat' dir='ltr'><strong>aliquem</strong></span> <span class='ocrx_word' id='word_1_827' title='bbox 3008 4686 3238 4743; x_wconf 92' lang='lat' dir='ltr'><strong>tuorum,</strong></span> <span class='ocrx_word' id='word_1_828' title='bbox 3267 4679 3351 4733; x_wconf 91' lang='lat' dir='ltr'><strong>vel</strong></span> <span class='ocrx_word' id='word_1_829' title='bbox 3391 4677 3786 4737; x_wconf 86' lang='lat' dir='ltr'><strong>domesticorum.</strong></span> 
     </span>
    </p>
   </div>
   <div class='ocr_carea' id='block_1_109' title="bbox 2247 4765 3789 4842">
    <p class='ocr_par' dir='ltr' id='par_1_109' title="bbox 2247 4765 3789 4842">
     <span class='ocr_line' id='line_1_109' title="bbox 2247 4765 3789 4842; baseline -0.001 -22"><span class='ocrx_word' id='word_1_830' title='bbox 2247 4768 2332 4823; x_wconf 88' lang='lat' dir='ltr'><strong>vel</strong></span> <span class='ocrx_word' id='word_1_831' title='bbox 2377 4768 2690 4833; x_wconf 88' lang='lat' dir='ltr'><strong>amicorum,</strong></span> <span class='ocrx_word' id='word_1_832' title='bbox 2717 4768 2867 4839; x_wconf 91' lang='lat' dir='ltr'><strong>cujus</strong></span> <span class='ocrx_word' id='word_1_833' title='bbox 2895 4769 2997 4825; x_wconf 92' lang='lat' dir='ltr'><strong>hoc</strong></span> <span class='ocrx_word' id='word_1_834' title='bbox 3043 4769 3164 4825; x_wconf 89' lang='lat' dir='ltr'><strong>ﬁdei</strong></span> <span class='ocrx_word' id='word_1_835' title='bbox 3192 4770 3366 4841; x_wconf 91' lang='lat' dir='ltr'><strong>possis</strong></span> <span class='ocrx_word' id='word_1_836' title='bbox 3400 4771 3680 4842; x_wconf 77' lang='lat' dir='ltr'><strong>injungere.</strong></span> <span class='ocrx_word' id='word_1_837' title='bbox 3714 4765 3789 4836; x_wconf 91' lang='lat' dir='ltr'><strong>qui</strong></span> 
     </span>
    </p>
   </div>
   <div class='ocr_carea' id='block_1_110' title="bbox 2248 4856 3787 4929">
    <p class='ocr_par' dir='ltr' id='par_1_110' title="bbox 2248 4856 3787 4929">
     <span class='ocr_line' id='line_1_110' title="bbox 2248 4856 3787 4929; baseline -0.003 -16"><span class='ocrx_word' id='word_1_838' title='bbox 2248 4874 2354 4913; x_wconf 92' lang='lat' dir='ltr'><strong>non</strong></span> <span class='ocrx_word' id='word_1_839' title='bbox 2379 4857 2445 4912; x_wconf 90' lang='lat' dir='ltr'><strong>ad</strong></span> <span class='ocrx_word' id='word_1_840' title='bbox 2466 4873 2525 4913; x_wconf 88' lang='lat' dir='ltr'><strong>ea</strong></span> <span class='ocrx_word' id='word_1_841' title='bbox 2553 4859 2684 4922; x_wconf 89' lang='lat' dir='ltr'><strong>loca,</strong></span> <span class='ocrx_word' id='word_1_842' title='bbox 2712 4858 2807 4913; x_wconf 87' lang='lat' dir='ltr'><strong>sed</strong></span> <span class='ocrx_word' id='word_1_843' title='bbox 2832 4859 2897 4914; x_wconf 89' lang='lat' dir='ltr'><strong>ad</strong></span> <span class='ocrx_word' id='word_1_844' title='bbox 2926 4874 3023 4913; x_wconf 86' lang='lat' dir='ltr'><strong>nos</strong></span> <span class='ocrx_word' id='word_1_845' title='bbox 3044 4860 3287 4929; x_wconf 87' lang='lat' dir='ltr'><strong>primitus</strong></span> <span class='ocrx_word' id='word_1_846' title='bbox 3314 4861 3493 4917; x_wconf 89' lang='lat' dir='ltr'><strong>veniat</strong></span> <span class='ocrx_word' id='word_1_847' title='bbox 3522 4860 3620 4915; x_wconf 90' lang='lat' dir='ltr'><strong>illis</strong></span> <span class='ocrx_word' id='word_1_848' title='bbox 3639 4856 3787 4914; x_wconf 81' lang='lat' dir='ltr'><strong>omni-</strong></span> 
     </span>
    </p>
   </div>
   <div class='ocr_carea' id='block_1_111' title="bbox 2247 4950 3786 5022">
    <p class='ocr_par' dir='ltr' id='par_1_111' title="bbox 2247 4950 3786 5022">
     <span class='ocr_line' id='line_1_111' title="bbox 2247 4950 3786 5022; baseline -0.001 -18"><span class='ocrx_word' id='word_1_849' title='bbox 2247 4965 2318 5004; x_wconf 92' lang='lat' dir='ltr'><strong>no</strong></span> <span class='ocrx_word' id='word_1_850' title='bbox 2342 4950 2713 5014; x_wconf 89' lang='lat' dir='ltr'><strong>nescientibus,</strong></span> <span class='ocrx_word' id='word_1_851' title='bbox 2738 4960 2791 5005; x_wconf 90' lang='lat' dir='ltr'><strong>et</strong></span> <span class='ocrx_word' id='word_1_852' title='bbox 2807 4951 3077 5006; x_wconf 90' lang='lat' dir='ltr'><strong>nobiscum</strong></span> <span class='ocrx_word' id='word_1_853' title='bbox 3095 4953 3339 5021; x_wconf 86' lang='lat' dir='ltr'><strong>primitus</strong></span> <span class='ocrx_word' id='word_1_854' title='bbox 3359 4953 3581 5009; x_wconf 91' lang='lat' dir='ltr'><strong>consilio</strong></span> <span class='ocrx_word' id='word_1_855' title='bbox 3606 4958 3786 5022; x_wconf 79' lang='lat' dir='ltr'><strong>pertra-</strong></span> 
     </span>
    </p>
   </div>
   <div class='ocr_carea' id='block_1_112' title="bbox 2246 5040 3787 5114">
    <p class='ocr_par' dir='ltr' id='par_1_112' title="bbox 2246 5040 3787 5114">
     <span class='ocr_line' id='line_1_112' title="bbox 2246 5040 3787 5114; baseline 0.003 -17"><span class='ocrx_word' id='word_1_856' title='bbox 2246 5050 2408 5107; x_wconf 88' lang='lat' dir='ltr'><strong>ctato,</strong></span> <span class='ocrx_word' id='word_1_857' title='bbox 2439 5040 2577 5110; x_wconf 91' lang='lat' dir='ltr'><strong>quod</strong></span> <span class='ocrx_word' id='word_1_858' title='bbox 2604 5042 2862 5111; x_wconf 89' lang='lat' dir='ltr'><strong>agendum</strong></span> <span class='ocrx_word' id='word_1_859' title='bbox 2889 5043 3113 5098; x_wconf 91' lang='lat' dir='ltr'><strong>Domino</strong></span> <span class='ocrx_word' id='word_1_860' title='bbox 3141 5045 3424 5114; x_wconf 76' lang='lat' dir='ltr'><strong>adiuvante</strong></span> <span class='ocrx_word' id='word_1_861' title='bbox 3446 5046 3611 5099; x_wconf 87' lang='lat' dir='ltr'><strong>visum</strong></span> <span class='ocrx_word' id='word_1_862' title='bbox 3637 5040 3787 5102; x_wconf 63' lang='lat' dir='ltr'><strong>fuerit.</strong></span> 
     </span>
    </p>
   </div>
   <div class='ocr_carea' id='block_1_113' title="bbox 2244 5130 3789 5205">
    <p class='ocr_par' dir='ltr' id='par_1_113' title="bbox 2244 5130 3789 5205">
     <span class='ocr_line' id='line_1_113' title="bbox 2244 5130 3789 5205; baseline -0.001 -19"><span class='ocrx_word' id='word_1_863' title='bbox 2244 5140 2385 5203; x_wconf 89' lang='lat' dir='ltr'><strong>agat.</strong></span> <span class='ocrx_word' id='word_1_864' title='bbox 2406 5130 2588 5201; x_wconf 85' lang='lat' dir='ltr'><strong>Neque</strong></span> <span class='ocrx_word' id='word_1_865' title='bbox 2616 5132 2757 5186; x_wconf 92' lang='lat' dir='ltr'><strong>enim</strong></span> <span class='ocrx_word' id='word_1_866' title='bbox 2800 5141 3003 5188; x_wconf 90' lang='lat' dir='ltr'><strong>tantum</strong></span> <span class='ocrx_word' id='word_1_867' title='bbox 3057 5149 3153 5205; x_wconf 90' lang='lat' dir='ltr'><strong>pro</strong></span> <span class='ocrx_word' id='word_1_868' title='bbox 3197 5136 3274 5190; x_wconf 90' lang='lat' dir='ltr'><strong>eis</strong></span> <span class='ocrx_word' id='word_1_869' title='bbox 3308 5137 3516 5205; x_wconf 89' lang='lat' dir='ltr'><strong>agimus</strong></span> <span class='ocrx_word' id='word_1_870' title='bbox 3550 5149 3663 5190; x_wconf 86' lang='lat' dir='ltr'><strong>cum</strong></span> <span class='ocrx_word' id='word_1_871' title='bbox 3709 5132 3789 5184; x_wconf 85' lang='lat' dir='ltr'><strong>hoc</strong></span> 
     </span>
    </p>
   </div>
   <div class='ocr_carea' id='block_1_114' title="bbox 2244 5219 3789 5296">
    <p class='ocr_par' dir='ltr' id='par_1_114' title="bbox 2244 5219 3789 5296">
     <span class='ocr_line' id='line_1_114' title="bbox 2244 5219 3789 5296; baseline 0 -19"><span class='ocrx_word' id='word_1_872' title='bbox 2244 5224 2468 5294; x_wconf 87' lang='lat' dir='ltr'><strong>agimus,</strong></span> <span class='ocrx_word' id='word_1_873' title='bbox 2498 5221 2592 5277; x_wconf 87' lang='lat' dir='ltr'><strong>sed</strong></span> <span class='ocrx_word' id='word_1_874' title='bbox 2618 5222 2775 5277; x_wconf 87' lang='lat' dir='ltr'><strong>etiam</strong></span> <span class='ocrx_word' id='word_1_875' title='bbox 2823 5238 2919 5294; x_wconf 90' lang='lat' dir='ltr'><strong>pro</strong></span> <span class='ocrx_word' id='word_1_876' title='bbox 2958 5226 3152 5279; x_wconf 88' lang='lat' dir='ltr'><strong>nostris</strong></span> <span class='ocrx_word' id='word_1_877' title='bbox 3175 5226 3284 5296; x_wconf 90' lang='lat' dir='ltr'><strong>jam</strong></span> <span class='ocrx_word' id='word_1_878' title='bbox 3334 5224 3487 5280; x_wconf 90' lang='lat' dir='ltr'><strong>factis</strong></span> <span class='ocrx_word' id='word_1_879' title='bbox 3524 5219 3789 5279; x_wconf 85' lang='lat' dir='ltr'><strong>catholicis.</strong></span> 
     </span>
    </p>
   </div>
   <div class='ocr_carea' id='block_1_115' title="bbox 2244 5310 3791 5385">
    <p class='ocr_par' dir='ltr' id='par_1_115' title="bbox 2244 5310 3791 5385">
     <span class='ocr_line' id='line_1_115' title="bbox 2244 5310 3791 5385; baseline -0.005 -17"><span class='ocrx_word' id='word_1_880' title='bbox 2244 5314 2435 5385; x_wconf 90' lang='lat' dir='ltr'><strong>quibus</strong></span> <span class='ocrx_word' id='word_1_881' title='bbox 2455 5313 2666 5369; x_wconf 89' lang='lat' dir='ltr'><strong>illorum</strong></span> <span class='ocrx_word' id='word_1_882' title='bbox 2694 5315 2940 5370; x_wconf 87' lang='lat' dir='ltr'><strong>vicinitas</strong></span> <span class='ocrx_word' id='word_1_883' title='bbox 2961 5316 3039 5371; x_wconf 91' lang='lat' dir='ltr'><strong>sic</strong></span> <span class='ocrx_word' id='word_1_884' title='bbox 3061 5315 3250 5372; x_wconf 87' lang='lat' dir='ltr'><strong>infesta</strong></span> <span class='ocrx_word' id='word_1_885' title='bbox 3275 5325 3379 5382; x_wconf 89' lang='lat' dir='ltr'><strong>est,</strong></span> <span class='ocrx_word' id='word_1_886' title='bbox 3412 5326 3469 5371; x_wconf 93' lang='lat' dir='ltr'><strong>ut</strong></span> <span class='ocrx_word' id='word_1_887' title='bbox 3494 5310 3742 5371; x_wconf 85' lang='lat' dir='ltr'><strong>contemni</strong></span> <span class='ocrx_word' id='word_1_888' title='bbox 3765 5322 3791 5361; x_wconf 85' lang='lat' dir='ltr'><strong>a</strong></span> 
     </span>
    </p>
   </div>
   <div class='ocr_carea' id='block_1_116' title="bbox 2245 5400 3790 5479">
    <p class='ocr_par' dir='ltr' id='par_1_116' title="bbox 2245 5400 3790 5479">
     <span class='ocr_line' id='line_1_116' title="bbox 2245 5400 3790 5479; baseline 0.002 -19"><span class='ocrx_word' id='word_1_889' title='bbox 2245 5405 2398 5460; x_wconf 90' lang='lat' dir='ltr'><strong>nobis</strong></span> <span class='ocrx_word' id='word_1_890' title='bbox 2419 5404 2560 5459; x_wconf 93' lang='lat' dir='ltr'><strong>nullo</strong></span> <span class='ocrx_word' id='word_1_891' title='bbox 2588 5404 2746 5459; x_wconf 91' lang='lat' dir='ltr'><strong>modo</strong></span> <span class='ocrx_word' id='word_1_892' title='bbox 2774 5406 2961 5475; x_wconf 92' lang='lat' dir='ltr'><strong>possit.</strong></span> <span class='ocrx_word' id='word_1_893' title='bbox 2985 5407 3048 5462; x_wconf 86' lang='lat' dir='ltr'><strong>Et</strong></span> <span class='ocrx_word' id='word_1_894' title='bbox 3070 5407 3171 5462; x_wconf 91' lang='lat' dir='ltr'><strong>hoc</strong></span> <span class='ocrx_word' id='word_1_895' title='bbox 3196 5408 3407 5479; x_wconf 85' lang='lat' dir='ltr'><strong>quidem</strong></span> <span class='ocrx_word' id='word_1_896' title='bbox 3429 5406 3658 5463; x_wconf 84' lang='lat' dir='ltr'><strong>breviter</strong></span> <span class='ocrx_word' id='word_1_897' title='bbox 3680 5400 3790 5463; x_wconf 49' lang='lat' dir='ltr'><strong>seri.</strong></span> 
     </span>
    </p>
   </div>
   <div class='ocr_carea' id='block_1_117' title="bbox 2244 5494 3787 5569">
    <p class='ocr_par' dir='ltr' id='par_1_117' title="bbox 2244 5494 3787 5569">
     <span class='ocr_line' id='line_1_117' title="bbox 2244 5494 3787 5569; baseline -0.003 -18"><span class='ocrx_word' id='word_1_898' title='bbox 2244 5495 2369 5551; x_wconf 89' lang='lat' dir='ltr'><strong>bere</strong></span> <span class='ocrx_word' id='word_1_899' title='bbox 2394 5504 2660 5566; x_wconf 89' lang='lat' dir='ltr'><strong>poteram;</strong></span> <span class='ocrx_word' id='word_1_900' title='bbox 2689 5494 2782 5550; x_wconf 86' lang='lat' dir='ltr'><strong>sed</strong></span> <span class='ocrx_word' id='word_1_901' title='bbox 2808 5496 2948 5552; x_wconf 88' lang='lat' dir='ltr'><strong>volui</strong></span> <span class='ocrx_word' id='word_1_902' title='bbox 2975 5505 3027 5552; x_wconf 90' lang='lat' dir='ltr'><strong>te</strong></span> <span class='ocrx_word' id='word_1_903' title='bbox 3054 5497 3255 5555; x_wconf 87' lang='lat' dir='ltr'><strong>habere</strong></span> <span class='ocrx_word' id='word_1_904' title='bbox 3288 5498 3487 5569; x_wconf 89' lang='lat' dir='ltr'><strong>aliquid</strong></span> <span class='ocrx_word' id='word_1_905' title='bbox 3518 5498 3787 5553; x_wconf 82' lang='lat' dir='ltr'><strong>litterarum</strong></span> 
     </span>
    </p>
   </div>
   <div class='ocr_carea' id='block_1_118' title="bbox 2242 5588 3793 5657">
    <p class='ocr_par' dir='ltr' id='par_1_118' title="bbox 2242 5588 3793 5657">
     <span class='ocr_line' id='line_1_118' title="bbox 2242 5588 3793 5657; baseline -0.002 -13"><span class='ocrx_word' id='word_1_906' title='bbox 2242 5597 2563 5656; x_wconf 89' lang='lat' dir='ltr'><strong>nostrarum,</strong></span> <span class='ocrx_word' id='word_1_907' title='bbox 2599 5603 2704 5657; x_wconf 91' lang='lat' dir='ltr'><strong>quo</strong></span> <span class='ocrx_word' id='word_1_908' title='bbox 2731 5588 2987 5645; x_wconf 88' lang='lat' dir='ltr'><strong>rationem</strong></span> <span class='ocrx_word' id='word_1_909' title='bbox 3018 5606 3160 5646; x_wconf 76' lang='lat' dir='ltr'><strong>cura:</strong></span> <span class='ocrx_word' id='word_1_910' title='bbox 3198 5607 3330 5648; x_wconf 74' lang='lat' dir='ltr'><strong>mea:</strong></span> <span class='ocrx_word' id='word_1_911' title='bbox 3356 5606 3465 5646; x_wconf 90' lang='lat' dir='ltr'><strong>non</strong></span> <span class='ocrx_word' id='word_1_912' title='bbox 3503 5590 3666 5646; x_wconf 89' lang='lat' dir='ltr'><strong>solum</strong></span> <span class='ocrx_word' id='word_1_913' title='bbox 3694 5588 3793 5657; x_wconf 82' lang='lat' dir='ltr'><strong>ipse</strong></span> 
     </span>
    </p>
   </div>
   <div class='ocr_carea' id='block_1_119' title="bbox 2245 5680 3793 5755">
    <p class='ocr_par' dir='ltr' id='par_1_119' title="bbox 2245 5680 3793 5755">
     <span class='ocr_line' id='line_1_119' title="bbox 2245 5680 3793 5755; baseline -0.002 -18"><span class='ocrx_word' id='word_1_914' title='bbox 2245 5694 2609 5751; x_wconf 82' lang='lat' dir='ltr'><strong>cognosceres,</strong></span> <span class='ocrx_word' id='word_1_915' title='bbox 2635 5680 2725 5736; x_wconf 87' lang='lat' dir='ltr'><strong>sed</strong></span> <span class='ocrx_word' id='word_1_916' title='bbox 2755 5681 2914 5737; x_wconf 90' lang='lat' dir='ltr'><strong>etiam</strong></span> <span class='ocrx_word' id='word_1_917' title='bbox 2946 5683 3256 5755; x_wconf 90' lang='lat' dir='ltr'><strong>cuicumque</strong></span> <span class='ocrx_word' id='word_1_918' title='bbox 3271 5682 3596 5740; x_wconf 83' lang='lat' dir='ltr'><strong>dissuadenti</strong></span> <span class='ocrx_word' id='word_1_919' title='bbox 3613 5688 3793 5738; x_wconf 79' lang='lat' dir='ltr'><strong>netuo-</strong></span> 
     </span>
    </p>
   </div>
  </div>
