3962 6386
137 281 225 339 313
787 303 854 314 “—

137 411 234 454 rum
257 388 564 450 correctioni
586 400 805 460 operam
825 387 1087 445 instanter
1103 386 1400 460 impendas,
1432 388 1695 461 nobisque

137 484 394 545 detrahenti
421 482 561 554 quod
596 482 717 538 talia
746 481 994 548 velimus,
1051 481 1251 538 habeas
1277 483 1418 554 quod
1463 499 1692 555 respon-

137 583 256 636 deas.
277 574 418 644 Quod
449 575 491 629 si
513 572 786 644 superﬂuo
808 573 929 638 feci,
954 573 1092 644 quod
1122 573 1233 644 jam
1266 575 1364 629 ista
1391 576 1471 630 vel
1494 576 1694 631 didice-

137 689 221 736 ras,
248 671 318 725 vel
347 669 456 738 ipse
489 667 839 735 cogitaveras,
865 676 957 720 aut
982 682 1243 722 onerosus
1275 666 1346 720 fui
1376 667 1518 738 quod
1546 668 1692 723 curis

134 762 321 838 publicis
349 771 452 815 tam
479 769 740 827 occUpato
769 758 1025 826 prolixam
1040 759 1322 829 epistolam
1340 759 1555 828 ingessi,
1571 769 1692 829 peto

133 861 208 914 des
228 854 436 917 veniam,
467 852 594 906 dum
629 861 806 907 tamen
829 851 970 922 quod
999 851 1237 921 suggessi
1265 861 1320 907 et
1360 853 1540 922 rogavi
1583 868 1691 908 non

134 962 322 1020 spernas
352 961 365 1000 :
396 945 474 999 sic
504 951 556 999 te
583 952 794 998 tueatur
823 942 1189 999 misericordia
1219 944 1333 999 Dei.

592 1057 926 1116 EPISTOLA
967 1058 1058 1114 xc
1081 1063 1100 1084 ο
1119 1057 1216 1132 (α).

137 1177 382 1247 Augustino
413 1173 686 1229 Nectarius
712 1190 964 1245 paganus,
991 1190 1146 1244 agens
1174 1182 1227 1226 ut
1248 1173 1355 1228 suis
1382 1173 1573 1229 civibus
1599 1193 1689 1230 co-

188 1270 316 1322 lonia:
356 1266 670 1322 Calamcnsis
696 1266 1041 1320 condoneutur
1085 1281 1198 1336 qua
1233 1267 1523 1336 expetenda:
1549 1277 1690 1322 erant

190 1359 241 1412 ab
265 1360 381 1429 ipsis
408 1375 590 1429 pense,
611 1375 710 1411 non
733 1358 882 1412 modo
913 1357 1088 1411 violati
1104 1355 1319 1412 Ctesaris
1341 1358 1490 1412 edicti
1518 1376 1689 1414 recen-

190 1452 346 1506 tissimi
387 1450 698 1522 prohibentis
735 1467 797 1504 ue
831 1467 978 1504 sacra
1018 1448 1264 1503 solemnia
1299 1449 1449 1504 idolis
1487 1451 1684 1519 ﬁerent,

190 1545 262 1599 sed
284 1544 425 1596 etiam
442 1542 750 1612 injuriarum
767 1542 943 1611 quibus
955 1541 1074 1609 ipsi,
1093 1557 1354 1596 sacrorum
1374 1557 1581 1596 suorum
1603 1559 1689 1596 oc-

187 1634 383 1700 casione.
414 1632 728 1689 Christianos
752 1631 1043 1698 a/I'ecerant.

187 1746 390 1802 Domino
441 1745 632 1816 insigni
692 1754 747 1800 et
793 1745 986 1802 merito
1035 1746 1375 1819 suscipiendo
1423 1747 1610 1814 fratri,

411 1838 718 1893 AUGUSTINO
742 1838 1010 1909 episcopo,
1037 1837 1360 1896 NECTARIUS.

189 1950 368 2017 Quanta
388 1951 452 2003 sit
480 1949 701 2004 charitas
720 1949 900 2020 patria:
917 1990 931 2016 ,
964 1953 1203 2021 quoniam
1228 1952 1376 2016 nosti,
1419 1962 1681 2022 prcetereo.

132 2042 235 2097 Sola
257 2053 323 2095 est
351 2043 482 2096 eriim
524 2058 640 2112 quia
678 2051 943 2109 parentum
965 2045 1084 2111 jure
1113 2045 1278 2098 vincat
1303 2043 1560 2111 affectum.
1591 2046 1683 2116 (lui

128 2135 162 2186 si
182 2136 294 2189 ullus
308 2145 430 2188 esset
443 2135 742 2188 consulendi
765 2136 943 2189 modus
972 2145 1058 2188 aut
1080 2137 1198 2204 ﬁnis
1216 2138 1377 2202 bonis,
1408 2139 1557 2206 digne
1569 2141 1683 2208 jam

129 2224 177 2276 ab
195 2243 284 2294 ejus
309 2225 596 2279 muneribus
627 2227 899 2280 meruimus
920 2228 1168 2280 excusari.
1194 2228 1300 2283 Sed
1323 2230 1560 2298 quoniam
1578 2248 1684 2284 cre-

127 2318 200 2370 scit
217 2320 260 2371 in
287 2318 389 2372 dies
409 2319 634 2389 singulos
658 2318 863 2373 dilectio
888 2330 935 2373 et
960 2322 1123 2391 gratia
1141 2322 1374 2385 civitatis,
1406 2334 1681 2392 quantum-

125 2418 203 2470 que
223 2414 330 2456 tetas
360 2404 451 2472 ﬁni
469 2403 704 2472 proxima
733 2414 824 2466 est,
854 2414 1049 2458 tantum
1076 2406 1382 2460 incolumem
1404 2424 1462 2462 ac
1493 2412 1683 2479 ﬂoren-

125 2502 204 2546 tem
223 2494 486 2563 relinquere
513 2496 731 2564 patriam
757 2497 896 2564 cupit
923 2497 940 2529 ⁸
977 2512 997 2551 :
1020 2497 1206 2552 idcirco
1226 2501 1422 2569 gaudeo
1461 2503 1681 2570 primunt

124 2587 236 2651 quod
272 2585 404 2654 apud
441 2586 741 2640 instructum
785 2587 1068 2658 disciplinis
1092 2590 1322 2645 omnibus
1359 2592 1520 2646 virum
1558 2596 1682 2649 milii

125 2676 191 2728 lu'c
205 2687 267 2730 est
284 2695 436 2731 sermo
463 2677 741 2732 institutus.
769 2677 833 2732 In
856 2677 1140 2736 Calamensi
1163 2682 1363 2736 colonia
1383 2685 1542 2738 multa
1561 2697 1680 2740 sunt

122 2783 224 2834 qua:
250 2769 411 2821 merito
450 2769 756 2839 diligamus;
786 2770 862 2824 vel
884 2771 1020 2840 quod
1043 2773 1094 2825 in
1124 2789 1184 2826 ea
1209 2775 1364 2844 geniti
1390 2792 1584 2843 smnus,
1604 2779 1683 2832 vel

127 2859 252 2926 quod
273 2860 416 2911 cidem
438 2877 619 2932 magna
639 2863 912 2916 contulisse
931 2863 1157 2917 videmur
1181 2867 1363 2936 oﬂicia.
1396 2867 1520 2923 Hazc
1537 2888 1676 2942 ergo,

121 2947 298 3002 domine
332 2952 742 3018 praestantissime
779 2962 826 3006 et
871 2955 1048 3008 merito
1071 2957 1418 3026 suscipiende,
1460 2977 1559 3014 non.
1586 2962 1680 3016 levi

121 3040 270 3110 populi
291 3043 366 3095 sui
394 3054 560 3096 errata
585 3043 829 3116 puolapsa
843 3056 936 3100 est.
960 3046 1108 3112 Quod
1132 3049 1330 3118 quidem
1353 3052 1398 3104 si
1411 3053 1549 3122 juris
1579 3072 1678 3123 pu-

119 3134 214 3188 blici
240 3138 396 3206 rigore
417 3140 702 3204 metiamur,
731 3139 871 3194 debet
895 3141 1046 3211 plecti
1063 3143 1298 3196 severiori
1318 3161 1547 3199 censura.
1573 3146 1680 3202 Sed

120 3232 373 3300 episcopum
399 3229 478 3300 fas
497 3251 596 3286 non
625 3243 717 3296 est,
744 3235 839 3288 nisi
861 3235 1074 3288 salutem
1099 3236 1384 3292 hominibus
1401 3239 1674 3310 impertire,

119 3332 155 3372 et
179 3339 258 3392 pro
282 3334 414 3378 statu
453 3326 660 3381 melior:
689 3327 856 3381 causis
886 3328 1090 3392 adesse,
1128 3339 1174 3382 et
1206 3331 1345 3397 apud
1367 3332 1678 3402 omnipoten-

120 3421 195 3465 tem
231 3415 382 3469 Deum
413 3416 605 3470 veniam
631 3419 850 3472 aliorum
877 3421 1054 3473 mereri
1091 3420 1306 3474 delictis.
1344 3421 1679 3487 Quamobrem

117 3517 275 3570 quauta
305 3525 508 3576 possunt
534 3510 901 3580 supplicatione
926 3511 1141 3579 deposco
1163 3554 1178 3578 ,
1211 3522 1264 3565 ut
1288 3513 1333 3566 si
1360 3515 1677 3582 defendenda

119 3613 181 3649 res
201 3609 260 3653 est
281 3641 294 3663 ,
333 3601 572 3654 innoxius
607 3601 934 3672 defendatur,
968 3603 1030 3656 ab
1067 3603 1419 3659 innocentibus
1449 3607 1677 3661 molestia

115 3702 361 3757 separetur.
392 3690 594 3746 Prrcsta
615 3696 709 3746 hoc
723 3695 858 3760 quod
873 3694 1146 3748 secundum
1160 3705 1388 3750 naturam
1408 3706 1547 3751 tuam
1563 3715 1676 3768 per-

118 3781 230 3836 vides
252 3785 512 3853 postulari.
550 3784 625 3838 De
646 3785 844 3840 damnis
866 3785 1036 3854 facilis
1066 3796 1224 3856 potest
1255 3787 1426 3842 haberi
1449 3792 1677 3854 taxatio;

118 3882 281 3928 tantum
308 3878 558 3947 supplicia
590 3878 938 3948 deprecamur.
970 3879 1234 3950 Acceptior
1265 3881 1368 3936 Deo
1399 3883 1552 3948 vivas,
1578 3884 1675 3938 do-

119 3962 230 4017 mine
245 3966 448 4038 insignis
473 3977 520 4020 et
542 3969 716 4020 merito
737 3969 1053 4040 suscipiende
1078 3969 1254 4038 frater.

544 4080 874 4137 EPISTOLA
910 4083 1021 4139 XCI
1052 4088 1068 4108 ⁶
1103 4084 1197 4156 (b).

120 4183 350 4244 Invenitur
391 4195 704 4265 Augustinus
746 4195 799 4248 in
829 4193 1154 4266 Paganorum
1188 4215 1353 4264 sacra,
1383 4209 1429 4253 et
1463 4202 1675 4272 injurias

176 4279 456 4340 Christianis
489 4302 660 4339 recens
705 4285 880 4340 illatas
914 4304 946 4340 a
981 4287 1359 4345 Calamensibus
1383 4302 1673 4360 enumerat;

176 4376 416 4431 ostendens
457 4378 683 4448 ipsorum
719 4377 874 4432 saluti
903 4378 1164 4451 benignius
1206 4383 1352 4454 longe
1391 4386 1674 4441 consultum

177 4465 249 4531 iri,
274 4467 316 4521 si
357 4485 454 4523 non
496 4470 746 4540 impunita
788 4486 847 4525 co
892 4471 1076 4526 scelere
1113 4473 1180 4526 ad
1223 4475 1461 4542 audenda
1489 4478 1674 4532 similia

177 4571 502 4626 proeocentur.

120 4663 318 4723 Domino
343 4672 535 4728 eximio
564 4673 863 4744 meritoque
891 4673 1190 4731 honorabili
1221 4676 1372 4733 fratri
1395 4679 1669 4738 NECTARIO

699 4765 1054 4822 AUGUSTINUS.

180 4876 224 4929 l.
248 4875 353 4934 1am
377 4882 526 4937 senio
555 4881 963 4953 frigescentibus
993 4885 1245 4940 membris
1274 4929 1288 4951 ,
1322 4888 1527 4943 fervere
1554 4889 1670 4943 ani-

123 4980 245 5022 mum
273 4979 406 5029 tuum
428 4976 614 5046 patria:
637 4975 912 5040 cbaritate,
938 4993 1040 5032 nec
1069 4978 1253 5043 miror,
1285 4991 1340 5035 et
1369 4981 1560 5043 laudo;
1592 4991 1670 5037 te-

122 5070 326 5122 quonon
352 5074 550 5120 tantum
583 5074 764 5122 tenere
795 5069 1122 5134 memoriter,
1152 5086 1334 5124 verum
1359 5072 1522 5126 etiam
1556 5073 1664 5127 vita

121 5193 286 5318 nu;
308 5201 402 5249 Mss.
427 5212 616 5249 omnes.
642 5207 808 5259 nocte,
831 5199 1097 5251 referendo
1123 5203 1182 5252 ad
1206 5202 1506 5254 dilectionem
1524 5207 1672 5272 [cupi-

173 5336 189 5353 ⁶
210 5338 450 5415 adt-misit.
480 5352 580 5415 XC_
590 5352 643 5415 et
666 5351 751 5396 XCI
774 5347 1076 5411 castigandas
1104 5349 1392 5415 adjuverunt
1412 5365 1458 5400 a.
1489 5351 1573 5415 bg.
1599 5352 1667 5401 bl.

121 5395 191 5444 bu.
208 5411 249 5449 c.
267 5395 344 5452 oc:
388 5442 402 5456 .
425 5422 506 5471 εν.
539 5407 590 5456 ﬂ'.
619 5409 657 5470 j.
676 5395 725 5457 n.
743 5395 849 5459 ris:
864 5395 948 5459 si).
976 5395 1071 5460 vi:
1087 5395 1293 5461 idfuit};
1310 5395 1668 5476 ieiunia}:

123 5465 166 5506 et
187 5469 278 5511 Am.
436 5476 508 5519 Er.
539 5476 651 5518 Lov.

173 5542 374 5656 (4208M
390 5552 474 5603 ωε
495 5567 509 5602 :
530 5565 641 5625 quae
656 5560 819 5626 autem
840 5555 904 5606 90
926 5562 1046 5615 erat,
1067 5569 1193 5605 nunc
1218 5558 1321 5607 173.
1347 5559 1522 5620 Scripta
1546 5558 1672 5608 forte

122 5613 236 5674 αῦτη
298 5623 436 5674 ,_post
460 5615 480 5663 l
506 5615 636 5665 diem
653 5629 792 5674 jllllll.

506 5615 636 5665 diem
653 5615 792 5676 junii.
1447 5615 1476 5691 '_

178 5739 222 5750 _
243 5741 299 5750 __
347 5735 421 5750 4+
460 5678 913 5750 1:.quwautemi31
945 5688 1067 5741 erat,
1096 5694 1222 5729 nunc
1257 5681 1356 5730 182.
1384 5689 1562 5750 Scripta
1587 5697 1669 5734 eo-

125 5723 320 5780 deiu'an.
342 5723 663 5788 manasse.
678 5723 890 5801 augeat.

1343 268 1821 329 EPISTULABL‘M
1863 273 2140 337 CLASSIS
2179 280 2244 336 ll.

3277 295 3380 354 5N

1795 414 1859 455 ac
1889 403 2127 459 moribus
2156 405 2525 466 demonstrare
2551 409 2690 481 quod
2719 412 2898 468 nullus
2924 413 2992 470 sit
3035 417 3219 486 patriae
3247 432 3377 474 con-

1796 491 2006 549 sulendi
2036 497 2226 552 modus
2252 509 2341 553 aut
2367 500 2489 554 linis
2510 501 2685 570 bonis,
2711 519 2817 560 non
2842 504 3065 573 invitus,
3091 508 3198 563 imo
3219 509 3380 566 etiam

1797 582 1970 641 tibens
1991 589 2214 658 accipio.
2237 589 2387 647 Unde
2405 606 2653 665 superna:
2673 597 2949 667 cujusdam
2972 601 3180 669 patrue,
3205 602 3255 656 in
3282 618 3380 660 cu-

1792 673 1878 745 jus
1905 688 2090 734 sancto
2119 695 2305 738 amore
2332 698 2429 753 pro
2475 695 2658 740 nostro
2702 689 2940 757 modulo,
2973 690 3113 746 inter
3141 708 3234 748 eos
3262 695 3382 764 qui-

1793 764 1892 822 bus
1930 768 1997 823 ad
2039 770 2181 826 illam
2221 775 2605 844 capessendam
2635 781 2988 848 consulimus,
3020 786 3384 853 periclitamur

1791 865 1950 928 atque
1976 859 2304 930 laboramus,
2338 865 2497 921 talem
2525 869 2684 922 etiam
2715 871 2944 939 teipsum
2971 874 3143 930 civem
3187 877 3383 936 habere

1791 949 2071 1016 vellemus,
2105 964 2162 1008 ut
2191 957 2309 1025 ejus
2335 959 2685 1027 portiuncnlze
2729 963 2780 1017 in
2828 963 2927 1020 hac
2970 975 3109 1022 terra
3143 972 3382 1041 pcregri-

1797 1035 1965 1099 nanti,
1991 1037 2194 1090 nullum
2220 1043 2531 1097 consulendi
2557 1046 2770 1100 modum
2799 1050 3066 1124 ﬁnemque
3091 1035 3380 1132 censeres;

1795 1132 1944 1180 tanto
1965 1126 2183 1183 cll'ectus
2199 1132 2408 1198 melior,
2427 1147 2624 1204 quanto
2647 1140 2849 1196 meliori
2872 1143 3069 1201 civitati
3091 1149 3263 1206 ofticia
3287 1126 3386 1211 de;

1795 1215 1901 1270 bita
1946 1234 2296 1291 prmrogares,
2340 1225 2391 1277 in
2437 1227 2552 1295 ejus
2592 1238 2790 1284 :eterna
2823 1249 2948 1301 pace
2995 1239 3198 1294 nullmn
3243 1260 3380 1315 gau-

1793 1301 1952 1357 dendi
2004 1304 2161 1360 linem
2204 1308 2533 1377 inventurus,
2581 1314 2733 1384 cujus
2759 1316 2823 1369 ad
2854 1327 3061 1389 tempus
3107 1301 3380 1386 laboribtts

1795 1396 1995 1451 nullum
2041 1398 2132 1452 tibi
2165 1400 2321 1454 linem
2353 1411 2620 1460 statueres
2649 1411 2983 1467 consulendi.

1862 1491 1916 1544 2.
1947 1490 2144 1547 Verum
2176 1493 2277 1550 hoc
2301 1495 2472 1552 donec
2499 1498 2606 1564 lint,
2635 1517 2805 1572 neque
2828 1506 2968 1560 enim
2992 1508 3379 1580 desperandum

1792 1593 1894 1646 est,
1930 1584 2072 1639 illam
2110 1595 2160 1640 te
2188 1590 2412 1658 patriam
2440 1606 2598 1661 posse
2624 1596 2920 1665 acquirere,
2961 1602 3039 1655 vel
3059 1604 3169 1672 jam
3195 1613 3380 1680 acqui-

1792 1675 2009 1730 rendam
2050 1677 2464 1747 prudentissime
2501 1684 2736 1754 cogitare
2760 1728 2776 1752 ,
2831 1688 2895 1742 ad
2922 1706 3079 1759 quam
3130 1704 3182 1751 te
3234 1675 3383 1768 pater

1793 1768 1951 1821 etiam
1979 1769 2068 1837 qui
2109 1768 2160 1823 in
2190 1771 2290 1825 ista
2320 1774 2523 1843 genuit;
2568 1779 2881 1846 antecessit;
2914 1782 3016 1838 hoc
3042 1801 3169 1858 ergo
3212 1790 3382 1850 donec

1792 1856 1902 1922 ﬂat,
1949 1858 2014 1911 da
2058 1860 2213 1916 nobis
2255 1863 2486 1930 veniam,
2528 1867 2572 1920 si
2621 1879 2842 1938 propter
2871 1856 3375 1943 patriam-nostram

1789 1961 1948 2016 quam
1974 1949 2217 2016 cupimus
2240 1967 2508 2024 nunquam
2537 1958 2857 2030 relinquere,
2884 1968 3261 2028 contristamus
3279 1991 3378 2046 pa-

1790 2039 1945 2094 triam
1979 2049 2123 2096 tuam
2151 2059 2308 2114 quam
2346 2047 2494 2117 cupis
2535 2049 2809 2108 florentem
2839 2057 3160 2129 relinquere.
3193 2039 3382 2124 De-cuo

1783 2129 1872 2199 jus
1891 2131 2102 2200 quidem
2131 2134 2368 2198 ﬂoribus,
2397 2138 2440 2191 si
2462 2153 2582 2194 cum
2616 2151 2704 2197 tua
2725 2146 2999 2214 prudentia
3023 2151 3372 2226 disputemus,

1789 2241 1896 2279 non
1927 2235 2010 2280 est
2034 2228 2324 2282 verendum
2370 2247 2436 2285 ne
2467 2233 2559 2286 tibi
2587 2234 2808 2290 difﬁcile
2850 2245 3249 2315 persuadeatur,
3283 2262 3374 2307 aut

1787 2331 1917 2370 vero
1943 2317 2102 2371 etiam
2131 2334 2235 2373 non
2261 2320 2412 2376 facile
2443 2334 2687 2380 occurrat
2714 2331 3158 2398 quemadmodum
3187 2337 3378 2398 ﬂorere

1788 2407 1974 2461 civitas
2004 2409 2211 2464 debeat.
2265 2411 2716 2472 Commemoravit
2760 2431 2912 2489 poeta
2956 2426 3044 2481 ille
3083 2439 3376 2490 vestrarum

1786 2498 2108 2555 clarissimus
2137 2503 2431 2559 litterarum
2463 2509 2720 2577 quosdam
2753 2512 2912 2570 ﬂores
2941 2516 3134 2585 Italiae;
3163 2524 3255 2579 sed
3279 2543 3376 2584 nos

1787 2589 1838 2642 in
1866 2600 2042 2646 vestra
2082 2594 2249 2661 patria
2293 2610 2398 2649 non
2429 2605 2535 2651 tam
2562 2604 2767 2670 experti
2797 2619 3011 2672 sumus,
3060 2613 3252 2681 quibus
3277 2616 3377 2673 ﬂo-

1786 2682 1951 2735 ruerit
1997 2691 2136 2737 terra
2184 2685 2271 2739 illa
2318 2686 2466 2753 viris,
2519 2706 2676 2758 quam
2705 2695 2896 2763 quibus
2939 2704 3128 2757 arserit
3155 2708 3319 2764 armis
3360 2729 3374 2765 :

1787 2770 1895 2824 imo
1939 2787 2065 2827 vero
2117 2789 2221 2829 non
2266 2778 2451 2844 armis,
2481 2781 2574 2835 sed
2608 2781 2866 2850 ﬂammis;
2900 2806 3000 2845 nec
3042 2798 3252 2863 arserit,
3280 2801 3375 2857 sed

1785 2863 2099 2919 incenderit.
2133 2866 2287 2933 Quod
2320 2879 2521 2926 tantum
2555 2877 2730 2931 scelus
2759 2878 2803 2933 si
2835 2881 2992 2936 fuerit
3033 2884 3374 2961 impunitum,

1786 2955 1929 3008 nulla
1959 2955 2118 3026 digna
2167 2961 2501 3018 correctione
2542 2980 2846 3036 pravorum,
2878 2955 3154 3031 ﬂorentem
3200 2988 3252 3034 te
3279 2955 3374 3051 pa;

1786 3046 1938 3100 triam
1968 3057 2119 3117 putas
2141 3050 2490 3107 relicturum?
2515 3054 2561 3110 Ο
2580 3056 2738 3114 ﬂores
2762 3075 2868 3115 non
2898 3064 3056 3133 plane
3085 3046 3370 3141 fructuum,

1784 3141 1876 3195 sed
1905 3143 2208 3212 spinarum!
2235 3144 2494 3218 Compara
2521 3167 2662 3208 nunc
2688 3163 2862 3210 utrum
2891 3159 3041 3214 malis
3066 3161 3258 3220 ﬂorere
3278 3183 3373 3236 pa-

1788 3235 1942 3288 triam
1974 3245 2117 3292 tuam
2171 3239 2386 3308 pietate,
2429 3258 2494 3295 an
2526 3243 2839 3314 impunitate
2863 3250 2901 3314 ¹,
2927 3255 3182 3309 correctis
3211 3235 3375 3314 mori-

1783 3324 1903 3388 bus,
1929 3342 1994 3380 an
2023 3329 2228 3384 securis
2255 3332 2494 3386 ausibus.
2526 3335 2787 3405 Compara
2818 3339 2938 3405 ista,
2970 3351 3023 3396 et
3051 3344 3169 3400 vide
3197 3357 3371 3404 utrum

1786 3415 1838 3470 in
1885 3419 2070 3488 patriae
2111 3430 2213 3475 tua:
2254 3437 2437 3478 amore
2478 3442 2574 3480 nos
2602 3429 2812 3498 vincas;
2855 3442 3031 3491 utrum
3062 3453 3178 3494 eam
3208 3443 3376 3513 ntagis

1783 3513 2068 3583 veriusque
2093 3515 2276 3585 cupias
2301 3517 2514 3583 ﬂorere,
2546 3538 2702 3590 quam
2732 3540 2848 3579 nos.

1853 3606 1905 3661 3.
1935 3607 2146 3664 Intuere
2169 3610 2436 3678 paululum
2462 3613 2605 3682 ipsos
2625 3615 2692 3669 de
2721 3617 3208 3691 Republicalibros,
3231 3628 3374 3686 unde

1783 3694 1930 3751 illum
1963 3697 2211 3754 allectum
2240 3702 2591 3758 amantissimi
2645 3707 2778 3760 civis
2818 3710 3049 3775 ebibisti,
3079 3717 3222 3784 quod
3251 3720 3372 3773 uul-

1782 3786 1865 3842 lus
1893 3789 1961 3842 sit
1991 3791 2173 3858 patria:
2201 3794 2514 3848 consulendi
2545 3796 2736 3851 modus
2759 3840 2774 3864 ,
2803 3810 2895 3854 aut
2933 3801 3053 3857 linis
3079 3805 3251 3862 hortis.
3279 3807 3370 3863 ln-

1783 3885 1953 3942 tuere,
1996 3879 2222 3935 obsecro
2267 3890 2338 3949 te,
2368 3892 2421 3939 et
2450 3900 2612 3940 cerne
2651 3891 2863 3956 quantis
2890 3891 2959 3946 ibi
2990 3892 3234 3951 laudibus
3265 3897 3375 3954 fru-

1779 3970 1968 4038 galitas
2013 3979 2067 4025 et
2105 3973 2428 4029 continentia
2463 3977 2811 4046 praedicetur,
2844 3988 2900 4036 et
2937 3998 3062 4054 erga
3091 3987 3371 4058 conjugale

1780 4061 2043 4116 vinculum
2073 4063 2223 4130 lides,
2256 4066 2492 4137 castique
2519 4067 2735 4123 honesti
2765 4087 2829 4125 ac
2852 4073 3002 4139 probi
3032 4091 3229 4144 mores,
3261 4082 3374 4149 qui-

1780 4151 1882 4206 bus
1909 4168 2028 4206 cum
2060 4155 2336 4224 praepollet
2361 4157 2550 4210 civitas
2572 4199 2584 4221 ,
2615 4174 2740 4213 vere
2785 4160 2979 4216 ﬂorere
3014 4164 3237 4220 dicenda
3266 4180 3369 4226 est.

1784 4245 1845 4300 Hi
1875 4255 2053 4301 autem
2099 4263 2276 4302 mores
2306 4249 2356 4302 in
2400 4249 2654 4306 Ecclesiis
2679 4261 2790 4306 toto
2815 4254 2943 4310 orbe
2985 4262 3369 4326 crescentibus,

1785 4346 2034 4408 tanquam
2066 4339 2117 4392 in
2146 4340 2344 4394 sanctis
2369 4339 2646 4397 auditoriis
2673 4345 2992 4414 populorum
3015 4347 3274 4407 docentur
3302 4363 3372 4408 at-

1779 4445 1882 4500 que
1909 4430 2204 4497 discuntur,
2237 4440 2291 4486 et
2333 4433 2563 4487 maxime
2595 4434 2769 4504 pietas
2793 4454 2895 4508 qua
2940 4457 3097 4498 verus
3125 4452 3181 4499 et
3208 4462 3371 4504 verax

1779 4526 1984 4580 colatur
2011 4527 2173 4592 Deus,
2220 4530 2307 4598 qui
2339 4528 2455 4584 haec
2481 4532 2681 4596 omnia,
2726 4533 2917 4604 quibus
2945 4536 3155 4592 animus
3184 4555 3371 4595 numa-

1778 4631 1880 4671 nus
1901 4617 2094 4672 divina:
2120 4618 2358 4673 societati
2391 4622 2411 4652 ²
2438 4621 2502 4674 ad
2533 4622 2932 4679 inhabitandam
2973 4637 3225 4684 :eternam
3252 4645 3366 4688 ca:-

1777 4709 2073 4779 lestemque
2104 4709 2370 4765 civitatem
2416 4712 2698 4768 instruitur
2721 4725 2774 4770 et
2797 4725 3036 4786 aptatur,
3067 4734 3170 4772 non
3193 4721 3365 4779 solun]

1773 4801 1926 4871 jubet
1964 4801 2350 4871 aggredienda,
2416 4819 2598 4859 verum
2642 4806 2800 4860 etiam
2844 4806 3005 4862 donat
3073 4810 3360 4879 implenda.

1774 4890 1905 4948 lnde
1933 4899 2015 4945 cst
2050 4891 2190 4962 quod
2220 4892 2441 4947 deorum
2483 4896 2772 4952 multorum
2803 4897 3166 4969 falsorumque
3194 4901 3365 4957 simu-

1775 4983 1939 5048 lacra,
1965 4993 2019 5039 ct
2042 4985 2284 5055 prardixit
2303 5003 2550 5042 eversum
2575 4989 2658 5053 iri,
2687 4999 2742 5044 et
2769 4992 3024 5061 prmcepit
3049 4995 3240 5049 everti.
3272 4995 3366 5051 Ni-

1776 5076 1846 5131 hil
1873 5077 2016 5132 cnim
2050 5077 2296 5134 homines
2327 5090 2431 5134 tam
2455 5080 2793 5137 insociabiles
2813 5082 3124 5141 redditvilm
3150 5102 3366 5158 perver—

1774 5168 1950 5232 sitate,
1974 5185 2132 5241 quam
2161 5171 2368 5226 illorum
2396 5171 2616 5227 deorum
2664 5173 2912 5239 imitatio,
2942 5177 3127 5248 quales
3156 5179 3361 5236 descri-

1776 5261 1972 5316 buntur
1998 5271 2052 5316 et
2074 5263 2520 5318 commendantur
2551 5265 2744 5320 litteris
2771 5282 2984 5323 eorum.

1844 5355 1898 5409 4.
1941 5355 2180 5427 Denique
2205 5357 2278 5411 illi
2301 5358 2594 5413 doctissimi
2621 5359 2741 5427 viri,
2768 5361 2857 5433 qui
2888 5362 3267 5434 rempublicam
3286 5364 3358 5417 cio

1772 5449 2094 5522 vitatcmquc
2127 5459 2420 5519 terrenam,
2438 5454 2609 5524 qualis
2625 5455 2703 5511 eis
2712 5469 2832 5512 esse
2848 5455 3049 5511 debere
3062 5453 3356 5523 videbatur,

1837 5606 1855 5675 ξ
1889 5605 2315 5675 t.ov.,_i_mpietate;
2357 5617 2466 5675 uss.
2491 5624 2628 5672 vero,
2648 5609 2943 5675 impunitate,

1834 5669 1856 5699 ’
1877 5669 2090 5739 Attautxld.
2110 5669 2172 5720 Ἀι
2193 5669 2304 5739 uss.
2325 5674 2531 5724 vaticani
2558 5669 3000 5739 et'quatuordecim
3020 5686 3052 5725 e
3073 5675 3252 5726 nostris
3273 5675 3355 5728 ba-

1770 5732 1909 5792 bent,
1935 5729 2099 5781 divina
2117 5730 2357 5784 societate.
