3962 6390
605 359 709 414 515

611 482 782 555 magis
826 473 1139 535 domesticis
1183 465 1633 543 disputationibus
1679 457 2084 555 requirebant,‘
2111 451 2200 517 vel

611 549 772 636 etian
799 571 1197 633 describebant,
1217 578 1375 637 quam
1399 558 1627 631 publicis
1644 552 1941 611 actionibus
1960 549 2201 617 instituet

614 670 746 725 bant
768 674 930 735 atque
951 659 1270 723 formabant,
1290 652 1533 725 egregios
1552 658 1711 720 atque
1731 644 2045 710 laudabiles,
2064 655 2203 715 quas

618 761 877 835 putabant
901 754 1168 816 homines,
1200 748 1376 821 potius
1412 757 1575 817 quam
1601 741 1735 798 deos
1760 754 1890 795 suos
1915 735 2203 803 imitandos

618 854 988 929 proponebant
1034 843 1341 907 erudiendae
1384 838 1551 898 indoli
1574 835 1890 909 juventutis.
1917 834 2205 929 Errantes.

619 921 975 1005 ierentianus
998 941 1088 996 ille
1106 936 1439 998 adolescens,
1466 930 1556 1001 qui
1586 936 1837 998 spectans
1863 923 2096 985 tabulam
2123 921 2210 994 pip

621 1042 765 1086 ctam
797 1029 849 1083 in
867 1027 1068 1098 pariete
1088 1063 1103 1089 .
1130 1022 1217 1079 ubi
1246 1021 1448 1090 pictura
1477 1019 1648 1079 inerat
1671 1015 1737 1075 de
1764 1011 2024 1069 adulterio
2060 1006 2200 1077 regis

624 1122 846 1178 deorum
867 1159 884 1186 ,
917 1118 1188 1175 libidinem
1216 1129 1321 1185 qua
1368 1111 1671 1182 rapiebatur
1696 1148 1713 1175 ,
1761 1105 1988 1165 stimulis
2042 1101 2201 1159 etiam

625 1224 788 1273 tanta:
815 1209 1144 1267 auctoritatis
1169 1204 1408 1262 accendit
1429 1200 1529 1274 (ιι),
1554 1201 1699 1255 nullo
1715 1197 1935 1257 modein
1958 1193 2085 1249 illud
2107 1191 2205 1253 lla-

621 1306 807 1376 gitiutn
843 1296 1360 1369 velconeupiscendo
1401 1294 1665 1348 laberetur
1688 1331 1702 1351 ,
1739 1289 1821 1343 vel
1850 1283 2204 1359 perpetrando

623 1398 1052 1466 immergeretnr,
1083 1393 1126 1447 si
1156 1393 1409 1445 Catonem
1426 1386 1698 1441 maluisset
1719 1381 1911 1437 imitari
1933 1395 2089 1449 quam
2114 1377 2205 1433 Jo-

625 1505 775 1544 vem:
801 1488 895 1544 sed
916 1501 1021 1555 quo
1046 1492 1199 1555 pacto
1227 1483 1277 1536 id
1305 1482 1521 1542 laceret,
1548 1494 1669 1533 eum
1698 1472 2205 1542 intemplisadorare

627 1589 903 1651 cogeretur
929 1578 1116 1633 Jovem
1134 1575 1305 1644 potius
1317 1587 1474 1642 quam
1490 1570 1741 1623 Catonem
1759 1567 1781 1619 Ἰ
1796 1564 1991 1620 Verum
2008 1563 2120 1618 hate
2136 1577 2203 1618 ex

625 1671 882 1727 comoedia
893 1668 1180 1739 ,qnibusim
1189 1668 1393 1735 piorum
1409 1663 1563 1717 luxus
1578 1658 1893 1729 etsacrilega
1905 1656 2205 1726 superstitis

628 1762 1030 1817 convinceretur
1052 1799 1067 1822 ,
1102 1756 1335 1826 proferre
1364 1753 1582 1809 forsitan
1611 1768 1717 1806 non
1757 1750 2035 1805 debemus.
2064 1746 2207 1817 Lege

629 1855 712 1910 vel
733 1852 908 1908 recole
934 1852 983 1905 in
1006 1849 1206 1905 eisdem
1234 1848 1382 1903 libris
1404 1862 1559 1915 quam
1582 1843 1871 1914 prudenter
1889 1842 2202 1903 disseratur,

631 1945 774 2000 nullo
802 1943 962 1998 modo
990 1941 1227 2011 potuisse
1252 1939 1567 2007 scriptiones
1594 1944 1648 1990 et
1672 1934 1908 1990 actiones
1930 1930 2093 2002 recipi
2116 1944 2209 1985 co-r

632 2037 965 2097 moediarum,
994 2032 1097 2087 nisi
1117 2046 1294 2086 mores
1316 2028 1679 2099 recipientium
1709 2031 2066 2082 consonarent
2092 2038 2105 2074 :
2137 2022 2207 2077 ita

629 2128 1043 2184 clarissimorum
1072 2126 1301 2179 virorum
1326 2123 1375 2176 in
1421 2121 1685 2189 republica
1710 2117 2083 2173 excellentium
2107 2155 2124 2180 ,
2155 2121 2209 2181 et

627 2220 694 2275 de
737 2219 1005 2287 republica
1050 2216 1432 2284 disputantium
1470 2211 1784 2266 auctoritate
1816 2210 2080 2273 lirmatur,
2112 2220 2208 2260 ne-

627 2312 912 2385 quissimos
949 2311 1190 2366 homines
1244 2307 1358 2363 ﬁeri
1397 2306 1613 2360 deorum
1644 2303 1934 2358 imitatione
1960 2299 2168 2371 pejores
2190 2338 2207 2365 ,

633 2420 741 2459 non
770 2420 903 2461 sane
929 2416 1199 2463 verorum.
1232 2400 1325 2456 sed
1354 2398 1605 2453 falsorum
1636 2405 1794 2464 atque
1819 2395 2080 2449 ﬂeturum.

703 2498 757 2553 5.
791 2500 858 2551 At
883 2495 1025 2549 enim
1070 2494 1154 2548 illa
1185 2492 1359 2546 omnia
1400 2505 1520 2560 quae
1542 2488 1831 2558 antiquitus
1854 2485 1921 2540 de
1948 2486 2050 2539 vita
2076 2482 2209 2538 deo.

634 2605 752 2645 rum
782 2589 1123 2657 moribusque
1150 2586 1445 2654 conscripta
1460 2593 1602 2646 sunt,
1627 2584 1781 2651 longe
1806 2581 1962 2635 aliter
1985 2587 2108 2633 sunt
2130 2578 2210 2631 inv

636 2680 913 2751 telligenda
941 2687 1098 2748 atque
1124 2675 1515 2746 interpretanda
1544 2674 1888 2743 sapieutibus.
1916 2671 1987 2725 lta
2010 2684 2137 2724 vero
2155 2670 2209 2724 in

633 2772 849 2845 templis
877 2771 1083 2842 populis
1127 2770 1455 2840 congregatis
1482 2766 1691 2823 recitari
1729 2763 2093 2834 hujuscemodi
2120 2777 2209 2818 ssc

632 2866 811 2923 lubres
861 2863 1319 2931 interpretationes
1354 2860 1466 2916 heri
1493 2869 1547 2915 et
1595 2858 1970 2914 nudiustertius
2004 2856 2209 2911 audivi.

634 2974 772 3015 mus.
804 2957 998 3025 Quae
1027 2967 1078 3011 te
1100 2997 1114 3022 ,
1145 2954 1343 3011 siccius
1375 2968 1577 3009 eccum
1619 2960 1702 3007 est
1732 2951 2016 3005 humanum
2044 2961 2211 3019 genus

635 3052 888 3107 adversus
928 3051 1202 3105 veritatem
1226 3089 1240 3111 ,
1273 3054 1332 3101 nt
1358 3057 1463 3101 tam
1492 3054 1671 3115 aperta
1698 3051 1753 3098 et
1800 3043 2073 3098 manifesta
2102 3055 2207 3095 non

632 3142 860 3199 sentiat?
888 3141 987 3195 Tot
1017 3142 1148 3195 locis
1169 3140 1400 3209 pingitur
1421 3181 1436 3203 ,
1464 3139 1699 3191 funditur
1722 3178 1737 3201 ,
1772 3136 2028 3200 tunditur,
2058 3135 2208 3190 scul-

637 3236 797 3304 pitur,
826 3231 1093 3297 scribitur,
1128 3232 1336 3301 legitur,
1366 3231 1555 3300 agitur,
1575 3238 1834 3294 cantatur,
1860 3230 2085 3283 saltatur
2108 3228 2204 3282 Ju-

636 3324 773 3395 piter
794 3365 809 3389 ,
841 3323 1098 3378 adulteria
1147 3331 1290 3375 tanta
1319 3322 1688 3381 committens;
1722 3329 1974 3388 quantum
2012 3326 2127 3372 erat
2156 3324 2213 3371 ut

634 3416 688 3472 in
717 3430 814 3473 suo
833 3416 1021 3473 saltem
1048 3413 1309 3483 Capitolio
1330 3413 1426 3465 ista
1458 3411 1744 3480 prohibens
1764 3411 2028 3481 legeretur
2047 3410 2070 3463 7
2088 3410 2213 3472 Haec

632 3510 771 3565 mala
803 3508 1076 3563 dedecoris
1116 3506 1507 3576 impietatisque
1537 3505 1835 3575 plenissima
1861 3546 1875 3571 ,
1909 3505 1953 3559 si
1999 3506 2211 3560 nomine

631 3602 946 3673 prohibente
976 3603 1026 3656 in
1054 3601 1261 3669 populis
1288 3599 1540 3661 ferveant,
1571 3596 1860 3653 adorentur
1887 3598 1941 3650 in
1970 3596 2205 3666 templis,

637 3692 912 3749 rideantur
940 3692 990 3745 itt
1011 3692 1253 3755 theatris,
1283 3705 1405 3743 cum
1438 3689 1517 3742 his
1546 3688 1785 3743 victimas
1813 3688 2090 3741 immolant
2115 3703 2209 3742 va-

625 3792 807 3847 stetur
860 3794 1020 3850 pecus
1059 3781 1216 3836 etiam
1267 3796 1573 3849 pauperum,
1620 3796 1740 3833 cum
1780 3779 1896 3834 hinc
1925 3779 2212 3834 histriones

634 3882 795 3943 agunt
820 3882 873 3929 et
899 3872 1093 3926 saltant
1113 3871 1446 3926 eﬂundantur
1470 3872 1781 3940 patrimonia
1812 3870 2052 3932 divitum,
2075 3870 2211 3924 civi.

640 3973 775 4020 tates
826 3962 1017 4019 ﬂorere
1067 3961 1357 4017 dicuntur?
1409 3962 1605 4017 Horum
1658 3962 1812 4031 plane
1873 3960 2061 4015 ﬂorum
2104 3977 2210 4018 non

641 4063 778 4115 terra
810 4055 1021 4120 fertilis,
1056 4071 1157 4109 non
1184 4055 1356 4124 aliqua
1380 4054 1603 4123 opulens
1630 4055 1800 4108 virtus
1825 4095 1838 4117 ,
1871 4054 1966 4109 scd
1996 4054 2081 4107 illa
2111 4055 2210 4110 dett

639 4148 794 4203 Flora
824 4148 978 4217 digna
1010 4158 1179 4203 mater
1205 4148 1413 4201 inventa
1441 4155 1543 4211 est,
1568 4147 1716 4214 cujus
1753 4145 1858 4200 ludi
1883 4147 2077 4200 scenici
2106 4156 2209 4201 tam

639 4240 887 4294 eﬂusiore
911 4247 965 4293 et
993 4239 1267 4294 licentiore
1294 4238 1613 4309 turpitudine
1642 4238 1999 4303 celebrantur,
2029 4238 2215 4307 utqui-

642 4330 719 4385 vis
749 4328 1007 4397 intelligat
1033 4329 1185 4397 quale
1210 4328 1529 4389 dzt-moniutn
1551 4330 1639 4392 sit,
1670 4328 1809 4397 quod
1844 4329 2036 4397 joylacari
2060 4330 2213 4385 aliter

633 4436 740 4474 non
783 4426 976 4487 potest,
1005 4418 1103 4472 nisi
1137 4418 1242 4471 illic
1266 4433 1369 4471 non
1394 4432 1539 4482 aves,
1560 4434 1661 4471 non
1685 4419 2074 4487 quadrupedes,
2106 4435 2209 4481 non

578 4542 583 4547 ι
643 4510 872 4579 denique
900 4509 1113 4577 sanguis
1137 4507 1417 4571 humanus,
1441 4506 1533 4562 sed
1554 4506 1722 4563 multo
1740 4508 2017 4564 scelestius
2044 4509 2213 4579 pudor

640 4604 909 4663 humanus
938 4608 1185 4669 tanquam
1227 4599 1527 4655 immolatus
1554 4599 1796 4656 intereat.

706 4698 758 4753 ὅ.
804 4696 927 4751 Hinc
956 4694 1062 4753 dixi
1100 4702 1312 4762 propter
1340 4693 1480 4763 quod
1519 4690 1773 4763 scripsisti
1795 4735 1808 4757 ,
1838 4703 2090 4764 quantum
2117 4695 2209 4751 tibi

637 4799 768 4845 aetas
793 4787 883 4843 ﬁni
913 4787 1149 4856 proxima
1189 4795 1296 4850 est,
1325 4801 1519 4855 cupere
1547 4794 1598 4839 te
1628 4794 1681 4839 ut
1708 4787 1931 4854 patriam
1958 4793 2100 4841 tuam
2127 4787 2208 4843 in~

634 4879 903 4934 columem
928 4893 991 4934 ac
1016 4879 1292 4934 ﬂorentem
1314 4879 1595 4947 relinquas.
1616 4876 1894 4932 Tollantur
1922 4877 2009 4931 illa
2029 4878 2207 4933 omnia

632 4984 772 5026 vana
802 4978 856 5025 et
884 4971 1062 5025 insana
1085 5012 1098 5034 ,
1126 4979 1501 5026 convertantur
1527 4969 1770 5025 homines
1800 4970 1865 5023 ad
1904 4984 2087 5025 verum
2116 4969 2209 5024 Dei

638 5060 838 5116 cultum
884 5076 1161 5131 moresque
1204 5070 1378 5117 castos
1402 5070 1454 5115 et
1482 5061 1629 5131 pios,
1664 5070 1787 5116 tunc
1816 5062 2034 5129 patriam
2067 5070 2208 5117 tuam

633 5152 919 5211 ﬂorentem
951 5152 1180 5219 videbis,
1203 5170 1306 5209 non
1340 5154 1586 5222 opinione
1612 5154 1911 5217 stultorum,
1942 5153 2035 5208 sed
2065 5155 2205 5207 veri-

638 5254 744 5299 tate
776 5244 1120 5313 sapientium;
1149 5260 1271 5303 cunt
1294 5244 1411 5301 haec
1451 5244 1614 5313 patria
1654 5244 1880 5301 carnalis
1915 5247 2208 5314 generatio-

632 5341 722 5389 nis
756 5345 879 5401 tnw,
912 5336 1087 5403 portio
1114 5334 1273 5397 fuerit
1315 5336 1454 5395 illius
1483 5336 1687 5405 patrita.
1717 5337 1798 5395 cui
1830 5352 1932 5393 non
1962 5352 2205 5406 corpore,

639 5430 733 5484 sed
763 5427 864 5484 lide
886 5428 1173 5495 nascimur,
1202 5428 1288 5491 ulti
1308 5444 1494 5484 omnes
1514 5430 1678 5485 sancti
1702 5438 1758 5484 et
1774 5429 1956 5486 ﬂdeles
1980 5431 2069 5486 Dei
2092 5442 2210 5500 post

646 5519 859 5573 labores
890 5520 1029 5574 velut
1056 5519 1311 5575 hiemales
1336 5521 1457 5574 vitae
1486 5521 1656 5588 hujus,
1688 5522 1963 5575 intermina
1994 5524 2207 5576 αξιοι-ιιὶ-

648 5621 753 5668 tate
778 5614 1056 5668 ﬂorebunt.
1086 5613 1243 5667 Nobis
1271 5616 1443 5681 itaque
1460 5614 1605 5668 cordi
1637 5623 1732 5681 est,
1770 5630 1939 5685 neque
1964 5614 2205 5671 chriStian

694 5764 769 5829 (α)
786 5773 836 5815 tn
856 5768 1099 5829 Eunucho,
1120 5776 1212 5820 act.
1238 5769 1287 5829 5,
1311 5780 1445 5819 scen.
1468 5768 1517 5821 5.

1849 342 1909 399 S.
1948 330 2312 403 AUGUSTINI
2349 328 2650 401 EPISCUPI
3705 343 3780 401 διδ

2304 461 2428 503 nam
2476 444 2727 505 amittere
2768 443 3228 507 mmetudinem
3251 484 3268 512 .
3305 459 3468 519 neque
3502 452 3783 519 perniciosum

2303 538 2515 604 caeteris
2543 538 2859 594 imitationis
2899 536 3205 609 exemplum
3242 536 3294 597 in
3323 537 3404 597 illa
3440 539 3624 598 civitate
3663 548 3782 601 relin-

2304 645 2489 707 quere.
2517 629 2795 695 Quomodo
2820 627 2871 684 id
2897 643 3116 700 agamus
3139 669 3152 691 ,
3184 626 3350 687 aderit
3378 628 3536 698 DctIS,
3573 633 3611 688 si
3631 635 3691 695 eis
3712 654 3785 702 non

2307 724 2379 779 ita
2404 722 2634 795 graviter
2655 721 2972 792 indignetur.
2997 718 3245 787 Alioquin
3272 726 3324 774 et
3346 725 3656 781 mansuetudo
3671 743 3784 797 quam

2306 828 2520 871 servare
2545 813 2808 883 cupimus,
2836 820 2890 871 et
2915 810 3194 879 disciplina
3219 825 3318 881 qua
3345 813 3417 867 uti
3454 813 3684 871 moderate
3706 821 3787 875 niti-

2305 920 2426 959 mur
2446 945 2463 973 ,
2494 904 2734 975 impediri
2762 912 2959 975 potest,
2983 903 3030 959 si
3060 902 3170 961 Deo
3197 902 3335 959 aliud
3363 904 3410 963 in
3441 906 3626 960 occulto
3648 907 3786 979 placet,

2306 996 2419 1051 sive
2440 996 2692 1065 jndicanti
2720 994 2821 1051 hoc
2849 1001 3049 1049 tantum
3082 993 3274 1048 malum
3305 993 3499 1065 ﬂagello
3519 997 3689 1051 acriore
3713 1001 3789 1068 ple.

2307 1086 2579 1151 ctendnm,
2607 1086 2719 1141 sive
2746 1087 2905 1141 etiam
2948 1084 3314 1140 vehementius
3356 1084 3617 1152 irascenti,
3652 1089 3686 1141 si
3719 1106 3789 1145 non

2308 1178 2560 1234 correctis
2583 1192 2684 1233 nec
2709 1176 2777 1233 ad
2803 1191 2865 1232 se
2882 1176 3180 1243 conversis,
3203 1175 3273 1230 ad
3292 1184 3489 1245 tempus
3509 1190 3614 1232 esse
3629 1178 3794 1237 voluerit

2309 1269 2646 1339 impunitum.

2378 1360 2430 1414 7.
2459 1358 2763 1415 Praescribit
2789 1356 2943 1413 nobis
2965 1358 3359 1429 quodammodo
3383 1358 3635 1428 prudentia
3658 1368 3727 1417 tua
3748 1362 3793 1418 de

2309 1463 2533 1521 persona
2558 1450 2865 1521 episcopali,
2886 1458 2941 1505 et
2963 1450 3097 1506 dicis
3114 1450 3339 1522 patriam
3356 1458 3494 1503 tuam
3520 1466 3610 1504 non
3631 1452 3712 1506 levi
3728 1468 3793 1522 po-

2309 1544 2418 1613 puli
2448 1545 2527 1599 sui
2566 1552 2747 1599 errato
2766 1544 3065 1616 prolapsam
3111 1559 3125 1599 :
3155 1542 3297 1613 quod
3324 1542 3529 1612 quidem
3550 1543 3589 1598 si
3608 1543 3715 1613 juris
3736 1561 3798 1614 pu-

2310 1635 2432 1690 blici
2463 1637 2636 1707 rigore
2659 1640 2959 1704 metiamur,
2981 1636 3139 1693 debet
3169 1637 3323 1707 plecti
3341 1638 3591 1691 severiore
3607 1652 3797 1703 censura;

2312 1726 2417 1783 Sed
2442 1728 2752 1799 episcopum,
2781 1728 2975 1798 inquis,
3009 1731 3089 1801 fas
3106 1745 3205 1783 non
3234 1738 3305 1783 est
3324 1728 3419 1783 nisi
3437 1728 3627 1785 salutem
3645 1730 3802 1785 lucini-

2310 1822 2401 1875 bus
2428 1823 2698 1893 impertire,
2723 1831 2767 1879 et
2793 1839 2886 1893 pre
2907 1831 3042 1878 statu
3059 1823 3262 1877 meliore
3276 1822 3437 1879 causis
3461 1822 3630 1885 adesse,
3651 1832 3687 1876 et
3704 1825 3801 1892 apud

2313 1915 2703 1985 omnipotentem
2744 1913 2910 1973 Deum
2947 1916 3140 1975 veniant
3186 1915 3405 1973 aliorum
3451 1915 3609 1968 mereri
3644 1914 3799 1969 delictis.

2312 2005 2422 2060 Hoc
2452 2006 2670 2061 omnino
2707 2020 2921 2063 servare
2950 2020 3208 2063 conamur
3231 2046 3247 2070 ,
3279 2012 3337 2060 ut
3377 2005 3618 2060 severiore
3641 2020 3803 2060 censura

2314 2117 2470 2156 nemo
2498 2102 2775 2171 plectatur,
2802 2114 2977 2171 neque
3000 2114 3029 2153 a
3052 2099 3226 2165 nobis,
3256 2114 3426 2170 neque
3452 2100 3513 2155 ab
3527 2099 3617 2153 alio
3642 2098 3724 2153 ullo
3744 2097 3804 2152 in-

2317 2189 2705 2247 tercedentibus
2747 2192 2933 2257 nobis;
2961 2200 3016 2247 et
3043 2191 3268 2249 salutem
3316 2190 3603 2245 hominibus
3626 2188 3805 2259 cupimus

2314 2282 2583 2352 impertire
2607 2324 2622 2348 ,
2649 2296 2768 2355 qua:
2798 2282 2967 2351 posita
2998 2290 3081 2337 est
3108 2282 3160 2343 in
3190 2292 3337 2336 recte
3362 2278 3561 2343 vivendi
3585 2279 3805 2343 felicitate,

2315 2388 2417 2427 non
2446 2372 2501 2427 in
2529 2372 2665 2427 male
2692 2360 2917 2431 faciendi
2944 2373 3248 2429 securitate.
3287 2372 3497 2428 Veniam
3523 2386 3702 2440 quoque
3729 2384 3803 2437 nua

2313 2473 2516 2520 tantum
2564 2466 2761 2521 nostris
2787 2507 2803 2533 ,
2831 2480 3014 2520 verum
3047 2475 3103 2518 et
3125 2465 3357 2520 aliorum
3388 2466 3627 2519 instamus
3659 2459 3810 2517 delictis

2313 2556 2529 2618 mereri,
2556 2556 2697 2627 quod
2723 2558 3010 2628 impetrare
3035 2555 3135 2613 nisi
3160 2572 3261 2626 pro
3282 2556 3529 2611 correctis
3542 2553 3726 2610 omnino
3740 2568 3808 2611 una

2312 2662 2614 2720 possumus.
2654 2647 2911 2718 Adjungis
2942 2648 3101 2702 etiam
3129 2655 3182 2711 et
3230 2647 3364 2702 dicis
3393 2663 3406 2701 :
3436 2646 3621 2714 Quanta
3662 2659 3811 2716 possunt

2311 2740 2679 2810 supplicatione
2715 2739 2932 2811 deposco
2957 2780 2973 2805 ,
3023 2748 3077 2803 tu
3119 2740 3162 2795 si
3211 2738 3527 2812 defendenda
3565 2755 3635 2793 res
3669 2736 3810 2800 est,ia-

2313 2835 2491 2888 noxius
2515 2832 2845 2904 defendatur,
2872 2831 2933 2889 ab
2960 2831 3308 2893 innocentibus
3348 2832 3569 2887 molestia
3602 2840 3810 2900 separetur.

2384 2928 2437 2982 8.
2468 2928 2666 2996 Accipe
2691 2926 2924 2983 breviter
2942 2942 3058 2995 quae
3080 2928 3371 2993 commissa
3394 2926 3518 2993 sint,
3542 2932 3593 2987 et
3609 2918 3814 2980 noxiotth

2313 3017 2685 3081 innocentibus
2714 3019 2828 3088 ipse
2857 3017 3122 3074 discerne.
3156 3019 3359 3079 Contra
3386 3017 3737 3079 recentissimas
3764 3012 3815 3069 lo-

2311 3122 2407 3180 ϐοθ
2436 3105 2509 3180 (α)
2529 3148 2544 3174 ο
2571 3107 2807 3165 Calendis
2846 3108 3011 3179 juniis
3039 3110 3171 3165 l'csto
3210 3108 3229 3140 ί
3260 3109 3581 3181 Paganorutn
3624 3104 3817 3173 sacrdos:

2313 3200 2625 3255 solemnitas
2652 3200 2845 3270 agitata
2868 3207 2971 3276 est,
3019 3200 3233 3257 nemine
3263 3201 3588 3271 prohibente,
3612 3207 3700 3253 tam
3718 3195 3816 3259 iaso-

2315 3292 2439 3348 lcnti
2467 3308 2618 3357 ausu,
2644 3301 2702 3347 ut
2720 3291 2861 3363 quod
2886 3308 2986 3350 nec
3010 3292 3203 3350 Juliaai
3226 3294 3551 3369 temporibus
3572 3290 3735 3349 tactum
3748 3296 3815 3347 est.

2312 3376 2729 3455 petulantiSsima
2780 3384 2930 3440 turba
2986 3383 3295 3447 saltantium
3341 3386 3395 3441 in
3442 3383 3618 3441 eodem
3661 3390 3818 3452 prorsa

2314 3475 2430 3530 vico
2456 3485 2580 3531 ante
2601 3473 2744 3533 fores
2769 3476 3020 3534 transiret
3049 3477 3311 3533 ecclesiae.
3343 3478 3509 3546 Quam
3536 3490 3637 3534 rem
3658 3470 3819 3531 illiciti?

2314 3567 2500 3623 simam
2529 3575 2687 3636 atque
2707 3566 3126 3639 indigniSsimam
3144 3567 3359 3629 clericis
3383 3567 3647 3640 prohibere
3669 3568 3819 3635 tentatr

2317 3657 2477 3724 tibus,
2502 3657 2724 3713 ecclesia
2751 3656 2981 3727 lapidata
3014 3669 3115 3714 est.
3171 3660 3375 3716 Deinde
3411 3668 3527 3730 post
3568 3658 3667 3712 dies
3703 3654 3820 3709 ferme

2314 3756 2455 3816 octo,
2481 3762 2600 3804 cum
2624 3750 2766 3819 leges
2788 3749 3095 3812 notissimas
3121 3752 3408 3823 episcopus
3436 3749 3603 3804 ordini
3632 3743 3819 3816 replicaSr

2315 3850 2413 3907 set,
2442 3850 2495 3897 et
2516 3840 2641 3898 dum
2666 3856 2726 3897 ca
2768 3856 2884 3912 qua:
2918 3841 3065 3912 iussa
3094 3852 3237 3908 sunt,
3271 3843 3418 3901 velut
3462 3842 3665 3911 implere
3694 3835 3823 3905 dispo

2315 3940 2465 3996 nunt,
2518 3932 2708 3986 iterum
2738 3932 2967 4007 ecclesia
3010 3932 3237 4003 lapidata
3267 3942 3370 3988 est.
3404 3930 3650 3989 Postridie
3683 3921 3825 3985 nostris

2313 4021 2379 4076 ad
2434 4021 2811 4091 imponendum
2867 4021 3086 4092 perditis
3144 4034 3382 4087 metum,
3435 4021 3570 4092 quod
3617 4016 3826 4072 videbatur

2314 4114 2451 4185 apud
2483 4116 2612 4169 Acta
2642 4113 2819 4168 dicere
2839 4112 3138 4168 volentibus
3166 4114 3376 4183 publica
3398 4114 3517 4183 jura
3540 4117 3703 4181 negata
3722 4110 3823 4160 sunt.

2315 4204 2622 4274 Eodemque
2673 4207 2790 4274 ipso
2829 4203 2933 4270 die,
2994 4212 3051 4257 ut
3094 4204 3177 4258 vel
3230 4204 3486 4259 divinitus
3536 4204 3825 4257 terrerentur.

2314 4296 2517 4368 grando
2543 4294 2954 4364 lapidationibus
2979 4294 3181 4350 reddita
3211 4304 3325 4361 cst;
3359 4312 3461 4367 qua
3491 4301 3723 4349 transacta
3736 4300 3827 4343 con-

2315 4387 2465 4440 tinue
2486 4385 2692 4440 tertiam
2719 4385 3091 4455 lapidationem
3114 4427 3130 4453 ,
3153 4394 3205 4441 et
3249 4395 3521 4456 postremo
3552 4387 3681 4456 ignes
3703 4375 3828 4435 eccle-

2314 4478 2541 4532 siasticis
2587 4477 2739 4532 tectis
2785 4486 2944 4545 atque
2995 4473 3299 4531 hominibus
3345 4479 3655 4541 intulerunt;
3711 4478 3829 4523 unum

2314 4585 2587 4626 servorum
2622 4567 2746 4633 Dei,
2778 4567 2869 4637 qui
2910 4568 3164 4623 oberrans
3204 4564 3706 4638 occurrerc‘petuit,
3738 4555 3833 4613 oeci-

2314 4660 2537 4726 derunt,
2578 4659 2785 4717 caeteris
2832 4658 3021 4729 partim
3066 4658 3155 4715 ubi
3206 4668 3491 4728 potuerant
3532 4650 3831 4712 latitantibus,

2315 4753 2506 4823 partim
2537 4765 2639 4821 qua
2680 4759 2964 4821 potuerant
2992 4750 3335 4821 fugientibus,
3364 4756 3488 4805 cum
3534 4750 3714 4804 interea
3737 4754 3831 4796 con-

2315 4853 2492 4899 trusus
2525 4851 2682 4913 atque
2711 4849 3007 4905 coarctatus
3061 4840 3288 4911 quatiant
3340 4842 3463 4907 loco
3506 4856 3564 4903 se
3602 4835 3835 4903 occultati!l
3916 4836 3917 4891 ζ

2314 4935 2624 5006 episcopus,
2656 4932 2742 4986 ubi
2784 4948 2843 4997 se
2871 4932 2935 4986 ad
2980 4942 3204 4999 mortem
3230 4934 3586 5003 quterentinm
3610 4937 3747 4985 voces
3767 4934 3834 4976 θα·

2314 5028 2489 5087 diebat
2527 5027 2733 5096 sibique
2781 5027 3199 5099 increpantium,
3247 5027 3388 5096 qugd
3431 5042 3495 5083 eo
3539 5040 3638 5081 non
3670 5022 3835 5079 invento

2312 5118 2476 5189 gratis
2498 5125 2698 5171 tantum
2722 5124 3111 5186 perpetrassent
3140 5117 3331 5171 scelus.
3366 5117 3525 5173 Gesta
3546 5122 3659 5169 sunt
3683 5110 3775 5165 lucc
3790 5103 3836 5159 ab

2315 5208 2441 5264 hora
2464 5207 2629 5264 ferme
2657 5206 2858 5262 decima
2888 5221 3053 5276 usque
3080 5207 3145 5262 ad
3176 5208 3343 5262 noctis
3372 5217 3572 5278 partem
3598 5219 3691 5259 non
3713 5196 3835 5256 mini-

2314 5315 2475 5356 mam.
2510 5298 2677 5352 Nemo
2704 5313 3063 5368 compcscere,
3088 5314 3243 5352 uento
3270 5298 3555 5361 subvenire
3580 5288 3770 5354 tentavit
3790 5283 3837 5339 il-

2316 5391 2489 5449 lorum
2513 5431 2527 5454 ,
2554 5404 2777 5461 quorum
2808 5405 2926 5446 esse
2949 5390 3122 5459 gravis
3150 5397 3335 5459 posset
3361 5392 3661 5455 auctoritas,
3687 5390 3838 5457 pm“

2378 5566 2395 5601 ⁸
2428 5574 2534 5618 Mss.
2564 5579 2672 5627 sex,
2704 5566 2838 5628 festa.
2868 5573 2966 5613 Am.
2992 5565 3099 5614 Bad.
3127 5571 3178 5615 et
3214 5570 3308 5625 Et,
3338 5571 3493 5617 sexto.

2376 5651 2449 5713 (τι)
2474 5649 2699 5722 ltttelligit
2725 5648 2885 5722 legent
2906 5650 3110 5722 Honorii,
3140 5647 3335 5722 Dab-auis
3356 5634 3841 5722 proltibegtemsqllﬂ'

2320 5687 3110 5787 εξιίξῶ’ἑίὲῖδθιὲἷιιῖᾥῖέέέέῖἴαξὶῖξ
3130 5687 3151 5771 ἦ
3356 5687 3763 5775 ’ξκῖὲὗόῖῗῖισιί
3777 5711 3839 5759 ιι

2319 5771 2425 5835 ωει,
2443 5777 2580 5838 juxta
2603 5788 2715 5836 App.
2740 5775 2849 5821 cod.
2875 5771 3050 5821 'Iheod.
3080 5771 3188 5836 pag.
