3962 6434
212 428 299 488 δη
1316 399 1795 464 EPISTOLARUM
1834 399 2111 460 CLASSIS
2140 403 2201 462 ll.

1836 512 2171 588 Christianis,
2201 521 2283 577 vel
2310 522 2675 578 resarciuntur
2696 537 2793 594 per
2814 522 3156 582 Christianos.
3196 506 3417 581 Anima-

1839 622 1955 663 rum
1996 614 2096 667 nos
2146 612 2325 679 lucra,
2381 614 2573 685 quibus
2621 616 2958 685 acquirendis
3008 632 3126 673 cum
3184 618 3421 688 periculo

1838 702 1995 757 etiam
2026 704 2297 774 sanguinis
2324 706 2609 773 inhiamus,
2641 713 2696 763 et
2720 707 2770 761 in
2807 708 2925 762 loco
2956 708 3044 762 illo
3070 710 3420 777 quaestuosius

1840 793 2141 862 provenire,
2172 804 2224 851 et
2249 794 2370 851 aliis
2392 796 2521 852 locis
2551 798 2641 851 illo
2658 798 2902 869 exemplo
2932 815 3033 869 non
3059 799 3301 871 impediri
3320 796 3419 861 de-

1837 884 2153 943 sideramus.
2185 886 2281 945 Del
2312 890 2676 946 misericordia
2702 891 2857 947 nobis
2882 902 3094 963 praestet
3125 891 3193 949 de
3223 902 3308 947 tua
3336 908 3421 947 sa-

1838 978 1946 1035 lute
1965 976 2215 1059 gaudere.

217 558 346 601 unum
370 539 703 610 peregrinum,
734 546 827 604 per
852 544 1012 602 quem
1040 536 1096 586 et
1132 526 1345 598 plurimi
1376 524 1517 579 servi
1543 521 1636 578 Dei
1664 519 1730 575 de

210 634 412 695 manibus
435 628 721 685 interﬁcere
745 624 1045 680 conantium
1075 619 1285 676 liberati
1313 626 1456 680 sunt,
1484 625 1537 670 et
1564 613 1727 668 multa

208 737 373 787 extorts
414 720 787 794 pendentibus;
827 731 923 785 per
962 729 1119 785 quem
1162 714 1361 766 clarum
1401 706 1598 763 factum
1626 715 1727 773 est,

205 838 331 895 quam
351 817 491 877 facile
515 814 600 867 illa
630 810 711 866 vel
732 808 949 865 omnino
974 822 1077 861 non
1102 804 1307 867 iterent,
1335 801 1418 858 vel
1445 808 1618 895 empta
1638 798 1730 895 de-

205 891 431 975 sisterent,
459 907 502 961 si
524 906 686 968 cives,
709 901 1044 969 maximeque
1067 897 1319 968 primates
1347 908 1410 949 ea
1437 893 1547 949 fieri
1570 891 1731 963 perii-

202 1009 325 1078 ct'que
341 1001 627 1057 vetuissent.

257 1077 300 1153 9.
323 1091 529 1148 Proinde
550 1089 602 1143 in
617 1089 878 1140 .unlversa
893 1083 980 1137 illa
994 1081 1207 1136 civitate
1236 1093 1339 1132 non
1365 1077 1677 1132 innocentes
1696 1088 1728 1129 a

202 1185 488 1245 nocentibus,
518 1176 607 1236 sed
631 1177 805 1231 minus
832 1179 1087 1229 nocentes
1114 1185 1147 1226 a
1180 1166 1579 1225 nocentioribus
1604 1172 1725 1234 pot-

199 1282 282 1340 eris
310 1280 514 1332 fortasse
526 1271 846 1327 discernere.
866 1267 996 1320 Nam
1018 1265 1068 1318 in
1088 1278 1250 1334 parvo
1266 1268 1482 1331 peccato
1495 1259 1567 1313 illi
1580 1266 1723 1325 sunt,

197 1372 268 1444 qui
303 1378 425 1424 metu
453 1361 724 1426 deterriti,
766 1360 1100 1426 maximeque
1147 1370 1216 1410 ne
1258 1351 1589 1444 oii’cndcrcnt
1618 1362 1727 1444 eos

197 1440 305 1537 quos
328 1462 372 1515 itt
407 1457 492 1512 illo
517 1453 713 1524 oppido
742 1450 1027 1523 plurimum
1058 1460 1243 1537 posse,
1266 1453 1321 1500 et
1347 1443 1590 1537 inimicos
1618 1440 1726 1537 Ec-f

197 1531 341 1613 elesize
358 1554 622 1610 noverant,
648 1558 805 1612 opem
835 1544 972 1596 terre
1002 1552 1107 1594 non
1132 1536 1249 1592 ausi
1276 1540 1400 1590 sunt
1431 1550 1445 1588 :
1478 1531 1725 1588 scelerati

196 1660 336 1703 autem
357 1655 551 1705 omnes,
579 1636 771 1708 quibus
799 1633 906 1689 etsi
928 1648 1032 1686 non
1058 1628 1393 1694 facientibus,
1423 1640 1597 1696 neque
1622 1625 1724 1679 im-

196 1736 514 1798 minentibus,
560 1736 739 1783 tamen
789 1721 1087 1778 volentibus
1115 1719 1217 1775 ista
1252 1718 1537 1774 commissa
1564 1722 1722 1781 sunt;

193 1826 548 1886 sceleratiores,
580 1818 670 1889 qui
713 1815 1125 1878 commiserunt;
1170 1808 1605 1873 sceleratissimi,
1636 1807 1725 1877 qui

193 1921 497 1979 immiserunt.
525 1908 634 1970 Sed
655 1910 724 1966 de
742 1908 1069 1963 immissione
1094 1903 1448 1973 suspicionem
1472 1908 1721 1970 putemus
1784 1959 1789 1961 _

189 2026 287 2071 esse
311 2025 403 2065 non
432 2006 725 2068 veritatem,
750 2014 847 2056 nec
868 2013 930 2054 ea
959 1994 1302 2052 discutiamus
1331 2007 1449 2062 qua:
1480 1989 1582 2044 nisi
1606 1994 1722 2043 tor-

191 2102 350 2159 mentis
370 2112 544 2153 eorum
578 2109 673 2164 per
698 2105 831 2162 quos
857 2087 1222 2158 inquiruntur,
1250 2081 1477 2138 inveniri
1504 2080 1724 2134 omnino

192 2211 272 2250 non
300 2198 519 2263 possunt.
549 2187 749 2241 Demus
784 2181 947 2236 etiam
974 2178 1181 2233 veniam
1210 2174 1385 2230 timori
1426 2187 1611 2228 eorum
1637 2170 1727 2240 qui

192 2286 334 2357 potius
353 2279 503 2335 Deum
526 2291 623 2348 pro
637 2275 888 2344 episcopo
911 2278 966 2324 et
983 2268 1151 2324 Servis
1173 2268 1289 2335 ejus
1308 2263 1723 2334 deprecandum,

187 2388 315 2447 quam
333 2381 558 2444 potentes
586 2365 831 2422 inimicos
850 2360 1103 2417 Ecclesia:
1125 2357 1470 2413 offendendos
1486 2366 1613 2447 esse
1627 2362 1726 2447 pu-

191 2445 413 2521 taverunt.
442 2458 576 2530 Quid
608 2472 702 2513 eos
728 2455 818 2526 qui
843 2461 1068 2517 restant,
1107 2449 1320 2504 nullane
1347 2461 1536 2502 censes
1564 2445 1727 2499 disci-

187 2558 305 2629 plina
330 2550 663 2612 coercendos,
695 2557 744 2603 et
776 2538 1178 2615 proponendum
1204 2538 1476 2595 existimas
1502 2535 1730 2605 impuni-

188 2657 279 2703 tum
308 2656 400 2701 tam
439 2641 686 2701 immanis
727 2638 923 2693 furoris
948 2632 1289 2703 exemplum?
1317 2631 1434 2686 Non
1463 2628 1729 2700 prmterita

186 2737 464 2805 vindicando
480 2747 701 2807 pascere
720 2732 851 2785 iram
872 2736 1106 2783 nostram
1134 2725 1438 2787 studemus;
1459 2722 1551 2777 sed
1570 2721 1731 2776 mise-

190 2829 498 2886 ricorditarin
541 2826 780 2880 futurum
820 2817 1149 2875 consulendo
1178 2814 1487 2886 satagimus.
1518 2812 1733 2867 Habent

187 2921 399 2977 homines
420 2918 557 2985 mali,
595 2916 685 2970 ubi
713 2922 767 2968 et
795 2924 890 2983 per
918 2911 1234 2965 christianos
1262 2922 1368 2961 non
1390 2906 1561 2962 solum
1584 2920 1732 2959 man-

184 3010 343 3082 suete,
369 3024 541 3068 verum
570 3008 734 3065 etiam
778 3004 977 3059 utiliter
1002 3001 1387 3069 salubriterque
1416 2998 1729 3069 plectantur.

186 3108 361 3164 Habent
384 3105 517 3161 enim
568 3098 716 3174 quod
756 3102 981 3166 corpore
1009 3093 1257 3148 incolumi
1287 3093 1505 3156 vivunt,
1534 3090 1734 3145 habent

184 3199 303 3253 Inde
342 3198 553 3260 vivunt,
590 3192 788 3246 habent
814 3187 956 3241 unde
1003 3185 1142 3241 male
1170 3185 1371 3238 vivunt.
1405 3183 1517 3237 Duo
1564 3182 1731 3252 prima

182 3290 299 3347 salva
322 3291 440 3355 silli,
468 3294 526 3342 ut
564 3292 704 3356 quas
728 3279 1021 3352 pauiteat,
1048 3277 1187 3342 sint;
1212 3275 1312 3330 hoc
1339 3284 1602 3345 optamus,
1635 3273 1735 3329 hoc

181 3392 403 3455 quantum
426 3382 481 3436 in
504 3379 665 3434 nobis
691 3384 796 3440 est,
824 3374 984 3429 etiam
1009 3372 1248 3441 impensa
1265 3380 1425 3439 opera
1455 3369 1731 3423 instamus.

181 3472 386 3532 Tertium
431 3482 611 3535 vero,
668 3469 714 3523 si
768 3466 909 3521 Deus
963 3462 1222 3527 voluerit,
1281 3469 1531 3531 tanquam
1586 3469 1736 3529 putre

181 3568 467 3637 noxiumque
492 3556 727 3619 τωρωι
753 3600 767 3623 ,
795 3555 949 3610 valde
988 3552 1407 3608 misericorditer
1436 3552 1641 3623 puniet.
1676 3551 1733 3607 Si

177 3665 330 3714 autem
357 3656 435 3712 vel
459 3650 697 3723 amplius
731 3645 980 3707 voluerit,
1010 3641 1095 3697 vel
1126 3648 1193 3697 ne
1223 3642 1322 3697 hoc
1349 3640 1563 3712 quidem
1612 3655 1734 3711 per-

178 3749 374 3811 miserit,
402 3742 617 3802 altioris
641 3748 696 3797 et
721 3735 965 3808 pridecto
982 3733 1221 3803 iustioris
1246 3733 1453 3787 consilii
1482 3735 1614 3786 ratio
1640 3748 1737 3801 pe-

180 3854 263 3897 nes
284 3840 441 3911 ipSum
459 3845 544 3893 est
578 3849 644 3889 :a
668 3829 823 3887 nobis
846 3838 1026 3882 curam
1044 3822 1382 3895 oﬂic‘iumque
1407 3831 1619 3895 oportet
1641 3825 1738 3878 im-

179 3932 350 4001 pendi,
397 3939 687 4000 quousque
728 3920 910 3975 videre
950 3917 1293 3981 conceditur,
1336 3916 1741 3987 deprecantibus

177 4031 299 4087 cum,
326 4030 379 4075 ut
396 4020 640 4074 atriolum
667 4019 904 4067 nostrum
929 4007 1207 4077 approbet,
1231 4020 1338 4077 quo
1360 4008 1563 4062 cunctis
1586 4007 1741 4061 volu-

177 4130 276 4169 mus
300 4129 414 4171 esse
439 4108 775 4169 wmultum,
799 4098 1033 4169 nilrilttue
1055 4098 1167 4154 ﬂeri
1192 4098 1329 4152 sinat
1358 4112 1451 4169 per
1468 4112 1585 4163 nos,
1601 4096 1741 4167 quod

176 4214 225 4261 et
253 4207 395 4263 nobis
431 4214 487 4261 et
516 4196 784 4258 Ecclesiae
808 4204 921 4249 sum
944 4202 1051 4246 non
1092 4190 1343 4261 expedire
1370 4190 1526 4259 longe
1555 4188 1744 4244 melius

176 4300 301 4351 novit
331 4298 444 4368 ipse
470 4306 643 4367 quam
671 4302 789 4346 eost

238 4390 314 4444 10.
348 4391 503 4446 Modo
525 4404 655 4445 cum
676 4384 815 4456 apud
843 4383 1110 4440 Calamam
1137 4392 1392 4440 essemus,
1414 4383 1475 4429 ut
1500 4372 1665 4428 nostri
1688 4369 1743 4426 in

174 4491 263 4539 tam
288 4484 431 4553 gravi
468 4481 668 4537 dolore
692 4478 777 4534 vel
803 4475 1205 4531 consolarentur
1234 4468 1411 4523 amicti
1433 4509 1448 4533 ,
1476 4466 1557 4521 vel
1587 4464 1744 4519 seda-

176 4586 338 4632 rentur
371 4574 591 4631 accensi
619 4615 635 4639 ,
662 4578 913 4641 quantum
945 4565 1211 4637 potuimus
1239 4560 1378 4633 quod
1411 4560 1463 4614 in
1507 4566 1747 4627 tempore

172 4670 454 4740 oportuisse
495 4661 963 4727 existimavimus,
991 4670 1112 4711 cum
1153 4652 1467 4711 Christianis
1515 4650 1738 4720 egimus.

176 4760 355 4816 Deinde
386 4761 555 4815 etiam
585 4758 733 4827 ipsos
755 4746 1019 4823 Paganos,
1041 4746 1165 4803 mali
1188 4744 1318 4799 tanti
1343 4750 1499 4813 caput
1540 4751 1593 4796 et
1617 4758 1746 4795 cau-

174 4865 293 4917 sam,
309 4859 559 4923 petentes
587 4846 733 4903 utth
751 4845 829 4899 eis
853 4842 1178 4903 videremur,
1213 4835 1522 4890 admisimus
1540 4876 1555 4901 ,
1578 4834 1749 4886 uthac

175 4942 434 4997 occasione
476 4940 898 4995 admoneremus
925 4942 1020 4987 eos
1046 4927 1171 4999 quid
1200 4925 1371 4980 facere
1398 4924 1672 4987 deberent,
1704 4923 1749 4977 si

175 5044 423 5106 saperent,
480 5041 598 5089 non
626 5036 828 5086 tatrtmn
864 5036 961 5097 pro
982 5018 1301 5079 removenda
1328 5017 1575 5089 prtcsenti
1602 5015 1750 5071 solli-

181 5126 388 5184 citudine
410 5170 423 5194 ,
440 5134 640 5182 verum
662 5122 820 5179 etiam
838 5132 933 5190 pro
950 5112 1261 5187 inquirenda
1283 5112 1451 5166 salute
1473 5115 1745 5180 perpetua.

178 5217 320 5275 Inita
343 5230 375 5276 ι
402 5217 573 5276 nobis
603 5214 879 5270 audierunt
903 5253 918 5277 ,
951 5209 1178 5263 multum
1207 5206 1364 5261 etiam
1406 5204 1501 5275 ipsi
1532 5217 1751 5273 rogave-

175 5319 314 5377 runt;
342 5304 439 5367 sed
464 5308 689 5366 absitut
710 5306 841 5362 tales
859 5302 997 5360 servi
1013 5301 1199 5363 simus,
1224 5312 1356 5368 quos
1389 5295 1454 5349 ab
1472 5296 1547 5351 eis
1574 5293 1749 5365 rogari

176 5401 407 5467 delectet,
436 5416 469 5455 tt
500 5398 705 5473 quibus
732 5403 913 5452 nosset
933 5392 1189 5449 Deminus
1211 5406 1313 5444 non
1340 5397 1572 5459 rogatur.
1599 5387 1751 5443 Unde

176 5493 406 5562 pervides
435 5503 541 5563 pro
592 5489 869 5544 viVaditate
909 5484 1100 5539 mentis
1129 5490 1265 5545 tute,
1297 5481 1361 5533 ad
1393 5479 1491 5534 hoc
1519 5493 1637 5534 esse
1666 5477 1751 5532 tti-

178 5582 381 5640 tendum
406 5589 631 5640 servata
656 5576 1089 5643 mansuetudine,
1130 5579 1185 5629 et
1211 5570 1568 5626 moderatione
1606 5570 1748 5623 chri-

183 5674 361 5744 stiana,
409 5683 474 5731 ut
520 5681 620 5728 aut
661 5680 883 5729 caeteros
926 5669 1293 5724 deterreamus
1336 5678 1515 5718 eorum
1560 5663 1750 5717 imitari

182 5770 709 5838 perversitatem,ant
729 5774 947 5819 caeteros
963 5775 1203 5830 optemus
1226 5773 1404 5810 eorum
1432 5755 1618 5809 imitari
1636 5771 1750 5808 cor-

185 5862 500 5918 rectionem.
548 5859 751 5919 Damna
790 5868 904 5926 qua:
931 5853 1073 5909 illata
1099 5857 1240 5911 sunt,
1283 5848 1365 5903 vcl
1412 5849 1695 5904 tolerantur
1720 5861 1749 5901 a

3317 405 3424 468 318

2282 1066 2613 1131 EPISTULA
2641 1072 2779 1133 xcu
2822 1080 2836 1102 -
2880 1074 2978 1151 (α).

1836 1163 2148 1234 Augustinus
2190 1164 2392 1222 Italica!
2416 1166 2610 1238 viduae,
2638 1168 2904 1225 consolans
2929 1166 3069 1224 illam
3097 1187 3249 1240 super
3284 1164 3419 1224 obitu

1906 1256 2110 1322 mariti,
2143 1276 2203 1312 ac
2242 1260 2476 1334 refellens
2522 1278 2694 1316 eorum
2737 1262 3022 1335 opinionem
3065 1262 3150 1335 qui
3189 1256 3418 1327 dicebant

1910 1345 2068 1404 Deum
2096 1352 2253 1406 videri
2283 1354 2442 1409 oculis
2469 1357 2743 1426 corporeis.

1836 1436 2073 1495 Domina:
2102 1444 2309 1499 eximiae
2338 1453 2392 1500 et
2422 1446 2613 1502 merito
2644 1445 3093 1516 przestantissima:
3117 1487 3130 1510 ,
3161 1453 3318 1517 atque
3364 1446 3415 1499 in

1902 1528 2099 1588 Christi
2146 1528 2403 1591 charitale
2455 1536 2781 1593 honoranda:
2839 1539 2956 1592 filim
3013 1536 3237 1593 [unde
3304 1534 3412 1609 (ὁ),

1906 1616 2240 1682 Aucusrmus
2261 1627 2560 1700 cpiscopus,
2594 1629 2645 1683 in
2676 1630 2899 1683 Domino
2921 1628 3167 1681 salutem.

1908 1712 1958 1768 i.
1988 1713 2102 1769 Non
2133 1717 2303 1771 solum
2332 1712 2523 1774 litteris
2554 1720 2673 1785 tuis,
2708 1735 2890 1775 verum
2922 1718 3079 1772 etiam
3126 1719 3240 1788 ipso
3282 1714 3411 1773 refe-

1834 1810 1985 1861 rente
2015 1809 2103 1876 qui
2133 1810 2379 1879 pertulit,
2409 1812 2644 1881 comperi
2675 1810 2898 1866 multum
2941 1819 2992 1866 te
3021 1810 3257 1879 ﬂagitare
3282 1811 3418 1864 littc~

1835 1911 1921 1952 ras
1948 1915 2113 1966 meas,
2145 1902 2451 1957 credentem
2499 1902 2639 1973 quod
2668 1920 2729 1956 ex
2762 1905 2839 1957 eis
2865 1903 3293 1957 consolationem
3326 1902 3418 1956 ha~

1834 1989 1961 2046 bere
2004 1992 2282 2061 plurimam
2310 1995 2501 2066 possis.
2535 1995 2613 2049 Ttt
2646 1996 2820 2064 itaque
2850 1994 3044 2048 videris
3079 1995 3201 2065 quid
3227 1994 3417 2050 exinde

1834 2081 2010 2149 capias
2045 2125 2059 2149 ,
2091 2088 2189 2153 ego
2218 2086 2391 2139 tamen
2420 2101 2510 2140 eos
2541 2102 2733 2156 negare
2760 2087 2838 2139 vel
2862 2086 3074 2140 dillcrre
3105 2102 3206 2139 non
3237 2086 3414 2141 debui.

1834 2172 2152 2230 Consoletur
2182 2186 2357 2232 autem
2390 2187 2438 2232 te
2464 2177 2594 2232 iidcs
2627 2187 2679 2232 et
2706 2194 2826 2247 Spes
2853 2190 2957 2243 tua,
2982 2188 3032 2233 et
3061 2179 3172 2248 ipsa
3189 2178 3418 2232 charitas

1836 2280 1952 2335 qua}
1981 2266 2291 2323 diffunditur
2312 2269 2363 2323 in
2392 2270 2644 2325 cordibus
2663 2273 2869 2341 piorum
2904 2287 2996 2340 per
3019 2271 3271 2341 Spiritum
3299 2286 3420 2323 san-

1836 2366 1978 2411 ctum
2013 2358 2205 2430 (Rom.
2237 2376 2291 2425 v,
2326 2359 2427 2433 5),
2459 2361 2611 2432 cujus
2655 2378 2795 2416 nunc
2832 2361 3026 2431 aliquid
3060 2377 3154 2431 pro
3205 2360 3421 2430 pignore

1836 2448 2158 2517 accepimus,
2194 2461 2247 2504 ut
2278 2452 2443 2521 ipsum
2473 2452 2854 2522 plenitudinem
2884 2450 3184 2507 desiderare
3214 2452 3423 2506 noveri-

1839 2556 1973 2595 mus.
2005 2541 2119 2596 Non
2154 2544 2296 2598 enim
2326 2552 2375 2598 te
2404 2544 2699 2600 desolatam
2750 2553 2932 2615 putare
2964 2545 3125 2599 debes
3149 2587 3163 2611 ,
3206 2554 3325 2598 cum
3369 2544 3420 2596 in

1840 2632 2088 2689 interiore
2134 2632 2351 2691 homine
2394 2637 2589 2692 habeas
2644 2646 2961 2708 praesentem
3012 2638 3278 2693 Christum
3330 2655 3424 2708 per

1842 2724 1997 2781 {idem
2041 2727 2091 2780 in
2136 2729 2296 2783 corde
2335 2736 2460 2793 tuo;
2497 2738 2589 2783 aut
2625 2729 2701 2783 sic
2744 2738 2793 2783 tc
2828 2729 3132 2785 contristari
3174 2737 3421 2799 oportet,

1842 2822 2286 2893 quemadmodum
2328 2835 2515 2894 gentes
2565 2840 2681 2894 quae
2707 2838 2853 2893 spem
2901 2839 3004 2878 non
3043 2822 3265 2889 habent,
3293 2838 3413 2880 cum

1845 2916 2181 2970 veracissima
2227 2917 2577 2986 promissione
2620 2930 2897 2985 speremus
2925 2930 3023 2970 nos
3050 2917 3117 2971 de
3157 2915 3258 2971 hac
3286 2918 3419 2982 vita,

1845 3007 1984 3063 unde
2014 3008 2289 3078 migraturi
2311 3009 2567 3079 quosdam
2610 3018 2821 3064 nostros
2850 3009 3138 3079 migrantes
3160 3023 3262 3063 non
3290 3009 3424 3069 ann-

1845 3099 2031 3166 simus,
2060 3099 2150 3154 sed
2180 3101 2551 3170 praemisimus,
2581 3100 2644 3155 ad
2668 3116 2784 3157 eam
2805 3102 2966 3155 vitam
2996 3116 3115 3156 esse
3144 3109 3417 3165 venturos,

1842 3192 1931 3247 ubi
1957 3190 2110 3247 nobis
2140 3198 2296 3255 erunt
2324 3202 2520 3264 quanto
2549 3194 2805 3258 netiores,
2836 3202 2980 3247 tanto
3007 3193 3187 3264 utique
3212 3194 3424 3253 Chario-

1845 3297 1949 3350 res,
1981 3292 2032 3337 et
2064 3276 2177 3338 sine
2206 3284 2392 3339 timore
2417 3283 2574 3339 ullius
2604 3283 2945 3339 discessionis
2972 3285 3247 3341 amabiles.

1914 3374 1967 3428 2.
1998 3373 2095 3429 ilic
2114 3383 2289 3429 autem
2318 3376 2413 3429 etsi
2439 3375 2627 3444 conjux
2653 3384 2792 3451 tuus,
2817 3376 2967 3446 cujus
2996 3376 3243 3432 abscessu
3272 3376 3430 3432 vidua

1844 3466 2038 3523 diceris
2059 3510 2074 3532 ,
2107 3467 2198 3521 tibi
2244 3468 2553 3525 notissimus
2582 3476 2696 3524 erat
2718 3510 2734 3535 ,
2764 3469 2863 3524 sibi
2892 3477 3069 3523 tamen
3115 3470 3288 3525 notior
3316 3477 3431 3524 erat

1847 3576 2004 3631 quam
2036 3560 2146 3615 tibi.
2181 3552 2246 3613 Et
2275 3559 2413 3614 unde
2441 3560 2561 3628 hoc,
2594 3575 2713 3614 cum
2745 3568 2797 3614 tu
2837 3560 2955 3629 ejus
2987 3560 3314 3630 cnrporalem
3348 3560 3429 3615 ia-

1846 3653 1981 3708 ciem
2010 3652 2237 3718 videres,
2272 3667 2429 3722 quam
2462 3651 2575 3721 ipse
2598 3652 2776 3725 utique
2802 3666 2909 3705 non
2932 3651 3162 3713 videbat,
3190 3651 3287 3704 nisi
3308 3651 3428 3721 quia

1851 3748 2035 3802 notitia
2059 3746 2227 3802 nostri
2254 3748 2448 3803 certior
2476 3746 2617 3801 intus
2634 3755 2737 3814 est,
2758 3746 2844 3800 ubi
2871 3761 3028 3799 nemo
3043 3746 3143 3801 scit
3168 3761 3285 3815 quae
3307 3752 3433 3801 sunt

1851 3834 2101 3903 hominis,
2126 3840 2227 3893 nisi
2272 3840 2489 3910 spiritus
2522 3840 2751 3894 hominis
2780 3840 2870 3910 qui
2898 3840 2949 3893 in
2984 3839 3096 3908 ipso
3126 3847 3207 3893 est
3240 3837 3427 3907 (lCor.

1849 3948 1885 3986 ll
1907 3974 1920 3997 ,
1954 3929 2048 4003 li)
2088 3950 2099 3984 :
2139 3932 2230 3987 sed
2269 3949 2388 3986 cum
2418 3932 2623 3988 venerit
2658 3932 2946 3997 Dominus,
2980 3941 3031 3985 et
3063 3932 3434 3986 illuminaverit

1850 4023 2160 4077 abscondita
2189 4024 2548 4086 tenebrarum,
2572 4032 2624 4076 ct
2647 4022 3060 4075 manifestaverit
3084 4022 3429 4089 cogitationes

1852 4115 2029 4169 cordis
2056 4114 2201 4184 (ld.,
2228 4131 2317 4181 tv,
2348 4114 2412 4187 5)
2436 4156 2450 4180 ,
2502 4123 2626 4169 tunc
2660 4114 2790 4167 nihil
2816 4113 3000 4167 latebit
3038 4113 3331 4180 proximum
3377 4112 3430 4166 in

1853 4204 2114 4275 proximo,
2150 4220 2248 4258 nec
2275 4206 2377 4259 erit
2401 4204 2541 4274 quod
2566 4204 2675 4258 suis
2704 4203 2926 4273 quisque
2946 4202 3171 4272 aperiat,
3202 4202 3431 4259 absconé-

1852 4295 1942 4350 dat
1993 4295 2211 4360 alienis,
2253 4294 2338 4350 ubi
2378 4295 2553 4350 nullus
2580 4295 2681 4349 erit
2722 4294 2946 4351 alienus.
2987 4293 3100 4349 Lux
3131 4308 3257 4349 vero
3294 4292 3428 4363 ipsa,

1853 4405 1952 4461 qua
2006 4389 2445 4443 illuminabnntur
2489 4389 2601 4443 hatc
2643 4386 2818 4442 omnia
2848 4402 2968 4456 qua:
2996 4385 3152 4440 modo
3182 4386 3231 4439 in
3260 4386 3434 4441 cordi-

1854 4482 1951 4536 bus
1990 4480 2380 4545 reconduntur,
2425 4479 2596 4550 qualis
2623 4486 2715 4532 aut
2739 4487 2935 4548 quanta
2983 4477 3072 4541 sit,
3109 4478 3225 4547 quis
3255 4477 3430 4545 lingua

1856 4575 2085 4648 proferat
2106 4615 2121 4642 ,
2154 4575 2273 4645 quis
2304 4574 2491 4629 saltem
2524 4572 2733 4628 inﬁrma
2760 4580 2938 4627 tuente
2962 4570 3271 4640 contingat?
3300 4570 3430 4625 Pro-

1858 4670 1994 4724 fecto
2020 4668 2106 4725 lux
2139 4666 2225 4719 illa
2258 4667 2394 4721 Deus
2423 4665 2535 4733 ipse
2562 4673 2640 4717 est
2661 4705 2676 4728 ,
2705 4664 2955 4734 quoniam
2993 4661 3127 4719 Deus
3156 4663 3243 4715 (ua:
3261 4671 3356 4722 est.
3386 4672 3427 4716 et

1855 4760 2068 4814 tenebrat
2088 4760 2139 4813 in
2160 4775 2215 4811 eo
2233 4774 2333 4811 non
2357 4763 2473 4810 sunt
2497 4755 2616 4811 ulla:
2642 4752 2687 4826 (1
2704 4752 2861 4809 Joan.
2888 4771 2928 4817 ι,
2951 4755 3002 4823 5)
3027 4770 3040 4816 ;
3064 4752 3157 4807 sed
3180 4755 3264 4809 lux
3292 4768 3436 4806 mcu-

1860 4855 1984 4907 tium
2033 4860 2371 4923 purgatarum
2397 4891 2413 4919 ,
2442 4863 2548 4903 non
2592 4847 2816 4904 istorum
2856 4847 3093 4916 cerporis
3133 4845 3423 4899 oculorum.

1858 4947 1971 5001 Erit
1997 4959 2122 5017 ergo
2159 4954 2283 5000 tunc
2308 4956 2460 4998 mens
2484 4940 2674 4997 idonea
2714 4954 2833 5011 qua:
2860 4938 3001 4993 illam
3030 4938 3200 4992 lucem
3231 4936 3423 5001 videat,

1858 5038 1995 5111 quod
2022 5051 2161 5091 nunc
2188 5036 2419 5091 nondum
2447 5049 2546 5092 est.

1928 5133 1981 5187 ὅ.
2022 5131 2133 5186 Hoc
2173 5143 2347 5185 autem
2375 5129 2561 5185 oculus
2590 5129 2771 5183 videre
2810 5125 3050 5193 corporis
3086 5135 3257 5192 neque
3290 5137 3434 5177 nunc

1916 5283 1935 5317 ί
1970 5272 2532 5344 Recensuimusbancad
2554 5271 2712 5344 a._bg.
2738 5266 2805 5319 bi.
2836 5268 2920 5344 bu.
2945 5281 2989 5321 c.
3009 5267 3176 5321 cc.cb.
3349 5279 3437 5344 ες,

1852 5359 1942 5412 εν.-
1954 5344 1993 5409 j.
2013 5343 2047 5394 l.
2073 5359 2125 5394 n.
2146 5357 2190 5393 s.
2215 5348 2254 5392 t.
2278 5341 2358 5392 vd.
2378 5340 2502 5389 duos
2520 5349 2569 5385 ι.
2589 5335 2714 5385 duas
2734 5345 2812 5384 vc.
2835 5335 3055 5396 quinque
3076 5346 3124 5382 ν.
3169 5336 3223 5380 et
3254 5335 3313 5380 ω
3336 5340 3438 5379 Am.

1852 5408 1964 5461 Μ.
1984 5415 2057 5457 Er.
2084 5414 2192 5457 Lov.

1853 5453 2224 5583 ήῖάλέιί-ἐιέϐε
2252 5478 2361 5528 qum
2384 5470 2547 5513 autem
2569 5457 2633 5510 9‘2
2656 5464 2779 5520 erat,
2803 5469 2933 5506 nunc
2965 5454 3070 5504 i76.
3108 5453 3285 5515 Scripta
3324 5455 3438 5505 circ.

1849 5545 1933 5586 In.
2049 5566 2067 5583 ο
2661 5582 2690 5586 -ν
2870 5582 2879 5586 ,
3051 5584 3056 5586 _
3096 5585 3102 5586 ,
3240 5579 3249 5586 .
3312 5578 3345 5586 _.

1917 5578 2011 5660 (ὁδ’
2021 5578 2136 5660 iuit;
2158 5593 2268 5660 ipsi,
2285 5582 2768 5660 utﬁvidetur,_ltalicze
2788 5582 2963 5660 scripta
2979 5579 3288 5660 staminis
3300 5578 3444 5660 ςιιςξ.

1852 5647 2049 5710 sestertii
2065 5647 2264 5719 t-pist'ola
2284 5652 2388 5711 170,
2409 5662 2503 5719 qua
2521 5650 2560 5695 is
2576 5656 2822 5719 ttoaanam
2843 5658 2851 5702 ι
2872 5647 3190 5703 ru-potentem
3215 5647 3441 5719 remittam

1854 5706 2151 5775 alterum},
2180 5726 2235 5766 ιιι
2259 5730 2343 5778 rm
2366 5706 2452 5765 Qui.
2478 5710 2722 5778 instillato.
2749 5719 2834 5765 per
2857 5717 3045 5778 stupet!
3073 5716 3160 5778 ger
3182 5706 3441 5778 alinstlili-

1852 5794 1973 5851 gent
1979 5787 2070 5832 iam
2090 5773 2318 5851 adhibeat
2338 5779 2397 5828 aJ
2420 5776 2681 5832 sedandam
2697 5773 3041 5841 teutpcatalcttt
3054 5773 3345 5825 morth
3363 5775 3445 5821 ΕΟ-

1854 5846 2004 5897 (‘iesia
2029 5846 2301 5893 excitatam.
