3962 6396
580 380 684 438 519

584 500 777 567 potest,
808 502 983 563 neque
1020 496 1147 545 tunc
1168 484 1380 559 poterit.
1409 482 1581 540 Omne
1604 478 1799 551 quippe
1824 473 1968 547 quod
1994 474 2162 530 oculis

581 585 824 659 corporis
864 580 1097 651 conspici
1142 585 1335 649 potest,
1378 576 1431 631 in
1474 574 1594 629 loco
1639 571 1817 641 aliquo
1844 568 1915 623 sit
1943 580 2165 623 necesse

581 686 684 743 est,
712 691 814 733 nec
832 674 1027 745 ubique
1047 674 1117 729 sit
1137 681 1324 734 totum,
1353 667 1446 724 sed
1477 665 1684 722 minore
1705 663 1785 718 sui
1813 671 1962 734 parte
1988 661 2166 716 mino-

583 785 700 827 rem
732 782 905 828 .ocum
935 773 1177 835 occupet,
1208 770 1260 818 et
1287 759 1486 830 majore
1515 757 1791 827 majorem.
1831 754 1947 811 Non
1989 755 2060 809 ita
2084 762 2170 809 est

585 860 726 917 Deus
763 856 1037 913 invisibilis
1070 863 1124 911 et
1160 850 1591 920 incorruptibilis,
1619 848 1702 917 qui
1726 846 1864 902 solus
1898 845 2045 900 habet
2073 845 2167 899 im-

584 951 960 1010 mortalitatem.
1004 955 1052 1003 et
1101 946 1261 1001 lucem
1305 942 1495 997 habitat
1546 939 1972 1003 inaccessibitcm;
2020 954 2171 1008 quem

582 1059 728 1097 nemo
741 1042 998 1096 hominum
1018 1037 1139 1091 uidit
1162 1051 1251 1090 nec
1271 1034 1437 1089 uidere
1456 1040 1612 1103 potest
1630 1030 1673 1102 (l
1689 1030 1825 1083 Tim.
1846 1044 1921 1094 vr,
1937 1028 2047 1099 ιδ).
2066 1028 2171 1082 Per

585 1134 686 1190 hoc
712 1132 854 1189 enim
884 1129 1053 1184 videri
1084 1127 1152 1181 ab
1179 1125 1394 1180 homine
1424 1138 1529 1178 non
1566 1130 1761 1192 potest,
1795 1134 1888 1190 per
1918 1118 2057 1189 quod
2086 1118 2169 1172 vi-

585 1225 678 1280 dct
706 1224 864 1277 homo
908 1234 1131 1290 corpore
1176 1231 1422 1286 corpora.
1448 1213 1581 1269 Nam
1608 1220 1663 1267 et
1687 1211 1731 1266 si
1764 1210 2032 1267 mentibus
2055 1208 2173 1279 pio-

584 1330 700 1371 rum
734 1321 877 1368 esset
918 1308 1323 1372 inaccessibilis,
1366 1321 1470 1361 non
1509 1303 1797 1369 diceretur,
1839 1299 2070 1355 Accedite
2105 1298 2175 1352 ad

584 1422 719 1471 eum,
742 1414 787 1458 et
806 1400 1163 1457 illuminamini
1189 1397 1362 1469 (Psal.
1407 1411 1604 1460 χχχιιι,
1632 1394 1721 1464 6);
1749 1402 1804 1449 et
1833 1392 1877 1447 si
1908 1391 2176 1447 mentibus

586 1497 793 1567 piorum
824 1500 967 1548 esset
990 1489 1286 1553 invisibilis,
1315 1502 1418 1542 non
1436 1486 1724 1549 diceretur,
1754 1481 2042 1536 Videbimus
2062 1496 2176 1534 eum

586 1585 733 1642 sicuti
752 1596 841 1639 est.
869 1581 1000 1638 Nam
1022 1580 1263 1653 perspice
1285 1587 1446 1633 totam
1474 1577 1643 1647 ipsam
1671 1574 1721 1628 in
1751 1570 1988 1644 Epistola
2008 1570 2176 1626 Joan-

588 1679 673 1735 nis
703 1675 1021 1732 sententiam
1046 1691 1058 1727 :
1088 1671 1436 1737 Dilectissimi,
1466 1666 1659 1739 inquit,
1686 1666 1780 1735 lilii
1800 1664 1897 1719 Dei
1920 1680 2113 1729 sumus,
2129 1672 2176 1717 et

589 1768 815 1824 nondum
849 1766 1087 1836 apparuit
1115 1762 1236 1833 quid
1261 1762 1464 1816 erimus.
1494 1758 1700 1816 Scimus
1727 1757 1845 1829 quia
1870 1771 1984 1809 eum
2012 1770 2177 1824 appa-

588 1864 746 1920 ruerit
785 1860 973 1917 similes
1003 1860 1047 1912 ci
1076 1859 1283 1919 erimus,
1312 1854 1551 1926 quoniam
1587 1850 1862 1905 ridebimus
1892 1864 2006 1901 eum
2030 1846 2179 1901 sicuti

587 1966 669 2013 est
683 1953 902 2017 (llonn.
927 1967 1003 2016 ιιι,
1030 1937 1107 2019 2):
1136 1947 1191 2003 ln
1218 1955 1420 2001 tantum
1442 1958 1569 2013 ergo
1584 1941 1902 2000 videbimus,
1930 1939 1982 1992 in
2006 1952 2179 2007 quan-

591 2056 703 2103 tum
732 2044 936 2099 similes
961 2042 1009 2097 ei
1036 2040 1267 2104 erimus;
1298 2038 1420 2108 quia
1460 2043 1516 2091 et
1555 2048 1697 2090 nunc
1735 2033 1787 2087 in
1830 2040 2036 2087 tantum
2074 2042 2180 2082 non

590 2139 851 2201 videmus,
891 2136 942 2192 in
983 2143 1237 2206 quantum
1289 2130 1577 2187 dissimiles
1604 2142 1808 2182 sumus.
1854 2124 1982 2179 lude
2026 2123 2184 2192 igitur

592 2231 910 2291 videbimus,
944 2227 1081 2282 unde
1106 2225 1307 2281 similes
1336 2225 1555 2278 erimus.
1592 2220 1723 2289 Quis
1757 2228 1931 2273 autem
1960 2217 2182 2271 demen-

593 2323 837 2378 tissimus
862 2318 1073 2380 dixerit,
1107 2328 1331 2385 corpore
1356 2328 1456 2368 nos
1481 2311 1563 2366 vel
1580 2326 1721 2374 esse,
1744 2309 1826 2363 vel
1845 2308 2048 2362 futuros
2063 2320 2184 2361 esse

595 2413 796 2469 similes
820 2409 967 2466 Deo?
994 2410 1050 2463 In
1074 2407 1325 2462 interiore
1345 2404 1506 2475 igitur
1526 2401 1740 2456 homine
1762 2400 1860 2454 ista
1887 2396 2183 2452 similitudo

597 2514 707 2569 est;
732 2502 821 2574 qui
849 2508 1116 2555 renovatur
1139 2497 1188 2550 in
1211 2495 1520 2567 agnitionem
1551 2491 1665 2556 Dei,
1695 2489 1970 2545 secundum
1997 2487 2185 2557 imagi-

597 2610 714 2649 nem
733 2594 845 2664 ejus
870 2591 958 2660 qui
985 2588 1169 2643 creavit
1190 2587 1335 2642 illum
1364 2583 1500 2655 (Col.
1529 2598 1607 2645 ιιι,
1641 2580 1753 2651 10).
1786 2580 1850 2635 Ει
1881 2587 2028 2633 tanto
2066 2576 2185 2632 effi-

597 2687 768 2742 cimur
791 2683 1076 2739 similiores
1103 2680 1201 2744 illi,
1226 2686 1425 2749 quanto
1453 2675 1618 2743 magis
1650 2673 1701 2726 in
1728 2671 1844 2741 ejus
1884 2668 2187 2739 cognitione

598 2785 653 2832 et
679 2775 938 2832 charitate
961 2770 1295 2842 proficimus;
1323 2766 1447 2837 quia
1477 2765 1570 2819 etsi
1594 2764 1812 2817 exterior
1837 2761 1988 2814 homo
2021 2767 2188 2812 noster

600 2864 969 2934 corrumpitur,
1015 2861 1104 2916 sed
1150 2859 1359 2914 interior
1405 2865 1671 2911 renovatur
1715 2854 1779 2909 de
1822 2852 1904 2907 die
1954 2851 2009 2904 in
2056 2850 2191 2904 diem

600 2957 670 3027 (ll
704 2955 821 3012 Cor.
849 2971 924 3020 iv,
954 2952 1079 3025 16):
1110 2952 1181 3008 ita
1208 2965 1337 3006 sane
1363 2957 1422 3003 ut
1455 2948 1507 3002 in
1544 2948 1643 3002 hac
1666 2947 1773 3000 vita
1802 2953 2189 3015 quantuscum-

604 3067 707 3123 que
726 3058 1007 3116 provectus
1033 3047 1122 3111 sit,
1148 3046 1305 3115 longe
1326 3043 1466 3099 absit
1488 3042 1555 3097 ab
1577 3041 1663 3094 illa
1692 3038 2015 3109 perfectione
2040 3034 2188 3089 simi-

604 3142 861 3200 litndinis,
893 3155 1011 3210 qua:
1061 3138 1250 3193 idonea
1293 3136 1396 3191 erit
1420 3133 1485 3188 ad
1515 3132 1801 3187 videndum
1835 3130 2023 3193 Deum,
2054 3127 2192 3182 sicut

602 3234 733 3290 dicit
758 3232 1065 3303 Apostolus,
1114 3231 1243 3303 facie
1281 3229 1349 3281 ad
1377 3230 1556 3299 faciem
1604 3227 1659 3298 (Ι
1691 3225 1809 3280 Cor.
1840 3239 1957 3289 xm,
1985 3222 2096 3293 12).
2133 3220 2188 3275 In

603 3324 799 3395 quibus
828 3322 1004 3378 verbis
1029 3330 1175 3376 certe
1210 3319 1252 3373 si
1288 3318 1618 3387 corporalem
1650 3316 1835 3369 faciem
1866 3314 2192 3369 voluerimus

606 3416 870 3486 accipere,
900 3425 1234 3481 consequens
1258 3410 1360 3466 erit
1384 3416 1442 3462 ut
1459 3408 1618 3462 etiam
1650 3406 1788 3461 Deus
1817 3406 1972 3460 talem
2004 3405 2194 3459 habeat

604 3506 817 3571 faciem,
848 3514 903 3559 et
938 3503 1008 3557 sit
1048 3500 1260 3572 aliquod
1304 3497 1639 3553 intervallum
1685 3495 1825 3550 inter
1861 3502 2097 3549 nostram
2139 3503 2193 3548 et

605 3600 792 3670 ipsius,
823 3612 943 3653 cum
970 3610 1091 3651 eum
1118 3592 1414 3647 videbimus
1441 3589 1571 3644 facie
1600 3588 1666 3643 ad
1694 3588 1901 3643 faciem.
1943 3587 2007 3640 Et
2043 3586 2088 3640 si
2115 3587 2197 3641 in-

604 3690 911 3753 tervallum,
933 3690 1119 3757 utique
1138 3685 1276 3747 finis,
1298 3691 1354 3738 et
1376 3682 1738 3737 membrorum
1769 3680 1975 3733 habitus
2005 3678 2191 3734 termi-

607 3795 784 3852 natus,
812 3792 864 3838 et
892 3792 1081 3837 caetera
1123 3777 1349 3834 absurda
1378 3776 1627 3844 dictuque
1660 3783 1714 3829 et
1739 3773 1970 3842 cogitatu
2010 3770 2191 3841 impia,

607 3876 799 3949 quibus
825 3871 1069 3928 animalis
1097 3871 1277 3935 homo,
1308 3883 1413 3924 non
1440 3866 1740 3937 percipiens
1760 3880 1877 3935 qua:
1898 3872 2022 3918 sunt
2039 3864 2196 3933 spiri-

608 3979 699 4025 tus
739 3967 835 4023 Dei
878 3949 1033 4037 (ιάξ,
1074 3980 1143 4029 ιι,
1176 3962 1305 4033 tt),
1348 3958 1699 4016 fallacissimis
1739 3957 2059 4012 vanitatibus
2110 3957 2195 4011 lu-

607 4060 771 4116 ditur.

680 4152 734 4207 ι.
777 4149 967 4205 Dicunt
1009 4147 1153 4204 enim
1201 4144 1413 4217 quidam
1442 4158 1626 4199 eorum
1652 4142 1739 4213 qui
1784 4141 1907 4195 talia
1936 4140 2194 4211 garriunt,

607 4246 746 4301 sicut
770 4242 835 4297 ad
867 4258 953 4297 me
981 4241 1151 4311 potuit
1190 4238 1486 4309 pervenire,
1512 4252 1607 4292 nos
1634 4237 1800 4290 Deum
1827 4234 2015 4290 videre
2057 4248 2199 4288 nunc

611 4344 809 4399 mente,
842 4342 969 4388 tunc
1006 4347 1262 4400 corpore;
1295 4332 1363 4385 ita
1407 4340 1469 4385 ut
1509 4330 1667 4384 etiam
1698 4328 1889 4398 impios
1926 4342 2046 4381 eum
2087 4325 2199 4397 pari

611 4426 772 4482 modo
796 4433 1101 4479 asseverent
1129 4435 1249 4475 esse
1271 4421 1499 4474 visuros.
1532 4417 1661 4471 Vide
1689 4426 1945 4487 quantum
1975 4418 2027 4471 in
2050 4419 2201 4486 pejus

615 4515 955 4587 profecerim,
996 4512 1121 4566 dum
1149 4510 1264 4565 sine
1292 4510 1458 4562 limite
1497 4506 1701 4560 timoris
1726 4507 1806 4559 vel
1836 4505 2068 4575 pudoris,
2103 4505 2202 4559 hae

616 4619 772 4677 atque
788 4605 906 4659 illae
925 4600 1229 4673 vagabunda
1250 4598 1419 4654 fertur
1435 4596 1686 4667 impunita
1711 4596 2016 4665 loquacitas.
2034 4595 2201 4651 Antea

615 4700 881 4764 (licebant,
909 4696 1055 4751 carni
1082 4709 1191 4749 sua:
1214 4700 1414 4747 tantum
1449 4690 1549 4746 hoc
1574 4688 1884 4760 praestitisse
1907 4686 2199 4752 Christum,

616 4801 674 4845 ut
712 4788 983 4861 corporeis
1008 4785 1175 4841 oculis
1202 4783 1401 4838 videret
1432 4782 1630 4845 Deum;
1671 4778 1863 4834 deinde
1889 4778 2205 4834 addiderunt

616 4883 797 4947 etiam,
825 4895 1013 4935 omnes
1052 4884 1285 4939 sanctos,
1312 4874 1540 4943 receptis
1576 4872 1628 4927 in
1658 4872 2049 4927 resurrectione
2087 4886 2204 4926 cor-

620 4974 857 5043 poribus,
899 4970 1087 5028 eodem
1126 4966 1285 5023 modo
1328 4966 1493 5021 Deum
1518 4979 1637 5020 esse
1662 4964 1900 5027 visuros;
1932 4978 2071 5018 nunc
2094 4962 2203 5033 jam

623 5072 776 5120 istam
805 5061 1205 5132 possibilitatem
1233 5059 1393 5114 etiam
1422 5057 1599 5127 impiis
1622 5054 1973 5111 donaverunt.
2000 5055 2207 5110 Donent

621 5170 753 5213 sane
777 5161 1031 5224 quantum
1061 5152 1266 5217 volunt,
1294 5157 1350 5204 et
1374 5148 1566 5218 quibus
1590 5146 1800 5213 volunt;
1823 5162 1945 5202 nam
1962 5146 2082 5217 quis
2106 5161 2205 5199 au-

624 5246 1127 5308 deatcontradicere
1166 5242 1470 5297 hominibus
1507 5241 1575 5297 de
1600 5255 1696 5297 suo
1724 5240 2081 5297 donantibus?
2107 5238 2208 5304 Qui

628 5344 769 5399 enim
799 5338 1021 5408 loquitur
1052 5334 1393 5398 mendacium,
1422 5334 1485 5387 de
1504 5350 1596 5387 suo
1637 5332 1855 5403 loquitur
1883 5330 2061 5403 (Joan.
2092 5345 2204 5395 vm,

623 5438 737 5509 ιι).
767 5433 845 5489 Tu
870 5441 1049 5488 autem
1074 5444 1195 5483 cum
1222 5427 1304 5483 his
1338 5428 1428 5498 qni
1468 5442 1651 5482 sanam
1677 5426 1974 5482 doctrinam
2002 5432 2205 5489 tenent,

626 5528 760 5584 nihil
785 5526 1007 5582 istorum
1031 5520 1227 5577 audeas
1254 5532 1511 5590 usurpare
1534 5517 1602 5573 de
1623 5527 1715 5572 tuo
1736 5535 1748 5571 :
1780 5515 1874 5572 sed
1899 5529 2019 5571 cum
2052 5514 2206 5585 legis,

631 5616 773 5674 Beati
798 5616 984 5671 mundo
1004 5613 1172 5677 corde,
1194 5612 1428 5682 quoniam
1446 5610 1544 5680 ipsi
1562 5608 1724 5663 Deum
1740 5607 1971 5663 uidebunt
1992 5604 2206 5679 (Matth.

630 5724 688 5773 v,
714 5707 796 5777 8),
820 5706 1053 5775 intellige
1088 5704 1277 5773 impios
1301 5715 1405 5756 non
1431 5700 1670 5765 visuros;
1702 5714 1871 5770 neque
1896 5699 2037 5753 enim
2068 5697 2206 5752 beati

631 5807 690 5855 et
714 5795 899 5853 mundi
926 5796 1089 5852 corde
1119 5803 1241 5851 sunt
1269 5793 1437 5864 impii.
1466 5792 1593 5849 Item
1627 5808 1747 5849 cum
1774 5793 1923 5864 legis,
1974 5790 2205 5847 Videmus

1820 362 1877 418 S.
1916 357 2278 417 AUGUSTINI
2320 360 2615 420 EPISCOPI

2273 492 2402 531 nunc
2425 495 2514 549 per
2540 478 2801 548 speculum
2819 479 2872 535 in
2892 481 3175 554 magmate,
3202 492 3322 539 tunc
3341 493 3507 541 autem
3528 487 3659 557 {acie
3686 491 3753 545 ad
3773 494 3844 562 fa.

2272 570 2398 623 ciem
2428 569 2469 643 (l
2499 569 2614 625 Cor.
2648 587 2767 639 xm,
2804 572 2926 643 i2);
2960 574 3195 647 intellige
3225 577 3347 634 inde
3372 594 3471 635 nos
3498 588 3626 636 tunc
3651 583 3845 644 visuros

2273 658 2407 717 facie
2430 661 2494 717 ad
2524 663 2729 728 faciem,
2764 664 2901 719 unde
2930 665 3176 721 videmus
3206 683 3346 723 nunc
3373 685 3468 740 per
3504 674 3771 742 speculum
3799 678 3844 732 in

2274 755 2573 825 tenigmate.
2614 756 2725 811 lloc
2772 765 2948 811 autem
2992 768 3275 830 utrumque
3320 760 3585 818 interioris
3634 763 3847 823 hominis

2280 860 2471 899 munus
2496 853 2597 910 est,
2620 847 2732 903 sive
2751 862 2871 903 cum
2900 848 2955 903 in
2980 848 3080 903 ista
3112 852 3540 921 peregrinatione
3565 856 3741 913 adhuc
3766 874 3847 930 per

2278 936 2436 992 fidem
2462 937 2778 1001 ambulatur,
2813 939 2863 993 in
2885 954 2989 1011 qua
3018 940 3185 996 utitur
3221 944 3438 1013 speculo
3469 954 3525 1000 et
3557 947 3840 1016 :enigmate,

2278 1030 2390 1085 sive
2415 1030 2467 1084 in
2499 1030 2583 1084 illa
2627 1031 2792 1099 patria
2835 1047 2955 1086 cum
2988 1048 3083 1102 per
3121 1035 3354 1103 speciem
3386 1039 3844 1109 contemplabitur:

2279 1135 2376 1191 pro
2405 1138 2504 1191 qua
2533 1122 2735 1177 visione
2764 1123 2991 1191 positum
3014 1134 3115 1188 est,
3139 1126 3269 1196 facie
3291 1127 3359 1180 ad
3380 1129 3581 1199 faciem.

2350 1212 2404 1266 5.
2446 1211 2638 1266 Audiat
2652 1228 2779 1268 caro
2794 1214 3097 1269 carnalibus
3117 1216 3263 1270 ebria
3281 1218 3721 1288 cogitationibus:
3744 1220 3849 1291 Spi-

2280 1304 2407 1359 ritus
2439 1315 2509 1359 est
2537 1304 2692 1372 Deus,
2721 1316 2769 1361 et
2796 1307 2906 1360 ideo
2932 1308 3018 1377 qui
3053 1308 3268 1363 adorant
3306 1309 3486 1379 Deum,
3522 1312 3572 1365 in
3602 1314 3779 1384 spiritu
3811 1326 3850 1371 et

2281 1396 2487 1451 veritate
2536 1408 2730 1466 oportet
2773 1397 2988 1453 adorare
3034 1399 3215 1469 (Joan.
3266 1416 3341 1464 iv,
3373 1401 3492 1470 24).
3523 1401 3579 1458 Si
3623 1403 3845 1471 adorare,

2281 1496 2479 1559 quanto
2506 1489 2673 1560 magis
2701 1489 2915 1545 videre?
2940 1491 3070 1558 Quis
3095 1493 3236 1547 enim
3263 1492 3458 1549 audeat
3489 1493 3755 1551 affirmare
3773 1498 3850 1554 Ι)ρί

2283 1580 2630 1635 substantiam
2647 1582 2994 1651 corporaliter
3011 1582 3195 1647 videri,
3220 1600 3340 1639 cum
3362 1600 3480 1639 eam
3505 1586 3734 1642 noluerit
3754 1604 3852 1644 cor-

2284 1673 2539 1743 poraliter
2564 1673 2812 1729 adorari?
2835 1672 2941 1729 Sed
2966 1684 3151 1744 argute
3188 1676 3286 1731 sibi
3318 1675 3566 1732 videntur
3591 1678 3787 1744 dicere,
3809 1689 3853 1735 et

2285 1763 2433 1833 quasi
2453 1764 2827 1834 interrogando
2850 1780 3091 1835 premere
3111 1784 3124 1820 :
3146 1766 3321 1821 Potuit
3335 1766 3579 1824 Christus
3601 1772 3745 1825 carni
3762 1787 3853 1827 sua:

2285 1865 2539 1927 prmstare
2584 1863 2642 1909 ut
2674 1856 2839 1911 oculis
2865 1859 3135 1927 corporeis
3174 1858 3381 1915 videret
3408 1859 3645 1927 Patrem,
3670 1876 3738 1916 an
3765 1877 3853 1919 non

2288 1948 2491 2019 potuit?
2516 1957 2575 2002 ut
2601 1948 2644 2003 si
2675 1965 2779 2003 non
2813 1950 3047 2017 potuisse
3074 1951 3528 2020 responderimus,
3551 1953 3854 2023 omnipoten-

2288 2040 2374 2093 tia:
2401 2039 2493 2095 Dei
2534 2056 2633 2095 nos
2656 2039 2942 2111 derogasse
2973 2041 3328 2111 proclament;
3358 2043 3402 2097 si
3432 2052 3611 2098 autem
3642 2046 3855 2114 potuisse

2287 2134 2726 2197 concesserimus,
2766 2134 3277 2205 argumentationem
3304 2150 3453 2190 suam
3483 2152 3546 2191 ex
3577 2146 3753 2191 nostra
3780 2154 3854 2193 re-

2288 2229 2575 2294 sponsione
2601 2225 2938 2281 concludant.
2968 2226 3177 2294 Quanto
3216 2226 3327 2296 jam
3364 2226 3695 2283 tolerabilius
3731 2228 3854 2283 desi-

2290 2314 2461 2385 piunt,
2484 2317 2573 2387 qui
2602 2332 2815 2372 carnem
2842 2328 3088 2372 asserunt
3115 2333 3431 2373 conversum
3460 2319 3522 2373 iri
3547 2318 3598 2374 in
3628 2320 3853 2375 substan-

2292 2407 2418 2462 tiam
2448 2408 2560 2474 Dei,
2589 2418 2643 2463 et
2671 2408 2772 2464 hoc
2800 2408 3024 2463 futuram
3056 2424 3175 2465 esse
3214 2410 3355 2480 quod
3389 2409 3529 2465 Deus
3564 2420 3668 2475 est,
3708 2420 3763 2466 ut
3795 2413 3857 2467 sic

2291 2513 2407 2554 eam
2429 2499 2614 2554 saltem
2641 2498 2868 2555 videndo
2891 2500 2999 2555 Deo
3029 2499 3222 2555 faciant
3254 2499 3523 2568 idoneam,
3554 2517 3697 2557 nunc
3733 2511 3852 2557 tanta

2292 2587 2599 2644 diversitate
2637 2588 2970 2645 dissimilem.
3018 2588 3187 2657 Quam
3225 2589 3515 2646 vanitatem
3561 2593 3724 2648 credo
3750 2597 3856 2651 istos

2294 2680 2505 2750 abigere
2533 2695 2561 2733 a
2594 2680 2697 2734 fide
2725 2695 2841 2746 sua,
2873 2681 3094 2735 fortasse
3133 2680 3281 2737 etab
3317 2682 3554 2738 auribus.
3594 2682 3663 2739 Et
3704 2693 3853 2741 tamen

2294 2771 2338 2824 si
2365 2772 2776 2841 interrogatione
2798 2770 2867 2826 de
2897 2771 2998 2827 hoc
3019 2772 3264 2828 similiter
3293 2781 3602 2844 urgeantur,
3645 2775 3855 2845 possitne

2296 2861 2437 2916 Deus
2464 2862 2584 2927 hoc,
2611 2876 2677 2915 an
2706 2876 2809 2916 nou
2834 2862 3048 2917 eflicere
3076 2863 3269 2933 possit;
3303 2874 3477 2919 utrum
3498 2864 3616 2935 ejus
3635 2867 3856 2936 potestati

2294 2951 2594 3015 detrahent,
2623 2953 2666 3007 si
2689 2969 2792 3007 non
2820 2968 2974 3023 posse
3000 2955 3392 3025 responderint,
3422 2971 3490 3011 an
3520 2957 3622 3013 hoc
3651 2958 3855 3014 futurum

2296 3044 2619 3110 fatebuntur,
2650 3045 2693 3099 si
2721 3060 2877 3114 posse
2900 3047 3296 3102 concesserint?
3319 3048 3601 3115 Quomodo
3630 3065 3753 3121 ergo
3765 3052 3857 3106 exi~

2296 3144 2417 3191 rent
2440 3135 2507 3191 de
2536 3135 2638 3191 hoc
2669 3136 2857 3207 laqueo
2884 3136 3080 3203 alieno,
3112 3137 3189 3192 sic
3213 3148 3409 3195 exeant
3437 3139 3505 3194 de
3525 3154 3643 3195 suo.
3684 3141 3857 3197 Deinde

2296 3245 2394 3285 cur
2418 3230 2547 3285 solis
2583 3231 2751 3286 oculis
2776 3233 3049 3302 corporeis
3086 3232 3282 3288 Chriin
3310 3233 3413 3289 hoc
3436 3233 3636 3289 donum
3664 3234 3857 3290 attribu-

2299 3329 2406 3375 tum
2428 3337 2545 3377 esse
2574 3322 2918 3384 contendunt,
2940 3338 3044 3378 non
3070 3324 3229 3379 etiam
3254 3325 3462 3380 caneris
3487 3325 3853 3381 scnsibus?So-

2300 3428 2398 3467 nus
2430 3428 2559 3483 ergo
2586 3414 2689 3468 erit
2728 3414 2885 3480 Deus,
2918 3423 2976 3469 ut
3014 3415 3182 3485 possit
3208 3416 3368 3469 etiam
3399 3415 3617 3471 auribus
3646 3415 3855 3486 percipi?

2298 3513 2352 3558 et
2374 3502 2565 3557 halitus
2590 3504 2711 3569 erit,
2742 3513 2800 3558 ut
2823 3504 3007 3559 sentiri
3039 3504 3207 3573 possit
3232 3505 3464 3560 olfactu?
3501 3516 3557 3561 et
3583 3507 3753 3577 liquor
3771 3506 3855 3561 ali-

2298 3596 2418 3666 quis
2447 3596 2568 3657 erit,
2598 3606 2650 3649 ut
2684 3596 2850 3665 possit
2874 3605 2931 3651 et
2963 3594 3107 3650 bibi?
3134 3604 3190 3651 et
3214 3596 3382 3652 moles
3400 3597 3523 3664 erit,
3554 3607 3611 3651 ut
3639 3598 3793 3669 possit
3815 3606 3856 3651 et

2300 3689 2478 3758 tangi?
2502 3687 2638 3755 Non,
2663 3688 2927 3758 inquitmt.
2946 3687 3085 3756 Quid
3109 3688 3272 3759 ergo?
3291 3704 3357 3743 an
3376 3688 3499 3744 illud
3526 3697 3694 3760 potest
3714 3690 3852 3753 Deus,

2300 3780 2481 3836 ethoc
2510 3795 2614 3835 non
2640 3781 2847 3851 potest?
2887 3780 2940 3836 Si
2987 3796 3092 3835 non
3136 3795 3294 3850 posse
3318 3780 3573 3847 dixerint,
3600 3796 3691 3836 cur
3724 3780 3854 3836 dero-

2300 3881 2426 3944 gant
2453 3872 2848 3942 omnipotentiae
2880 3872 3010 3927 Dei?
3048 3872 3092 3927 si
3136 3886 3296 3943 posse
3323 3881 3377 3928 et
3420 3872 3564 3929 nolle
3594 3870 3855 3944 responde-

2301 3966 2427 4031 rint,
2456 3980 2551 4019 cur
2578 3965 2705 4018 solis
2744 3964 2915 4020 oculis
2952 3964 3148 4029 favent,
3200 3964 3436 4020 invident
3471 3973 3649 4021 autem
3676 3964 3855 4020 cieteris

2303 4056 2545 4113 sensibus
2564 4056 2806 4125 corporis
2830 4052 3060 4111 Christi?
3088 4057 3169 4110 An
3198 4071 3478 4127 quousque
3513 4058 3710 4121 volunt,
3738 4055 3855 4111 desi-

2303 4148 2488 4219 piunt?
2515 4148 2725 4216 Quanto
2764 4162 2862 4201 nos
2890 4146 3097 4211 melius,
3139 4147 3229 4217 qui
3260 4162 3365 4202 non
3403 4162 3594 4203 eorum
3636 4146 3855 4216 insipien-

2305 4244 2391 4297 tia:
2422 4242 2677 4297 terminos
2708 4238 2937 4310 figimus,
2969 4238 3064 4293 sed
3105 4246 3164 4293 ut
3202 4238 3465 4308 desipiant
3508 4252 3738 4310 prorsus,
3774 4252 3854 4291 uo-

2305 4336 2479 4390 lumus
2495 4335 2508 4388 ι

2377 4424 2430 4479 6.
2470 4423 2630 4479 Multa
2653 4421 2877 4493 proferri
2903 4430 3124 4491 possunt
3143 4422 3210 4476 ad
3229 4423 3381 4477 istam
3402 4421 3717 4478 dementiam
3742 4419 3855 4477 refe.

2308 4514 2540 4571 tandum.
2571 4514 2676 4569 Sed
2706 4515 2751 4568 si
2775 4513 3061 4585 aliquando
3093 4514 3344 4571 irruerint
3370 4514 3589 4569 auribus
3618 4514 3732 4579 tuis,
3764 4514 3857 4566 inec

2308 4606 2520 4662 interim
2540 4606 2619 4662 eis
2640 4606 2775 4677 lege,
2807 4615 2863 4661 et
2886 4604 3010 4677 quid
3031 4605 3387 4676 respondeant
3412 4622 3519 4660 non
3544 4608 3707 4677 pigeat
3727 4613 3771 4659 te
3788 4617 3857 4656 re-

2282 4698 2542 4757 scribere
2568 4708 2624 4752 ιιι
2647 4706 2819 4769 potes.
2850 4698 2930 4753 Ad
2957 4698 3059 4752 hoc
3077 4698 3216 4752 enim
3240 4696 3342 4752 (ide
3360 4697 3523 4752 corda
3542 4708 3712 4753 nostra
3728 4708 3853 4751 mau-

2309 4790 2521 4856 dantur,
2549 4792 2669 4861 quia
2696 4790 2848 4845 nobis
2877 4788 2997 4844 fidei
3029 4803 3233 4844 merces
3259 4788 3392 4844 visio
3420 4789 3513 4855 Dei
3544 4788 3849 4859 promittitur.

2310 4881 2441 4950 Qua:
2469 4881 2513 4935 si
2537 4896 2630 4952 per
2654 4881 2893 4951 corporis
2917 4880 3101 4935 oculos
3126 4881 3250 4946 erit,
3280 4878 3473 4935 frustra
3515 4880 3585 4934 ad
3623 4894 3731 4934 eam
3754 4890 3851 4946 per-

2311 4975 2608 5045 cipiendam
2628 4985 2932 5031 sanctorum
2952 4973 3161 5028 animus
3178 4981 3456 5028 exercetur
3475 4990 3489 5026 :
3513 4974 3620 5029 imo
3636 4986 3750 5028 vero
3767 4978 3850 5023 tam

2314 5082 2562 5137 perverse
2588 5067 2823 5121 sentiens
2847 5065 3055 5119 animus
3078 5078 3183 5118 non
3205 5064 3255 5119 in
3285 5079 3343 5118 se
3367 5074 3662 5129 exercetur,
3687 5061 3770 5119 sed
3791 5070 3853 5115 to-

2315 5168 2401 5212 tus
2426 5158 2478 5211 in
2499 5171 2657 5211 carne
2684 5164 2785 5210 est.
2808 5155 2910 5211 Ubi
2934 5157 3076 5211 enim
3101 5156 3337 5210 tenacius
3356 5155 3613 5212 habitabit
3633 5167 3685 5213 et
3707 5155 3849 5215 fitnisi

2316 5250 2413 5305 nisi
2432 5248 2568 5304 unde
2584 5264 2641 5303 se
2660 5248 2824 5302 Deum
2854 5248 3088 5304 visurum
3112 5263 3230 5303 esse
3254 5248 3560 5318 praesumit?
3576 5247 3716 5316 Quod
3733 5252 3851 5301 certe

2316 5351 2567 5414 quantum
2594 5341 2791 5396 malum
2820 5341 2908 5405 sit,
2941 5340 3303 5410 intelligentia:
3333 5339 3509 5410 potius
3533 5340 3730 5395 dimitto
3750 5345 3847 5395 tur.

2315 5451 2474 5508 quam
2527 5435 2686 5505 longo
2731 5447 2979 5489 sermone
3021 5430 3211 5486 molior
3251 5431 3579 5503 esplicare‘.
3609 5432 3661 5487 ln
3703 5436 3848 5500 prote-

2315 5528 2491 5584 ctione
2514 5524 2723 5581 Domini
2748 5537 2957 5595 semper
2984 5522 3185 5579 habitet
3207 5538 3301 5580 eor
3327 5533 3496 5593 tuum,
3534 5524 3730 5581 domina
3763 5516 3850 5574 exi-

2317 5624 2419 5678 mia
2450 5630 2500 5676 et
2531 5618 2721 5675 merito
2748 5617 3197 5688 prsestantissima,
3235 5627 3391 5689 atque
3415 5616 3609 5675 Christi
3635 5614 3849 5673 cbaritale

2384 5800 2397 5830 ι
2433 5797 2629 5862 Reliqua
2644 5794 2797 5847 verba
2809 5806 3014 5863 proram
3022 5795 3200 5847 absum
3212 5807 3239 5846 a
3255 5801 3361 5848 uss
3377 5795 3642 5848 sexdecuu.
