3962 6382
142 315 225 376 ω
1303 301 1689 361 EPISTOLARl

1819 302 2096 365 CLASSIS
2134 307 2194 364 ΙΙ.

69 432 81 472 ί
141 429 413 495 honoranda
427 428 550 484 illia.
570 424 925 483 Honorabiles
939 435 1111 482 tecum
1129 424 1385 497 nobisque
1401 427 1452 480 in
1475 425 1698 480 Domino

140 525 477 586 dilectissimos
507 522 644 578 li!ios
678 531 817 591 tuos,
849 521 1028 577 debito
1066 519 1271 578 meritis
1304 517 1498 576 vestris
1522 516 1697 574 ofﬁcio

142 618 363 678 resoluta.

563 751 892 810 EPISTOLA
919 749 1111 807 XCIII'
1132 751 1231 824 (α).

141 894 414 964 Augustinus
441 889 689 944 Vincentii
704 905 729 942 e
743 887 1012 942 schismate
1029 886 1314 957 Rogatiano
1330 886 1550 958 episcopi
1569 885 1696 941 Car-

197 987 424 1046 teunensis
468 984 733 1054 epistolam
764 981 1019 1050 refellens,
1065 980 1185 1035 dicit
1228 981 1388 1034 visum
1416 980 1512 1034 sibi
1538 980 1696 1051 fuisse

196 1078 464 1151 aliquando.
494 1095 592 1131 non
613 1078 664 1131 vi
688 1092 800 1129 cum
820 1075 1086 1138 Ita’reticis,
1116 1072 1204 1127 sed
1231 1072 1375 1127 verba
1407 1071 1500 1125 Dei
1530 1082 1576 1126 et
1605 1088 1693 1124 ra-

198 1177 312 1231 tione
336 1171 618 1244 agendum;
645 1185 815 1223 verum
834 1167 1091 1222 sententiis
1115 1167 1335 1220 aliorum
1358 1165 1696 1235 exemplisque

195 1278 463 1339 superatum
491 1276 710 1319 mutasse
736 1263 1052 1327 sententiam,
1075 1270 1122 1316 et
1147 1261 1383 1315 arbitrari
1405 1260 1535 1329 leges
1553 1259 1696 1330 prin-

196 1366 345 1435 ripam
380 1374 513 1416 recte
547 1358 812 1428 implorari
840 1358 1077 1411 adversus
1107 1355 1270 1409 Itostes
1299 1352 1438 1421 ﬁdei,
1465 1351 1612 1404 modo
1640 1349 1695 1403 id

197 1461 274 1530 [int
302 1458 467 1512 animo
492 1453 796 1527 corrigendi,
829 1469 928 1507 non
953 1450 1120 1504 studio
1149 1447 1472 1502 vindicandi:
1496 1445 1696 1514 aliaque

199 1551 370 1622 subjicit
392 1548 642 1621 permulta
662 1555 836 1601 contra
861 1541 1192 1617 pervicaciam
1218 1548 1265 1595 et
1289 1537 1692 1608 auabaptismum

199 1641 574 1697 Donatistarum.

283 1775 636 1833 Dilectissimo
651 1774 804 1831 fratri
821 1773 1138 1839 Vtscsarto,
1157 1772 1511 1826 Accusrtaus.

193 1911 397 1970 CAPUT
442 1909 730 1967 PRlilUM.
762 1941 832 1951 -—
858 1912 907 1965 1.
950 1909 1144 1979 Accepi
1182 1896 1690 1978 epistolam,'quam

137 2017 257 2063 tuam
274 2021 381 2062 esse
401 2005 533 2061 mihi
562 2020 669 2059 non
691 2002 1004 2060 incredibile
1027 2001 1196 2057 visum
1214 2011 1326 2056 est:
1353 1999 1528 2054 attulit
1549 1997 1690 2053 enim

135 2116 248 2166 eam,
262 2115 409 2170 quem
426 2097 752 2154 catholicum
770 2096 1116 2151 christianum
1136 2109 1254 2149 esse
1271 2102 1563 2157 constaret,
1578 2091 1688 2162 qui,

137 2203 182 2248 ut
200 2194 386 2263 Opinor,
415 2191 545 2246 mihi
569 2189 779 2245 mentiri
802 2205 906 2243 non
930 2187 1168 2243 auderet.
1188 2185 1291 2242 Sed
1311 2187 1408 2240 etsi
1430 2185 1566 2239 forte
1583 2200 1689 2238 non

133 2294 232 2338 sunt
259 2285 436 2338 littera:
469 2293 591 2345 tum,
625 2295 726 2351 ego
750 2280 799 2335 ei
829 2280 916 2350 qui
941 2278 1151 2349 scripsit
1172 2276 1568 2334 rescribendum
1597 2293 1692 2347 pu-

133 2377 237 2431 tari.
261 2376 402 2431 Nunc
431 2391 520 2432 me
541 2376 716 2446 potius
742 2374 933 2445 quietis
959 2389 1077 2429 esse
1097 2373 1308 2428 avidum
1326 2382 1378 2428 et
1396 2379 1685 2442 petentem,

131 2485 265 2541 quam
289 2480 405 2525 tunc
430 2485 555 2526 cum
583 2485 668 2523 me
687 2466 1104 2532 adolescentem,
1127 2467 1248 2521 vivo
1281 2465 1454 2521 adhuc
1490 2465 1691 2536 Rogato

129 2563 203 2618 cui
238 2562 550 2629 successisti,
583 2561 720 2631 apud
747 2561 1120 2630 Carthaginem
1153 2573 1399 2614 noveras.
1430 2557 1536 2613 Sed
1581 2559 1688 2612 Do-

129 2658 312 2711 natista:
349 2656 567 2712 nimium
614 2656 835 2725 inquieti
867 2663 1008 2720 sunt,
1043 2668 1177 2723 quos
1218 2667 1314 2722 per
1350 2651 1620 2705 ordinatas
1659 2665 1690 2704 a

131 2749 232 2804 Deo
247 2760 515 2820 potestates
534 2748 772 2805 cohiberi
802 2757 958 2818 atque
985 2746 1176 2818 corrigi
1200 2745 1329 2800 mihi
1352 2760 1457 2800 non
1482 2744 1690 2800 videtur

131 2841 315 2898 inutile.
336 2840 456 2897 Nam
481 2840 546 2896 de
568 2841 854 2896 multorum
877 2840 987 2910 jam
1013 2839 1343 2894 correctione
1370 2837 1684 2909 gaudemus,

126 2937 202 3005 qui
241 2945 336 2989 tant
374 2935 632 2990 veraciter
664 2935 917 2990 unitatem
957 2932 1270 2988 catholicam
1311 2940 1495 2988 tenent
1529 2940 1690 3001 atque

125 3026 402 3093 defendunt,
426 3039 482 3082 ct
503 3043 534 3082 a
560 3028 784 3098 pristino
803 3040 987 3082 errore
1008 3041 1066 3081 se
1087 3025 1339 3081 liberatos
1364 3040 1481 3080 esse
1505 3025 1690 3080 lzetan-

125 3130 215 3188 tur,
242 3131 292 3176 ut
318 3137 406 3176 eos
438 3137 562 3176 eum
591 3137 778 3191 magna
805 3119 1156 3191 gratulatione
1185 3119 1460 3174 miremur.
1484 3118 1582 3186 Qui
1607 3127 1687 3174 ta-

125 3231 227 3271 men
253 3218 424 3272 nescio
455 3233 560 3288 qua
590 3218 640 3271 vi
667 3214 1088 3279 consuetudinis,
1122 3214 1268 3269 nullo
1297 3213 1456 3267 modo
1492 3212 1688 3268 mutari

124 3310 168 3364 in
188 3311 358 3367 melius
379 3311 698 3380 cogitarent,
731 3309 830 3363 nisi
859 3308 960 3363 hoc
985 3316 1190 3362 terrore
1220 3305 1469 3376 perculsi,
1501 3304 1690 3359 sollici-

125 3411 212 3457 tam
229 3415 448 3460 mentem
471 3403 537 3458 ad
559 3401 1038 3458 considerationem
1057 3399 1295 3454 veritatis
1319 3397 1690 3469 intenderent;

125 3510 180 3550 ne
205 3495 328 3551 forte
368 3497 416 3550 si
461 3509 570 3551 non
620 3509 715 3564 pro
755 3493 978 3563 justitia,
1011 3490 1105 3547 sed
1137 3506 1233 3562 pro
1263 3490 1608 3561 perversitate
1634 3496 1689 3543 et

126 3590 512 3659 praesumptione
551 3587 826 3642 hominum
857 3587 1000 3657 ipsas
1043 3585 1362 3656 temporales
1393 3584 1684 3651 molestias,

123 3678 412 3736 infructuosa
437 3689 496 3735 et
519 3696 655 3735 vana
680 3679 957 3735 tolerantia
981 3686 1308 3748 paterentur,
1350 3676 1488 3747 apud
1521 3677 1685 3732 Deum

126 3780 281 3837 postea
309 3788 409 3827 non
440 3771 748 3826 invenirent
784 3770 885 3824 nisi
915 3767 1120 3824 debitas
1151 3782 1336 3838 pmnas
1379 3767 1684 3836 impiorum,

122 3861 196 3927 qui
214 3861 318 3932 ejus
337 3871 446 3918 tam
477 3862 654 3917 lenem
686 3859 1125 3925 admonitionem,
1157 3871 1210 3914 et
1237 3869 1454 3929 paterna
1481 3858 1687 3929 ﬂagella

123 3956 517 4026 contempserint
537 3973 549 4010 :
569 3970 634 4010 ac
649 3955 726 4010 sic
747 3955 844 4009 ista
863 3953 1181 4024 cogitatione
1197 3953 1398 4009 dociles
1421 3953 1564 4016 facti,
1583 3967 1687 4007 non

123 4045 450 4104 incalumniis
473 4057 527 4104 et
557 4046 749 4102 fabulis
777 4047 1038 4110 humanis,
1073 4045 1167 4100 sed
1194 4046 1245 4100 in
1284 4045 1478 4100 divinis
1512 4045 1688 4099 Libris

125 4139 406 4203 promissam
440 4157 540 4211 per
573 4153 761 4194 omnes
797 4149 984 4209 gentes
1027 4139 1327 4194 invenirent
1371 4139 1684 4205 Ecclesium,

122 4242 255 4294 quant
274 4229 378 4285 suis
399 4231 574 4286 oculis
596 4231 742 4286 reddi
758 4232 1150 4300 conspicerent,
1174 4231 1225 4285 in
1245 4230 1437 4302 quibus
1457 4240 1510 4285 et
1530 4231 1685 4286 Chri-

125 4329 242 4374 stum
285 4324 716 4392 prwnuntiatnm,
763 4326 921 4380 etiam
963 4342 1067 4380 non
1098 4325 1270 4381 visum
1317 4341 1480 4395 super
1520 4325 1687 4381 cmlos

124 4424 223 4466 esse
242 4415 456 4472 minime
481 4416 804 4472 dubitarent.
828 4416 1216 4488 Numquidnam
1239 4433 1340 4490 ego
1361 4420 1580 4474 istorum
1604 4435 1689 4474 sa-

124 4499 202 4555 luti
226 4503 454 4563 invidere
481 4508 767 4575 debebam,
801 4518 858 4564 ut
881 4509 1110 4580 collegas
1131 4526 1278 4566 meos
1297 4512 1365 4568 ab
1388 4511 1688 4582 hujnsmodi

124 4606 316 4662 paterna
343 4601 616 4673 diligentia
645 4618 972 4666 revocarent,
1005 4618 1100 4672 per
1127 4620 1283 4674 quant
1306 4606 1499 4662 factum
1522 4615 1604 4662 est
1631 4617 1690 4663 ut

125 4690 292 4746 multos
317 4694 594 4751 vide-imus
617 4710 870 4751 accusare
889 4710 1038 4750 suam
1073 4698 1346 4766 pristinam
1368 4702 1688 4758 catcitatem?

125 4784 200 4850 qui
223 4799 335 4840 cum
365 4803 527 4858 super
555 4790 724 4844 cados
759 4791 1045 4845 exaltatum
1073 4790 1364 4858 Christum.
1391 4796 1550 4852 etiam
1580 4813 1687 4852 non

125 4873 336 4933 ridentes
360 4882 681 4946 credebant;
711 4884 931 4954 gloriam
956 4894 1130 4939 tamen
1153 4884 1269 4954 ejus
1292 4901 1454 4956 super
1473 4903 1688 4944 omnem

126 4974 317 5036 terram,
335 4973 491 5030 etiam
507 4976 752 5031 videntes
768 4977 1050 5048 negabant,
1070 4995 1192 5034 cum
1213 4980 1474 5052 Propheta
1494 4993 1689 5038 utrum-

127 5071 219 5123 que
241 5076 333 5118 una
359 5069 621 5123 Sententia
652 5078 796 5124 tanta
828 5071 1255 5128 manifestatione
1270 5075 1579 5144 complexus
1596 5077 1684 5143 sit,

124 5148 311 5209 dicens.
335 5157 579 5216 Exaltare
618 5180 772 5233 super
813 5165 983 5231 cretes,
1031 5163 1190 5233 Deus,
1232 5177 1280 5221 et
1312 5184 1464 5240 super
1491 5186 1688 5225 onmem

121 5252 282 5298 terram
299 5249 459 5318 gloria
491 5265 579 5307 tua
607 5253 777 5325 (Psal.
805 5271 934 5318 cvu,
967 5255 1043 5329 6).

179 5335 227 5394 2.
255 5338 384 5400 Istos
409 5362 535 5417 ergo
555 5357 766 5404 atroces
786 5349 1050 5419 quondam
1077 5352 1319 5409 inimicos
1338 5366 1569 5415 nostros.
1596 5373 1688 5418 Da-

172 5492 466 5578 :fmepdata
483 5513 562 5578 est.
583 5505 655 5578 ad_
673 5520 717 5555 a.
750 5507 830 5570 bg.
858 5507 926 5578 bl.
955 5509 1040 5558 bn.
1063 5521 1107 5558 e.
1139 5523 1210 5560 cc.
1241 5511 1367 5578 ωε.
1397 5529 1478 5578 grv.
1504 5516 1544 5578 j.
1575 5529 1686 5567 u.r.

121 5567 256 5667 ἰπνο-
285 5561 364 5610 vd.
396 5570 501 5615 tres
526 5571 600 5617 sb.
626 5568 749 5618 duos
778 5561 813 5618 ἰ
845 5572 1063 5634 quinque
1093 5586 1139 5622 v.
1175 5583 1228 5623 et
1255 5561 1686 5627 aduen7.'t15d._-E:r:

122 5701 282 5818 aliis
267 5707 390 5761 Alias
411 5711 472 5762 48
495 5728 508 5766 :
529 5729 639 5780 qua
659 5727 826 5770 autem
845 5720 908 5772 95
931 5729 1064 5784 erat,
1089 5736 1217 5773 nunc
1241 5723 1354 5775 181.
1373 5726 1554 5778 scribta
1573 5726 1688 5777 circ.

3274 331 3391 390 528

1804 437 1919 478 cem
1964 435 2018 479 et
2059 427 2289 498 quietem
2317 439 2554 489 nostram
2586 437 2747 493 variis
2773 439 3144 502 violentiarum
3179 456 3232 504 et
3257 448 3391 506 insi-

1802 517 2008 572 diarum
2032 521 2314 589 generibus
2341 526 2591 595 gravibus
2616 531 2848 600 graviter
2872 534 3181 593 infestantes
3198 580 3214 606 ,
3237 540 3285 596 si
3311 540 3390 598 sic

1803 625 2265 672 contemneremus
2289 626 2344 673 et
2369 621 2736 691 toleraremus,
2769 637 2823 680 ut
2848 626 2974 682 nihil
3001 629 3218 686 omnino
3247 635 3388 702 quod

1800 711 1869 766 ad
1899 727 1991 767 eos
2019 713 2294 768 terrendos
2317 729 2381 768 ac
2405 717 2747 787 corrigendos
2776 721 2951 777 valere
2979 734 3190 793 posset,
3230 742 3390 782 exco-

1800 805 2058 876 gitaretur
2084 816 2138 862 et
2167 817 2410 878 ageretur
2437 827 2468 864 a
2495 811 2679 878 nobis,
2717 828 2846 870 vere
2878 816 3074 871 malum
3115 835 3209 888 pro
3249 821 3390 876 male

1801 899 2168 957 redderemus.
2200 901 2254 958 Si
2285 905 2425 958 enim
2454 905 2732 976 quisquam
2764 907 3036 964 inimicum
3065 925 3219 966 suum
3246 915 3393 982 peri-

1801 992 1999 1047 culosis
2023 993 2254 1050 febribus
2293 995 2656 1066 phreneticum
2689 997 2884 1054 factum
2904 1042 2918 1065 ,
2948 1017 3163 1058 currere
3187 1004 3393 1062 videret

1800 1085 1854 1140 in
1881 1101 2141 1156 praeceps.
2174 1103 2351 1144 nonne
2378 1099 2502 1146 tunc
2533 1093 2707 1162 potius
2749 1094 2947 1149 malum
2980 1113 3075 1166 pro
3101 1100 3239 1153 malo
3271 1104 3392 1156 red-

1801 1173 1972 1241 deret,
2004 1179 2047 1232 si
2078 1193 2198 1233 eum
2226 1181 2302 1235 sic
2328 1197 2544 1238 currere
2575 1186 2926 1254 permitteret,
2958 1203 3116 1256 quam
3143 1189 3187 1244 si
3217 1191 3389 1245 corri-

1802 1268 2052 1338 piendum
2079 1270 2453 1344 ligandumque
2477 1277 2725 1331 curaret?
2756 1278 2823 1332 Et
2847 1288 3024 1335 tamen
3051 1290 3176 1336 tunc
3201 1283 3248 1338 ei
3274 1299 3389 1338 mo-

1801 1360 2115 1418 lestissimus
2141 1373 2195 1420 et
2224 1366 2631 1422 adversissimus
2658 1369 2951 1439 videretur,
2985 1373 3198 1444 quando
3222 1376 3391 1432 utilis-

1800 1453 1966 1507 simus
2021 1465 2075 1509 et
2125 1455 2662 1514 misericordissimus
2715 1462 3024 1516 extitisset:
3081 1464 3175 1520 sed
3234 1467 3392 1536 plane

1800 1546 1974 1602 salute
2002 1559 2244 1618 reparata
2273 1559 2420 1605 tanto
2442 1551 2658 1607 uberius
2679 1555 2726 1608 ei
2747 1555 2946 1624 gratias
2969 1568 3168 1626 ageret,
3192 1569 3390 1628 quanto

1799 1637 1900 1691 sibi
1927 1653 2048 1692 eum
2079 1639 2254 1695 minus
2283 1642 2584 1711 pepercisse
2613 1644 2889 1700 sensisset.
2923 1646 2965 1701 0
2986 1647 3029 1700 si
3057 1662 3266 1717 possem
3297 1651 3392 1706 tibi

1799 1729 2114 1798 ostendere,
2167 1749 2231 1788 ex
2283 1733 2411 1804 ipsis
2441 1735 2970 1792 Circumcelliouibus
2997 1754 3156 1809 quam
3195 1740 3392 1797 multos

1793 1824 1904 1894 jam
1926 1825 2215 1882 catholicos
2236 1829 2546 1885 manifestos
2570 1831 2876 1896 habeamus,
2903 1835 3220 1890 damnantes
3239 1850 3390 1892 suam

1800 1917 2080 1986 pristinam
2109 1920 2269 1974 vitam
2290 1963 2306 1978 .
2339 1931 2394 1976 et
2423 1922 2776 1979 miserabilem
2804 1939 3040 1981 errorem
3081 1942 3187 1998 quo
3215 1944 3274 1983 se
3299 1945 3391 1984 ar-

1798 2005 2131 2064 bitrabantur
2157 2026 2250 2080 pro
2279 2011 2518 2068 Ecclesia
2547 2015 2638 2068 Dei
2669 2013 2845 2070 facere
2875 2016 3126 2087 quidquid
3158 2019 3390 2089 inquieta

1798 2101 2099 2156 temeritate
2139 2101 2432 2158 faciebant!
2478 2105 2569 2175 qui
2617 2115 2791 2160 tamen
2832 2106 2900 2162 ad
2943 2107 3080 2163 hanc
3109 2112 3390 2166 sanitatem

1799 2208 1906 2247 non
1935 2194 2373 2264 perducerentur,
2420 2196 2521 2253 nisi
2550 2198 2726 2269 legum
2756 2199 2976 2254 istarum
3005 2217 3124 2272 quae
3155 2203 3246 2259 tibi
3277 2203 3390 2259 dis-

1797 2287 2028 2357 plicent,
2062 2288 2285 2344 vinculis
2313 2297 2562 2360 tanquam
2589 2293 2884 2362 phrenetici
2913 2293 3222 2364 ligarentur.
3251 2295 3392 2364 Quid

1799 2378 1927 2434 illud
1958 2381 2180 2436 alterum
2209 2399 2376 2452 genus
2405 2384 2578 2439 morbi
2603 2385 2903 2454 gravissimi
2930 2401 3133 2452 eorum,
3163 2389 3250 2458 qui
3280 2396 3391 2444 tur-

1797 2469 2070 2526 buleatam
2102 2473 2315 2544 quidem
2343 2475 2620 2531 audaciam
2648 2493 2754 2532 non
2784 2476 3080 2544 habebant,
3117 2479 3214 2536 sed
3255 2497 3390 2551 qua-

1797 2561 1918 2617 dam
1957 2574 2164 2620 vetusta
2203 2566 2448 2622 socordia
2489 2568 2887 2638 premebantur,
2930 2570 3168 2626 dicentes
3197 2571 3387 2641 nobis,

1799 2653 1996 2710 Verum
2040 2657 2255 2726 quidem
2284 2658 2488 2724 dicitis,
2534 2675 2640 2714 non
2669 2669 2752 2716 est
2792 2662 2932 2732 quod
2973 2664 3389 2733 respondeatur;

1798 2747 1892 2801 sed
1913 2746 2104 2802 durum
2126 2757 2206 2803 est
2228 2749 2380 2806 nobis
2404 2750 2739 2806 traditionem
2758 2763 3033 2822 parentant
3056 2754 3388 2827 relinquere:

1798 2853 1978 2893 nonne
2022 2839 2307 2896 salubriter
2349 2842 2531 2913 regula
2575 2844 2944 2914 temporalium
2979 2847 3390 2904 ‘molestiarum

1797 2929 2102 2985 excutiendi
2161 2942 2343 2999 erant,
2408 2942 2466 2987 ut
2517 2941 2768 3003 tanquam
2827 2935 2894 2990 de
2948 2951 3139 2992 somno
3193 2938 3391 2994 lethar-

1795 3019 1915 3089 gico
1937 3033 2298 3092 emergerem,
2332 3022 2466 3077 etin
2511 3024 2733 3079 salutem
2778 3024 2995 3081 unitatis
3040 3027 3390 3099 evigilarent?

1795 3109 1966 3178 Quam
1995 3113 2146 3168 multi
2175 3129 2240 3168 ex
2283 3112 2411 3184 ipsis
2441 3131 2582 3171 nunc
2619 3117 2896 3173 nobiscum
2924 3119 3216 3190 gaudentes
3236 3163 3251 3187 ,
3283 3122 3392 3193 pri-

1795 3203 1994 3258 stinum
2031 3204 2238 3274 pondus
2274 3207 2557 3276 perniciosi
2587 3210 2667 3264 sui
2698 3211 2876 3279 operis
2906 3222 3192 3280 accusant,
3227 3225 3281 3271 et
3307 3213 3390 3270 fa-

1797 3303 1977 3350 tentur
2001 3311 2100 3351 nos
2128 3297 2229 3352 sibi
2273 3299 2527 3354 molestos
2569 3316 2689 3357 esse
2716 3301 2998 3371 debuisse,
3031 3321 3100 3362 ne
3140 3315 3389 3377 tanquam

1796 3387 2073 3443 mortifero
2112 3403 2319 3457 somno,
2355 3391 2424 3445 ita
2452 3391 2640 3447 morbo
2671 3402 2966 3451 veternosa:
2991 3398 3390 3457 consuetudinis

1795 3480 2094 3536 interirent.

1869 3573 1922 3628 5.
1962 3574 2030 3628 At
2056 3575 2195 3629 enim
2224 3574 2542 3645 quibusdam
2570 3575 2669 3630 ista
2709 3592 2814 3632 non
2855 3587 3093 3647 prosunt.
3122 3577 3390 3652 Numquid

1796 3659 1919 3716 ideo
1958 3661 2274 3733 negligenda
2315 3672 2398 3717 est
2426 3663 2716 3731 medicina,
2747 3665 2871 3736 quia
2902 3668 3277 3724 nonnullorum
3306 3679 3391 3726 est

1796 3752 2108 3808 insanabilis
2150 3754 2479 3824 pestilentia?
2509 3754 2586 3810 Tu
2620 3771 2723 3810 non
2769 3758 3000 3814 attendis
3039 3760 3137 3815 nisi
3175 3776 3268 3817 eos
3295 3761 3388 3832 qui

1796 3845 1869 3900 ita
1893 3846 2012 3900 duri
2042 3856 2200 3914 sunt,
2230 3858 2285 3902 ut
2312 3863 2410 3904 nec
2438 3850 2590 3904 istam
2633 3851 2890 3920 recipiant
2927 3852 3282 3923 disciplinam.
3313 3854 3390 3912 De

1796 3937 1990 3993 talibus
2033 3940 2174 3993 enim
2217 3942 2473 4012 scriptum
2521 3951 2648 3998 est:
2694 3941 2912 3998 Frustra
2957 3948 3213 4017 ﬂagellari
3253 3950 3390 4018 ﬁlios

1796 4039 2018 4094 uestros;
2047 4030 2369 4100 disciplinam
2398 4049 2497 4086 non
2526 4045 2817 4101 receperunt
2849 4035 2979 4104 (Ier.
3011 4052 3067 4102 tt,
3093 4038 3205 4107 30).
3252 4039 3387 4094 Puto

1796 4130 1974 4177 tamen
2004 4124 2126 4192 quia
2156 4124 2470 4189 dilectione,
2516 4140 2620 4179 non
2651 4125 2775 4179 odio
2817 4126 3060 4197 llagellati
3106 4140 3246 4184 sunt.
3277 4131 3385 4187 Sed

1796 4212 1961 4268 debes
1989 4216 2150 4269 etiam
2183 4224 2286 4268 tam
2327 4216 2522 4269 multos
2546 4215 2840 4286 attendere,
2868 4217 2935 4274 de
2959 4235 3184 4289 quarunt
3213 4222 3385 4280 salute

1795 4307 2109 4377 gaudemus.
2157 4307 2212 4364 Si
2255 4308 2396 4363 enim
2429 4319 2773 4376 terrerentur,
2821 4322 2876 4367 et
2905 4328 3010 4366 non
3041 4313 3382 4399 docerentpr,

1796 4401 2036 4470 improba
2064 4401 2214 4471 quasi
2253 4400 2545 4456 dominatio
2583 4402 2873 4458 videretur.
2909 4404 3109 4462 Rursus
3138 4409 3180 4463 si
3220 4409 3383 4466 doce-

1796 4503 1981 4549 rentur
2023 4503 2079 4549 et
2124 4510 2230 4549 non
2279 4505 2632 4560 terrerentur,
2669 4507 2934 4554 vetustate
2984 4505 3385 4563 consuetudinis

1796 4587 2045 4644 obdurati
2083 4587 2148 4643 ad
2176 4589 2554 4658 capessendam
2591 4590 2727 4644 viam
2759 4591 2944 4647 salutis
2971 4595 3167 4666 pigrius
3196 4614 3382 4655 move-

1796 4691 2011 4746 rentur;
2053 4680 2479 4750 quandoquidem
2522 4683 2699 4748 multi,
2749 4698 2885 4754 quos
2922 4684 3056 4741 bene
3099 4689 3379 4756 novimus,

1797 4776 2003 4832 reddita
2035 4776 2134 4830 sibi
2163 4776 2369 4830 ratione
2394 4785 2446 4830 et
2478 4775 2809 4832 manifestata
2847 4778 3040 4834 divinis
3068 4782 3384 4842 testimoniis

1799 4870 2051 4932 veritate,
2095 4868 2489 4938 reSpondebant
2519 4870 2691 4933 nobis,
2724 4886 2919 4940 cupere
2945 4889 3003 4928 se
3033 4874 3085 4927 in
3132 4875 3385 4938 Ecclesia:

1797 4962 2070 5018 catholica:
2099 4963 2524 5018 counnunionem
2556 4962 2781 5018 transire
2804 5006 2819 5028 ,
2849 4962 2941 5017 sed
2973 4965 3230 5021 violentas
3260 4985 3383 5038 per-

1797 5055 2026 5110 ditorum
2051 5054 2320 5108 hominum
2345 5055 2644 5108 inimicitias
2668 5053 2950 5110 formidare
2975 5075 2987 5110 :
3015 5072 3149 5129 quas
3167 5061 3383 5131 quidem

1796 5156 1894 5212 pro
1918 5140 2126 5211 justitia
2151 5149 2204 5195 et
2233 5157 2327 5212 pro
2351 5152 2551 5198 :eterna
2577 5143 2681 5196 vita
2707 5145 2887 5213 utique
2913 5158 3259 5205 contemni-re
3285 5153 3384 5206 de-

1798 5236 2059 5296 buerunt;
2079 5232 2172 5288 sed
2198 5234 2380 5288 talium
2401 5235 2700 5299 inlirmitas,
2718 5234 2890 5292 donec
2908 5236 3044 5294 lirmi
3063 5241 3380 5311 efﬁciantur,

1795 5324 2107 5381 sustinenda
2135 5334 2238 5389 est,
2285 5342 2388 5379 non
2427 5325 2782 5396 desperanda.
2813 5328 2921 5385 Nec
2963 5332 3380 5389 obliviscendum

1795 5416 1937 5485 quod
1969 5417 2082 5484 ipse
2107 5416 2360 5472 Dominus
2376 5417 2548 5472 adhuc
2571 5419 2784 5475 infirmo
2814 5421 2974 5478 Petro
2997 5425 3102 5478 ait:
3140 5423 3256 5478 Non
3285 5443 3378 5495 po-

1805 5519 1877 5564 tes
1903 5527 1980 5566 me
1999 5511 2150 5565 modo
2191 5511 2361 5580 sequi;
2405 5517 2624 5582 sequeris
2648 5525 2815 5571 autem
2841 5528 3015 5583 postea
3058 5515 3234 5584 (Joan.
3265 5536 3375 5585 χιιι.

1867 5705 1884 5734 ι
1916 5705 2046 5762 t.ov.,
2084 5695 2252 5762 regula
2284 5693 2549 5759 temporali.
2584 5693 2690 5742 Bad.
2721 5701 2820 5740 Ain.
2861 5696 2934 5741 Er.
2963 5699 3016 5743 et
3035 5699 3143 5745 Mss.
3183 5691 3385 5762 plures,

1803 5761 1969 5828 regula
1991 5757 2338 5823 terttporaltmn.
