3962 6390
553 409 669 480 36).
701 406 833 469 Cum
860 414 988 456 vero
1030 393 1221 454 terrori
1250 391 1366 447 utili
1400 387 1642 446 doctrina
1681 386 1924 443 salutaris
1950 384 2137 480 adjun-

551 478 716 575 gitur,
750 507 805 551 ut
830 509 936 550 non
967 492 1137 546 solum
1169 486 1412 542 tenebras
1438 482 1637 538 erroris
1663 481 1749 534 lux
1780 478 2016 534 veritatis
2040 492 2135 575 ex:

553 566 740 664 pellat.
785 601 962 641 verum
1004 585 1161 637 etiam
1202 578 1352 631 mala:
1379 571 1778 629 consuetudinis
1813 569 2021 624 vincula
2051 566 2137 621 vis

553 658 760 741 itineris
777 680 1088 743 abrumpat,
1115 670 1181 725 de
1207 668 1508 729 multorum,
1534 664 1669 717 sicut
1692 661 1823 727 dixi,
1853 660 2021 714 salute
2048 658 2137 712 lte-

554 785 750 837 tamur,
775 764 1197 825 benedicentium
1225 759 1528 823 nobiscum,
1561 765 1613 810 et
1639 754 1835 826 gratias
1869 750 2136 823 agentium

555 868 666 923 Deo
690 861 830 935 quod
854 873 945 914 sua
973 852 1343 926 pollicitatione
1366 850 1649 920 completa,
1676 860 1777 916 qua
1804 858 1957 915 reges
1983 850 2138 896 terra:

555 932 769 1016 Christo
794 950 1083 1007 servituros
1111 959 1231 1001 esse
1259 942 1533 1014 promisit,
1576 939 1654 995 sic
1693 936 1899 993 curavit
1941 932 2141 989 morbi-

558 1048 673 1117 dos,
702 1047 777 1102 sic
801 1043 1006 1098 sanavit
1032 1038 1291 1093 inlirmos.

627 1132 850 1193 CAPUT
878 1129 1089 1186 ll.—-4.
1118 1125 1234 1181 Non
1260 1124 1434 1179 omnis
1459 1120 1549 1192 qui
1579 1118 1765 1193 parcit,
1791 1116 1995 1171 amicus
2020 1123 2136 1183 est;

556 1244 657 1288 nec
681 1227 855 1284 omnis
883 1224 971 1295 qui
1000 1220 1273 1283 verberat,
1323 1214 1587 1270 inimicus.
1621 1210 1840 1268 Meliora
1870 1216 1993 1261 sunt
2021 1206 2135 1259 vul-

556 1337 681 1380 nera
722 1317 905 1382 amici,
953 1328 1111 1383 quam
1153 1307 1448 1364 voluntaria
1489 1304 1667 1358 oscula
1715 1300 1911 1355 inimici
1958 1295 2136 1372 (Prov.

557 1427 741 1477 xxvn,
771 1407 847 1481 6).
876 1404 1062 1459 Melius
1105 1408 1185 1454 est
1211 1414 1329 1452 cum
1375 1395 1658 1449 severitate
1702 1391 1947 1459 diligere,
1983 1400 2139 1456 quam

556 1520 677 1560 cum
707 1478 923 1557 lenitate
946 1492 1209 1561 decipere.
1237 1487 1430 1543 Utilius
1458 1482 1709 1538 esurienti
1740 1482 1888 1550 panis
1918 1478 2138 1543 tollitur,

558 1596 601 1652 si
629 1594 695 1648 de
727 1590 846 1645 cibo
872 1598 1090 1641 securus
1115 1578 1370 1650 justitiam
1412 1575 1671 1644 negligat.
1705 1584 1861 1641 quam
1888 1567 2141 1623 esurienti

559 1686 710 1758 panis
742 1679 1017 1745 frangitur,
1050 1680 1107 1728 ut
1148 1669 1416 1741 injuStitim
1446 1665 1695 1723 seductos
1724 1660 2043 1758 acquiescat.
2076 1657 2143 1711 Et

558 1749 645 1849 qui
677 1769 1037 1845 phreneticum
1081 1763 1239 1833 ligat,
1287 1767 1342 1814 et
1386 1757 1476 1827 qui
1521 1754 1868 1849 lethargicum
1911 1749 2140 1815 excitat,

558 1847 816 1926 ambobus
848 1861 1123 1921 molestus,
1151 1854 1337 1908 ambos
1364 1857 1523 1903 amat.
1554 1847 1684 1914 Quis
1710 1857 1810 1899 nos
1838 1852 2011 1913 potest
2033 1856 2146 1892 am-

558 1964 697 2036 plius
723 1971 936 2020 amare,
977 1964 1134 2022 quam
1166 1942 1342 2001 Deus?
1374 1943 1440 1997 Et
1480 1950 1655 1994 tamen
1697 1951 1795 1991 nos
1837 1950 1941 1989 non
1973 1934 2143 1988 solum

560 2029 753 2111 docere
782 2047 1034 2109 suaviter,
1070 2053 1252 2094 verum
1292 2036 1449 2090 etiam
1494 2029 1779 2085 salubriter
1810 2036 2010 2080 terrere
2040 2038 2145 2077 non

560 2154 754 2203 cessat.
799 2136 1075 2195 Fomentis
1126 2130 1333 2186 lenibus
1385 2125 1577 2197 quibus
1628 2123 1955 2186 consolatur,
2003 2133 2147 2188 saepe

561 2240 721 2299 etiam
774 2228 1233 2288 mortlacissimum
1292 2220 1736 2276 medicamentum
1794 2213 2146 2269 tribulationis

562 2331 876 2411 adjnngens,
905 2328 1115 2379 exercet
1146 2317 1284 2372 fame
1314 2311 1646 2370 Patriarchas
1666 2309 1823 2363 etiam
1849 2311 1960 2378 pios
1988 2319 2037 2362 et
2063 2324 2149 2363 re-

562 2401 780 2505 ligiosos
808 2415 959 2490 (Gen.
987 2429 1079 2477 xu,
1109 2424 1263 2473 xxvr,
1295 2422 1427 2470 xui,
1458 2414 1501 2457 et
1526 2404 1702 2470 mu),
1733 2401 1981 2473 populum
2022 2414 2147 2455 con-

563 2490 825 2572 ttimacem
879 2506 1051 2580 pretiis
1098 2500 1428 2575 gravioribus
1471 2496 1663 2565 agitat,
1712 2509 1815 2547 non
1865 2490 2039 2546 aufert
2083 2491 2149 2545 ab

563 2602 823 2685 Apostolo
861 2596 1131 2654 stimulum
1158 2591 1335 2647 carnis
1359 2590 1515 2643 tertio
1545 2594 1786 2656 rogatus,
1816 2592 1875 2637 ut
1903 2584 2149 2635 virtutem

564 2674 623 2754 in
664 2693 969 2751 inlirmitate
1011 2686 1247 2758 perficiat
1291 2679 1366 2755 (ιι
1414 2680 1532 2733 Cor.
1561 2690 1655 2744 nt,
1690 2674 1825 2745 7-9).
1866 2674 2150 2743 Diligamus

566 2790 723 2845 etiam
754 2783 996 2840 inimicos
1023 2786 1233 2833 nostros
1253 2815 1267 2841 ,
1300 2772 1421 2843 quia
1453 2774 1553 2824 hoc
1578 2770 1775 2837 justum
1814 2774 1925 2831 est,
1969 2774 2021 2818 ct
2052 2764 2152 2817 hoc

564 2881 805 2958 'pra‘cipit
831 2880 993 2942 Deus,
1027 2882 1084 2929 ut
1109 2873 1274 2927 simus
1297 2867 1387 2922 lilii
1416 2865 1587 2921 Patris
1615 2863 1782 2917 nostri
1808 2862 1896 2931 qui
1926 2860 1976 2913 in
2002 2858 2150 2913 caelis

567 2954 669 3045 est,
699 2972 787 3044 qui
824 2970 942 3025 facit
966 2969 1131 3022 solem
1162 2979 1313 3019 suum
1344 2960 1471 3014 oriri
1500 2973 1660 3027 super
1686 2957 1854 3011 bonos
1883 2962 1937 3008 et
1961 2954 2147 3045 malos,

568 3044 622 3123 et
647 3066 778 3137 pluit
808 3077 970 3131 super
1005 3059 1179 3129 justos
1218 3061 1273 3110 et
1316 3052 1538 3121 injustos
1591 3046 1803 3121 (Matth.
1832 3060 1885 3110 ν,
1914 3046 2024 3115 45).
2047 3044 2151 3099 Sed

569 3159 705 3213 sicut
731 3157 828 3209 ista
857 3152 992 3205 dona
1019 3151 1132 3219 ejus
1161 3144 1439 3201 laudamus
1459 3186 1472 3210 ,
1517 3144 1587 3197 ita
1621 3144 1780 3197 etiam
1806 3138 2007 3209 flagella
2038 3139 2153 3208 ejus

568 3248 621 3304 in
650 3261 743 3301 eos
772 3258 905 3313 quos
932 3241 1121 3309 diligit,
1146 3238 1459 3307 cogitemus.

640 3340 691 3397 5.
725 3338 883 3394 Putas
929 3333 1195 3389 neminem
1225 3330 1420 3384 debere
1446 3328 1561 3395 cogi
1607 3324 1671 3377 ad
1708 3323 1964 3390 justitiam
1986 3364 2000 3390 ,
2032 3336 2150 3375 cum

567 3430 711 3502 legas
739 3424 1174 3500 patremfamilias
1198 3420 1396 3474 dixisse
1422 3417 1608 3479 servis,
1640 3414 1989 3483 Quoscumque
2012 3413 2152 3465 inve-

573 3524 745 3591 ueritis
786 3519 945 3591 cogite
977 3519 1168 3571 intrare
1207 3511 1355 3586 (Luc.
1383 3526 1491 3573 XIV,
1517 3504 1640 3581 23);
1669 3522 1788 3560 cum
1821 3506 1964 3575 legas
1997 3505 2154 3558 etiam

574 3618 749 3689 ipsum
779 3614 952 3685 primo
978 3608 1218 3670 Saulum,
1250 3614 1428 3675 postea
1457 3602 1671 3656 Paulum
1693 3641 1708 3667 ,
1737 3598 1801 3653 ad
1827 3610 2154 3689 cognoscens

574 3687 697 3764 (iam
725 3716 778 3761 et
809 3700 1092 3759 tenendam
1119 3698 1392 3752 veritatem
1418 3736 1432 3762 ,
1465 3708 1653 3763 magna
1682 3689 1931 3744 violentia
1960 3687 2154 3743 Christi

574 3798 815 3870 cogentis
854 3809 973 3851 esse
1012 3790 1342 3860 compulsum
1374 3785 1510 3856 (Act.
1555 3799 1611 3838 ix
1635 3826 1648 3846 ,
1682 3781 1803 3851 3-7)
1835 3799 1847 3834 :
1883 3780 1981 3833 nisi
2022 3778 2155 3832 forte

575 3894 875 3949 cbariorem
903 3897 1057 3959 putas
1099 3880 1404 3938 hominibus
1430 3894 1547 3933 esse
1578 3875 1851 3947 pecuniam
1874 3916 1887 3941 ,
1921 3872 2004 3927 vel
2031 3886 2157 3941 qua-

570 3985 811 4043 lemlibet
836 3978 1247 4055 possessionem,
1273 3988 1429 4045 quam
1452 3971 1621 4025 lucem
1651 3968 1827 4035 istam,
1851 3963 2155 4053 quaeocnlis

571 4053 844 4149 carpitur.
884 4074 1029 4128 lianc
1076 4067 1167 4124 ille
1214 4064 1417 4121 ccelesti
1469 4068 1764 4132 prostratus
1808 4072 1937 4110 voce
1983 4053 2155 4109 subito

573 4171 820 4226 amissam
853 4180 960 4220 non
989 4160 1356 4233 recuperavit,
1405 4155 1503 4210 nisi
1535 4168 1653 4209 cum
1685 4159 1882 4206 sancta:
1910 4150 2156 4219 incorpo-

577 4273 785 4319 raretnr
812 4258 1081 4313 Ecclesiae.
1133 4255 1195 4307 Et
1241 4260 1391 4321 putas
1432 4247 1630 4301 nullam
1674 4246 1778 4298 vim
1808 4241 2156 4297 adhibendam

578 4360 695 4409 eSSe
736 4348 971 4412 homini,
1013 4354 1070 4397 ut
1099 4343 1164 4395 ab
1202 4340 1401 4395 erroris
1444 4336 1678 4407 pernicie
1721 4336 2007 4397 liberetur;
2039 4344 2156 4385 cum

578 4444 750 4515 ipsum
778 4438 962 4499 Deum,
995 4449 1099 4503 quo
1125 4446 1279 4485 nemo
1303 4444 1399 4482 nos
1422 4427 1603 4481 utilius
1629 4425 1815 4493 diligit,
1845 4422 2159 4478 certissimis

577 4510 835 4600 extemplis
867 4530 967 4580 hoc
1010 4522 1182 4578 facere
1209 4519 1421 4582 videas,
1455 4526 1509 4571 et
1546 4514 1816 4569 Christum
1863 4512 2045 4565 audias
2076 4510 2158 4563 di-

580 4635 788 4682 centem
810 4664 825 4688 ,
859 4618 1023 4673 Nemo
1053 4614 1183 4669 venit
1211 4612 1275 4665 ad
1302 4627 1397 4671 me,
1427 4608 1524 4661 nisi
1549 4622 1693 4678 quem
1719 4602 1876 4657 Pater
1899 4602 2161 4655 attraxerit

581 4716 757 4788 (Joau.
776 4730 848 4775 vr,
879 4710 989 4781 44),
1022 4705 1161 4778 quod
1195 4704 1251 4757 lit
1278 4705 1329 4757 in
1358 4700 1605 4756 cordibus
1634 4697 1867 4750 omnium
1895 4696 1981 4765 qui
2012 4708 2071 4748 se
2093 4692 2160 4748 ad

582 4826 700 4863 eum
731 4806 922 4861 diviure
951 4798 1237 4855 iracundia:
1268 4795 1455 4849 timore
1479 4797 1827 4855 convertunt;
1857 4799 1909 4843 et
1946 4789 2160 4841 noveris

583 4899 861 4967 aliquando
887 4897 1056 4950 furem
1099 4887 1400 4945 avertendis
1429 4884 1705 4953 pecoribus
1734 4882 1980 4951 pabulum
2008 4895 2153 4952 spar-

584 5004 727 5061 gere,
757 4998 809 5042 et
834 4983 1114 5057 aliquando
1137 4992 1398 5054 pastorem
1421 4977 1628 5047 ﬂagello
1649 4974 1715 5029 ad
1736 4990 1949 5045 gregem
1970 4986 2160 5043 pecora

587 5080 813 5138 errantia
843 5092 1095 5133 revocare
1114 5074 1129 5129 ι

660 5172 711 5227 6.
739 5170 924 5225 Nonne
952 5177 1315 5223 contumacem
1342 5162 1583 5217 ancillam
1607 5159 1726 5213 data
1756 5156 1855 5211 sibi
1881 5165 2159 5226 potestate,

586 5260 714 5322 Sara
746 5260 918 5330 potius
944 5250 1239 5326 afﬂigebat?
1271 5257 1335 5309 Et
1360 5255 1535 5321 utique
1566 5265 1668 5304 non
1696 5264 1814 5303 eam
1837 5289 1849 5312 ,
1883 5264 2037 5316 quam
2073 5264 2162 5302 su-

590 5356 767 5429 perius
793 5349 1049 5407 bonellcio
1074 5362 1169 5400 suo
1212 5358 1434 5399 matrem
1480 5344 1694 5402 fecerat,
1724 5337 2007 5392 crudeliter
2032 5338 2161 5392 ode-

588 5459 701 5511 rat;
734 5445 827 5501 sed
868 5446 920 5497 in
948 5455 1009 5496 ca
1052 5437 1348 5507 superbiam
1379 5434 1662 5488 salubriter
1691 5430 1972 5485 edomabat
2001 5428 2157 5501 (Gen.

591 5553 707 5601 xvr,
739 5538 814 5607 5).
853 5534 967 5590 Non
996 5540 1169 5586 autem
1197 5531 1436 5598 ignoras,
1467 5522 1605 5593 quod
1633 5523 1746 5576 istze
1774 5522 1892 5573 dua:
1918 5521 2163 5575 "mlieres

591 5627 719 5686 Sura
751 5636 805 5682 et
832 5628 987 5696 Agar,
1031 5632 1084 5679 ct
1113 5623 1217 5677 duo
1248 5616 1337 5671 lilii
1362 5630 1542 5670 earum
1575 5612 1716 5667 Isaac
1739 5620 1792 5666 ct
1822 5609 2037 5675 lsmael,
2072 5624 2165 5679 pro

596 5715 955 5789 spirituallbus
974 5725 1028 5771 et
1046 5712 1343 5771 carnalibus
1373 5709 1678 5791 ﬁgurentur.
1706 5703 1773 5759 Et
1790 5717 1909 5758 cum
1928 5703 2163 5773 legamus

1790 272 1848 329 Β.
1889 269 2149 329 AUGUS’I

2290 266 2594 328 EPISCOPI
3708 286 3800 347 δυ

2245 385 2489 441 ancillam
2514 393 2571 441 et
2590 384 2756 445 lilium
2778 386 2896 456 ejus
2914 401 2945 443 a
2964 386 3095 444 Sara
3120 403 3303 459 passos
3319 406 3510 462 graves
3528 396 3795 472 molestias,

2247 479 2440 537 Paulus
2471 492 2643 537 tamen
2669 482 2942 551 apostolus
2968 481 3094 537 dicit
3118 483 3258 552 quod
3303 484 3370 538 ab
3397 486 3612 544 lsmaele
3636 506 3798 562 pet-se-

2242 572 2507 627 cutionem
2536 574 2605 627 sit
2630 588 2816 642 passus
2844 572 3020 628 Isaac:
3056 574 3160 636 Sed
3189 576 3315 628 sicut
3340 586 3489 643 tunc,
3519 580 3706 649 inquit,
3728 587 3800 644 ille

2242 664 2329 734 qui
2350 674 2458 717 erat
2485 666 2760 719 secundum
2798 682 3034 733 caruerit,
3065 670 3449 738 persequebatur
3470 688 3581 725 eum
3605 680 3684 746 qui
3712 693 3801 736 erat

2243 756 2518 809 secundum
2544 757 2796 826 spiritum,
2839 756 2911 810 ita
2947 765 2994 811 et
3020 773 3157 810 nunc
3184 756 3378 828 (Colat.
3405 776 3478 827 tv,
3507 760 3622 829 29),
3652 775 3704 819 ut
3727 772 3798 838 qui

2244 856 2500 917 possunt,
2532 849 2832 920 intelligant
2856 850 3025 927 magis
3050 850 3342 915 Ecclesiam
3365 854 3674 917 catholicam
3699 874 3801 929 per.

2243 939 2572 999 secutionem
2630 941 2738 1019 pati
2790 941 3041 1019 superbia
3087 950 3144 1007 et
3185 942 3457 1013 impi¢tate
3502 949 3797 1019 carnalium,

2244 1044 2378 1101 quos
2409 1032 2787 1101 temporalibus
2827 1033 3087 1097 molestiis
3126 1043 3286 1103 atque
3328 1038 3621 1105 terroribus
3648 1057 3800 1099 einen.

2244 1119 2372 1181 dare
2401 1134 2640 1179 conatur.
2689 1124 2956 1195 Quidquid
3008 1141 3134 1196 ergo
3177 1126 3302 1183 facit
3328 1144 3455 1193 vera
3501 1140 3557 1197 et
3604 1132 3800 1204 legitima

2246 1221 2437 1278 mater,
2477 1214 2682 1268 etiamsi
2728 1229 2973 1284 asperum
3011 1230 3359 1288 amarumque
3399 1222 3674 1290 sentiatur,
3716 1241 3801 1287 non

2246 1305 2440 1365 malunt
2471 1320 2565 1375 pro
2591 1305 2735 1360 malo
2774 1304 2979 1374 reddit;
3022 1306 3115 1365 sed
3153 1308 3351 1369 bonum
3383 1310 3698 1386 disciplima,
3724 1332 3802 1372 ex-

2247 1395 2496 1464 pellendo
2540 1397 2736 1457 malum
2784 1400 3103 1472 iniquitatis,
3148 1405 3399 1481 apponit,
3446 1422 3551 1461 non
3581 1409 3698 1465 odio
3729 1428 3805 1468 no-

2247 1486 2422 1553 cendi,
2464 1485 2559 1541 sed
2600 1486 2885 1545 dilectione
2910 1488 3152 1546 sanandi.
3198 1489 3329 1547 Cum
3362 1494 3486 1557 boni
3512 1508 3567 1551 et
3595 1499 3802 1556 malies-

2248 1574 2368 1667 dem
2402 1575 2620 1644 faciunt,
2650 1579 2940 1651 eademque
2962 1584 3249 1651 patiuntur,
3273 1600 3381 1639 non
3400 1584 3551 1642 factis
3573 1599 3626 1644 et
3642 1592 3803 1667 panis,

2248 1666 2340 1720 sed
2380 1670 2553 1723 causis
2582 1669 2764 1739 utique
2792 1672 3133 1728 discernendi
3173 1686 3316 1729 sunt.
3350 1676 3555 1733 Pharao
3586 1666 3807 1751 populum

2251 1758 2343 1811 Dei
2388 1758 2538 1812 duris
2561 1760 2832 1817 laboribus
2875 1764 3136 1818 atterebat
3178 1764 3374 1835 (Exod.
3400 1783 3453 1833 Υ,
3488 1768 3583 1839 9);
3631 1771 3807 1843 Iloyses

2250 1850 2495 1904 eumdem
2526 1852 2778 1922 populum
2805 1854 2966 1929 impie
2994 1866 3240 1925 agentem
3262 1858 3408 1919 duris
3429 1863 3808 1921 coercitionibus

2249 1939 2517 2010 afﬂigebat
2549 1940 2685 2015 (Id.,
2715 1960 2895 2013 xxxn,
2925 1946 3016 2017 27)
3044 1965 3057 2001 :
3090 1949 3284 2004 similia
3317 1948 3578 2021 fecerunt,
3613 1954 3697 2010 sed
3724 1972 3809 2012 non

2250 2033 2495 2089 similiter
2521 2037 2773 2106 prodesse
2801 2039 3111 2105 voluerunt;
3158 2041 3246 2097 ille
3289 2040 3652 2102 dominatione
3685 2049 3811 2103 inﬂa.

2251 2134 2365 2193 tus,
2397 2127 2493 2181 iste
2520 2127 2806 2183 dilectione
2836 2129 2851 2161 ί
2886 2129 3244 2189 inﬂammatus
3270 2144 3369 2189 est.
3402 2135 3622 2194 Jezabel
3649 2143 3812 2197 occidit

2252 2218 2579 2289 Prophetas;
2613 2222 2755 2276 Elias
2794 2223 2985 2278 occidit
3029 2225 3522 2303 pseudoprophetas
3569 2230 3678 2304 (Ill
3706 2233 3808 2307 Reg.

2254 2326 2418 2376 xvm,
2452 2312 2507 2377 4,
2538 2312 2631 2384 40)
2658 2331 2669 2367 ;
2702 2322 2828 2383 puto
2854 2314 2992 2385 quod
3024 2315 3233 2372 diversa
3276 2320 3381 2374 sint
3410 2326 3602 2378 merita
3647 2322 3812 2379 facien-

2256 2403 2405 2468 tium,
2434 2402 2643 2460 diversa
2672 2420 2967 2475 passorum.

2327 2498 2380 2553 7.
2412 2498 2602 2567 Aspice
2628 2499 2786 2553 etiam
2818 2509 3052 2570 tempora
3078 2498 3209 2555 Novi
3233 2500 3560 2559 Testamenti
3581 2547 3596 2573 ,
3632 2505 3812 2577 quando

2250 2590 2361 2659 jam
2394 2592 2505 2660 ipsa
2534 2590 2886 2645 mansuetudo
2926 2590 3197 2646 cbaritatis
3241 2607 3346 2647 non
3378 2594 3549 2650 solum
3596 2595 3654 2650 in
3682 2596 3813 2652 corde

2255 2690 2369 2739 erat
2412 2683 2705 2747 servanda,
2760 2698 2943 2737 verum
2992 2683 3149 2737 etiam
3198 2684 3248 2738 in
3304 2684 3419 2739 luce
3462 2688 3812 2755 monsmnda;

2258 2774 2469 2843 quando
2492 2774 2631 2828 Petri
2660 2773 2863 2843 gladius
2894 2774 2944 2827 in
2975 2774 3215 2844 vaginam
3243 2782 3525 2830 revocatur
3550 2794 3579 2831 a
3606 2777 3811 2843 Christo,

2258 2875 2312 2920 et
2341 2865 2635 2919 ostenditur
2661 2880 2765 2918 non
2808 2865 3053 2919 debuisse
3078 2866 3143 2920 de
3185 2868 3369 2937 vagina
3413 2870 3572 2922 eximi
3619 2882 3713 2925 nec
3736 2880 3814 2940 pro

2258 2956 2471 3013 Christo
2500 2954 2708 3028 (Matth.
2735 2968 2888 3024 XXVI,
2912 2956 3023 3029 52).
3049 2957 3299 3028 Legimus
3321 2968 3494 3014 tamen
3518 2975 3624 3016 non
3647 2963 3810 3027 solum,

2258 3048 2399 3120 quod
2441 3048 2768 3104 czeciderunt
2805 3047 2972 3103 Judaei
3017 3048 3237 3102 Paulum
3282 3050 3617 3119 apostolum,
3658 3066 3813 3106 verum

2261 3144 2419 3198 etiam
2450 3142 2589 3213 quod
2635 3142 2955 3196 caeciderunt
2986 3151 3037 3195 et
3062 3140 3231 3197 Grtcci
3275 3158 3370 3211 pro
3410 3142 3573 3197 Paulo
3599 3145 3814 3216 apostolo

2260 3233 2577 3291 Sestltenetn
2606 3234 2843 3289 Judtenm
2884 3234 3019 3306 (Act.
3048 3251 3135 3288 xvr
3157 3277 3170 3300 ,
3200 3234 3294 3302 22,
3325 3236 3416 3303 25,
3450 3245 3503 3291 et
3528 3251 3678 3305 xvm,
3709 3238 3812 3310 i7):

2262 3340 2439 3382 nonne
2481 3324 2769 3381 similitudo
2800 3327 2918 3381 facti
2966 3329 3113 3393 quasi
3165 3338 3414 3398 utrosque
3452 3330 3745 3401 conjungit,
3774 3342 3816 3386 et

2260 3430 2435 3475 tamen
2464 3435 2556 3474 eos
2579 3435 2752 3473 causa:
2774 3419 3145 3474 dissimilitudo
3165 3420 3453 3476 discernit?
3481 3423 3678 3493 Nempe
3698 3427 3815 3480 Deus

2263 3514 2475 3585 proprio
2504 3510 2637 3568 Filio
2668 3529 2770 3567 non
2822 3514 3059 3584 pepercit
3080 3556 3093 3577 ,
3148 3514 3244 3568 sed
3272 3530 3368 3585 pro
3398 3514 3553 3571 nobis
3593 3516 3815 3572 omnibus

2262 3606 2477 3660 tradidit
2506 3605 2653 3659 illum
2699 3603 2876 3675 (Rom.
2904 3620 3031 3672 vm,
3073 3603 3201 3677 5‘2):
3234 3621 3425 3676 nempe
3472 3606 3540 3663 de
3567 3606 3695 3664 Filio
3719 3609 3814 3679 ipso

2260 3697 2471 3761 dicitur,
2505 3695 2605 3762 Qui
2634 3711 2712 3749 me
2740 3697 2932 3762 dilexit,
2964 3706 3009 3750 et
3036 3696 3244 3749 tradidit
3273 3698 3591 3767 semetipsum
3630 3713 3717 3770 pro
3752 3715 3815 3753 at:

2264 3789 2454 3863 (Galat.
2490 3805 2556 3855 tt,
2602 3787 2693 3859 20)
2726 3807 2737 3841 :
2770 3804 2959 3858 nempe
2986 3796 3041 3842 et
3072 3788 3138 3842 de
3180 3788 3310 3842 Juda
3357 3788 3553 3844 dicitur
3590 3790 3721 3861 quod
3750 3793 3814 3846 in-

2264 3884 2469 3938 troierit
2497 3884 2545 3936 in
2587 3896 2707 3936 eum
2736 3892 2944 3935 satanas
2964 3924 2978 3947 ,
3012 3892 3066 3936 ut
3101 3882 3336 3937 traderet
3363 3878 3625 3938 Christum
3652 3882 3808 3957 (Joau.

2265 3991 2380 4043 xm,
2406 3972 2483 4047 2).
2509 3974 2639 4029 Cum
2669 3990 2795 4044 ergo
2821 3985 2872 4028 et
2899 3975 3054 4029 Pater
3080 3974 3355 4029 tradiderit
3376 3976 3565 4031 Filium
3591 3992 3748 4039 suum,
3769 3987 3812 4031 et

2263 4067 2375 4136 ipse
2404 4066 2647 4121 Christus
2672 4081 2863 4135 corpus
2889 4081 3061 4132 suum,
3086 4075 3139 4120 et
3163 4064 3325 4121 Judas
3352 4067 3635 4124 Dominum
3661 4082 3808 4133 suum,

2263 4154 2357 4213 cur
2377 4160 2427 4212 in
2458 4160 2553 4213 hac
2581 4158 2858 4211 traditione
2889 4157 3023 4212 Deus
3049 4168 3133 4213 est
3151 4160 3297 4228 pius,
3321 4168 3375 4214 et
3396 4162 3556 4215 homo
3575 4172 3708 4225 rcus,
3728 4161 3809 4213 nisi

2263 4253 2385 4321 quia
2426 4252 2477 4305 in
2509 4264 2567 4305 re
2597 4265 2699 4305 una
2729 4264 2885 4319 quam
2920 4250 3155 4303 iecerunt
3177 4294 3189 4313 ,
3223 4264 3379 4304 causa
3410 4264 3515 4305 non
3544 4262 3643 4306 una
3667 4260 3735 4305 est
3753 4249 3809 4303 ob

2265 4358 2419 4413 quam
2465 4339 2737 4397 fecerunt?
2766 4340 2898 4394 Tres
2926 4357 3109 4395 cruces
3151 4341 3204 4395 in
3247 4342 3363 4395 loco
3409 4357 3514 4397 uno
3555 4353 3725 4405 erant;
3764 4341 3807 4393 in

2265 4446 2388 4500 tina,
2427 4435 2559 4486 latro
2586 4430 2924 4496 liberandus;
2955 4432 3002 4484 in
3037 4432 3166 4499 alia,
3216 4431 3352 4485 latro
3394 4433 3739 4497 damnandus;
3764 4430 3807 4484 in

2265 4524 2458 4589 media,
2485 4524 2729 4578 Christus
2759 4522 2981 4576 alterum
3012 4523 3347 4587 liberaturus,
3376 4523 3603 4579 alterum
3623 4524 3811 4578 damna-

2265 4628 2449 4671 turus:
2482 4616 2606 4686 quid
2642 4615 2871 4668 similius
2905 4614 3020 4667 istis
3062 4614 3344 4669 crucibus?
3373 4614 3497 4685 quid
3534 4613 3811 4671 dissimilius

2266 4707 2379 4762 istis
2430 4704 2816 4776 pendentibus?
2859 4704 3103 4759 Traditus
3133 4713 3214 4759 est
3258 4705 3452 4759 Paulus
3492 4702 3811 4761 includenda:

2264 4810 2318 4855 et
2343 4797 2667 4867 colligandos
2690 4798 2824 4871 (Act.
2848 4810 2963 4862 xxr,
2992 4796 3083 4863 25,
3106 4796 3221 4869 24),
3252 4798 3344 4851 sed
3372 4798 3605 4867 quolibet
3623 4793 3812 4853 custode

2266 4895 2493 4948 carceris
2516 4892 2664 4961 pejor
2683 4901 2765 4945 est
2796 4892 2975 4960 utique
2995 4897 3239 4953 satanas;
3269 4890 3352 4944 cui
3374 4898 3550 4944 tamen
3574 4892 3682 4960 ipse
3700 4887 3813 4944 Pitt-

2269 4987 2351 5039 lus
2382 4985 2596 5038 tradidit
2623 4983 2889 5038 hominem
2920 4982 2970 5035 in
3000 4982 3266 5035 interitum
3294 4983 3501 5049 carnis,
3548 4990 3605 5037 ut
3626 4979 3808 5052 spiritus

2267 5078 2444 5129 salsas
2488 5075 2558 5129 sit
2598 5077 2649 5130 in
2676 5075 2765 5129 die
2808 5072 3015 5129 Domini
3060 5074 3183 5129 Iesu
3233 5074 3274 5146 (Ι
3302 5074 3418 5130 Cor.
3450 5088 3503 5141 v,
3531 5074 3603 5146 5).
3650 5074 3709 5129 Et
3738 5070 3809 5125 hic

2267 5167 2389 5236 quid
2410 5165 2682 5219 dlCimUB?
2706 5164 2845 5219 Ecce
2873 5166 3067 5219 mitiori
3094 5164 3313 5219 tradidit
3336 5164 3571 5221 crudelis
3600 5164 3805 5224 traditor,

2267 5258 2549 5313 crndeliori
2578 5256 2791 5309 tradidit
2815 5257 3116 5311 misericors
3144 5256 3385 5310 traditor.
3418 5256 3701 5321 Discamus,
3726 5255 3807 5306 tr:-

2269 5360 2367 5412 ter,
2414 5350 2464 5401 in
2501 5345 2844 5401 similitudine
2885 5360 3104 5415 Operam
3148 5346 3455 5402 discernere
3482 5348 3682 5400 animos
3705 5355 3806 5411 ope-

2267 5444 2516 5508 rantium,
2546 5455 2644 5494 nec
2661 5439 2853 5493 clausis
2873 5440 3039 5493 oculis
3061 5438 3465 5505 calumniemur,
3486 5449 3539 5492 et
3559 5434 3807 5492 benevolos

2270 5548 2366 5607 pro
2392 5531 2703 5590 nocentibus
2728 5544 3057 5587 accusemus.
3105 5531 3234 5587 item
3271 5547 3389 5587 cum
3416 5531 3487 5586 ait
3526 5529 3661 5586 idem
3684 5525 3807 5598 Apo-

2339 5711 2355 5745 ι
2380 5705 2648 5772 Eridanus
2678 5713 2734 5761 At
2759 5713 2866 5761 III.
2896 5707 3148 5761 sexdecim
3161 5705 3363 5772 hbent,
3386 5703 3648 5761 diu“
