3962 6384
150 270 239 333 35

149 385 291 441 stolas
314 376 572 445 tradidisse
592 393 655 439 se
673 377 928 450 quosdam
950 388 1168 448 satante,
1202 389 1259 437 ut
1283 380 1550 446 discerent
1571 397 1676 438 non

148 468 470 547 blasphemare
498 470 551 542 (Ι
585 471 717 527 Tim.
750 473 803 543 Ι,
832 472 948 544 20),
982 474 1175 529 malum
1205 490 1301 547 pro
1328 477 1467 531 malo
1497 476 1679 534 reddi~

144 570 223 635 dit,
249 584 308 622 an
330 566 492 638 potius
526 564 693 623 malos
715 566 873 620 etiam
905 580 1000 636 per
1024 567 1222 625 malum
1248 568 1553 638 emendare,
1584 570 1678 631 bo-

144 678 244 720 num
266 673 385 731 opus
405 672 516 712 esse
536 655 795 727 judicavit
824 657 876 710 ιζ)
976 738 981 741 4

198 756 243 809 8.
276 736 325 806 Si
350 766 552 819 semper
576 759 713 807 esset
764 738 1024 805 laudabile
1066 752 1485 821 persecutionem
1528 754 1669 821 pati,

141 844 364 911 sufﬁceret
385 830 607 895 Domino
636 830 847 907 dicere,
872 839 1021 897 Beati
1057 842 1144 913 qui
1170 844 1555 914 persecutionem
1582 860 1676 915 pa-

143 926 435 998 tiunturmec
449 930 688 999 adderet,
713 942 918 1004 prOpter
938 930 1193 1003 justitiam
1232 931 1437 1003 (Matth.
1467 950 1497 988 v
1516 974 1536 1001 ,
1562 933 1668 1005 10).

138 1012 245 1087 item
270 1025 309 1081 si
333 1037 536 1090 semper
564 1030 707 1076 esset
731 1020 994 1091 eulpabile
1026 1022 1446 1091 persecutionem
1476 1016 1669 1090 facere,

140 1133 225 1175 non
266 1114 499 1185 scriptum
552 1121 694 1167 esset
729 1110 781 1166 in
834 1113 1032 1167 sanctis
1066 1112 1244 1168 Libris
1279 1131 1289 1165 :
1318 1102 1672 1171 Detraheutem

137 1210 328 1285 prosim
362 1220 449 1258 suo
482 1204 705 1269 occulte,
739 1204 871 1258 hunc
895 1205 1221 1276 persequebar
1270 1204 1448 1278 (Paul.
1472 1222 1502 1261 c
1536 1248 1549 1273 ,
1579 1205 1667 1281 5).

141 1290 389 1369 Aliquando
420 1309 545 1365 ergo
567 1303 620 1348 et
644 1295 732 1364 qui
760 1311 876 1350 eam
900 1295 1116 1365 patitur,
1143 1296 1213 1365 inj
1223 1309 1370 1351 ustus
1391 1310 1492 1363 est,
1513 1306 1563 1352 et
1579 1299 1669 1369 qui

137 1407 229 1449 wn
255 1389 381 1454 facit,
409 1388 581 1458 justus
608 1396 708 1442 est.
741 1387 846 1443 Sed
878 1389 1033 1458 plane
1059 1405 1292 1460 semper,
1320 1398 1375 1445 et
1399 1391 1520 1444 mali
1547 1406 1670 1461 per—

136 1483 271 1540 secuti
295 1490 407 1538 sunt
436 1481 628 1549 bonos,
655 1490 707 1535 et
736 1482 856 1535 boni
897 1484 1163 1549 persecuti
1206 1492 1331 1538 sunt
1360 1482 1562 1537 malos:
1593 1482 1669 1539 illi

135 1575 334 1632 necendo
358 1590 446 1645 per
474 1574 787 1643 injustitiam
814 1616 826 1639 ,
854 1573 928 1627 illi
956 1574 1281 1631 consulendo
1307 1590 1401 1646 per
1429 1575 1664 1645 discipli-

141 1681 266 1741 nam;
291 1664 351 1719 illi
390 1664 719 1727 imtnaniter,
749 1664 819 1721 illi
848 1673 1240 1733 temperanter;
1273 1665 1346 1718 illi
1375 1666 1665 1720 servientes

136 1756 382 1829 cupiditati,
414 1756 488 1813 illi
519 1755 784 1817 charitati.
813 1755 942 1811 Nam
977 1756 1063 1827 qui
1098 1757 1322 1817 trucidat
1348 1797 1361 1819 ,
1406 1772 1508 1815 non
1536 1771 1667 1812 cou-

134 1832 288 1907 siderat
308 1844 740 1917 quemadmodum
773 1845 968 1912 laniet;
995 1847 1082 1917 qui
1112 1858 1286 1903 autem
1318 1857 1467 1903 curat
1486 1891 1499 1913 ,
1528 1865 1662 1905 con-

131 1942 289 2005 siderat
318 1936 759 2011 quemadmodum
800 1948 942 1993 secet
974 1956 986 1989 :
1014 1939 1102 1994 ille
1146 1940 1286 2007 enim
1333 1943 1664 2025 persequitur

132 2034 381 2097 salutatem,
412 2032 497 2086 ille
517 2030 871 2103 putredinem.
903 2028 1223 2095 Deciderunt
1247 2031 1391 2101 impii
1420 2033 1661 2105 Pmphe-

135 2133 229 2190 tas,
258 2124 547 2178 occiderunt
588 2122 778 2193 impios
814 2131 865 2175 et
898 2112 1196 2190 i‘rOleette.
1242 2120 1661 2194 Flagellavernnt

132 2202 265 2273 Judaei
290 2214 570 2279 Christum,
601 2212 814 2267 Judmos
843 2211 1126 2281 ﬁagellavit
1153 2225 1206 2269 et
1231 2213 1494 2271 Christus.
1526 2217 1658 2272 Tra-

129 2305 202 2361 diti
235 2316 339 2360 sunt
368 2305 603 2374 Apostoli
648 2304 716 2358 ab
754 2303 1055 2359 hominibus
1097 2306 1344 2377 potestati
1388 2304 1654 2373 humana},

128 2398 408 2455 tradiderunt
430 2406 481 2451 et
518 2396 756 2464 Apostoli
790 2394 1032 2449 homines
1068 2397 1313 2465 potestati
1350 2408 1567 2453 satanze.
1600 2398 1656 2455 ln

124 2490 194 2546 bis
210 2491 427 2547 omnibus
456 2488 582 2560 quid
600 2487 911 2555 attenditur,
937 2488 1035 2542 nisi
1058 2491 1176 2558 quis
1196 2504 1381 2547 eorum
1402 2484 1495 2561 pro
1516 2493 1655 2546 veri-

126 2590 243 2645 tate,
284 2580 389 2653 quis
424 2596 520 2652 pro
562 2580 858 2651 iniquitate,
900 2580 1019 2653 quis
1053 2579 1280 2638 nocendi
1322 2597 1500 2649 causa,
1540 2584 1656 2654 quis

124 2656 433 2729 emendandi?
1282 2756 1283 2759 Ἴ

186 2765 382 2820 CAPUT
405 2764 557 2819 ΠΙ.-
580 2764 631 2819 9.
654 2763 767 2818 Non
797 2764 1060 2818 invenitur
1085 2765 1385 2835 exemplum
1418 2766 1469 2820 in
1497 2784 1656 2823 evan-

114 2858 281 2928 gelicis
300 2868 349 2912 et
365 2856 659 2926 apostolicis
684 2857 913 2921 Litteris,
937 2856 1131 2926 aliquid
1156 2858 1373 2927 petitum
1393 2876 1418 2910 :t
1444 2861 1654 2930 regibus

115 2957 253 3013 (terra:
284 2964 370 3019 pro
407 2949 659 3013 Ecclesia,
700 2958 889 3002 contra
931 2947 1170 3003 inimicos
1210 2949 1482 3013 Ecclesiae.
1525 2953 1652 3019 Quis

117 3052 246 3111 negat
268 3057 360 3095 nou
391 3038 653 3095 inveniri?
681 3038 783 3093 Sed
810 3038 1041 3093 nondum
1073 3040 1387 3110 implebatur
1414 3043 1497 3095 illa
1528 3058 1650 3112 pro~

116 3132 260 3202 phetia
280 3150 291 3187 :
310 3131 372 3187 Et
397 3149 550 3195 nunc,
574 3148 732 3200 reges,
762 3131 1043 3202 intelligite,
1066 3132 1335 3187 erudimiui
1353 3134 1439 3200 qui
1448 3135 1655 3205 judica-

112 3224 165 3281 lit
186 3232 344 3278 (mam
360 3239 381 3289 ;
400 3224 580 3278 seruile
598 3220 818 3277 Domino
841 3222 890 3279 in
919 3226 1113 3276 timore.
1144 3223 1331 3278 Adhuc
1357 3225 1495 3277 enim
1522 3225 1650 3281 illud

115 3315 406 3385 implebatur,
434 3315 574 3385 quod
604 3316 654 3369 itt
683 3314 870 3369 eodem
895 3314 1099 3382 psalmo
1118 3313 1274 3385 paulo
1300 3316 1543 3386 superius
1569 3317 1650 3370 di-

115 3409 223 3465 citur
248 3428 259 3464 :
288 3410 448 3475 Quare
469 3414 781 3479 fremuerunt
805 3418 995 3483 gentes,
1026 3417 1072 3460 et
1090 3409 1263 3478 pepuli
1284 3408 1508 3462 meditati
1533 3419 1650 3464 sunt

113 3502 284 3559 ἕωήαῖ
310 3504 579 3563 Astiterunt
605 3516 743 3571 reges
774 3511 938 3571 terrm,
966 3508 1010 3552 et
1038 3500 1291 3570 principes
1316 3509 1647 3555 convenerunt

111 3594 151 3655 is
186 3611 354 3663 nam,
398 3596 639 3649 adversus
686 3592 987 3654 Dominum,
1027 3602 1069 3645 et
1115 3592 1350 3646 adversus
1392 3590 1645 3647 Christum

106 3686 195 3754 ejus
245 3686 398 3755 (Paul.
425 3701 461 3740 ιι
482 3727 497 3751 ,
531 3680 625 3750 l0,
663 3684 757 3751 ll,
788 3683 809 3736 i
839 3722 856 3749 ,
886 3681 974 3752 2).
1007 3681 1383 3745 Verminaan
1423 3683 1467 3737 si
1512 3683 1644 3739 facta

107 3778 332 3847 praterita
358 3779 407 3830 in
437 3776 760 3847 propheticis
800 3774 948 3830 libris
994 3773 1173 3844 ﬁgura:
1206 3774 1413 3831 luerunt
1441 3774 1643 3830 futuro-

108 3884 233 3935 rum,
263 3872 307 3923 in
339 3886 462 3939 rege
489 3869 579 3922 illo
605 3869 694 3937 qui
730 3866 1094 3935 appellabatur
1116 3864 1601 3922 Nabuchodonosor
1626 3910 1640 3937 ,

108 3972 348 4032 utrumque
372 3971 580 4029 tempus
609 3958 887 4027 ﬁguratum
912 3965 1012 4021 est,
1042 3966 1093 4010 et
1116 3956 1252 4026 quod
1285 3958 1383 4011 sub
1412 3962 1640 4027 Aposto-

104 4051 157 4105 lis
177 4052 365 4113 habuit,
395 4062 446 4105 et
486 4049 626 4120 quod
658 4064 797 4103 nunc
825 4044 979 4101 habet
1010 4046 1263 4101 Ecclesia.
1295 4046 1642 4117 Temporibus

104 4140 250 4212 itaque
290 4143 662 4212 Aposwlorum
716 4147 768 4192 et
814 4149 1101 4210 martyrum
1152 4136 1276 4191 illud
1322 4139 1640 4207 implebatur

104 4235 216 4301 quod
256 4235 522 4305 ﬁguratum
568 4244 648 4288 est
675 4275 689 4300 ,
722 4231 931 4301 quando
960 4248 1049 4286 rex
1082 4242 1402 4285 memoratus
1444 4234 1557 4302 pios
1585 4244 1638 4289 et

102 4326 243 4390 justus
268 4327 482 4397 cogebat
510 4326 731 4379 adorare
758 4324 1094 4377 simulacrum
1126 4364 1139 4387 ,
1173 4334 1222 4376 et
1252 4332 1555 4377 recusantes
1584 4325 1636 4380 in

105 4412 329 4472 llantmatn
362 4419 628 4475 mittebat.
663 4416 814 4470 Νυιιε
849 4424 1018 4468 autem
1061 4414 1183 4471 illud
1230 4415 1474 4485 impletur
1499 4419 1637 4487 quod

107 4508 235 4574 paulo
257 4521 366 4577 post
393 4513 443 4564 in
470 4512 660 4564 eodem
697 4523 817 4576 rege
846 4508 1120 4573 ﬁguratum
1146 4516 1247 4573 e~t,
1274 4524 1390 4561 cum
1414 4524 1635 4563 conver-

106 4609 178 4651 sus
198 4599 256 4673 qd
287 4600 649 4656 l:0lt0l‘al.tlttltl
683 4598 843 4653 Deum
876 4613 1055 4651 verum
1080 4638 1092 4659 ,
1121 4596 1351 4652 decrevit
1384 4600 1433 4652 in
1476 4616 1637 4670 regno

107 4702 184 4743 suo
205 4702 255 4747 ut
277 4694 588 4763 quicumque
611 4691 997 4760 blasphemaret
1033 4690 1190 4742 llettnt
1224 4689 1427 4757 Sidrae,
1454 4692 1632 4760 Μίδης,

104 4791 146 4837 et
168 4782 450 4855 Abdenago,
478 4786 655 4856 pennis
680 4776 869 4837 debitis
892 4782 1189 4851 subjaeeret
1226 4780 1389 4853 (Dan.
1410 4800 1485 4847 tu,
1511 4782 1577 4838 96
1595 4783 1632 4855 ).

104 4871 231 4935 Prius
254 4892 371 4947 ergo
400 4889 610 4945 tempus
638 4877 773 4929 illius
796 4875 932 4944 regis
958 4872 1285 4943 signiﬁcabat
1306 4893 1353 4944 pi
1372 4874 1478 4929 iora
1506 4886 1637 4929 tem-

104 4976 213 5029 pora
230 4981 403 5037 regum
433 4966 744 5029 inﬁdelium,
772 4980 904 5036 quos
928 4980 1063 5033 passu
1087 4974 1209 5018 Sunt
1230 4965 1509 5019 Christiani
1541 4984 1637 5037 pro

106 5051 289 5123 impiis;
315 5062 572 5130 posterius
600 5072 724 5112 vero
755 5068 960 5128 tempus
985 5055 1121 5110 illius
1158 5058 1294 5127 regis
1326 5058 1637 5129 signiﬁcavit

108 5153 313 5221 tempora
339 5151 683 5221 posteriorum
716 5164 895 5219 regunt
921 5148 1031 5219 jam
1063 5147 1294 5204 ﬁdelium
1322 5192 1337 5220 ,
1375 5160 1505 5222 Quos
1545 5168 1636 5222 pa-

106 5237 278 5303 tiuntur
296 5242 430 5310 impii
461 5257 555 5311 pro
583 5240 913 5303 Christianis.

164 5332 241 5393 ili.
280 5331 376 5390 Sed
396 5337 550 5405 plane
579 5336 628 5388 in
658 5335 735 5389 eis
760 5334 845 5402 qui
874 5331 975 5386 sub
1002 5334 1213 5387 nomine
1242 5333 1435 5388 Christi
1459 5347 1635 5390 errant

109 5424 282 5487 traducti
306 5443 336 5482 a
364 5429 620 5498 perversis
640 5468 654 5493 ,
689 5443 753 5479 ne
782 5426 914 5481 forte
942 5441 1067 5480 oves
1091 5424 1287 5482 Christi
1315 5427 1420 5481 sint
1449 5445 1631 5484 erran-

110 5522 191 5587 tes,
222 5527 277 5583 et
311 5522 377 5574 ad
399 5536 604 5591 gregem
638 5520 810 5573 taliter
839 5518 1145 5573 revocandae
1173 5520 1310 5586 sint,
1348 5529 1632 5593 temperata

157 5689 281 5748 tu.
303 5693 665 5751 suassuas.
682 5694 1061 5763 multum.

1265 266 1745 347 crtsroutauu
1781 269 2053 333 CLASSIS
2085 278 2149 335 ιι.

3261 303 3366 361 δὶϐ

1790 387 2048 445 severitas
2077 402 2131 447 et
2171 397 2338 466 magis
2379 404 2729 461 mansuetudo
2769 418 3012 473 servatur
3032 453 3046 479 .
3075 422 3133 470 ut
3155 421 3361 479 coerci-

1794 477 1934 533 ti0ne
1961 482 2265 543 exsiliorum
2291 498 2449 562 atque
2478 493 2810 563 damnorum,
2835 477 3219 565 admoneamur
3241 523 3354 565 con-

1788 569 2022 629 siderare
2047 577 2172 646 quid
2197 589 2246 634 et
2276 598 2437 651 quare
2458 588 2737 655 patiantur,
2759 600 2814 647 et
2833 592 3035 650 discant
3054 614 3360 670 prmponere

1785 667 2087 723 rumoribus
2116 680 2168 725 et
2191 675 2468 734 calumniis
2500 680 2768 743 hominum
2797 684 3097 757 Scripturas
3126 667 3256 763 quas
3275 693 3358 760 le-

1780 769 1929 839 gunt.
1964 758 2092 825 Quis
2125 764 2266 821 enim
2306 779 2568 839 nostrum,
2611 775 2735 841 quis.
2772 787 3003 837 vestrum
3045 758 3155 837 non
3181 758 3359 840 laudat

1781 844 1926 917 leges
1955 851 2023 907 ab
2052 853 2456 924 imperatoribus
2484 862 2634 920 datas
2671 865 2929 927 adversus
2954 873 3210 930 sacriﬁcia
3255 876 3356 932 Ιί-

1777 950 2037 1006 sanorum
2062 942 2086 996 ?
2118 944 2178 999 Et
2202 957 2347 1003 certe
2371 949 2525 1021 longe
2552 952 2621 1007 ibi
2639 971 2791 1023 pinna
2809 964 3045 1017 severior
3071 966 3354 1021 constituta

1780 1038 1893 1122 est;
1925 1032 2060 1087 illius
2090 1038 2284 1109 quippe
2322 1041 2605 1112 impietatis
2632 1049 2858 1117 capitale
2896 1053 3213 1122 supplicium
3251 1068 3353 1113 est.

1777 1120 1853 1185 De
1894 1126 2044 1181 vobis
2071 1137 2247 1189 autem
2276 1135 2628 1203 corripiendis
2650 1148 2815 1209 atque
2841 1120 3151 1203 coercendis
3176 1146 3353 1203 habita

1777 1215 1913 1271 ratio
1938 1228 2038 1285 est,
2069 1235 2173 1290 quo
2202 1225 2377 1293 potius
2401 1227 2818 1288 admoneremini
2847 1235 2915 1290 ab
2950 1252 3133 1294 errore
3175 1240 3351 1296 disce-

1776 1303 1921 1373 dere,
1949 1323 2106 1377 quam
2138 1328 2233 1381 pro
2262 1317 2465 1373 scelere
2496 1321 2832 1389 puuiretniui.
2866 1326 3046 1382 Potest
3068 1329 3209 1384 enim
3237 1330 3346 1386 for-

1775 1402 1917 1479 tasse
1938 1400 2094 1455 etiam
2109 1402 2173 1458 de
2189 1407 2334 1462 vobis
2349 1409 2451 1465 dici
2466 1413 2603 1479 quod
2631 1415 2705 1468 ait
2726 1418 3006 1485 Apostolus
3027 1420 3093 1475 dc
3107 1421 3306 1479 Judaiis
3331 1444 3343 1478 :

1773 1486 2133 1557 Testimonium
2161 1497 2264 1553 illis
2297 1501 2529 1568 per/abeo
2555 1506 2674 1575 quia
2706 1509 2869 1562 zelum
2897 1509 2990 1565 Dei
3013 1513 3194 1568 habent
3213 1556 3228 1581 ,
3261 1520 3349 1572 sed

1772 1596 1869 1635 non
1895 1586 2166 1641 secundum
2191 1590 2472 1653 scientiam.
2506 1592 2804 1666 Ignorantcs
2826 1602 2958 1657 enim
2983 1602 3079 1659 Dei
3094 1607 3346 1674 justitiam

1770 1676 1815 1716 et
1847 1682 1987 1719 suout
2012 1671 2228 1727 volentes
2252 1677 2569 1743 constituere,
2598 1682 2817 1751 justitiw
2833 1683 2931 1739 Dei
2960 1702 3058 1741 non
3089 1671 3203 1745 sunt
3228 1694 3343 1747 sub.

1760 1754 1885 1825 jerti
1935 1758 2124 1853 (Rom.
2151 1779 2208 1829 ι,
2236 1766 2289 1831 2,
2318 1765 2404 1840 3).
2438 1768 2571 1839 Quid
2610 1773 2750 1829 enim
2794 1775 2933 1831 aliud
2975 1788 3025 1834 et
3054 1795 3147 1835 vos
3187 1798 3344 1853 quam

1764 1852 1997 1903 vestram
2023 1851 2281 1920 justitiam
2309 1859 2464 1913 vultis
2488 1862 2832 1934 constituere,
2860 1869 3071 1937 quando
3092 1851 3347 1930 nondici-

1768 1939 1835 1993 tis
1854 1940 2132 2010 justiﬁcari
2157 1946 2255 2001 nisi
2283 1964 2375 2004 eos
2402 1954 2489 2023 qui
2519 1969 2546 2007 a
2573 1956 2724 2011 vobis
2754 1962 3018 2025 potuerint
3048 1962 3298 2033 baptizari
3322 1968 3344 2023 l

1765 2026 1820 2082 In
1846 2030 1946 2085 hac
1972 2049 2098 2103 ergo
2116 2040 2405 2107 apOstolica
2431 2046 2687 2099 sententia
2716 2062 2871 2116 quant
2899 2048 2965 2104 de
2992 2026 3192 2109 Judaais
3215 2071 3339 2123 pro-

1718 2190 1719 2193 ,
1768 2122 1916 2189 tulit,
1948 2123 2046 2180 hoc
2073 2127 2278 2187 distatis
2305 2148 2334 2186 a
2363 2133 2558 2190 Judaris
2578 2177 2593 2202 ,
2624 2140 2764 2205 quod
2801 2155 2894 2193 vos
2923 2142 3126 2199 habetis
3153 2122 3340 2201 Sacra-

1771 2227 1946 2270 menta
1972 2218 2254 2276 cltristiana
2276 2264 2292 2291 ,
2321 2224 2511 2294 quibus
2541 2229 2611 2281 illi
2632 2230 2806 2285 adlme
2842 2248 3042 2289 carent.
3080 2236 3339 2295 Caeterum

1762 2305 1827 2359 ad
1860 2308 1957 2362 hoc
1982 2312 2121 2378 quod
2145 2314 2236 2378 ait,
2270 2313 2567 2384 lgnarantes
2593 2318 2692 2373 Dei
2718 2323 2992 2391 justitiam,
3019 2338 3063 2378 et
3088 2345 3229 2383 suam
3250 2345 3339 2384 uo-

1764 2395 1919 2451 lentes
1952 2402 2248 2457 constituere
2266 2446 2279 2468 ,
2318 2414 2371 2460 et
2397 2407 2536 2475 quod
2557 2409 2723 2465 zelum
2747 2410 2843 2466 Dei
2868 2414 3049 2469 habent
3074 2458 3087 2483 ,
3123 2419 3209 2473 sed
3242 2436 3342 2475 non

1762 2488 2037 2542 secundum
2056 2492 2333 2561 scientiam,
2359 2510 2512 2563 pares
2537 2499 2665 2553 estis
2694 2503 2933 2570 omnino,
2955 2509 3187 2577 exceptis
3207 2509 3343 2563 dun-

1763 2584 1905 2632 taXat
1934 2581 2059 2645 illis,
2089 2583 2405 2656 quicumque
2428 2586 2481 2641 in
2508 2590 2656 2644 vobis
2684 2602 2805 2646 sunt
2834 2597 3061 2650 scientes
3090 2599 3213 2669 quid
3247 2616 3337 2654 ve-

1762 2681 1880 2721 rum
1906 2669 2009 2734 sit,
2039 2680 2090 2725 et
2128 2690 2222 2743 pro
2251 2677 2585 2732 animositate
2616 2695 2724 2734 suae
2753 2687 3133 2753 perversitatis,
3154 2702 3334 2747 contra

1761 2760 2038 2815 veritatem
2072 2765 2228 2818 etiam
2260 2766 2357 2821 sibi
2387 2770 2712 2824 notissimam
2762 2774 3092 2831 dimicantes.
3133 2778 3333 2836 llorutn

1758 2852 1951 2922 quippe
1976 2854 2238 2925 impietas,
2266 2858 2421 2911 etiam
2447 2860 3026 2921 idololatriaml‘orsitau
3049 2864 3262 2940 superat
3288 2874 3325 2927 ³.

1757 2941 1862 2998 Sed
1892 2946 2010 3014 quia
2035 2964 2139 3002 non
2169 2948 2320 3003 facile
2341 2952 2581 3007 convinci
2611 2966 2829 3024 possunt
2858 2957 2945 3028 (in
2978 2961 3155 3014 animo
3179 2978 3331 3017 nam-

1756 3052 1859 3104 que
1900 3039 2022 3091 latet
2053 3039 2151 3095 hoc
2182 3041 2398 3110 malum)
2418 3085 2432 3111 ,
2456 3060 2641 3098 omnes
2665 3056 2913 3117 tanquam
2941 3066 2969 3103 a
2989 3051 3138 3105 nobis
3163 3052 3334 3109 utiuus

1757 3126 1916 3182 alieni
1941 3131 1984 3193 ’,
2015 3130 2204 3186 leniori
2234 3136 2516 3190 severitate
2544 3141 2881 3193 coercemini.
2905 3141 3083 3196 Ethoc
3098 3143 3328 3212 quidem,

1754 3219 1836 3274 ‘Vel
1867 3221 1932 3275 de
1964 3224 2209 3279 omnibus
2236 3224 2521 3293 hmreticis,
2540 3230 2627 3298 qui
2652 3229 2954 3285 Christianis
2977 3232 3331 3290 Sacramentis

1755 3304 2093 3381 imbuuntur,
2124 3324 2179 3368 et
2203 3332 2230 3368 a
2255 3314 2448 3371 Christi
2480 3321 2701 3375 veritate
2744 3323 2855 3377 sive
2891 3323 3091 3380 unitate
3121 3325 3329 3383 dissen-

1754 3402 1909 3471 tiunt,
1938 3406 2019 3459 vel
2046 3406 2329 3462 Donatistis
2355 3410 2599 3465 omnibus
2625 3412 2866 3468 dixerim.

1826 3496 1913 3555 il.
1959 3496 2109 3563 Quod
2137 3509 2311 3553 autent
2332 3500 2395 3553 ad
2428 3517 2520 3555 vos
2550 3506 2756 3570 attinet,
2786 3505 2873 3574 qui
2894 3522 2993 3559 non
3018 3509 3185 3563 solum
3206 3526 3324 3565 cum

1746 3583 1855 3641 illis
1897 3592 2250 3646 commuaiter
2290 3592 2575 3648 Donatistae
2614 3610 2641 3647 a
2684 3594 2909 3666 Donato,
2951 3615 3130 3653 verum
3168 3603 3324 3656 etiam

1755 3679 1964 3749 proprie
2018 3681 2299 3752 Rogatistte
2346 3692 2374 3737 a
2428 3685 2628 3755 Rogato
2676 3690 3048 3758 ilppellillllilli,
3089 3694 3326 3748 mitiores

1751 3770 1965 3838 quidem
2005 3788 2122 3827 esse
2161 3773 2441 3839 videmini,
2488 3778 2608 3846 quia
2658 3794 2776 3832 cum
2828 3778 3324 3841 Circrmeellionum

1744 3859 2145 3917 immanissimis
2165 3865 2410 3935 gregibus
2436 3882 2541 3920 non
2582 3869 2778 3924 smvitis
2801 3888 2812 3933 ;
2838 3870 2931 3924 sed
2958 3872 3097 3925 nulla
3130 3874 3319 3944 bestia,

1749 3951 1792 4005 si
1817 3955 2081 4007 neminem
2101 3957 2357 4019 vulneret,
2382 3968 2654 4027 propterea
2681 3972 2952 4015 mansueta
2980 3963 3181 4030 dicitur,
3202 3969 3321 4035 quia

1747 4039 1933 4096 dentes
1964 4052 2015 4096 et
2042 4058 2242 4114 ungues
2270 4061 2371 4099 non
2405 4047 2581 4101 habet.
2611 4048 2811 4102 δίωξιν
2844 4060 2937 4103 ves
2959 4052 3095 4105 nolle
3117 4054 3317 4121 dicitis;

1745 4140 1843 4202 ego
1872 4148 1973 4186 non
2006 4151 2160 4204 posse
2186 4137 2435 4191 arbitror.
2466 4136 2534 4191 Ita
2564 4142 2703 4193 enim
2729 4141 2854 4195 estis
2877 4158 3094 4196 numero
3121 4147 3315 4216 exigui,

1748 4231 1803 4275 ut
1826 4237 2039 4279 movere
2061 4240 2155 4279 vos
2181 4236 2363 4279 contra
2393 4226 2723 4283 adversarius
2766 4230 2913 4285 vobis
2955 4234 3318 4293 multitudines

1742 4330 1850 4370 non
1872 4318 2129 4382 audeatis,
2173 4321 2271 4373 etsi
2307 4321 2549 4389 cupiatis.
2581 4320 2684 4376 Sed
2738 4334 2989 4392 ponamus
3033 4342 3125 4381 vos
3158 4330 3317 4389 etiam

1747 4412 1887 4466 nolle
1930 4412 2069 4481 quod
2115 4428 2216 4467 non
2256 4414 2475 4479 valetis;
2529 4430 2783 4485 ponamus
2834 4434 2924 4471 vos
2966 4422 3315 4490 evangelicum

1746 4505 2058 4557 sententiam
2088 4520 2188 4575 qua
2216 4507 2466 4575 scriptum
2495 4516 2592 4569 est,
2624 4505 2685 4561 Si
2713 4510 2823 4577 quis
2848 4511 2932 4563 tibi
2962 4513 3159 4566 voluerit
3182 4516 3315 4569 tuni-

1744 4608 1853 4649 cam
1876 4596 2047 4651 tollere
2079 4608 2122 4651 et
2154 4599 2351 4669 judicio
2382 4608 2541 4652 tecum
2569 4602 2885 4666 contendere,
2924 4603 3114 4657 aimitte
3149 4607 3225 4659 illi
3270 4619 3316 4661 et

1742 4688 1957 4758 pallium
1988 4690 2197 4759 (Matth.
2231 4708 2281 4745 v.
2309 4691 2401 4760 40)
2421 4734 2433 4754 ,
2457 4693 2533 4745 sic
2556 4692 2847 4763 intelligere
2869 4737 2881 4759 ,
2906 4697 2980 4749 sic
3011 4708 3188 4752 tenere
3220 4740 3233 4762 ,
3261 4710 3315 4754 ut

1742 4778 2187 4851 persequentibus
2229 4798 2322 4835 vos
2355 4796 2456 4837 non
2498 4785 2666 4837 solum
2707 4786 2848 4840 nulla
2890 4788 3096 4856 injuria,
3132 4804 3313 4844 verum

1742 4876 1901 4929 etiam
1935 4876 2077 4928 nullo
2110 4876 2230 4943 jure
2258 4874 2608 4930 resistendum
2642 4879 2859 4947 putetis;
2898 4877 3035 4933 hunc
3060 4890 3201 4935 certe
3230 4882 3313 4936 itt-

1740 4968 2014 5020 telleetmn
2042 4967 2272 5035 Rogatus
2300 4979 2483 5022 auctor
2504 4979 2703 5033 vester,
2738 4980 2826 5030 aut
2856 4987 2959 5023 non
2984 4970 3189 5037 habuit,
3224 4986 3315 5028 ant

1747 5075 1848 5112 non
1884 5058 2152 5127 implevit,
2181 5059 2266 5127 qui
2297 5057 2362 5113 de
2404 5060 2581 5114 nescio
2610 5058 2801 5129 quibus
2828 5059 3013 5125 rebus,
3051 5074 3103 5116 ut
3142 5066 3316 5119 dicitis

1744 5150 1957 5215 vestris,
1982 5150 2237 5203 acerrima
2274 5151 2700 5225 perses'erantia,
2730 5151 2886 5204 etiam
2918 5151 3111 5207 forensi
3142 5155 3313 5207 disce-

1746 5243 1977 5311 ptatione
2004 5241 2258 5296 conﬂixit.
2288 5242 2380 5297 Cui
2405 5243 2445 5295 si
2476 5241 2760 5307 diceretur,
2786 5244 2913 5309 Quis
2929 5261 3159 5313 utiquam
3183 5247 3315 5312 Apo-

1746 5338 1999 5392 stolorum
2030 5339 2079 5391 in
2112 5353 2266 5391 causa
2300 5336 2440 5402 ﬁdei,
2477 5352 2563 5390 res
2589 5351 2713 5391 suas
2737 5336 2941 5406 judicio
2983 5338 3187 5406 publico
3218 5335 3312 5388 de-

1801 5456 1819 5489 ³
1852 5458 1958 5504 llas.
1990 5455 2211 5524 quinque
2228 5449 2339 5524 eali:
2361 5450 2823 5524 :Arontra‘
2848 5449 2990 5524 etiam

1745 5513 2037 5578 defendunt,
2064 5528 2105 5577 tt.
2128 5513 2211 5566 ιιτὶ
2236 5513 2512 5585 ’ρλυιιιιζῂᾳιιι
2543 5514 2741 5585 forsitan
2765 5526 2906 5585 utpar
2925 5521 2973 5561 tt.
2995 5513 3149 5585 stuic.
3175 5519 3308 5585 tyqs:

1741 5575 1855 5629 t‘oitt
1878 5595 1914 5648 “tl
1946 5584 2060 5648 velut
2079 5575 2185 5628 item
2210 5577 2348 5626 etiam
2364 5575 2453 5648 sibi
2469 5575 2757 5629 notissimam
2781 5575 3073 5639 (mutantes,
3094 5575 3311 5637 inpieta-

1742 5646 1835 5735 ιετιι
1848 5641 2765 5764 aaut::afasaaia.ea...
2788 5670 3118 5751 sum...
