3962 6382
691 293 792 354 82⁸1

1917 291 1973 346 S.
2018 283 2381 345 AUGUSTINI
2411 285 2712 348 EPISCOPI
3397 364 3400 366 _
3535 378 3542 379 ί
3761 320 3831 379 323

709 410 915 469 tendit?
940 409 1075 465 sicut
1096 417 1152 463 tu
1181 408 1234 462 in
1259 407 1480 480 epistola
1506 417 1593 462 tua
1627 405 1884 477 posuisti,
1915 405 2041 471 Qui:
2069 416 2291 476 unquam
2365 401 2525 502 apud-
2551 405 2782 476 collegas
2837 409 3215 465 transmarinos
3264 416 3550 476 convincere
3581 419 3828 502 debuerunt,

694 505 1047 575 Apostolorum
1068 504 1120 556 in
1144 518 1297 556 causa
1333 501 1451 570 ﬁdei
1481 516 1558 554 res
1586 499 1778 552 alienas
1801 499 2028 552 invasit?
2061 498 2262 552 nullum

691 597 903 668 quidem
938 595 987 648 in
1009 593 1201 650 divinis
1226 592 1436 648 Litteris
1474 590 1628 660 hujus
1653 589 1772 646 fat-ti
1805 591 2060 661 reperiret
2083 604 2264 644 exem-

691 699 874 758 ptum;
901 684 994 741 sed
1029 694 1203 739 tamen
1234 683 1365 736 forte
1399 681 1659 736 inveniret
1687 680 1913 751 aliquam
1959 695 2136 735 veram
2163 680 2262 736 de-

689 780 980 834 fensionem
1001 820 1016 844 ,
1041 777 1086 831 si
1115 791 1290 830 veram
1322 775 1606 830 Ecclesiam
1635 777 1915 841 retineret,
1948 787 2002 832 et
2029 793 2134 832 non
2163 778 2261 833 sub

691 860 944 918 Ecclesia:
971 877 1108 915 vera:
1133 859 1347 913 nomine
1376 860 1708 929 impudenter
1726 861 1922 930 aliquid
1945 861 2254 932 possideret.

757 953 982 1008 CAPUT
1013 951 1101 1005 IV.
1123 980 1194 992 —-—
1215 949 1299 1006 I2.
1331 950 1481 1018 Quod
1519 961 1695 1006 autem
1738 953 1966 1022 pertinet
2001 953 2066 1006 ad
2097 962 2260 1007 terre-

687 1061 870 1101 narum
925 1054 1240 1116 potestatum
1297 1046 1478 1115 jussa,
1535 1057 1716 1100 contra
1765 1046 2126 1100 schismaticos
2167 1055 2259 1100 aut

690 1138 969 1192 lim-retices
1000 1138 1078 1191 vel
1109 1137 1436 1207 impetranda
1474 1136 1556 1190 vel
1584 1136 1892 1201 cxserenda,
1938 1135 2016 1190 illi
2045 1136 2257 1206 quidem

686 1245 716 1291 ιι
746 1230 935 1300 quibus
974 1244 1067 1284 vos
1101 1229 1386 1298 scparastis
1419 1229 1658 1283 acerrimi
1702 1229 1948 1294 fuerunt,
1981 1239 2036 1285 et
2074 1241 2254 1295 contra

683 1335 795 1386 vos,
827 1332 1078 1391 quantum
1100 1321 1284 1374 audire
1315 1318 1615 1388 potuimus;
1644 1330 1697 1373 et
1719 1329 1901 1373 contra
1933 1320 2257 1375 Maximiani-

683 1426 793 1472 stas
813 1459 826 1480 ,
857 1415 995 1485 quod
1022 1414 1302 1470 Gestorum
1329 1415 1489 1468 etiam
1528 1415 1685 1469 certis
1709 1415 2039 1470 documentis
2068 1418 2257 1486 proba-

683 1522 802 1561 mus
833 1525 844 1558 :
875 1505 966 1560 sed
1013 1515 1189 1560 tamen
1234 1506 1465 1559 nondum
1503 1505 1570 1560 ab
1609 1506 1685 1559 eis
1709 1507 1937 1576 separati
1964 1508 2125 1562 eratis
2151 1507 2250 1580 (τι),

683 1596 892 1666 quando
929 1596 1138 1651 Iuliano
1173 1596 1473 1666 imperatori
1506 1596 1560 1650 in
1585 1611 1676 1650 sua
1705 1597 1955 1666 petitione
1988 1597 2250 1666 dixerunt,

683 1690 824 1762 quod
854 1688 994 1759 apud
1017 1705 1128 1742 eum
1152 1689 1259 1742 sola
1273 1689 1467 1758 iustitia
1490 1689 1653 1742 locum
1673 1687 1908 1753 haberet;
1929 1705 2086 1759 quem
2109 1699 2254 1745 certe

680 1793 971 1852 apestatam
988 1791 1318 1848 noverant,et
1331 1781 1636 1837 idololatriis
1647 1780 1880 1836 deditum
1893 1783 1967 1836 sic
1985 1781 2248 1849 videbant,

681 1885 735 1926 ut
762 1873 1110 1942 antjustitiam
1133 1888 1250 1928 esse
1265 1872 1610 1927 idololatriam
1634 1873 1942 1938 faterentur,
1963 1885 2051 1926 aut
2067 1890 2123 1928 se
2138 1889 2252 1928 scc-

681 1965 844 2020 let-ate
876 1965 1122 2019 rneutitos
1148 1981 1342 2035 negare
1366 1981 1467 2019 non
1497 1974 1732 2034 possent,
1761 1973 1819 2019 ut
1855 1966 1990 2034 apud
2021 1981 2140 2020 eum
2171 1966 2251 2021 di-

679 2067 856 2113 cerent
884 2059 1049 2113 solam
1073 2058 1242 2112 locum
1274 2057 1466 2112 habere
1485 2057 1764 2127 justitiam,
1785 2057 1922 2129 apud
1951 2074 2106 2128 quetn
2139 2073 2251 2112 ma-

679 2166 835 2220 gnum
869 2150 1040 2204 locum
1062 2159 1342 2204 cernerent
1370 2149 1563 2204 habere
1587 2149 1955 2204 idololatriam.
1976 2150 2081 2205 Sed
2096 2151 2251 2204 fuerit

681 2257 830 2297 error
848 2242 897 2295 in
921 2242 1101 2307 verbo,
1124 2241 1188 2295 de
1207 2241 1343 2295 facto
1364 2240 1481 2310 ipso
1501 2240 1624 2310 quid
1647 2240 1809 2295 dicis?
1825 2241 1877 2295 Si
1903 2243 2031 2296 nihil
2046 2242 2247 2310 justum

679 2336 743 2389 ah
778 2336 1092 2404 imperatore
1123 2333 1406 2403 petendum
1437 2343 1548 2399 est,
1581 2351 1675 2389 cur
1717 2349 1748 2386 a
1785 2335 1993 2392 Iuliano
2030 2339 2248 2407 petitum

679 2436 760 2481 est
784 2427 921 2497 quod
939 2427 1134 2496 justum
1160 2435 1393 2495 putatum
1422 2435 1502 2480 est
1521 2428 1574 2481 ¹ἳ

754 2519 838 2574 15.
884 2519 962 2572 An
997 2519 1093 2571 hoc
1124 2517 1404 2586 petendum
1435 2529 1536 2585 est,
1569 2529 1623 2574 ut
1656 2535 1748 2574 sua
1783 2521 2003 2589 quisque
2031 2534 2248 2588 recupe-

682 2620 782 2675 rct,
810 2627 911 2665 non
940 2619 996 2664 ut
1029 2611 1276 2679 aliquem,
1319 2625 1423 2679 quo
1465 2611 1531 2664 ab
1573 2612 1890 2681 imperatore
1917 2623 2245 2680 coerceatur,

677 2702 927 2757 accuset?
954 2701 1162 2756 Interim
1203 2711 1256 2756 et
1287 2703 1336 2755 in
1369 2719 1580 2757 suarum
1613 2720 1786 2758 rerum
1828 2703 2248 2774 recipiendorum

680 2795 990 2863 repetitione
1042 2794 1108 2847 ab
1151 2795 1452 2864 apostolicis
1505 2795 1762 2864 exemplis
1809 2798 2099 2863 receditur,
2127 2799 2248 2868 quia

677 2887 779 2942 hoc
812 2888 994 2943 fecisse
1019 2904 1176 2942 nemo
1204 2889 1470 2943 invenitur
1500 2890 1726 2945 illorum.
1767 2890 1870 2945 Sed
1911 2901 2083 2947 tamen
2126 2907 2246 2946 cum

679 2980 907 3050 majores
935 2981 1092 3035 vestri
1125 2981 1294 3050 ipsum
1329 2981 1665 3036 Caecilianum
1697 2992 1820 3037 tunc
1849 2983 2098 3039 Ecclesia:
2123 2983 2249 3038 Car-

679 3071 1003 3141 thaginensis
1038 3072 1363 3143 episcopum,
1396 3074 1478 3127 cui
1514 3085 1758 3144 tanquam
1790 3075 2074 3129 criminosa
2103 3089 2249 3129 com-

682 3165 952 3219 municare
994 3166 1307 3232 noluerunt,
1337 3167 1474 3235 apud
1512 3168 1799 3236 principem
1843 3167 2248 3223 Constantinum

681 3269 774 3323 per
814 3253 1096 3308 Anulinum
1138 3257 1506 3323 proconsulem
1549 3269 1965 3324 accusaverunt;
2008 3275 2114 3313 non
2162 3275 2248 3314 res

678 3361 802 3401 suas
831 3345 1053 3400 amissas
1081 3347 1454 3415 repetiverunt,
1487 3347 1578 3400 sed
1604 3351 1956 3415 innocentem,
1979 3351 2115 3404 sicut
2137 3349 2248 3404 exi-

677 3441 951 3494 stimatnus
976 3448 1029 3492 et
1058 3439 1193 3492 sicut
1213 3439 1324 3507 ipse
1355 3436 1670 3506 judiciorum
1707 3438 1879 3492 exitus
1919 3439 2130 3504 docuit,
2160 3455 2248 3494 ca-

678 3532 938 3587 lumniose
976 3531 1343 3601 appetiverunt
1373 3547 1386 3583 ε
1419 3546 1524 3600 quo
1557 3531 1680 3600 quid
1724 3531 2035 3586 sceleratius
2075 3532 2142 3586 ab
2171 3534 2248 3588 eis

680 3624 792 3676 fieri
838 3622 1038 3690 potuit?
1074 3622 1130 3677 Si
1171 3635 1369 3686 autem,
1401 3624 1538 3677 sicut
1576 3623 1708 3677 falso
1745 3623 2093 3688 arbitramini,
2125 3641 2247 3682 vere

679 3715 1022 3768 criminosum
1043 3713 1379 3782 judicandum
1409 3715 1632 3770 terrenis
1657 3716 2007 3784 potestatibus
2030 3719 2247 3774 tradide-

678 3815 822 3872 runt,
841 3806 965 3876 quid
991 3806 1142 3860 nobis
1169 3806 1394 3876 objicitis
1422 3807 1561 3877 quod
1592 3817 1885 3864 vestrorum
1909 3813 2247 3882 prmsumptio

679 3901 921 3970 primitus
965 3898 1121 3954 fecit?
1150 3900 1292 3971 quod
1317 3915 1412 3956 eos
1439 3916 1543 3954 non
1573 3916 1914 3971 argueremus
1941 3905 2060 3973 quia
2101 3904 2246 3959 fece-

677 4001 820 4056 runt,
843 3992 884 4045 si
910 4007 1014 4046 non
1041 3992 1218 4046 animo
1240 3992 1416 4048 invido
1438 4001 1491 4046 et
1519 3993 1696 4059 noxio,
1727 3993 1818 4049 sed
1849 3995 2165 4050 emendandi
2193 4007 2248 4052 et

677 4083 974 4156 corrigendi
991 4083 1256 4138 voluntate
1274 4083 1538 4138 fecissent.
1565 4083 1671 4138 \‘os
1691 4094 1869 4140 autem
1893 4086 2247 4142 indubitanter

680 4183 968 4248 arguimus,
995 4177 1182 4246 quibus
1210 4177 1411 4234 crimen
1437 4177 1642 4232 videtur
1674 4178 1740 4233 de
1762 4178 1984 4234 inimicis
2011 4196 2249 4235 eommu‘

679 4270 852 4324 niouis
879 4279 1072 4323 nostra:
1110 4271 1394 4325 christiano
1423 4273 1722 4340 imperatori
1751 4273 1947 4342 aliquid
1974 4275 2243 4344 conqueri,

679 4379 798 4417 cum
830 4361 1041 4415 libellus
1074 4376 1102 4413 a
1130 4363 1416 4429 majoribus
1455 4364 1644 4417 vestris
1683 4366 1910 4420 Anulino
1951 4367 2247 4434 proconsuli

679 4455 852 4518 datus,
898 4462 952 4506 ct
988 4451 1332 4506 Constantino
1377 4455 1676 4522 imperatori
1714 4456 2028 4521 mittendus,
2060 4459 2128 4512 ita
2161 4473 2249 4514 su-

680 4545 1004 4615 prascriptus
1025 4543 1091 4597 sit
1125 4560 1137 4596 :
1170 4542 1386 4598 Libellus
1418 4544 1656 4598 Ecclesiw
1684 4547 1958 4606 cat/taliae.
1984 4551 2246 4604 criminum

679 4635 935 4692 Ca'ciliani
955 4677 971 4703 ,
1000 4636 1215 4690 traditus
1242 4653 1273 4689 a
1298 4647 1440 4708 parte
1479 4636 1720 4708 Μαλονὶηὲ
1911 4641 2030 4697 Illos
2071 4653 2244 4700 autem

681 4729 847 4797 magis
877 4729 998 4783 hinc
1035 4729 1320 4798 arguitnus,
1361 4729 1480 4799 quia
1524 4745 1643 4784 cum
1685 4733 1821 4802 apud
1872 4735 2244 4805 Imperatorem

687 4819 824 4872 ultro
870 4817 1205 4873 Caecilianum
1245 4830 1583 4876 accusasseut
1611 4823 1652 4888 ’,
1679 4839 1833 4892 quem
1873 4827 2042 4895 primo
2071 4829 2247 4900 utique

744 4931 920 5008 {tam}
949 4927 1824 5008 Ainjttsttmtﬂab'lmperatore,
1854 4947 1968 4999 etc.,
2002 4956 2243 5008 moxque,

818 4991 1381 5117 argutiis;
1405 4997 1497 5045 Sed
1524 4991 1700 5049 melius
1726 4991 1831 5050 mss.
1876 5010 1927 5052 et
1949 4991 2247 5069 antiquiores

744 5113 756 5117 -
777 5087 788 5098 ’
1014 5112 1025 5117 -
1143 5090 1158 5114 ³
1369 5092 1380 5104 ⁸

740 5090 1567 5183 ἶίῷῗῗοῖἶᾶνανῇἷιᾶτῆἶρἓὲαιοτω
1589 5121 1713 5174 ultro
1733 5126 2039 5178 acciturum:
2051 5143 2247 5183 accum-

677 5181 859 5248 rertutt.
883 5181 934 5248 Et
968 5189 1126 5248 [noxi
1147 5188 1250 5242 Ipso
1283 5181 1437 5248 autem
1471 5181 1772 5248 imperatore,
1799 5197 1894 5240 etc.
1930 5199 1983 5241 Αι
2020 5181 2247 5248 particula

677 5242 838 5307 autem
881 5237 1020 5286 abest
1039 5251 1068 5286 a
1089 5237 1194 5288 Mss.
1217 5243 1297 5304 qui
1331 5257 1442 5293 cum
1477 5237 1576 5294 Ani.
1620 5248 1727 5298 Bad.
1759 5237 1818 5299 ἐι
1932 5237 2006 5303 sic
2020 5237 2242 5308 libeat":

676 5297 796 5358 quia
820 5311 984 5348 ann...
1009 5297 1320 5353 accusassént.

739 5361 809 5434 (ιι)
832 5361 947 5434 ttioc
970 5374 1110 5434 porro
1134 5363 1416 5434 intelligitur
1430 5371 1777 5434 nogatistarum
1799 5376 2002 5427 schisma
2025 5393 2119 5429 non
2155 5395 2246 5432 ex-

674 5431 833 5497 ortum
857 5425 1335 5497 luisse'anteiaanum
1357 5429 1465 5491 561,
1489 5425 1581 5482 ξυι)
1602 5437 1737 5497 cujus
1757 5439 1866 5486 anni
1891 5425 2247 5492 [incinit-lca);-

672 5491 757 5556 tuo
785 5489 1055 5556 Constantio
1088 5487 1299 5556 Julianus
1336 5487 1499 5540 rerum
1530 5487 1708 5556 [otitt'ts
1742 5507 1833 5548 est.
1868 5487 2246 5555 Deililla'au't—ein

673 5549 1033 5624 Ponatristaruu}.
1062 5548 1325 5624 adulatoria
1354 5548 1632 5624 petitiope,
1656 5573 1749 5624 qua
1789 5548 1892 5624 sup;
1914 5548 2247 5616 iacitliiniliiﬁ

675 5607 1118 5688 89.51939.
1142 5612 1278 5688 ἕρκεα
1302 5607 1747 5688 βάξιὲωίξιίιι.ί,ίίι-ἐίδ⁷
1764 5607 2248 5688 εἰιίἓίίεὲῗιὲἇὲιιέὖὲ

677 5672 970 5750 έυελιξιὶιιιιιξ
980 5672 1193 5750 intime
1214 5685 1342 5750 euut.
1370 5676 1459 5750 litt.
1481 5672 1710 5750 tjetilia'ui,
1730 5697 1772 5732 c.
1792 5672 1938 5744 92,7n.

675 5740 725 5779 ιι.
744 5725 1012 5808 3:34:ng
1028 5737 1172 5808 epist.
1340 5725 1476 5808 11.7:97;
1501 5725 1716 5808 itemque

743 5788 813 5854 (ὁ)
836 5789 1046 5845 Libelltn
1064 5788 1128 5847 ile
1150 5811 1248 5861 quo
1268 5788 1319 5851 ixi
1343 5788 1484 5864 epist.
1508 5788 1588 5866 88,
1609 5788 1734 5856 ιῖξξ.

2370 493 2487 563 ipso
2509 494 2834 567 lmperatore
2861 500 3017 572 longe
3044 501 3334 560 ordinatius
3351 518 3537 576 agente,
3563 523 3607 567 ut
3628 493 3826 591 episcopo.

2370 602 2488 642 rum
2515 603 2730 645 causam
2755 591 2820 646 ad
2842 608 2900 647 se
2926 593 3175 661 delatam,
3197 596 3261 649 ad
3274 599 3530 669 episcopos
3546 605 3746 670 mitteret.
3761 628 3828 670 nec

2365 677 2488 732 victi
2515 695 2700 750 pacem
2723 696 2845 736 cum
2870 681 3121 739 fratribus
3146 685 3333 741 habere
3353 690 3634 750 voluerunt:
3658 700 3730 752 sed
3751 718 3827 758 rur-

2366 785 2459 824 sus
2493 771 2560 826 ad
2604 775 2849 829 eumdem
2891 775 3258 846 imperatorem
3295 793 3564 848 venerunt;
3587 801 3735 846 rursus
3758 809 3828 850 non

2367 862 2707 920 Cmcilianum
2736 879 2956 933 tantum,
2994 885 3178 924 verum
3199 872 3350 926 etiam
3371 872 3511 930 datos
3527 877 3614 933 sibi
3629 882 3828 953 episcopos

2357 956 2564 1025 judices
2584 1001 2598 1022 ,
2627 960 2765 1028 apud
2801 970 3068 1016 terrenum
3098 978 3272 1034 regem
3312 979 3681 1035 accusaverunt;
3705 991 3829 1033 rursus

2362 1045 2429 1099 ab
2478 1048 2581 1100 alio
2621 1050 2905 1120 episcopali
2939 1051 3139 1120 judicio
3177 1053 3241 1106 ad
3280 1054 3510 1110 eumdem
3548 1057 3827 1129 imperatorem

2361 1137 2777 1205 appellaverunt.
2809 1139 2916 1195 Nec
2943 1157 3007 1197 eo
3041 1141 3155 1211 ipso
3200 1144 3334 1199 inter
3368 1159 3530 1215 partes
3567 1164 3831 1220 (δυειιοεειιιιιε

2361 1238 2519 1300 atque
2543 1231 2814 1300 judicante
2834 1275 2849 1301 ,
2878 1233 2962 1289 vel
2990 1235 3194 1290 veritati
3225 1235 3305 1292 vel
3335 1237 3445 1306 paci
3483 1239 3726 1296 cedendum
3751 1261 3830 1302 esse

2358 1320 2644 1378 duxerunt.
3813 1352 3815 1354 '

2430 1416 2516 1470 14.
2547 1416 2681 1484 Quid
2706 1427 2880 1472 autem
2902 1417 3045 1474 aliud
3069 1428 3325 1474 statueret
3347 1419 3683 1478 Constantinus
3699 1424 3829 1481 adrer-

2356 1522 2447 1562 sus
2469 1508 2803 1562 Cmcilianum
2839 1519 2892 1564 et
2920 1511 3096 1564 socios
3115 1510 3248 1579 ejus,
3283 1511 3325 1565 si
3347 1522 3519 1567 essent
3545 1515 3703 1568 vestris
3721 1518 3832 1586 majo-

2357 1599 2504 1653 ribus
2553 1601 2923 1655 accusantibus
2969 1602 3113 1665 victi,
3144 1618 3302 1672 quam
3345 1603 3478 1674 quod
3519 1607 3673 1659 statuit
3704 1606 3742 1660 in
3772 1623 3832 1663 eos

2355 1689 2533 1759 ipsos,
2561 1693 2648 1762 qtti
2679 1706 2797 1746 cum
2828 1692 2966 1745 ultro
2996 1703 3355 1757 accusassent,
3399 1709 3489 1749 nec
3515 1710 3568 1750 ea
3598 1713 3694 1765 qua:
3714 1698 3832 1753 inlen-

2356 1780 2552 1836 debaut
2596 1784 2823 1854 probare
2850 1783 3163 1853 potuissent,
3196 1784 3472 1839 uoluerunt
3501 1787 3515 1817 ⁸
3545 1787 3715 1840 veritati
3746 1803 3831 1842 con-

2354 1873 2573 1936 sentire,
2604 1889 2703 1928 nec
2729 1873 2889 1928 victi?
2926 1875 3016 1929 Ille
3037 1875 3230 1946 quippe
3271 1877 3542 1945 imperator
3568 1878 3731 1946 primus
3750 1892 3833 1933 con-

2354 1965 2524 2019 stituit
2555 1966 2607 2020 in
2653 1966 2752 2021 hac
2777 1982 2959 2033 causa,
3004 1977 3061 2022 ut
3110 1983 3195 2022 res
3237 1969 3599 2034 conviciorum,
3634 1980 3678 2024 et
3707 1972 3834 2024 unizati

2353 2058 2699 2128 pervicaciter
2718 2059 3098 2122 resistentium,
3129 2059 3257 2115 fisco
3285 2061 3661 2114 vindicarentur.
3685 2059 3762 2115 Sed
3786 2061 3835 2112 vi-

2351 2149 2544 2204 delicet
2578 2150 2621 2204 si
2653 2150 2844 2204 vestris
2883 2149 3173 2218 majoribus
3198 2153 3556 2206 accusantibus
3584 2161 3834 2221 alquesupe-

2351 2243 2618 2307 rantibus,
2656 2253 2842 2296 contra
2879 2243 3310 2298 communionem
3349 2243 3598 2298 Caeciliani
3631 2243 3834 2311 imperator

2353 2334 2458 2387 tale
2488 2333 2683 2404 aliquid
2724 2333 3077 2398 decrevisset,
3111 2336 3412 2405 provisores
3443 2334 3689 2398 Ecclesizc,
3708 2332 3834 2386 defen-

2353 2443 2502 2482 sores
2532 2427 2675 2497 pacis
2697 2439 2750 2482 et
2775 2427 2989 2482 unitatis
3019 2429 3281 2483 nominari
3311 2428 3526 2483 velletis.
3559 2426 3672 2480 Cum
3689 2439 3782 2479 vero
3802 2424 3833 2475 in

2351 2535 2444 2574 eos
2470 2520 2558 2590 qui
2586 2521 2722 2574 ultro
2747 2527 3057 2574 accusantes
3090 2520 3218 2574 nihil
3254 2521 3474 2590 probare
3500 2525 3751 2588 potuerunt,
3774 2528 3834 2567 nec

2351 2609 2528 2664 oblato
2570 2609 2669 2664 sibi
2705 2610 2913 2680 gremio
2953 2610 3096 2679 pacis
3137 2625 3243 2679 quo
3285 2609 3502 2664 correcti
3537 2607 3833 2675 exciperentur,

2351 2703 2657 2756 c0nscutire
2699 2702 2998 2767 voluerunt,
3037 2701 3104 2756 ab
3148 2700 3548 2771 imperatoribus
3588 2699 3690 2751 talia
3713 2697 3835 2750 decer-

2353 2804 2566 2858 nuntur,
2611 2794 2886 2864 indignum
2929 2791 3134 2847 facinus
3182 2794 3509 2857 clamitalur;
3552 2789 3766 2846 neminem
3794 2783 3833 2837 ad

2353 2886 2608 2939 unitatem
2640 2899 2759 2938 esse
2798 2883 3115 2953 cogendum,
3147 2886 3342 2940 malum
3390 2900 3480 2954 Izro
3520 2883 3644 2938 malo
3679 2879 3835 2935 redden-

2351 2975 2475 3029 dum
2499 2975 2695 3029 nemini
2727 2989 2845 3029 esse
2873 2975 3235 3031 contenditur.
3271 2976 3404 3042 Quid
3431 2986 3506 3029 est
3529 2972 3651 3028 aliud
3672 2985 3786 3041 quam
3803 2966 3834 3020 id

2353 3067 2493 3138 quod
2534 3066 2601 3120 de
2630 3065 2782 3120 vobis
2811 3066 3025 3137 quidam
3063 3067 3278 3136 scripsit
3318 3084 3330 3120 :
3375 3065 3518 3132 Quod
3548 3064 3834 3117 voluntariam
3918 3119 3919 3138 ἰ

2350 3167 2484 3211 ctum
2522 3167 2592 3211 est
2623 3155 2718 3229 (a).
2749 3157 2815 3212 Et
2852 3171 2993 3211 nunc
3040 3173 3144 3211 non
3185 3165 3300 3212 erat
3339 3170 3571 3226 magnum
3609 3165 3744 3220 neque
3771 3145 3834 3201 dil-

2353 3250 2492 3306 ficile
2515 3249 2856 3304 con-iderare
2876 3259 3035 3319 atque
3076 3250 3311 3319 cogitare
3336 3242 3836 3314 Coustantinijudicium

2352 3354 2510 3415 atque
2536 3343 2850 3398 sententiam
2884 3353 3066 3398 contra
3094 3356 3190 3396 vos
3220 3343 3396 3412 vigere
3416 3381 3430 3406 ,
3463 3356 3571 3410 qua:
3594 3336 3834 3392 vestrisma-

2345 3437 2558 3507 juribus
2593 3435 2930 3489 Cmcilianum
2978 3431 3118 3501 apud
3151 3431 3525 3502 Imperatorem
3568 3429 3699 3484 toties
3732 3436 3836 3479 acco-

2353 3528 2625 3593 santihus,
2659 3536 2712 3582 et
2752 3543 2854 3581 non
2898 3525 3369 3590 convincentibus,
3397 3524 3634 3578 adversus
3664 3533 3736 3574 vos
3756 3529 3836 3585 pro-

2355 3619 2589 3689 mulgata
2616 3627 2733 3684 est;
2764 3632 2987 3689 eamque.
3011 3618 3316 3671 necessario
3344 3615 3490 3686 sequi
3518 3622 3708 3669 cteleros
3728 3609 3837 3677 impe.

2351 3723 2576 3778 ratores,
2632 3712 2861 3767 maxime
2907 3710 3200 3765 catholicos
3243 3709 3573 3771 christianos,
3601 3703 3766 3777 quoties
3795 3695 3836 3749 de

2351 3806 2507 3859 vobis
2552 3804 2750 3875 aliquid
2792 3817 2948 3874 agere
2993 3814 3183 3860 vestrae
3230 3799 3587 3859 obstinationis
3629 3790 3836 3852 accessit”

2347 3899 2506 3969 cogit.

2424 3990 2509 4045 15.
2543 3988 2723 4044 Facile
2743 3997 2855 4042 erat
2876 3989 2977 4044 ista
2992 3987 3246 4058 cogitare,
3272 3997 3329 4042 ut
3344 3985 3491 4042 vobis
3507 3983 3620 4055 ipsis
3637 3970 3836 4050 aliquando

2352 4081 2605 4138 diceretis
2637 4099 2649 4134 :
2681 4079 2734 4135 Si
2760 4078 3074 4134 Caecilianus
3099 4079 3180 4133 vel
3204 4081 3461 4135 innocens
3482 4077 3588 4139 fuit,
3615 4071 3682 4127 vel
3703 4075 3837 4124 nocens

2352 4175 2594 4230 convinci
2638 4189 2742 4228 non
2771 4175 2958 4244 potuit,
2989 4172 3114 4243 quid
3161 4173 3214 4226 in
3247 4173 3349 4227 hoc
3391 4171 3592 4242 negotio
3616 4177 3703 4222 tam
3737 4161 3838 4224 Ιοιιὲβ

2354 4267 2572 4338 lateque
2609 4265 2794 4320 dill‘usa
2825 4267 3049 4320 societas
3075 4263 3362 4318 christiana
3403 4259 3745 4334 pcecavit?cur
3763 4247 3838 4301 orbi

2359 4357 2647 4412 christiano
2687 4372 2793 4411 non
2846 4356 2991 4410 licuit
3026 4355 3269 4425 ignorare
3306 4355 3444 4426 quod
3484 4367 3582 4407 non
3613 4344 3837 4419 potuerunt.

2353 4449 2442 4518 qui
2468 4455 2862 4508 accusaverunt,
2891 4449 3293 4502 demonstrare?
3322 4461 3416 4501 cur
3437 4445 3507 4499 illi
3532 4456 3650 4512 quos
3671 4433 3839 4491 (liuidus

2354 4541 2405 4594 iu
2437 4557 2565 4610 agro
2591 4555 2708 4604 suo,
2740 4539 2790 4593 id
2820 4549 2902 4594 est
2923 4539 2975 4594 in
3005 4539 3102 4593 hoc
3138 4541 3357 4605 mundo,
3383 4535 3662 4598 seminavit,
3687 4538 3730 4584 et
3751 4526 3840 4579 inter

2353 4632 2552 4686 zizania
2582 4646 2824 4687 crescere
2853 4647 3018 4702 usque
3057 4631 3122 4684 ad
3163 4647 3391 4687 messeni
3439 4627 3668 4702 praecepit
3694 4614 3839 4692 (llam!-

2353 4738 2470 4787 χιιι,
2497 4723 2731 4793 24-50.);
2764 4738 2858 4777 cur
2888 4732 2965 4777 tot
2998 4723 3159 4777 millia
3193 4723 3427 4778 fidelium
3457 4722 3506 4776 in
3531 4715 3741 4774 omnibus
3759 4720 3842 4778 sci?

2351 4816 2512 4882 tibus,
2558 4831 2784 4886 quorum
2837 4814 3230 4870 multitudinem
3283 4815 3451 4870 Stellis
3490 4811 3604 4868 caeli
3644 4816 3688 4861 et
3722 4808 3843 4855 arm

2351 4909 2515 4961 maris
2547 4907 2799 4960 Dominus
2837 4907 3178 4976 comparavit,
3209 4920 3344 4976 quos
3374 4908 3423 4959 in
3462 4901 3649 4958 semine
3681 4888 3843 4988 Διπαιξέ

2353 4999 2745 5055 benedicendos
2785 4999 3025 5069 promisit
3060 4997 3209 5070 (Gen.
3243 5014 3377 5065 xxii,
3414 5000 3498 5065 I7,
3527 4994 3607 5066 18)
3637 5000 3683 5046 et
3720 4981 3842 5041 reddi-

2354 5093 2448 5156 dit,
2483 5101 2759 5162 proptcrca
2789 5101 3050 5161 negantur
3079 5105 3198 5146 esse
3235 5089 3529 5154 christiani,
3574 5084 3680 5156 quia
3706 5080 3746 5134 in
3781 5075 3843 5126 hac

2355 5198 2512 5238 causa
2541 5183 2591 5236 in
2618 5198 2720 5253 qua
2752 5181 3080 5236 discutienda
3111 5197 3213 5235 non
3246 5180 3615 5241 interfuerunt,
3645 5165 3844 5243 judicibus

2353 5275 2529 5346 potius
2549 5289 2646 5328 suo
2664 5274 2895 5344 periculo
2915 5272 3272 5342 judicantihus
3289 5313 3306 5339 ,
3335 5287 3489 5344 quam
3511 5268 3651 5324 victis
3676 5261 3843 5328 lilignlo'

2357 5368 2503 5422 ribus
2540 5367 2758 5422 credere
2790 5366 3117 5421 maluerunt?
3147 5365 3304 5421 Certe
3350 5365 3540 5421 nullius
3572 5357 3844 5443 crimen

2354 5459 2494 5514 culat
2523 5460 2867 5514 nescientem.
2895 5458 3169 5525 Quomodo
3209 5457 3395 5514 Iideles
3430 5466 3536 5511 toto
3566 5453 3678 5508 orbe
3701 5439 3843 5499 diffusi.

2356 5555 2557 5609 crimen
2579 5553 2892 5607 traditorum
2929 5566 3250 5622 cognoscere
3284 5558 3555 5621 poterant,
3584 5537 3706 5615 quod
3739 5541 3846 5588 accu-

2419 5683 2562 5734 tEdd.
2592 5699 2613 5750 :_
2632 5684 2888 5750 Nolueram!
2921 5683 3047 5734 enim
3078 5681 3268 5737 ueritati
3288 5667 3849 5750 ωῃεαιιϋε.ιι›εειαιωι³

2353 5754 2482 5806 Mss,
2507 5755 2556 5796 et
2575 5748 2748 5796 abesse
2770 5746 2937 5796 debet.

2415 5810 2488 5870 ta)
2512 5809 2871 5863 ttemistichium
2889 5807 3130 5872 Tycth
