3962 6382
100 375 193 438 ω

104 502 288 552 mores
319 486 538 545 etiamsi
583 491 856 553 noverant,
899 493 1073 540 tamen
1118 482 1197 540 eis
1237 486 1518 541 ostendere
1545 503 1654 542 non

104 582 362 640 valebant?
389 579 494 634 Hos
531 594 660 650 ergo
684 579 752 633 ab
788 578 889 632 hoc
917 576 1139 631 crimine
1167 576 1476 632 innocentes
1510 593 1648 644 esse,

107 688 273 742 nempe
312 672 418 741 ipsa
460 669 750 741 ignorantia
792 668 1035 723 facillime
1081 668 1332 723 ostendit.
1379 669 1485 723 Cur
1524 684 1653 739 ergo

107 767 381 823 innocentes
403 762 547 816 falsis
576 761 887 816 criminibus
912 771 1249 826 accusantur,
1277 761 1396 831 quia
1427 761 1651 818 crimina

102 857 252 912 aliena
272 869 360 908 seu
387 850 515 906 falsa
540 868 635 907 seu
657 867 778 907 vera
803 850 1145 906 nescierunt?
1173 850 1302 918 Quis
1329 851 1476 906 locus
1501 851 1650 906 inno-

101 946 263 1002 ωιιιὶε
301 953 616 1007 reservatur,
663 942 706 997 si
738 942 940 997 crimen
983 950 1058 995 est
1093 942 1397 1010 proprium,
1443 943 1650 999 nescire

103 1041 279 1094 crimen
307 1035 572 1090 alienum?
605 1034 770 1089 Porro
805 1034 849 1088 si
882 1042 958 1089 tot
998 1035 1233 1103 gentium
1274 1034 1495 1104 populos
1537 1035 1648 1104 ipsa

106 1129 381 1202 ignorantia,
407 1129 546 1182 sicut
562 1127 761 1183 dictum
783 1137 885 1192 est,
904 1128 1212 1183 innocentes
1227 1127 1648 1198 ostendit,quam

104 1235 314 1290 magnum
343 1218 541 1272 crimen
569 1227 651 1272 est
673 1216 743 1271 ab
772 1218 996 1272 istorum
1029 1217 1389 1272 innocentium
1417 1233 1650 1272 commu-

107 1310 237 1366 nione
258 1307 520 1378 separari?
570 1307 698 1362 Nam
731 1317 785 1363 et
832 1307 965 1362 facta
995 1308 1298 1362 nocentium
1329 1323 1448 1377 qna:
1492 1308 1646 1361 inno-

106 1401 312 1455 centibus
337 1398 708 1464 demonstrari,
740 1399 819 1452 vel
850 1399 918 1452 ab
957 1398 1329 1452 innocentibus
1357 1398 1502 1453 credi
1543 1414 1647 1452 non

107 1503 313 1565 possunt,
343 1509 442 1546 non
474 1492 753 1561 inquinant
779 1506 1094 1562 quemquam
1116 1531 1130 1554 ,
1170 1491 1212 1543 si
1254 1500 1466 1560 propter
1497 1490 1648 1545 inno-

105 1584 304 1639 centium
342 1576 667 1638 consortium
707 1581 866 1636 etiam
908 1582 1114 1650 cognita
1143 1580 1493 1635 sustinentur.
1533 1580 1647 1636 Non

105 1677 223 1730 enim
249 1684 450 1743 propter
486 1673 656 1727 malos
695 1672 820 1726 boni
851 1670 1155 1737 deserendi,
1187 1671 1278 1726 sed
1312 1680 1527 1741 ποριεῖ·
1555 1671 1650 1726 bo-

104 1784 184 1823 nos
209 1767 320 1821 ntali
355 1766 612 1821 tolerandi
655 1775 778 1819 sunt
809 1781 821 1815 :
852 1767 989 1818 sicut
1019 1765 1380 1819 toleraverunt
1408 1764 1642 1832 Prophe-

107 1868 180 1923 ta,
215 1867 383 1912 contra
421 1873 556 1928 quos
598 1865 740 1910 tanta
772 1856 1035 1920 dicebant,
1082 1872 1180 1912 nec
1221 1856 1649 1912 connnnnioncm

106 1960 519 2003 saemmentorum
550 1948 693 2003 illius
721 1948 898 2017 populi
937 1948 1341 2018 relinquebant;
1371 1949 1507 2003 sicut
1537 1948 1651 2018 ipse

106 2038 324 2093 Dominus
351 2052 634 2093 nocentem
669 2037 859 2092 .lndam
892 2053 1058 2107 usque
1086 2038 1151 2092 ad
1188 2038 1507 2109 condignum
1535 2039 1651 2108 ejus

106 2129 268 2182 exitum
294 2127 557 2191 toleravit,
589 2137 644 2182 et
681 2143 804 2182 cum
849 2143 1057 2182 sacram
1102 2143 1309 2183 emtam
1338 2145 1458 2182 cum
1495 2130 1649 2182 inno-

110 2219 316 2271 centihus
331 2218 727 2272 communicare
750 2218 988 2288 permisit
1006 2235 1021 2280 ;
1039 2219 1174 2273 sicut
1199 2220 1491 2274 tolerarunt
1512 2222 1655 2289 Apo-

107 2310 208 2364 stoli
229 2325 312 2364 eos
346 2310 434 2379 qui
467 2325 562 2379 per
588 2310 861 2376 invidiam,
888 2310 1027 2379 qnod
1057 2311 1219 2379 ipsius
1243 2310 1440 2364 diaboli
1470 2311 1653 2365 vitium

108 2409 191 2466 est,
211 2401 466 2456 Christum
492 2401 879 2456 annuntiabant
905 2399 1162 2473 (Philipp.
1195 2416 1232 2465 ι,
1255 2401 1476 2467 15-18);
1517 2401 1656 2456 sicut

109 2491 318 2545 toleravit
348 2489 649 2561 Cyprianus
674 2491 995 2560 collegarum
1038 2492 1312 2545 avaritiam
1334 2532 1348 2554 ,
1378 2507 1534 2561 quam
1566 2507 1653 2546 se-

105 2581 306 2635 cundum
332 2582 642 2651 Apostolum
687 2582 922 2651 appellat
949 2583 1302 2635 idololatrian:
1327 2582 1542 2651 (Coloss.
1574 2599 1653 2649 ιιι,

108 2672 175 2744 5.)
206 2672 460 2729 Postremo
483 2675 736 2745 quidquid
778 2685 902 2728 tunc
927 2675 1065 2728 inter
1103 2676 1224 2728 illos
1248 2676 1525 2744 cpisc0pos
1561 2692 1656 2745 ge-

107 2775 234 2819 stum
259 2777 355 2830 est,
383 2769 580 2822 etiamsi
611 2771 748 2822 forte
777 2769 845 2821 ab
867 2769 1129 2838 aliquibus
1155 2785 1339 2822 eorum
1371 2769 1655 2835 sciebatur,

109 2855 151 2910 si
191 2872 286 2910 non
332 2860 396 2912 sit
436 2861 677 2928 aecei-tio
725 2875 1069 2929 personarum
1124 2875 1263 2914 nunc
1302 2860 1369 2914 ab
1412 2861 1660 2916 omnibus

112 2947 374 3016 ignoratur.
411 2950 513 3004 Cnr
532 2965 661 3020 ergo
691 2968 796 3004 non
843 2952 859 2981 ¹
903 2950 971 3004 ab
995 2951 1243 3004 omnibus
1282 2966 1381 3020 pax
1410 2951 1660 3006 amatur?

112 3033 216 3091 llac
254 3038 496 3094 facillime
531 3041 768 3107 cogitare
819 3042 1068 3111 possetis,
1109 3051 1198 3096 aut
1239 3041 1464 3098 fortasse
1501 3044 1662 3097 etiam

115 3130 344 3198 cogitatis.
377 3129 480 3185 Sed
526 3133 716 3186 melius
760 3141 878 3186 erat
918 3142 973 3186 ut
1008 3134 1259 3187 amaretis
1301 3135 1663 3203 possessiones

118 3227 342 3286 terrenas,
373 3237 506 3292 quas
530 3223 764 3277 timendo
796 3223 1018 3292 perdere
1041 3223 1266 3292 cognitze
1294 3223 1499 3279 veritati
1531 3239 1663 3279 con-

114 3312 371 3378 sentiretis,
416 3327 573 3383 quam
616 3323 672 3367 ut
714 3315 964 3368 amaretis
1007 3315 1344 3369 vanissimam
1391 3315 1665 3370 hominum

114 3402 324 3470 gloriam,
355 3419 512 3474 quam
537 3419 632 3458 vos
658 3406 854 3475 putatis
884 3405 1107 3476 perdere
1128 3447 1146 3473 ,
1180 3406 1226 3461 si
1267 3407 1492 3478 cognita:
1529 3409 1666 3462 veri-

117 3494 192 3546 tati
217 3497 608 3552 consenseritis.

171 3584 380 3643 CAPUT
423 3587 481 3640 V.
523 3617 598 3629 —
635 3588 722 3642 16.
754 3587 916 3643 Vides
946 3589 1122 3660 itaque
1159 3588 1303 3658 jam,
1346 3597 1404 3643 ut
1441 3590 1663 3660 opinor,

116 3692 203 3731 non
236 3694 348 3734 esse
385 3680 831 3736 considerandum
868 3681 1009 3750 quod
1044 3682 1267 3750 quisque
1308 3683 1536 3752 cogitur,
1574 3683 1668 3738 sed

116 3769 249 3837 quale
267 3772 333 3824 sit
356 3772 480 3825 illud
511 3786 620 3842 quo
654 3772 881 3842 cogitur,
912 3784 1086 3826 utrum
1117 3773 1312 3828 bonum
1336 3789 1401 3826 an
1432 3775 1625 3827 malum
1651 3791 1664 3825 :

118 3874 206 3914 non
228 3877 325 3932 quo
344 3863 567 3933 quisque
582 3863 750 3918 bonus
764 3864 928 3933 possit
944 3877 1062 3918 esse
1079 3862 1294 3926 invitus;
1312 3866 1406 3919 sed
1437 3864 1669 3918 timendo

117 3953 236 4021 quod
248 3971 344 4010 non
360 3957 470 4010 vult
484 3956 610 4024 pati,
625 3957 705 4010 vel
721 3956 968 4025 relinquit
984 3957 1356 4025 impedientem
1371 3956 1670 4010 animosita-

122 4053 227 4104 tem.
256 4047 334 4102 vll
361 4047 652 4116 ignomtam
686 4048 1019 4116 compellitur
1033 4063 1353 4117 cognoscere
1369 4051 1667 4116 veritatem,

121 4141 169 4184 ut
184 4134 362 4191 timens
393 4137 472 4192 vel
501 4149 716 4206 respuat
740 4137 930 4192 falsum
959 4137 1026 4192 de
1049 4153 1154 4208 quo
1173 4137 1554 4204 contendebat,
1588 4139 1670 4194 vel

120 4236 296 4291 qna-rat
323 4243 503 4281 verum
544 4227 686 4296 quod
731 4228 1020 4292 nesciebat,
1055 4238 1107 4282 et
1149 4228 1332 4282 volens
1361 4239 1536 4283 teneat
1559 4228 1670 4298 jam

120 4316 242 4383 quod
283 4320 510 4374 nolebat.
556 4317 838 4390 Supcrlluo
875 4319 976 4373 ltoe
1007 4319 1230 4374 fortasse
1262 4320 1528 4375 diceretur
1556 4321 1675 4391 qui-

121 4405 326 4464 buslibet
352 4411 547 4472 verbis,
571 4412 614 4465 si
637 4426 741 4465 non
765 4419 871 4464 tant
900 4413 1076 4465 multis
1103 4413 1472 4466 ostenderetur
1492 4427 1672 4467 exem-

122 4498 228 4565 plis.
255 4498 355 4554 Non
382 4503 501 4557 illos
525 4510 617 4556 ant
639 4503 756 4557 illos
787 4503 1050 4568 homines,
1082 4504 1173 4558 sed
1207 4505 1402 4558 multas
1427 4505 1672 4560 civitates

124 4587 337 4646 videmus
365 4593 528 4648 fuisse
566 4593 881 4660 donatistas,
920 4610 1059 4649 nunc
1087 4610 1206 4649 esse
1243 4597 1548 4658 catholicas,
1576 4597 1670 4650 de-

126 4685 284 4737 testari
313 4687 658 4740 vehementer
677 4687 990 4741 diabolicam
1011 4689 1423 4757 scparationcnt,
1454 4687 1672 4757 diligere

125 4773 346 4830 ardenter
366 4778 618 4833 unitatem
647 4796 660 4831 :
689 4794 806 4846 qna:
840 4788 1016 4832 tamen
1047 4777 1250 4830 tinmiis
1286 4779 1440 4845 lnijns
1464 4781 1550 4848 qui
1581 4780 1674 4835 tibi

125 4861 339 4933 displicet
356 4870 746 4931 occasionibus,
775 4869 1051 4924 catholicze
1079 4867 1229 4922 facta:
1265 4878 1388 4922 sunt
1415 4885 1506 4937 per
1530 4871 1674 4942 leges

128 4951 476 5020 imperatorum
497 4999 513 5024 ,
541 4973 572 5011 a
597 4959 945 5013 Constantino
969 4958 1107 5028 apud
1138 4973 1292 5028 quem
1323 4959 1548 5027 primum
1583 4977 1674 5017 ve-

126 5045 210 5096 stri
229 5049 350 5104 ultro
363 5052 703 5108 Caecilianum
725 5063 1130 5120 accusaverunt,
1161 5069 1326 5123 usque
1352 5055 1418 5108 ad
1441 5070 1674 5124 praesen-

132 5142 207 5187 tes
230 5137 581 5209 imperatores,
607 5145 695 5213 qni
720 5144 975 5213 judicium
1007 5144 1149 5198 illius
1173 5161 1327 5213 quem
1358 5147 1520 5200 vestri
1563 5146 1676 5202 ele-

126 5238 314 5292 gerunt,
339 5249 494 5302 quem
519 5235 788 5304 jndicibns
815 5237 1083 5305 episcOpis
1110 5237 1470 5305 praetulerunt,
1489 5237 1676 5308 justis-

128 5315 246 5374 Iitne
274 5335 445 5380 contra
478 5341 575 5380 vos
597 5327 1000 5383 custodiendum
1022 5344 1141 5383 esse
1166 5330 1476 5385 decernunt.

187 5409 270 5463 Π.
299 5412 384 5470 llis
403 5432 532 5488 ergo
559 5420 817 5488 exemplis
839 5435 868 5472 a
913 5419 1130 5489 collegis
1165 5421 1297 5474 meis
1324 5420 1450 5474 mihi
1483 5435 1676 5492 propo-

132 5496 232 5555 sitis
256 5508 401 5561 cessi.
431 5507 563 5564 Nam
596 5525 711 5563 mea
741 5511 983 5578 primitus
1002 5511 1264 5564 sententia
1291 5527 1395 5565 non
1422 5521 1554 5576 erat,
1577 5513 1680 5568 nisi

131 5592 370 5652 “Ultimm
396 5599 460 5652 ad
486 5601 740 5654 unitatem
771 5601 966 5655 Christi
1008 5616 1127 5655 esse
1164 5603 1490 5671 cogendum;
1518 5603 1682 5658 verbo

131 5689 242 5736 esse
262 5688 535 5756 agendum,
563 5691 920 5762 disputatione
943 5693 1300 5762 pugnandum,
1331 5695 1534 5749 ratione
1559 5695 1680 5750 vin-

186 5830 204 5869 ⁸
225 5837 296 5892 εκ
311 5844 412 5894 In.
430 5850 482 5894 et
502 5844 616 5895 add.
636 5852 816 5909 praeter
829 5851 936 5895 Lov.
961 5847 1045 5911 qui
1059 5846 1225 5910 habet,
1249 5859 1390 5899 nunc.

389 5925 616 5994 Sutor.
672 5930 946 5995 Ausim.
985 5931 1064 5995 ll.

1290 360 1764 425 EPISTOLARUM
1800 365 2072 426 CLASSlS
2107 367 2170 426 ll.

3229 364 3336 436 330

1763 481 2011 550 cendum,
2035 499 2100 538 ne
2123 485 2272 539 lletos
2301 483 2590 541 catholicos
2624 485 2942 544 haberemus
2961 530 2976 556 ,
3016 505 3149 562 quos
3178 507 3336 562 aper-

1763 579 1845 626 tos
1873 571 2155 630 hmretieos
2195 591 2532 632 noveramus.
2565 578 2670 633 Sed
2701 580 2813 634 hrcc
2839 582 3016 650 opinio
3057 599 3201 648 mea,
3231 599 3340 640 non

1765 667 2241 723 contradicentium
2275 671 2472 734 verbis,
2508 671 2599 726 sed
2629 672 3101 728 demonstrantiom
3124 691 3343 744 supcra-

1759 755 1915 810 batur
1939 760 2216 827 exemplis.
2251 760 2380 817 Nam
2415 761 2584 830 primo
2611 763 2740 816 mihi
2765 765 3130 833 oppencbatur
3151 767 3343 822 civitas

1758 862 1899 913 mea,
1922 865 2041 919 qua:
2067 865 2185 905 cum
2209 860 2316 905 tota
2344 862 2485 907 esset
2509 852 2559 906 in
2593 865 2740 921 parte
2764 855 2969 920 Donati,
2997 855 3063 908 ad
3089 857 3342 911 unitatem

1757 939 2070 996 catholicam
2101 944 2287 998 timore
2331 944 2503 1014 legum
2538 946 2887 1014 itnperialium
2917 964 3175 1002 conversa
3219 960 3342 1014 est;

1756 1045 1914 1100 quam
1960 1049 2099 1086 nunc
2147 1035 2385 1089 videmus
2430 1035 2501 1089 ita
2552 1035 2706 1105 hujus
2750 1049 2943 1092 vestra:
2990 1039 3344 1094 animositatis

1758 1121 2049 1189 perniciem
2081 1123 2353 1191 detestari,
2391 1134 2447 1179 ut
2476 1127 2526 1179 in
2567 1142 2629 1180 ea
2669 1143 2933 1196 nunquam
2963 1128 3124 1184 fuisse
3161 1131 3348 1184 creda-

1756 1220 1860 1266 tur.
1890 1213 1962 1267 lta
1991 1215 2110 1269 aliae
2136 1216 2334 1284 multat,
2369 1233 2486 1286 ane
2515 1217 2644 1271 mihi
2679 1221 2985 1274 nominatim
3016 1236 3344 1276 commemo-

1753 1305 2027 1371 rabantur,
2079 1318 2134 1362 nt
2180 1311 2307 1378 ipsis
2347 1310 2508 1364 rebus
2553 1326 2894 1380 agnoscerem
2942 1314 3099 1366 etiam
3150 1315 3199 1367 in
3248 1314 3347 1369 liae

1761 1411 1917 1451 causa
1942 1411 2086 1453 reete
2118 1399 2334 1470 intelligi
2369 1416 2523 1470 posse
2553 1401 2691 1470 quod
2723 1403 2972 1470 scripzmn
3006 1413 3086 1456 est
3111 1421 3124 1455 :
3152 1402 3233 1456 Da
3258 1421 3348 1457 ια·-

1755 1489 1912 1558 pienti
1967 1492 2298 1556 occasionem,
2343 1501 2389 1545 et
2432 1493 2709 1561 sapientior
2763 1494 2854 1546 erit
2903 1492 3082 1564 (Prov.
3134 1511 3213 1558 Ix,
3263 1495 3345 1567 9).

1755 1582 1921 1648 Quam
1953 1583 2102 1636 multi
2138 1585 2309 1647 enim,
2332 1583 2471 1653 qnod
2503 1593 2649 1638 certo
2691 1585 2916 1648 scimus,
2947 1586 3054 1652 jam
3092 1586 3347 1643 volebant

1755 1687 1874 1726 esse
1921 1673 2191 1738 catholici,
2233 1674 2663 1727 manifestissima
2711 1675 2932 1727 veritate
2969 1677 3258 1741 commoti,
3293 1687 3348 1731 et

1756 1765 2102 1818 olfensionem
2129 1780 2344 1819 suorum
2387 1765 2699 1831 revereitdo,
2725 1765 2960 1834 quotidie
2995 1766 3342 1821 differebant!

1756 1854 1922 1920 Quam
1955 1856 2150 1908 multos
2175 1872 2279 1908 non
2305 1856 2518 1921 veritas,
2553 1856 2603 1909 itt
2647 1871 2749 1925 qna
2781 1871 3047 1925 nunquam
3092 1872 3349 1925 prmsnm-

1757 1944 1956 2012 psistis,
1993 1943 2087 1997 sed
2124 1944 2395 1998 obdurato:
2433 1945 2831 1999 consuetudinis
2874 1962 3032 2014 grave
3071 1947 3342 2001 vinculum

1756 2034 2052 2103 colligabat,
2080 2043 2137 2087 ut
2158 2035 2206 2088 in
2231 2035 2309 2088 eis
2337 2037 2692 2105 complerelur
2721 2037 2899 2090 divina
2933 2037 3021 2090 illa
3042 2041 3304 2092 sententia
3330 2058 3346 2094 :

1769 2125 1941 2180 Verbis
1961 2143 2060 2180 non
2089 2129 2433 2181 emendabitur
2456 2145 2625 2182 servus
2647 2129 2841 2190 durus;
2879 2131 2922 2182 si
2949 2129 3077 2181 enim
3117 2140 3164 2183 et
3198 2131 3347 2184 intel-

1761 2215 1954 2280 lexerit,
1979 2234 2078 2270 non
2106 2217 2295 2270 obediet
2324 2216 2431 2286 (Id.
2470 2234 2629 2284 XXIX,
2672 2218 2796 2288 19)!
2836 2218 3002 2286 Quam
3044 2221 3192 2273 multi
3223 2237 3348 2288 pro-

1762 2317 1941 2377 plerca
1964 2309 2220 2378 putabant
2247 2325 2427 2363 veram
2451 2309 2745 2365 Ecclesiam
2772 2325 2891 2364 esse
2917 2321 3118 2379 partem
3142 2313 3348 2380 Donati,

1760 2403 1881 2473 quia
1913 2417 2007 2456 eos
2033 2403 2097 2455 ad
2145 2402 2570 2471 eognoscendam
2605 2403 2922 2456 catholicam
2953 2405 3226 2458 veritatem
3267 2421 3354 2460 se-

1760 2487 1959 2540 curitas
1979 2486 2235 2555 torpidos,
2264 2487 2587 2551 fastidiosos,
2611 2487 2892 2555 pigrosque
2914 2487 3132 2540 facit-hat
3153 2490 3164 2542 !
3185 2488 3353 2554 Quam

1763 2577 1943 2630 multis
1969 2576 2167 2630 aditum
2200 2576 2430 2629 intrandi
2457 2576 2776 2629 obscrabant
2799 2591 3039 2628 rumores
3067 2577 3354 2630 maledico-

1763 2683 1916 2733 rum,
1967 2666 2056 2736 qui
2104 2665 2283 2719 nescio
2342 2665 2465 2734 quid
2505 2665 2643 2718 aliud
2686 2680 2782 2719 nos
2829 2665 2879 2716 in
2920 2667 3085 2718 altare
3129 2665 3220 2719 Dei
3260 2681 3354 2734 po-

1764 2771 1891 2810 nere
1933 2754 2272 2824 jactitabant!
2321 2754 2489 2821 Quam
2545 2754 2694 2806 multi
2737 2753 2868 2806 nihil
2913 2754 3173 2808 interesse
3231 2769 3352 2809 cre-

1765 2845 1950 2900 dentes
1998 2846 2049 2898 in
2098 2860 2200 2914 qua
2246 2844 2470 2914 quisque
2525 2851 2670 2912 parte
2707 2842 3027 2897 christianos
3068 2844 3171 2909 sit,
3232 2845 3355 2900 ideo

1768 2937 2153 3008 permanebant
2183 2937 2234 2990 in
2265 2944 2411 3005 parte
2438 2935 2648 2999 Donati,
2676 2935 2797 3004 quia
2830 2934 2900 2987 ibi
2930 2934 3039 2987 nati
3066 2944 3217 2988 erant
3237 2978 3250 2998 ,
3297 2944 3355 2991 et

1768 3044 1863 3083 eos
1881 3028 2002 3082 inde
2026 3025 2302 3081 discedere
2323 3035 2480 3095 atque
2505 3025 2573 3078 ad
2601 3024 2924 3079 Catholicam
2949 3039 3106 3078 nemo
3130 3025 3354 3079 transire

1770 3118 2022 3189 cogebat!

1843 3211 1930 3265 18.
1960 3210 2053 3265 llis
2079 3210 2324 3264 omnibus
2359 3209 2548 3264 harum
2574 3208 2749 3279 legum
2785 3217 2977 3272 terror,
3008 3209 3198 3278 qu‘bus
3227 3225 3354 3279 pro-

1772 3303 2072 3373 mulgandis
2094 3317 2244 3372 reges
2267 3302 2502 3356 serviunt
2535 3301 2759 3355 Domino
2795 3301 2846 3353 in
2875 3302 3081 3366 timore,
3129 3302 3200 3355 ita
3233 3316 3357 3370 pro-

1774 3397 1890 3461 fnit,
1921 3405 1976 3450 ut
2013 3410 2152 3450 nunc
2179 3396 2269 3449 alii
2308 3395 2486 3448 dicant
2528 3412 2540 3447 :
2581 3393 2698 3446 Jam
2732 3393 2836 3447 ltoe
2873 3393 3220 3457 volebamus;
3261 3394 3358 3448 sed

1775 3489 1886 3542 Deo
1912 3488 2128 3557 gratias,
2161 3486 2250 3556 qui
2294 3485 2446 3538 nobis
2472 3485 2804 3538 occasionem
2852 3484 3075 3551 pra-bnit
3112 3484 3362 3552 jamjam—

1775 3595 1878 3650 que
1918 3579 2163 3644 faciendi,
2194 3587 2248 3631 et
2287 3577 2598 3630 dilationum
2638 3574 2872 3629 morulas
2908 3575 3218 3643 amputavit.
3251 3575 3358 3629 Alii

1776 3673 1955 3726 dicant
1984 3687 1996 3724 :
2026 3670 2137 3724 lloc
2166 3683 2285 3723 esse
2323 3683 2508 3722 verum
2535 3667 2643 3736 jam
2685 3667 3016 3729 sciebamus;
3044 3665 3138 3719 sed
3177 3667 3360 3722 nescio

1776 3778 1878 3834 qua
1919 3761 2305 3817 consuetudine
2347 3759 2660 3813 tenebamur
2693 3777 2705 3811 :
2737 3759 2934 3828 gratias
2983 3757 3225 3823 Domino,
3269 3759 3362 3828 qui

1777 3855 1985 3910 vincnla
2033 3863 2213 3908 nostra
2259 3853 2508 3921 disrupit,
2555 3861 2608 3905 et
2651 3866 2748 3905 nos
2791 3852 2856 3905 ad
2905 3852 3047 3920 pacis
3093 3853 3361 3908 vinculum

1777 3945 2067 3999 transtulit.
2101 3943 2205 3997 Alii
2246 3941 2460 3996 dicant:
2491 3940 2870 3996 Nesciebatnus
2900 3942 2983 3994 hic
3021 3955 3138 3994 esse
3167 3943 3363 3996 verita-

1779 4043 1907 4096 tem,
1943 4050 2040 4089 nec
2063 4049 2179 4087 eam
2202 4033 2408 4086 discere
2435 4031 2779 4093 volebamus;
2805 4031 2899 4084 sed
2929 4046 3024 4083 nos
3053 4031 3116 4083 ad
3140 4047 3255 4084 eam
3278 4047 3362 4086 eo.

1777 4123 2136 4193 gnoscendam
2179 4130 2349 4175 metus
2397 4120 2519 4173 fecit
2561 4120 2812 4183 intentos,
2853 4135 2957 4186 quo
2999 4120 3264 4173 timuimus
3291 4137 3362 4175 ne

1780 4213 1918 4268 forte
1946 4214 2060 4266 sine
2088 4213 2206 4266 ullis
2231 4227 2406 4265 rerum
2437 4219 2754 4264 artcrnarutn
2778 4209 2938 4264 lucris
2963 4209 3155 4264 datnno
3185 4228 3364 4266 rerum

1782 4305 2150 4375 temporalium
2193 4303 2512 4359 feriremnr:
2541 4302 2739 4372 gratias
2778 4303 3022 4370 Domino,
3063 4305 3152 4373 qui
3199 4307 3364 4376 negli-

1779 4396 2010 4466 gentiam
2042 4403 2277 4448 nostram
2307 4393 2525 4446 stimulo
2555 4394 2777 4448 terroris
2805 4395 3055 4458 excussit,
3093 4405 3151 4449 ut
3173 4397 3360 4454 saltem

1781 4485 1991 4540 solliciti
2013 4499 2378 4555 qutercremus
2405 4481 2548 4553 quod
2593 4484 2766 4536 securi
2797 4500 3060 4554 nunquam
3094 4501 3250 4542 nosse
3274 4503 3363 4542 cu-

1781 4578 2034 4632 ravimus.
2069 4577 2170 4630 Alii
2217 4576 2395 4630 dicant
2428 4593 2440 4626 :
2472 4574 2581 4628 Nos
2617 4572 2764 4628 falsis
2806 4579 3106 4631 rumoribus
3133 4581 3368 4634 terreba-

1781 4685 1903 4722 mnr
1929 4668 2148 4730 intrare,
2176 4681 2310 4735 quos
2346 4665 2507 4720 falsos
2536 4679 2655 4718 esse
2691 4666 3037 4732 nesciremus,
3074 4667 3118 4720 si
3146 4684 3250 4720 non
3279 4669 3367 4722 in-

1781 4767 2044 4813 traremus
2077 4774 2091 4822 ;
2127 4771 2224 4811 nec
2263 4758 2604 4820 intraremus,
2653 4756 2755 4810 nisi
2791 4771 3136 4825 cogeremur:
3169 4759 3367 4826 gratias

1783 4849 2028 4911 Domino,
2057 4847 2144 4914 qni
2172 4846 2574 4915 trepidationem
2611 4855 2846 4899 nostram
2887 4846 3093 4914 ﬂagello
3125 4847 3361 4915 abstulit,

1783 4947 2033 5009 expertos
2058 4935 2242 4992 docuit
2261 4952 2420 5006 quam
2448 4951 2582 4989 vana
2619 4945 2672 4990 et
2699 4935 2871 4989 inania
2897 4935 2964 4989 de
3006 4937 3238 4992 licclcsia
3267 4953 3366 4995 sua

1783 5028 2011 5084 mendax
2057 5027 2197 5080 fama
2235 5027 2550 5096 jactaverit;
2592 5026 2716 5080 hinc
2753 5026 2862 5095 jam
2899 5026 3167 5082 credimus
3195 5039 3248 5083 et
3277 5031 3368 5085 illa

1783 5119 1916 5175 falsa
1962 5133 2122 5185 esse,
2172 5133 2290 5189 qua:
2332 5126 2576 5172 auctores
2619 5116 2776 5185 hujus
2837 5118 3055 5172 Ineresis
3104 5119 3369 5174 criminati

1787 5219 1932 5278 sunt,
1961 5208 2172 5281 quando
2198 5208 2400 5277 posteri
2425 5223 2608 5262 eorum
2636 5216 2742 5261 tam
2771 5206 2899 5262 falsa
2921 5219 2974 5263 et
2996 5209 3172 5278 pejora
3198 5212 3366 5264 tinxe-
3464 5256 3468 5273 ς

1785 5311 1931 5357 runt.
1964 5301 2314 5354 Aliidicant:
2349 5299 2671 5353 Putabamns
2701 5298 2915 5369 quidem
2956 5300 3086 5353 nihil
3113 5301 3370 5356 interesse

1785 5394 1877 5449 ubi
1909 5393 2066 5448 fidem
2093 5392 2288 5447 Christi
2318 5401 2651 5458 teneremus;
2677 5391 2771 5446 sed
2797 5392 2992 5462 gratias
3014 5391 3256 5456 Domino,
3279 5395 3372 5461 qui
3440 5427 3453 5470 tl

1788 5499 1887 5538 nos
1911 5499 1940 5536 a
1965 5483 2228 5538 divisione
2258 5481 2471 5551 collegit
2496 5522 2510 5545 ,
2556 5490 2610 5536 et
2653 5482 2756 5537 hoc
2801 5482 2890 5535 uni
2920 5483 3029 5534 Deo
3054 5494 3369 5548 congruere,
3414 5507 3418 5512 -
3443 5470 3447 5473 ’

1789 5583 1848 5629 ut
1872 5576 1924 5628 in
1952 5576 2151 5629 unimte
2192 5573 2416 5637 colatur,
2445 5573 2696 5629 ostendit.
3386 5633 3392 5640 ,

1866 5665 1952 5720 19.
1979 5665 2072 5722 llis
2097 5679 2225 5734 ergo
2251 5665 2534 5719 dominicis
2557 5665 2717 5718 lucris
2753 5661 3120 5731 impediendis,
3149 5663 3213 5718 ad
3240 5677 3372 5721 cono

1790 5754 2160 5810 tradicendnm
2191 5771 2276 5809 me
2298 5769 2622 5824 opponerem
2649 5753 2867 5823 collegis
2894 5754 3046 5819 meis,
3070 5770 3135 5808 ne
3158 5756 3206 5807 in
3228 5771 3376 5809 mort-

1751 5825 1760 5836 .
1803 5845 1943 5902 tibus
1959 5854 2015 5900 et
2034 5843 2259 5900 collibus
2289 5845 2498 5909 vestris,
2532 5843 2690 5897 id'est
2717 5844 2768 5898 in
2800 5843 3091 5899 tumoribus
3112 5842 3372 5914 superbia:

2745 5933 3011 6002 βοτηε.)
