3962 6388
151 392 241 456 337

150 518 243 575 rios
264 510 363 586 (ι).
390 506 524 566 unde
555 502 752 575 putasti
788 494 1147 557 insidiandum
1174 500 1373 582 contr;
1384 487 1685 586 testimonia

149 584 418 670 audivioa,
448 609 692 671 tanquam
726 592 944 667 perierit
974 588 1207 647 Ecclesia
1246 588 1315 643 de
1351 584 1481 640 orbe
1518 594 1686 638 terra-

148 715 263 759 mm.
287 697 431 752 Potes
452 690 550 746 hoc
575 686 736 744 modo
755 685 934 741 dicere
957 696 1057 739 nec
1081 689 1156 735 tot
1180 676 1442 734 Ecclesias
1462 673 1684 731 Galatia:

149 806 251 852 tunc
284 788 453 851 fuisse,
488 780 704 855 quando
740 776 950 834 dicebat
978 772 1262 845 Apostolus
1292 788 1305 824 :
1337 767 1382 824 0
1409 767 1546 823 stulti
1574 764 1682 820 Ga-

149 887 267 949 late,
305 878 407 950 quis
443 890 527 930 vos
572 870 867 944 fascinaait,
910 876 963 921 ut
1004 881 1119 920 cum
1166 862 1348 933 spiritu
1397 858 1677 927 ceperitis,

150 990 260 1033 nunc
280 985 419 1026 carne
442 961 855 1021 consummantini
880 956 1023 1032 (Gal.
1052 973 1127 1021 ιιι,
1157 954 1246 1025 l)?
1284 954 1375 1008 Sic
1407 952 1548 1007 enim
1590 964 1682 1005 ca-

147 1067 379 1127 lumniaris
400 1062 554 1117 docto
577 1057 723 1121 viro,
758 1054 850 1127 qui
880 1050 1204 1109 tardieordes
1229 1056 1285 1104 et
1312 1046 1525 1102 timidos
1560 1057 1683 1114 gra-

148 1163 257 1217 viter
292 1154 613 1224 increpabat,
664 1164 799 1222 quos
854 1148 1043 1202 iterant
1103 1141 1459 1215 parturiebat,
1509 1138 1681 1193 donec

148 1254 348 1311 Christus
373 1246 685 1302 formaretur
725 1242 777 1296 in
816 1240 895 1295 eis
938 1236 1051 1307 (Id.
1092 1251 1174 1300 Iv,
1209 1233 1320 1300 l9).
1362 1231 1493 1299 Quis
1534 1230 1676 1284 enim

148 1344 281 1401 nescit
304 1340 386 1396 illo
410 1349 648 1406 tempore
675 1332 919 1388 obscuris
948 1326 1125 1384 verbis
1154 1324 1348 1379 multos
1386 1320 1530 1391 parvi
1556 1335 1679 1374 sen-

147 1453 220 1493 sus
254 1434 397 1491 fuisse
427 1430 673 1493 delusos,
704 1433 762 1480 ut
787 1429 1029 1495 putarent
1059 1419 1160 1474 hoc
1184 1416 1327 1471 credi
1353 1414 1421 1469 ab
1444 1412 1673 1476 Arianis,

146 1526 256 1599 quod
287 1524 429 1581 etiam
460 1519 561 1591 ipsi
586 1514 878 1572 credebant
905 1530 918 1565 :
944 1512 1078 1566 alios
1115 1517 1291 1562 autem
1337 1506 1524 1599 timore
1561 1516 1678 1557 ecs-

146 1595 316 1675 sisseet
336 1614 569 1669 simulate
593 1606 968 1666 consensisse.
1000 1617 1107 1656 non
1146 1607 1290 1654 recte
1324 1595 1678 1666 ingredientes

146 1709 198 1764 ad
227 1706 471 1761 veritatem
503 1698 809 1769 Evangelii,
840 1694 1036 1765 quibus
1078 1701 1132 1745 tu
1179 1699 1357 1760 postea
1397 1684 1672 1750 com-etis,

144 1802 205 1858 sic
251 1792 674 1870 quemadmodum
739 1789 972 1859 ignotum
1033 1794 1148 1845 est,
1209 1779 1379 1870 nolles
1440 1774 1677 1870 ignosci?

144 1865 326 1945 Prorsus
351 1900 449 1941 non
484 1882 624 1937 nosti
659 1878 888 1934 Litteras
914 1875 1026 1930 Dei.
1075 1872 1213 1941 Lege
1254 1869 1396 1925 enim
1442 1865 1569 1936 quid
1608 1865 1678 1921 de

143 1982 267 2036 Petro
288 1975 545 2046 scripserit
569 1971 796 2037 l’aulns,
833 1979 889 2025 et
923 1966 1047 2037 quid
1091 1964 1213 2017 inde
1252 1961 1411 2017 etiam
1448 1958 1678 2015 senserit

142 2073 415 2144 Cyprianus;
443 2076 499 2123 et
539 2080 643 2120 non
685 2064 775 2118 tibi
814 2060 1089 2131 displiceat
1133 2055 1383 2111 Ecclesia:
1422 2066 1674 2107 mansue-

145 2164 259 2228 ludo,
280 2176 385 2233 qua:
412 2157 650 2214 membra
679 2154 873 2210 Christi
907 2152 1146 2223 dispersa
1175 2148 1391 2216 colligit,
1434 2161 1541 2200 non
1565 2145 1674 2199 col-

144 2254 247 2308 lecta
268 2250 503 2323 dispergit
532 2266 547 2301 :
574 2261 879 2318 quanquam
905 2252 956 2297 et
983 2242 1053 2295 illi
1076 2283 1090 2306 ,
1118 2240 1206 2310 qui
1237 2249 1360 2293 tunc
1386 2236 1672 2292 firmissimi

141 2344 332 2407 luerunt,
369 2351 417 2397 ct
463 2338 626 2395 verba
670 2336 1039 2391 haereticorum
1085 2331 1333 2387 insidiosa
1380 2329 1676 2400 intelligere

142 2444 391 2507 potuerunt,
422 2434 572 2504 pauci
599 2430 814 2502 quidem
843 2429 893 2483 ia
918 2427 1314 2497 comparatione
1334 2434 1677 2489 tta-terarum,-

139 2528 213 2583 sed
234 2538 382 2583 tamen
405 2528 565 2582 etiam
592 2522 691 2594 ipsi
722 2522 934 2592 quidam
967 2535 1061 2588 pro
1093 2517 1194 2572 lide
1229 2516 1437 2570 fortiter
1461 2514 1673 2568 exsula;

139 2620 267 2685 bant,
294 2620 491 2691 quidam
537 2626 652 2672 toto
694 2615 824 2670 orbe
864 2613 1156 2667 lalitabattl.
1203 2611 1281 2665 Ac
1322 2609 1401 2663 sic
1438 2608 1674 2662 Ecclesna

138 2728 238 2783 qua:
260 2728 342 2782 per
361 2726 536 2767 omnes
558 2718 749 2780 gentes
773 2705 986 2770 crescit,
1017 2705 1069 2759 in
1094 2702 1373 2757 frumentis
1395 2701 1676 2781 dominicis

140 2812 405 2859 consemta
441 2808 553 2867 cst,
599 2810 655 2854 et
699 2814 865 2868 usque
911 2798 961 2850 ia
1008 2796 1202 2861 linem,
1246 2793 1417 2847 donec
1456 2790 1674 2845 otunino

136 2901 295 2964 gentes
314 2908 482 2948 omnes
500 2934 517 2957 ,
540 2891 703 2947 etiam
735 2889 984 2943 barbaras
1012 2896 1219 2949 teneat,
1251 2884 1669 2940 conservabitur.

137 2985 231 3055 Ipsa
255 2996 326 3041 est
346 2986 478 3040 enim
504 2983 743 3040 Ecclesia
770 2983 822 3035 in
847 2982 985 3035 bono
1008 2980 1210 3034 semine
1229 2978 1368 3049 quod
1395 2977 1675 3032 seminavit

136 3075 269 3131 Filius
295 3076 513 3131 hominis
534 3117 551 3141 ,
578 3082 633 3130 ct
670 3088 836 3144 usque
871 3071 938 3126 ad
986 3086 1215 3125 messem
1257 3084 1499 3124 crescere
1537 3068 1675 3122 inter

138 3167 314 3233 zinnia,
336 3165 723 3237 pnenuntiavit.
751 3165 890 3231 Ager
909 3173 1084 3217 autem
1113 3159 1338 3216 mundus
1359 3169 1460 3226 est,
1484 3159 1673 3214 mchis

136 3257 230 3313 linis
253 3269 324 3315 est
349 3258 528 3315 saeculi
574 3255 784 3330 (Matth.
810 3271 932 3321 xm,
961 3255 1175 3325 24-59).

189 3351 261 3407 52.
289 3352 514 3409 Hilarius
539 3364 670 3421 ergo
710 3350 893 3405 decem
928 3349 1321 3417 provinciarum
1352 3346 1668 3402 Asianorum

134 3452 205 3497 sut
229 3444 404 3499 zizania
451 3457 558 3497 non
593 3442 823 3496 triticum
863 3439 1147 3510 arguebat,
1192 3450 1279 3492 ant
1311 3439 1481 3509 ipsum
1511 3437 1671 3493 etiam

138 3535 324 3590 triticum
350 3534 494 3606 quod
530 3532 743 3589 defectu
770 3531 1000 3601 quodam
1029 3530 1443 3601 periclitabatur,
1473 3542 1673 3594 quanto

138 3626 477 3693 vehenti-alius,
504 3636 651 3681 tanto
670 3625 851 3679 utilius
866 3622 1192 3695 urguendum
1211 3624 1446 3693 putabat.
1466 3623 1673 3678 llabeut

136 3718 247 3773 enim
261 3720 402 3774 etiam
422 3719 714 3787 Scriptum:
730 3716 1001 3771 cationicte
1019 3715 1158 3769 hunc
1178 3715 1429 3785 arguendi
1444 3730 1666 3781 morem,

138 3818 182 3863 ut
203 3819 422 3881 tauquam
446 3809 695 3864 omnibus
724 3808 934 3863 dicatur
953 3848 966 3868 .
997 3815 1051 3862 et
1074 3807 1139 3861 ad
1167 3807 1423 3876 quosdam
1454 3807 1672 3861 verbum

136 3903 380 3967 perveniat.
411 3900 566 3968 Quod
602 3899 744 3954 enim
778 3899 1062 3968 Apostolus
1086 3897 1215 3952 dicit
1236 3897 1303 3951 ad
1334 3896 1668 3952 Corinthios:

138 3991 355 4058 Quomodo
386 3996 562 4048 dicunt
590 3992 799 4063 quidam
823 3993 875 4045 in
900 3991 1055 4053 vobis,
1072 3991 1190 4061 quia
1215 3990 1507 4043 resurrectio
1537 4005 1673 4042 morv

136 4090 296 4137 tuorum
331 4101 429 4139 non
463 4094 534 4138 est
556 4080 746 4156 (lCor.
768 4096 855 4145 xv,
889 4080 1015 4151 12)?
1036 4079 1339 4134 manifestat
1359 4080 1537 4150 utique
1565 4095 1670 4133 non

138 4187 287 4231 omnes
319 4192 434 4233 esse
477 4178 645 4241 tales,
686 4184 1049 4231 verumtamen
1080 4182 1135 4228 ct
1175 4172 1306 4227 tales
1349 4187 1453 4226 non
1482 4180 1630 4226 extra
1651 4211 1667 4237 ,

138 4266 212 4321 sed
246 4269 292 4324 in
328 4273 405 4325 eis
445 4268 609 4324 fuisse
638 4276 863 4323 testatur
893 4284 906 4320 :
936 4282 967 4320 a
995 4265 1185 4336 quibus
1227 4280 1294 4319 nc
1332 4264 1407 4318 illi
1450 4263 1671 4318 seduce-

134 4370 302 4429 rcutur,
325 4363 409 4433 qui
440 4378 545 4418 non
575 4361 647 4415 ita
674 4359 992 4423 sentiebant,
1022 4357 1180 4428 paulo
1208 4364 1327 4427 post
1354 4356 1561 4411 monuit
1584 4354 1671 4409 di-

136 4462 261 4514 cens,
282 4451 439 4507 Nolite
464 4451 637 4507 seduci
667 4467 686 4505 :
711 4458 1040 4519 corrumpunt
1066 4464 1227 4502 mores
1247 4447 1401 4501 bonos
1420 4447 1673 4516 colloquia

136 4538 263 4594 mla.
291 4542 452 4597 Sobrii
476 4551 652 4605 estote,
668 4540 798 4611 justi
821 4541 839 4573 ⁸
857 4581 873 4606 ,
901 4550 946 4593 et
971 4539 1125 4593 nolite
1148 4555 1354 4610 peccare
1384 4554 1402 4592 :
1429 4539 1671 4608 ignoran-

135 4631 232 4686 tiam
268 4637 386 4690 enim
430 4634 529 4690 Dei
563 4634 769 4706 quidam
808 4631 1020 4699 habent;
1064 4633 1134 4687 ad
1174 4633 1498 4686 reuerentia»:
1536 4630 1672 4685 vobis

138 4720 283 4790 loquor
323 4725 453 4798 (ιιι,
481 4726 572 4793 33,
602 4725 736 4797 54).
780 4724 933 4792 Quod
969 4733 1146 4778 autem
1183 4723 1343 4785 dicit,
1378 4722 1505 4778 Cum
1543 4724 1687 4777 enimo

139 4813 219 4867 siut
252 4818 369 4871 inter
394 4835 482 4873 vos
507 4818 766 4873 aemulatio
799 4826 847 4871 et
886 4816 1135 4870 contentio
1155 4857 1169 4879 ,
1207 4832 1372 4868 nonne
1406 4816 1522 4868 estis
1560 4831 1688 4883 car»,

139 4903 280 4971 uales,
307 4917 349 4964 et
376 4912 651 4963 secundum
680 4908 930 4961 hominem
972 4905 1241 4959 ambulatis
1284 4903 1408 4975 (Id.
1437 4921 1528 4972 ιιι,
1560 4905 1593 4959 5
1615 4905 1673 4975 )?

136 5002 347 5068 linquam
371 5000 619 5055 omnibus
644 4998 809 5065 dicit;
839 5007 895 5053 et
913 4998 1060 5053 vides
1082 5012 1237 5069 quam
1264 4998 1325 5050 sit
1350 5011 1509 5067 grave
1532 4994 1675 5066 quod

136 5083 255 5141 dicit.
282 5090 501 5147 Proinde
523 5091 624 5147 nisi
653 5092 705 5146 in
732 5090 843 5161 ipsa
867 5090 1101 5159 Epistula
1124 5090 1441 5159 legeremus,
1470 5086 1675 5143 Gratias

138 5194 219 5250 090
236 5181 333 5240 Deo
357 5203 461 5243 meo
485 5202 683 5257 semper
711 5202 802 5257 pro
828 5186 962 5241 vobis
983 5227 997 5254 ,
1022 5187 1077 5240 in
1114 5186 1277 5257 gratia
1308 5183 1399 5240 Dei
1422 5200 1535 5255 quae
1556 5184 1674 5238 data

184 5362 284 5429 {an
302 5372 352 5416 et
372 5374 501 5426 Lov.,
530 5365 682 5429 juste,
706 5369 845 5428 juxta
880 5378 1091 5429 grzeeum
1133 5372 1352 5429 textum,
1618 5374 1673 5417 At

184 5379 198 5394 -
219 5379 284 5412 tr.
302 5379 352 5416 et
373 5379 501 5426 ωι,
562 5379 682 5424 uste,
706 5379 845 5428 juxta
880 5379 1091 5429 grceeum
1133 5379 1352 5423 seruum,
1388 5379 1586 5415 atomos.
1618 5379 1668 5417 At

134 5420 223 5472 hil.
237 5434 332 5477 Am.
355 5437 403 5479 et
421 5379 674 5481 sexd'ecim
696 5436 803 5480 Itss.
826 5440 938 5478 eum
962 5427 1155 5491 Vulgata
1176 5427 1376 5485 habent,
1392 5426 1533 5489 justi.
1664 5493 1668 5497 1

182 5506 243 5569 (a)
264 5511 547 5562 abutebatur
570 5512 845 5562 Vincentius
877 5511 968 5559 isto
998 5510 1158 5558 llilarii
1195 5511 1472 5559 testimonio
1503 5523 1565 5560 ex
1591 5510 1673 5558 tib.

135 5564 376 5634 de'ﬁ'yuodis
394 5575 627 5624 adversus
652 5574 860 5631 Arianos,
883 5572 965 5621 ubi
987 5572 1101 5620 dicit
1124 5585 1135 5618 :
1167 5589 1187 5616 α
1203 5579 1315 5619 Eam
1337 5572 1523 5634 absque
1546 5570 1680 5620 Eleu-

140 5642 157 5670 ι
172 5630 237 5695 Siti
254 5639 301 5695 et
322 5638 477 5694 [sucis
495 5650 607 5686 cum
630 5647 710 5694 eo,
736 5648 798 5683 ex
822 5633 986 5695 majori
1014 5640 1149 5695 parte
1174 5635 1353 5682 asiaaae
1376 5630 1549 5681 decem
1574 5647 1677 5694 [vro-

140 5705 158 5727 (
176 5693 344 5761 (igitur,
366 5699 484 5761 intra
506 5709 628 5761 quas
649 5693 859 5761 consisto
876 5693 1036 5761 [vere
1060 5704 1209 5744 Deum
1236 5694 1472 5761 nesciunt.
1501 5711 1528 5761 »_
1550 5693 1677 5761 Quod

133 5752 303 5831 auidum
327 5759 453 5829 laei'e
477 5752 762 5829 intelligitur
787 5771 847 5806 ex
874 5752 1037 5829 mnis
1063 5757 1297 5831 ingusti..i
1322 5757 1676 5831 restiondfutis,

133 5818 282 5863 dacem
302 5818 645 5878 provinciarum
665 5821 935 5868 asiaaarum
956 5820 1127 5869 zizaaia
1152 5818 1378 5879 redazgui
1401 5819 1463 5866 ab
1486 5819 1673 5870 Hilario.

1272 360 1754 424 EPISTOLARU)!
1789 316 2065 427 cusssns
2081 317 2163 427 ιι.
2254 328 2259 331 δ
2317 316 2327 326 ’

3271 388 3379 447 338

1792 496 1865 542 est
1889 487 2025 544 vobis
2051 488 2104 544 in
2125 487 2326 548 Christo
2349 492 2498 561 Iesu,
2527 497 2649 569 quia
2672 498 2728 553 in
2755 496 2983 556 omnibus
3005 502 3149 557 dilati
3173 505 3289 560 estis
3311 507 3368 561 in

1788 578 1904 646 illo,
1933 580 1986 635 in
2011 583 2149 637 omni
2167 585 2313 640 uerbo
2329 586 2454 642 etin
2476 589 2615 643 omni
2630 590 2860 658 scientia,
2880 591 3009 646 sicut
3035 594 3373 657 testimonium

1793 671 1981 728 Christi
2002 676 2353 746 confirmatum
2381 691 2454 735 est
2484 682 2535 735 in
2565 682 2728 746 vobis,
2756 684 2827 738 ita
2850 694 2904 739 ut
2932 685 3061 741 nihil
3085 687 3213 742 drsit
3237 690 3373 745 robis

1790 765 1844 821 in
1870 768 1977 822 ulla
1999 771 2164 840 gratia
2192 772 2233 843 (Ι
2251 771 2368 827 Cor.
2394 789 2441 840 ι,
2470 774 2618 846 4-7),
2645 785 2949 846 putaremus
2967 794 3154 835 omnes
3181 779 3374 835 Corin-

1792 860 1934 915 thios
1958 863 2201 918 carnales
2226 873 2281 919 et
2308 866 2583 929 animales,
2608 881 2711 921 non
2736 868 3086 937 percipientcs
3113 888 3230 940 qua:
3250 886 3377 928 sunt

1789 952 2006 1022 spiritus
2034 953 2128 1010 Dei
2171 954 2281 1027 (Id.
2313 972 2382 1022 ιι,
2414 956 2502 1027 li)
2526 999 2540 1019 .
2572 959 2963 1026 contentiosos,
2994 963 3216 1018 aemulos
3238 1006 3253 1029 ,
3283 977 3373 1018 se-

1790 1042 2021 1098 cundum
2046 1045 2314 1101 hominem
2342 1048 2694 1105 ambulantes.
2722 1050 2902 1119 Itaque
2921 1060 2978 1107 et
2996 1062 3129 1107 totus
3153 1056 3373 1109 mundus

1788 1134 1841 1188 in
1864 1136 2087 1206 maligno
2114 1139 2307 1208 positus
2333 1149 2404 1194 est
2433 1140 2472 1213 (Ι
2498 1139 2655 1196 Joan.
2682 1157 2715 1196 v
2733 1183 2750 1208 ,
2780 1142 2891 1212 l9),
2923 1154 3140 1213 propter
3168 1146 3370 1201 zizania

1787 1241 1906 1297 qum
1932 1236 2055 1283 sunt
2084 1245 2178 1300 per
2208 1241 2374 1286 totum
2402 1233 2691 1299 mundum;
2718 1242 2771 1287 et
2796 1233 3044 1291 Christus
3073 1238 3372 1307 propitiatur

1788 1327 1861 1371 est
1889 1330 2210 1389 peccatorum
2236 1334 2519 1377 nostrorum
2537 1365 2552 1389 ,
2582 1340 2683 1378 non
2714 1334 2905 1379 tantum
2936 1336 3218 1382 nostrorum
3234 1370 3247 1390 ,
3280 1331 3370 1383 sed

1787 1418 1833 1462 ct
1860 1413 2011 1466 totius
2030 1414 2206 1467 mundi
2231 1412 2339 1486 (Id.
2374 1430 2441 1481 ιι,
2480 1414 2537 1487 2)
2558 1456 2575 1483 ,
2606 1424 2823 1488 propter
2851 1418 3083 1475 triticum
3117 1420 3261 1491 quod
3285 1430 3371 1479 est

1784 1514 1883 1569 per
1911 1510 2078 1557 totum
2110 1505 2387 1561 mundum.

1856 1593 1945 1648 35.
1994 1594 2309 1665 llcfrigescit
2333 1604 2510 1652 autem
2548 1597 2780 1653 cbaritas
2822 1600 3109 1656 multorum
3152 1613 3370 1675 propter

1784 1687 2157 1742 scandalorum
2203 1689 2611 1756 almnduutiam,
2660 1702 2858 1762 quanto
2887 1695 3055 1765 magis
3098 1698 3370 1767 magisque

1785 1778 2082 1847 glorifiralo
2110 1779 2303 1834 Christi
2345 1783 2559 1838 nomine
2599 1794 2987 1855 congregantur
3029 1786 3083 1842 in
3124 1804 3369 1843 commu-

1786 1871 2002 1924 nionem
2024 1870 2486 1927 Sacramentorum
2512 1874 2629 1942 ejus
2654 1876 2812 1929 etiam
2843 1877 3073 1947 mal’gni,
3103 1888 3155 1932 et
3187 1895 3371 1948 perse-

1785 1972 2027 2016 vctantet
2058 1964 2275 2017 omnino
2302 1965 2536 2033 perversi
2556 2007 2571 2029 ,
2601 1967 2693 2020 scd
2724 1978 2897 2023 tamen
2940 1980 3186 2039 tanquam
3218 1971 3369 2040 palea

1782 2049 1851 2106 de
1876 2066 1997 2105 area
2039 2051 2301 2108 dominica
2342 2055 2551 2110 nonnisi
2595 2056 2779 2110 ultima
2823 2059 3161 2114 ventilazione
3205 2076 3367 2130 sepa-

1782 2143 1932 2196 randi
1966 2142 2180 2216 (Mattlt.
2210 2162 2297 2213 ιιι,
2330 2147 2441 2216 12).
2477 2146 2589 2202 Non
2618 2149 2960 2220 exstingunnt
2986 2151 3068 2205 isti
3101 2150 3366 2208 frumenta

1780 2232 2069 2299 dominica,
2103 2236 2153 2290 in
2180 2252 2364 2291 eorum
2395 2238 2608 2309 quidem
2636 2243 3030 2309 comparatione
3053 2258 3237 2311 pauca,
3269 2243 3367 2299 sed

1782 2325 1949 2379 multa
1977 2342 2070 2394 per
2095 2328 2306 2397 seipsa;
2348 2345 2453 2383 non
2493 2330 2831 2398 chIingnunt
2872 2331 3069 2386 electos
3101 2334 3194 2388 Dei
3231 2348 3365 2388 con-

1780 2418 2078 2486 grcgandos
2115 2420 2166 2474 in
2197 2420 2300 2476 line
2323 2423 2524 2485 smculi,
2553 2424 2689 2476 sicut
2720 2423 3068 2494 Evangelium
3098 2426 3364 2496 loquitur,

1781 2525 1813 2562 a
1842 2521 2060 2581 quatuor
2088 2515 2264 2574 ventis.
2293 2531 2324 2567 a
2347 2516 2556 2568 summis
2583 2516 2820 2569 calorum
2853 2534 3008 2588 usque
3037 2518 3106 2570 ad
3129 2520 3367 2575 terminos

1780 2618 1953 2656 eorum
1986 2603 2094 2674 (Id.
2125 2622 2277 2670 xxiv,
2307 2607 2415 2677 5|).
2448 2608 2685 2675 Ipsorum
2710 2609 2851 2663 enim
2876 2626 2972 2663 vos
2997 2621 3076 2664 est
3105 2629 3119 2665 :
3152 2611 3366 2665 Salvum

1786 2711 1865 2748 me
1892 2699 1995 2765 fac,
2028 2695 2257 2761 Domine,
2286 2699 2523 2769 quoniam
2550 2699 2731 2767 defecit
2757 2710 2982 2765 sanctus,
3011 2703 3247 2768 qnoniant
3279 2703 3365 2756 di-

1786 2785 1990 2838 minuta:
2019 2795 2132 2840 sunt
2162 2788 2390 2840 vcritntrs
2428 2804 2459 2839 a
2504 2788 2623 2855 [Iliis
2649 2789 2907 2842 hominum
2938 2789 3108 2857 (Psal.
3141 2807 3190 2845 xl
3212 2834 3225 2855 ,
3258 2793 3314 2861 ‘2)
3346 2809 3361 2846 :

1781 2875 1849 2929 ale
1886 2877 2077 2945 quibus
2117 2888 2171 2933 et
2204 2878 2455 2931 Dominus
2482 2879 2644 2943 dicit,
2679 2880 2817 2934 inter
2852 2881 3229 2936 abundantiam
3261 2884 3366 2938 ini-

1798 2967 2028 3035 ptitalis.
2058 2969 2144 3037 qui
2170 2971 2551 3034 perseveraverit
2589 2987 2741 3037 usque
2766 2971 2819 3024 in
2848 2972 3001 3039 ﬁnem
3024 3014 3038 3036 ,
3077 2972 3159 3025 hic
3196 2977 3365 3029 salvus

1787 3058 1875 3111 erit
1903 3057 2114 3128 (Matth.
2144 3075 2305 3121 xxw,
2340 3060 2426 3122 l2,
2462 3060 2571 3130 13).
2606 3061 2839 3130 Denique
2866 3076 2969 3115 non
3003 3078 3162 3116 unum
3195 3062 3367 3118 Immi-

1785 3164 1928 3214 netn,
1960 3149 2052 3203 sed
2081 3150 2259 3218 plures
2287 3152 2337 3204 in
2366 3152 2552 3205 eodem
2585 3152 2790 3221 psalmo
2818 3153 2958 3221 loqui
2985 3154 3367 3223 consequentia

1684 3289 1687 3293 .
1782 3240 1997 3306 docent,
2030 3244 2115 3296 ubi
2144 3243 2337 3297 dicitur
2368 3262 2380 3296 :
2412 3242 2525 3311 Tu,
2555 3242 2790 3307 Domine,
2817 3244 3034 3297 servabis
3063 3260 3176 3309 nos,
3204 3256 3248 3298 ct
3269 3261 3367 3299 cu-

1781 3332 1964 3388 stodias
1988 3350 2077 3387 nos
2106 3351 2138 3386 a
2175 3336 2492 3404 generatione
2521 3335 2614 3389 hac
2638 3336 2689 3388 in
2716 3346 2955 3388 (sternunt
2990 3334 3157 3405 (νισι.
3188 3352 3241 3391 x1
3261 3377 3277 3398 ,
3305 3336 3363 3402 2,

1782 3423 1858 3493 8).
1889 3424 2115 3495 Propter
2144 3425 2279 3479 hanc
2307 3425 2448 3479 enim
2475 3424 2849 3480 abundantiam
2872 3424 3179 3494 iniquitatis,
3201 3441 3364 3495 quam

1786 3514 2039 3570 Dominus
2065 3514 2297 3570 futuram
2334 3530 2454 3572 esse
2483 3515 2755 3586 pra-dixit,
2784 3515 2943 3571 etiam
2976 3516 3101 3570 illud
3133 3518 3364 3585 positum

1782 3617 1863 3663 cst
1895 3627 1906 3661 :
1937 3608 2063 3663 Cum
2090 3612 2275 3663 venerit
2318 3609 2484 3665 Filius
2512 3611 2760 3675 hominis,
2793 3621 2941 3679 putus
2975 3611 3183 3664 inveniet
3209 3612 3365 3680 ﬁdem

1784 3699 1833 3753 In
1861 3710 1991 3754 terra
2020 3699 2167 3771 (Luc.
2194 3686 2345 3762 xvlt't,
2366 3701 2458 3770 8)?
2500 3700 2765 3755 Dnbitalio
2791 3701 2933 3755 enim
2961 3713 3148 3755 cuncta
3185 3701 3364 3757 scien-

1781 3790 1850 3845 tis
1877 3802 2111 3845 nostram
2143 3794 2193 3847 in
2224 3793 2312 3846 illo
2339 3793 2719 3847 dubitationem
2748 3793 3122 3863 pra'ligttravit,
3153 3794 3366 3864 quando

1784 3880 2019 3937 Ecclesia
2048 3897 2112 3937 es
2142 3884 2322 3937 nmltis
2362 3883 2428 3937 de
2456 3884 2646 3953 quibus
2675 3885 2897 3938 mttlttun
2926 3886 3188 3952 Speravit,
3219 3900 3365 3955 szepe

1790 3972 1998 4041 lecepta
2024 4013 2039 4036 ,
2069 3972 2211 4042 quod
2238 3973 2393 4028 aliter
2419 3989 2577 4042 quam
2606 3973 2962 4028 credebantur
2991 3974 3186 4027 inventi
3216 3985 3361 4042 sunt,

1784 4064 1858 4118 sic
1886 4066 2224 4134 perturbatur
2252 4066 2303 4119 in
2332 4067 2464 4129 suis,
2497 4076 2552 4119 ut
2577 4066 2645 4119 de
2671 4065 2815 4117 nullo
2839 4064 2993 4118 facile
3014 4066 3135 4119 boni
3164 4066 3365 4136 aliquid

1783 4154 1905 4207 velit
1928 4154 2167 4208 credere.
2199 4155 2347 4223 Ipsos
2378 4164 2555 4207 tamen
2595 4169 2819 4224 quorum
2858 4154 3167 4208 inventurus
3193 4164 3277 4210 est
3303 4155 3367 4211 tl-

1781 4244 1904 4300 dem
1932 4246 1985 4300 in
2018 4256 2175 4312 terra,
2202 4263 2295 4316 per
2321 4256 2486 4301 totum
2507 4261 2691 4317 agrum
2716 4260 2839 4301 cum
2858 4246 3075 4303 zizaniis
3095 4261 3361 4319 crescere,

1784 4338 2025 4395 dubitare
2051 4340 2129 4395 fas
2156 4356 2260 4396 non
2290 4350 2390 4397 cst.

1772 4458 1777 4463 ο
1849 4433 1942 4487 54.
1977 4434 2093 4502 Ipsa
2123 4444 2205 4488 est
2232 4449 2358 4504 ergo
2386 4433 2637 4497 Ecclesia,
2670 4448 2788 4503 qua:
2818 4433 2953 4487 intra
2984 4448 3231 4504 sagcnam
3263 4434 3362 4488 do-

1787 4524 2033 4579 minicam
2061 4538 2181 4578 cum
2226 4527 2377 4579 malis
2413 4526 2646 4594 piscibus
2690 4534 2862 4586 natat.
2903 4540 2934 4579 a
2972 4527 3162 4595 quibus
3199 4526 3365 4583 cordo

1785 4628 1993 4682 Semper
2020 4626 2074 4671 et
2099 4616 2331 4669 moribus
2361 4624 2636 4684 separatur
2662 4625 2819 4684 atque
2846 4615 3090 4682 discedit,
3125 4625 3181 4671 ut
3206 4616 3363 4673 exhi-

1783 4705 1971 4761 beatur
1991 4706 2105 4760 viro
2132 4722 2228 4760 suo
2254 4706 2501 4775 gloriosa,
2536 4722 2639 4759 non
2671 4706 2871 4761 habens
2896 4707 3152 4760 maculam
3189 4721 3364 4776 neque

1787 4811 1967 4866 rugam
2002 4796 2161 4867 (Eph.
2190 4813 2241 4861 v,
2270 4796 2383 4865 9.7).
2409 4797 2750 4867 Corporalcm
2774 4807 2949 4852 autem
2972 4798 3363 4866 separationem

1783 4890 1835 4943 in
1886 4888 2062 4942 iittore
2102 4888 2284 4949 maris,
2333 4887 2435 4942 hoc
2477 4896 2588 4953 est,
2635 4889 2687 4943 in
2737 4890 2839 4943 line
2884 4889 3062 4943 saeculi
3091 4897 3365 4957 exspectat

1793 4977 1996 5051 ‘Matth.
2025 4993 2143 5042 xui,
2175 4978 2397 5047 47-49),
2429 4979 2700 5049 corrigens
2726 4993 2860 5048 quos
2888 4987 3094 5047 potest,
3129 4980 3364 5037 tolerans

1792 5081 1914 5140 quos
1940 5069 2207 5139 corrigere
2228 5085 2332 5125 non
2356 5079 2529 5140 potest
2559 5087 2572 5123 :
2608 5086 2709 5125 non
2733 5079 2907 5126 tamen
2935 5082 3151 5142 propter
3174 5089 3361 5129 eorum

1786 5177 1918 5229 quos
1949 5177 2055 5216 non
2085 5160 2303 5233 corrigit
2330 5161 2658 5232 iniquitatem
2682 5202 2696 5226 ,
2730 5160 2842 5231 ipsa
2865 5163 3126 5219 bonorum
3164 5163 3363 5221 deserit

1795 5253 2059 5306 mitatcm.

1856 5342 2081 5399 CAPUT
2108 5343 2355 5399 X.-——55.
2388 5343 2506 5398 Noli
2544 5357 2689 5413 ergo,
2726 5343 2924 5410 frater,
2964 5353 3144 5401 contra
3183 5343 3359 5397 divina

1787 5448 1891 5492 tam
1915 5438 2100 5501 multa,
2134 5447 2236 5492 tam
2264 5438 2423 5501 clara,
2457 5446 2563 5490 tam
2590 5437 2878 5492 indubitata
2903 5436 3220 5502 testimonia,
3248 5436 3363 5490 col-

1784 5530 1950 5599 ligere
1986 5530 2121 5584 velle.
2146 5530 2437 5583 calumnias
2468 5546 2531 5583 ex
2567 5531 2934 5599 episcoporum
2965 5528 3208 5596 scriptis,
3246 5528 3360 5585 sive

1786 5630 2086 5677 nostrorum
2108 5661 2123 5683 ,
2154 5621 2289 5674 sicut
2330 5620 2541 5683 llilarii;
2571 5621 2681 5674 sive
2710 5628 2988 5687 antequam
3017 5634 3139 5688 pars
3171 5619 3362 5675 Donati

1787 5723 2139 5784 Separarctur.
2173 5714 2334 5782 ipsius
2366 5715 2609 5774 unitatis,
2642 5714 2775 5765 sicut
2801 5712 3044 5781 Cypriani
3090 5722 3140 5765 ct
3175 5713 3362 5787 Agrip-

1786 5808 1894 5878 pini
1933 5825 1945 5861 :
1976 5805 2169 5877 primo,
2193 5807 2312 5875 quia
2339 5806 2437 5860 hoc
2456 5819 2623 5872 genus
2643 5803 2933 5860 litterarum
2965 5804 3030 5859 ab
3051 5805 3362 5861 auctoritate
