3962 6424
602 307 710 366 “3

607 427 664 475 et
698 422 903 473 certum
950 421 1032 468 est
1075 409 1370 466 Ecelesiam
1413 417 1754 476 permanere;
1806 417 1963 456 nemo
2003 401 2191 456 alienis

609 507 846 581 peccatis
875 506 924 559 in
947 504 1064 570 ejus
1089 504 1290 557 unitate
1329 498 1658 554 maculatur;
1689 493 1882 549 frustra
1933 492 2024 546 lilii
2067 493 2191 547 mali

610 599 787 669 jostos
819 610 912 649 vos
951 593 1147 658 dicitis,
1179 592 1379 648 exitum
1408 596 1640 642 vestrum
1675 599 1778 638 non
1823 582 2058 649 abluitis,
2087 596 2191 638 non

609 691 867 764 purgatis.

684 779 909 837 CAPUT
935 779 1027 836 Xl.
1053 807 1123 820 —-
1154 777 1238 832 ω.
1271 775 1377 830 Cur
1403 787 1548 843 ergo,
1579 771 1773 842 inquis,
1798 785 1896 825 nos
1920 766 2194 838 quaeritis?

612 891 709 931 cur
742 875 819 929 sic
858 872 1124 942 suscipitis
1153 883 1284 941 quos
1308 867 1588 922 hmretieos
1613 863 1824 919 dicitis?
1870 861 2000 918 Vide
2036 876 2194 932 quam

614 967 770 1022 facile
815 965 1145 1033 breviterque
1189 959 1559 1029 respondeam.
1605 956 1902 1024 Qumrimus
1943 968 2039 1007 vos
2074 951 2197 1022 quia

615 1057 848 1130 peristis,
875 1065 930 1109 ut
954 1055 1020 1109 de
1051 1052 1279 1107 inventis
1302 1049 1649 1119 gaudeamus,
1676 1047 1743 1101 de
1758 1046 1948 1116 quibus
1980 1043 2198 1113 perditis

613 1150 942 1204 dolebamus.
979 1144 1268 1200 thereticos
1311 1151 1486 1196 autem
1518 1155 1611 1193 vos
1655 1153 1772 1192 esse
1820 1138 2074 1200 dicimus;
2105 1134 2200 1189 sed

615 1247 898 1306 antequam
930 1235 995 1289 ad
1038 1251 1219 1304 pacem
1260 1232 1575 1286 catholicam
1611 1226 2015 1290 convertamini,
2056 1233 2204 1279 ante-

617 1343 775 1398 quam
808 1341 1010 1389 errore,
1044 1341 1148 1395 quo
1176 1323 1361 1378 irretiti
1380 1323 1529 1386 estis,
1557 1319 1844 1375 cxuamini.
1870 1315 2002 1370 Cmn
2025 1327 2202 1370 autem

615 1421 849 1476 transitis
871 1419 935 1472 ad
966 1433 1080 1477 nos,
1109 1418 1254 1486 prius
1284 1416 1464 1482 utique
1507 1410 1804 1480 relinquitis
1847 1408 1989 1479 qttod
2016 1406 2200 1469 eratis,

615 1527 685 1566 ne
713 1511 776 1563 ad
803 1526 899 1563 nos
915 1508 1150 1562 ltrretici
1174 1505 1472 1560 transeatis.
1493 1503 1706 1572 Baptiza
1730 1516 1859 1570 ergo
1882 1513 1987 1564 me,
2009 1498 2202 1568 inquis.

615 1601 896 1658 Facerem.
947 1600 990 1652 si
1042 1598 1334 1666 baptizatus
1370 1611 1475 1648 non
1517 1608 1683 1656 c55es,
1715 1600 1808 1645 aut
1833 1591 1876 1644 si
1909 1589 2091 1644 Donati
2122 1589 2206 1644 vel

616 1693 826 1763 Rogati,
861 1707 964 1745 non
1007 1690 1203 1744 Christi
1255 1688 1516 1758 baptismo
1557 1685 1852 1755 baptizatus
1897 1697 2062 1738 esses.
2091 1681 2204 1737 Non

618 1785 960 1842 Sacramenta
1015 1783 1299 1837 christiana
1347 1779 1544 1834 faciunt
1599 1789 1649 1833 te
1704 1778 2010 1831 lnerelicum
2045 1817 2060 1842 ,
2112 1773 2206 1830 sed

617 1893 776 1949 prava
812 1877 1092 1932 dissensio.
1141 1876 1252 1930 Non
1298 1884 1514 1944 prepter
1543 1874 1736 1926 malum
1778 1871 1916 1942 quod
1951 1871 2208 1941 processit

618 1985 682 2024 ex
713 1980 782 2028 te.
815 1968 1108 2032 negandum
1136 1981 1210 2022 es:
1239 1967 1433 2020 bonum
1457 1965 1596 2035 quod
1630 1965 1882 2019 remansit
1907 1966 2044 2026 inte,
2067 1962 2206 2031 quod

618 2058 761 2113 malo
791 2069 880 2112 tuo
910 2058 1087 2120 habes,
1137 2058 1178 2111 si
1227 2073 1328 2110 non
1384 2056 1453 2110 ibi
1504 2055 1666 2110 habes
1705 2055 1844 2108 unde
1879 2063 1962 2109 est
2012 2054 2207 2109 bonum

621 2151 762 2218 quod
795 2149 979 2204 habes.
1029 2150 1101 2203 Ex
1155 2148 1414 2203 catholica
1442 2147 1582 2202 enim
1615 2146 1850 2201 Ecclesia
1885 2155 2007 2199 sunt
2031 2145 2208 2201 omnia

618 2241 882 2296 dominica
911 2241 1406 2308 Sacramenta.qu:e
1423 2239 1499 2293 sic
1529 2238 1734 2292 habetis
1756 2247 1809 2290 et
1833 2237 1989 2300 datis,
2017 2251 2205 2306 quein-

620 2331 903 2386 admodum
938 2329 1270 2383 habebantur
1301 2337 1353 2382 et
1390 2327 1670 2390 dabantur,
1709 2326 1866 2380 etiam
1903 2325 2207 2394 priusquam

623 2421 749 2476 inde
777 2421 1012 2476 exiretis.
1062 2420 1176 2474 Non
1210 2429 1384 2474 tamen
1435 2417 1554 2472 ideo
1598 2432 1701 2470 non
1731 2416 1954 2479 habetis,
1986 2416 2109 2484 quia
2139 2416 2210 2470 ibi

622 2526 728 2566 non
761 2513 909 2575 estis,
945 2511 1083 2565 unde
1116 2519 1238 2564 stmt
1264 2527 1382 2580 qua:
1414 2509 1636 2562 habetis.
1667 2507 1779 2562 Non
1813 2509 1863 2560 in
1893 2507 2042 2560 vnbis
2089 2523 2208 2561 mu-

625 2612 802 2656 tamus
827 2603 876 2656 in
908 2603 1374 2672 quibuSnobiscum
1397 2601 1553 2662 estis;
1600 2600 1649 2652 in
1704 2600 1881 2653 multis
1920 2600 2060 2653 enim
2082 2599 2210 2652 estis

625 2693 937 2756 nobiscum;
968 2707 1085 2745 nam
1112 2704 1163 2747 et
1195 2694 1260 2746 de
1305 2692 1496 2746 talibus
1520 2690 1718 2744 dictum
1746 2700 1844 2752 est,
1882 2690 2131 2755 Quoniam
2157 2691 2210 2743 in

625 2783 797 2836 multis
821 2794 961 2835 erant
989 2799 1180 2836 mecum
1207 2781 1375 2852 (Psal.
1406 2797 1514 2846 uv,
1537 2781 1624 2849 19)
1652 2798 1664 2834 :
1689 2782 1781 2834 sed
1814 2795 1874 2835 ea
1897 2780 2211 2847 corrigimus

626 2875 679 2928 in
709 2874 900 2943 quibus
930 2875 1202 2930 nobiscum
1230 2890 1334 2928 non
1363 2875 1512 2936 estis,
1555 2882 1608 2926 et
1636 2888 1696 2928 ea
1727 2887 1821 2925 vos
1861 2872 1946 2926 hic
1970 2873 2212 2940 accipere

624 2969 869 3022 volumus
910 2983 1027 3037 qua:
1070 2983 1174 3021 non
1221 2965 1428 3019 habetis
1469 2965 1574 3019 illic
1618 2965 1705 3018 ubi
1740 2965 1887 3018 estis.
1928 2965 2212 3019 Nobiscum

625 3067 802 3112 autem
841 3058 967 3111 estis
998 3058 1047 3110 in
1090 3057 1382 3126 Baptismo,
1417 3057 1467 3109 in
1499 3056 1762 3127 symbolo,
1808 3055 1859 3108 in
1887 3055 2095 3110 caitet'is
2119 3055 2216 3109 do-

627 3149 838 3203 minicis
859 3147 1237 3202 Sacramentis.
1273 3148 1327 3201 ln
1360 3148 1547 3217 spiritu
1576 3157 1751 3201 autem
1780 3147 1995 3202 unitatis
2022 3156 2075 3201 et
2102 3147 2217 3202 vin-

629 3238 749 3291 culo
774 3237 936 3306 pacis,
967 3238 1016 3291 in
1050 3239 1158 3306 ipsa
1186 3239 1415 3305 denique
1435 3238 1692 3292 catholica
1740 3237 2000 3302 Ecclesia,
2032 3238 2214 3293 nobis-

631 3346 751 3387 eum
778 3348 880 3384 non
911 3331 1058 3384 estis.
1096 3330 1217 3383 llmc.
1258 3331 1300 3383 si
1346 3331 1637 3401 accipiatis,
1680 3345 1784 3383 non
1817 3341 1941 3384 tunc
1968 3330 2214 3395 aderunt,

631 3422 725 3478 sed
759 3433 883 3477 tunc
911 3421 1204 3489 proderunt
1225 3436 1342 3491 qua:
1368 3419 1593 3474 habetis.
1641 3419 1755 3473 Non
1787 3435 1912 3488 ergo
1954 3421 2092 3473 sicut
2117 3437 2215 3488 pn-

633 3514 758 3568 tatis
800 3513 1114 3583 suscipimus
1159 3521 1384 3572 vestros.
1432 3508 1525 3566 sed
1575 3510 1913 3580 suscipiendo
1957 3511 2218 3565 eliicimus

633 3617 848 3662 nostros
879 3606 964 3674 qui
992 3605 1246 3660 recedunt
1272 3620 1300 3658 a
1329 3605 1497 3669 vobis,
1520 3613 1577 3658 ut
1602 3604 1953 3672 suscipiantur
1973 3618 2002 3656 a
2030 3602 2216 3666 nobis;

634 3710 688 3754 et
711 3708 770 3753 ut
805 3699 1054 3766 incipiant
1084 3714 1202 3754 esse
1228 3698 1416 3757 nostri.
1444 3698 1591 3765 prius
1615 3696 1865 3752 desinunt
1887 3709 2005 3751 esse
2035 3696 2217 3749 vestri.

634 3790 747 3846 Nec
794 3790 947 3845 nobis
993 3790 1237 3860 conjungi
1285 3791 1652 3858 compellimus
1699 3788 1972 3856 Operarios
2023 3785 2220 3841 erroris

634 3898 792 3952 quem
820 3882 1174 3944 detestamur;
1224 3880 1318 3935 sed
1351 3880 1468 3934 ideo
1498 3880 1650 3934 nobis
1681 3880 1798 3932 illos
1824 3878 2064 3933 homines
2091 3891 2222 3932 con-

632 3974 780 4045 jungi
813 3975 1077 4037 volmnus,
1103 3990 1167 4028 ne
1190 3972 1292 4027 hoc
1319 3974 1425 4027 sint
1445 3972 1584 4039 quod
1611 3972 1958 4026 detestamur.

705 4065 793 4118 47.
834 4063 938 4119 Sed
975 4062 1292 4132 baptizavit,
1325 4063 1532 4131 inquis.
1578 4071 1694 4130 past
1729 4061 1988 4116 Joannem
2028 4061 2223 4118 Paulus

636 4157 928 4225 apostolus.
973 4154 1234 4224 Numquid
1284 4164 1403 4224 post
1449 4152 1797 4208 bmrcticum?
1848 4155 1950 4206 Attt
1995 4152 2039 4206 si
2088 4152 2224 4208 forte

638 4246 800 4299 audes
832 4247 977 4298 illum
1018 4248 1244 4300 amicum
1291 4245 1471 4312 sponsi
1503 4244 1810 4299 lurretieum
1848 4243 2059 4309 dicere,
2089 4252 2144 4299 et
2171 4244 2222 4298 iu

637 4333 840 4386 unitate
871 4333 1120 4387 Ecclesia:
1165 4350 1268 4387 nou
1301 4333 1493 4398 fuisse,
1525 4335 1647 4388 volo
1677 4343 1730 4388 et
1772 4334 1872 4388 hoc
1905 4334 2127 4390 scribas.
2167 4334 2224 4390 Si

639 4433 815 4476 autem
840 4423 939 4476 hoc
960 4423 1412 4477 dementissimum
1443 4433 1528 4476 est
1555 4425 1637 4478 vel
1664 4425 1883 4490 sentire,
1915 4427 1997 4480 vel
2022 4425 2220 4491 dicere,

640 4515 750 4583 jam
770 4523 870 4568 tua:
889 4514 1180 4583 prudentia:
1195 4526 1277 4569 est
1291 4516 1629 4570 considerare
1645 4531 1809 4584 quare
1828 4526 1945 4584 post
1965 4517 2225 4573 Joannem

645 4607 839 4662 Paulus
864 4608 1135 4676 apostolus
1165 4608 1522 4676 baptizaverit.
1543 4607 1597 4660 Si
1625 4609 1764 4661 enim
1798 4616 1915 4676 post
1940 4608 2219 4676 aequalem,

641 4714 832 4754 omnes
872 4709 990 4769 post
1019 4715 1114 4754 vos
1139 4700 1408 4768 baptizare
1443 4699 1666 4753 debetis.
1697 4698 1751 4754 Si
1786 4709 1903 4767 post
1937 4699 2222 4768 majorem,

644 4790 810 4846 debes
836 4799 889 4844 et
915 4799 968 4844 tu
996 4799 1116 4859 post
1157 4790 1439 4858 Rogatnm.
1472 4789 1528 4844 Si
1569 4799 1687 4858 post
1717 4791 2009 4854 minorem,
2042 4789 2228 4846 debuit

643 4893 765 4950 post
789 4890 840 4936 te
866 4882 1120 4952 Rogatus,
1149 4896 1269 4936 cum
1298 4881 1573 4951 presbyter
1601 4881 1943 4950 baptizasses.
1971 4882 2025 4935 Si
2047 4890 2224 4937 autem

643 4971 937 5038 baptismus
974 4971 1064 5040 qui
1094 4987 1234 5026 nunc
1275 4971 1463 5035 datur,
1498 4971 1621 5025 ideo
1673 4972 1868 5040 pariter
1897 4972 2035 5027 valet
2065 4973 2117 5027 in
2146 4972 2227 5028 eis

645 5059 837 5128 quibus
866 5059 1054 5125 datur,
1085 5063 1325 5130 quamvis
1363 5061 1473 5116 sint
1498 5060 1714 5129 imparis
1754 5063 1929 5117 meriti
1971 5079 2065 5132 per
2091 5078 2227 5134 quos

645 5147 836 5215 datur,
863 5148 985 5218 quia
1014 5149 1211 5206 Christi
1254 5161 1335 5206 est
1359 5193 1372 5215 ,
1403 5166 1510 5206 non
1551 5167 1736 5206 eorum
1767 5167 1795 5205 a
1838 5153 2028 5222 quibus
2071 5154 2228 5210 mini-

645 5249 879 5304 stratur;
905 5250 1030 5308 puto
1055 5243 1193 5311 quod
1219 5243 1328 5311 jam
1355 5243 1613 5313 intelligas
1636 5244 1755 5299 ideo
1777 5244 1994 5299 Paulum
2016 5247 2228 5304 dedisse

643 5331 957 5405 quibusdam
988 5332 1303 5402 baptisnnuu
1330 5331 1553 5396 Christi,
1577 5336 1695 5403 quia
1723 5334 1946 5390 Joannis
1967 5337 2227 5406 baptismo

645 5429 852 5482 fut-rant
886 5427 1166 5495 baptizati,
1216 5442 1318 5479 non
1371 5428 1596 5492 Christi;
1629 5428 1849 5482 Joannis
1893 5430 2087 5501 quippe
2129 5431 2227 5486 ba-

646 5523 867 5591 ptismus
897 5523 983 5575 ille
1013 5521 1184 5574 dictus
1212 5531 1313 5584 est,
1347 5520 1478 5573 sient
1513 5523 1690 5574 multis
1723 5522 1854 5574 iocis
1881 5522 2056 5575 dirimi
2087 5522 2229 5577 Seri-

647 5624 799 5682 plura
821 5622 1042 5667 testatur
1060 5654 1073 5677 ,
1097 5613 1236 5682 quod
1259 5621 1310 5665 et
1334 5612 1443 5681 ipse
1469 5612 1721 5666 Dominus
1747 5613 1874 5667 dicit
1897 5631 1909 5665 ε
1936 5611 2226 5682 Baptismus

637 5712 860 5758 unum:
885 5705 1016 5760 unde
1041 5706 1183 5761 erat?
1225 5706 1289 5760 de
1314 5705 1438 5762 caelo
1456 5744 1473 5771 ,
1499 5720 1646 5762 anu
1672 5705 1952 5764 hominibus
1989 5707 2013 5780 (
2038 5707 2225 5764 Matth.

1845 287 1901 344 S.
1943 283 2308 344 ACGUSTINI
2348 281 2646 340 EPISCOPI
3718 295 3796 362 ω

2304 414 2423 463 ut,
2452 397 2524 452 25
2550 398 2606 466 )?
2638 396 2938 463 Baptismus
2970 404 3144 451 autem
3169 411 3322 466 quem
3351 396 3488 454 dest
3506 399 3697 469 Petrus.
3716 426 3794 473 non

2302 500 2415 544 erat
2438 488 2601 549 Petri,
2622 488 2714 542 sed
2739 487 2969 553 Christi;
2997 496 3051 542 et
3075 503 3231 556 quem
3259 487 3398 542 dedit
3423 489 3599 547 Paulus
3616 512 3698 551 non
3715 514 3796 559 ora

2305 579 2489 645 Pauli,
2520 578 2612 633 sed
2643 579 2867 642 Christi;
2917 586 2972 631 et
3014 592 3171 648 quem
3211 577 3468 635 dederunt
3504 583 3584 651 qui
3617 595 3795 660 tempore

2304 672 2683 742 Apostolorum
2715 687 2821 725 non
2846 678 2994 726 caste
3013 711 3029 736 ,
3070 669 3163 724 sed
3211 685 3307 740 per
3334 671 3566 727 invidiam
3591 675 3796 740 Christum

2305 763 2693 820 annuntiabant
2723 764 2742 834 (
2769 762 3001 833 Philipp.
3035 777 3073 829 ι,
3105 762 3193 829 15,
3225 761 3348 831 l7),
3380 778 3481 819 non
3505 776 3609 821 erat
3637 785 3796 840 eorum,

2305 855 2399 911 sed
2428 855 2658 918 Christi;
2685 864 2737 910 et
2766 870 2923 925 quem
2952 853 3212 909 dederunt
3241 854 3333 925 qui
3378 865 3596 926 tempore
3616 858 3799 932 Cypriani

2306 946 2502 1003 fundos
2528 948 2795 1003 insidiosis
2823 947 3093 1002 fraudibus
3121 947 3412 1017 rapiebant,
3437 950 3594 1006 usuris
3613 956 3800 1027 multipli.

2307 1039 2550 1094 cantibus
2577 1038 2729 1094 fenus
2749 1038 3031 1109 augebant.
3055 1053 3161 1092 non
3187 1050 3299 1094 erat
3324 1054 3520 1105 eorum,
3540 1043 3621 1098 sed
3643 1045 3798 1105 Christi.

2310 1129 2376 1183 Et
2404 1128 2524 1199 quia
2556 1128 2749 1183 Christi
2781 1137 2930 1195 erat,
2963 1128 3082 1184 ideo
3109 1130 3350 1200 quamvis
3379 1144 3476 1185 non
3519 1148 3601 1202 per
3634 1138 3803 1207 mutiles

2309 1219 2525 1275 daretur
2545 1222 2643 1278 eis.
2674 1231 2848 1276 tamen
2872 1221 3063 1292 quibus
3082 1221 3308 1276 dabatur
3325 1224 3580 1294 a‘qualiter
3602 1230 3801 1298 proderat.

2309 1311 2440 1367 Nam
2480 1313 2523 1366 si
2569 1321 2714 1367 tanto
2760 1314 2948 1368 melius
2994 1312 3218 1383 quisque
3263 1313 3802 1387 baptizatur,qt:antoa

2311 1405 2534 1460 meliore
2565 1404 2719 1459 fuerit
2750 1404 3065 1474 baptizatus,
3095 1421 3198 1459 non
3227 1415 3370 1460 recte
3396 1407 3578 1477 gratias
3598 1411 3687 1480 agit
3708 1414 3803 1482 Apo-
3898 1427 3899 1486 ῃ

2311 1496 2501 1562 stolas,
2530 1496 2669 1567 quod
2699 1497 2964 1551 neminem
2989 1494 3384 1551 Corinthiorum
3411 1496 3803 1567 baptizarerit,nisi

2311 1587 2554 1657 Crisptnn
2577 1598 2632 1642 et
2650 1587 2838 1644 Gaium
2861 1598 2915 1643 et
2938 1589 3221 1659 Stephanio
3241 1588 3452 1643 domum
3477 1591 3494 1659 (
3513 1591 3526 1644 I
3546 1589 3646 1646 Cor.
3666 1608 3693 1655 l,
3714 1595 3802 1663 li):

2312 1685 2459 1731 tanto
2481 1677 2623 1732 enim
2670 1678 2862 1733 melius
2907 1678 3512 1748 baptizarenturquanto
3548 1692 3646 1736 erat
3668 1683 3805 1742 Paulus

2313 1768 2537 1831 melior,
2569 1768 2611 1821 si
2637 1768 2704 1821 ab
2731 1769 2846 1838 ipso
2877 1768 3290 1839 haptizarentnr.
3323 1769 3548 1838 Denique
3571 1787 3669 1826 cum
3689 1773 3803 1840 dicit,

2317 1857 2431 1928 Ego
2452 1858 2695 1927 plantavi.
2728 1860 2907 1928 Apollo
2934 1860 3130 1930 rigavit.
3157 1860 3176 1931 (
3199 1857 3306 1922 Id.,
3342 1875 3396 1915 tn
3418 1901 3434 1926 ,
3465 1859 3551 1932 6),
3580 1861 3742 1917 videtur
3758 1863 3805 1918 si-

2271 1984 2284 1989 —
2313 1951 2564 2019 gnilieare
2587 1966 2646 2006 se
2666 1951 3078 2021 evangelizasse,
3112 1952 3261 2006 illum
3291 1953 3588 2022 baptizasse.
3609 1953 3803 2025 Numquid

2315 2043 2504 2096 melior
2530 2044 2755 2112 Apollo,
2784 2059 2941 2114 quam
2971 2043 3249 2100 Joannes?
3294 2045 3400 2100 Cur
3424 2060 3543 2116 ergo
3580 2057 3678 2115 post
3698 2048 3805 2102 istum

2315 2149 2419 2187 non
2453 2135 2762 2203 baptizavit,
2793 2136 2880 2206 qui
2912 2145 3032 2205 post
3069 2135 3329 2193 Joannem
3373 2138 3718 2208 baptizarerat.
3739 2140 3805 2195 nisi

2314 2227 2434 2295 quia
2482 2227 2579 2282 iste
2623 2228 2951 2298 baptismus,
3003 2244 3099 2298 per
3142 2230 3434 2300 quemlibet
3475 2230 3638 2292 datus,
3668 2229 3806 2286 Christi

2315 2327 2460 2384 erat;
2491 2318 2578 2373 ille
2594 2328 2791 2384 autem,
2819 2334 2914 2389 per
2929 2320 3223 2390 quemlibet
3237 2321 3410 2385 datus,
3427 2321 3643 2392 quamvis
3658 2320 3804 2376 Christo
3898 2337 3899 2392 ξ

2315 2410 2454 2464 viam
2484 2422 2827 2479 prmi-araret,
2862 2422 3037 2466 tamen
3063 2411 3285 2468 Joannis
3311 2412 3456 2468 erat?

2386 2503 2476 2558 48.
2509 2503 2888 2559 Invidiosediei
2907 2505 3136 2569 videtur,
3159 2506 3286 2561 Post
3305 2505 3550 2562 Joannem
3571 2506 3806 2575 baptizatum

2316 2601 2400 2648 est
2419 2635 2434 2659 ,
2462 2603 2517 2649 et
2554 2606 2670 2664 p05t
2704 2595 2984 2651 haereticos
3015 2613 3119 2651 non
3154 2597 3447 2667 baptizatur
3477 2616 3488 2650 :
3519 2597 3601 2653 sed
3625 2605 3807 2668 potestet

2317 2686 2420 2742 hoc
2448 2687 2706 2742 invidiose
2734 2689 2872 2755 dici,
2905 2688 3031 2743 Post
3069 2689 3331 2744 Joannem
3368 2688 3657 2759 baptizatum
3673 2695 3807 2750 est,et

2320 2789 2439 2848 post
2457 2780 2699 2834 ebriosos
2726 2795 2830 2834 non
2861 2780 3181 2849 baptizatur.
3215 2780 3400 2835 Melius
3421 2780 3553 2835 enim
3580 2778 3663 2832 hoc
3683 2777 3806 2832 \ilittll

2319 2887 2715 2938 commemoro,
2749 2875 2891 2943 quod
2939 2889 3039 2928 nec
3083 2874 3353 2929 occultare
3390 2880 3594 2944 possunt
3617 2872 3659 2924 in
3679 2868 3806 2940 quibus

2318 2970 2532 3030 regnat;
2563 2971 2617 3016 et
2649 2977 2811 3031 quam
2857 2963 3010 3017 multi
3055 2963 3253 3034 ubique
3294 2962 3432 3028 sint,
3461 2961 3570 3032 quis
3591 2961 3662 3015 vel
3691 2971 3807 3013 cecat

2319 3052 2558 3123 ignorat?
2585 3052 2652 3107 Et
2683 3063 2857 3108 tamen
2886 3054 3022 3109 inter
3045 3070 3209 3124 opera
3235 3054 3425 3116 carnis.
3453 3069 3562 3124 qua:
3582 3052 3657 3123 qui
3679 3057 3802 3121 agunt,

2320 3159 2540 3215 regnum
2575 3145 2665 3200 Dei
2702 3161 2806 3199 non
2846 3145 3226 3214 possidebunt,
3254 3147 3414 3202 etiam
3453 3145 3546 3201 hoc
3580 3144 3700 3215 ponit
3717 3144 3808 3212 Apo-

2321 3236 2511 3302 stolus,
2527 3235 2613 3289 ubi
2635 3236 2794 3291 etiam
2821 3236 3055 3292 hmreses
3081 3247 3394 3292 enumerat:
3421 3237 3663 3308 Manifesta
3681 3244 3806 3294 autem.

2323 3329 2520 3398 inquit,
2551 3339 2666 3384 sunt
2691 3346 2845 3399 Opera
2871 3331 3070 3395 carnis,
3099 3347 3214 3399 qua:
3241 3340 3357 3386 sunt
3393 3330 3725 3400 fornicationes,
3745 3325 3808 3377 int-

2323 3422 2605 3486 munditiaz,
2634 3422 2840 3475 luxuria
2860 3462 2874 3483 ,
2906 3421 3161 3475 idolorum
3185 3424 3395 3477 cerritus
3412 3464 3427 3487 ,
3456 3420 3678 3490 veneﬁcia.
3697 3414 3809 3470 irini;
3898 3414 3899 3476 1

2325 3511 2474 3574 citim,
2505 3512 2872 3576 contentiones,
2901 3513 3253 3567 mutuationes
3273 3554 3288 3578 ,
3318 3512 3657 3567 animositates.
3676 3505 3808 3559 diuen-

2325 3601 2510 3663 sioues,
2542 3602 2788 3669 Itwreses,
2820 3603 3055 3668 invidiaz,
3088 3603 3380 3666 ebrittates.
3408 3601 3761 3660 comessationes,
3781 3601 3811 3647 tl
3898 3625 3899 3669 ξ

2326 3692 2404 3747 Itis
2433 3693 2618 3747 similia
2639 3734 2652 3755 ,
2681 3709 2796 3763 qua:
2829 3696 3049 3764 pra'dico
3079 3694 3217 3749 vobis
3243 3695 3370 3750 sicut
3398 3692 3618 3763 prmdixi.
3644 3685 3810 3759 quam
3898 3683 3899 3754 ξ

2326 3787 2414 3855 qui
2439 3784 2561 3838 talia
2595 3795 2781 3855 agunt,
2807 3802 3016 3856 regnum
3055 3784 3148 3839 Dei
3190 3802 3289 3840 non
3332 3775 3808 3854 possidebuntwuh,
3898 3789 3899 3838 ἓ

2329 3876 2545 3945 l9-2l).
2590 3876 2699 3932 llac
2734 3891 2861 3946 ergo
2910 3877 3145 3942 ratione,
3196 3877 3436 3948 quamvis
3478 3873 3741 3944 baptizatum
3771 3863 3813 3916 sit
3898 3901 3899 3910 η

2329 3981 2447 4040 post
2481 3971 2775 4032 Joannem,
2810 3969 3252 4052 nonObaptizatur
3281 3979 3398 4040 post
3435 3965 3726 4024 hmreticum,
3747 3967 3813 4025 qui

2328 4063 2534 4117 ratione
2572 4062 2812 4132 quamvis
2856 4061 3174 4132 baptizatum
3217 4063 3285 4116 sit
3323 4071 3438 4133 post
3477 4059 3814 4116 Joannem,n0n

2330 4152 2626 4222 baptizatur
2673 4162 2790 4222 post
2834 4152 3138 4217 ebriosum;
3186 4153 3434 4224 quoniam
3477 4158 3527 4204 et
3571 4148 3752 4201 lia-roses
3781 4143 3814 4190 οι

2330 4244 2618 4300 ebrietates
2647 4245 2696 4298 in
2719 4245 2798 4299 eis
2823 4244 3074 4314 cperibus
3103 4254 3248 4308 sunt,
3278 4259 3396 4315 qua:
3421 4255 3569 4313 opera
3595 4236 3668 4308 qui
3686 4236 3812 4301 35'1""

2333 4352 2555 4407 regnum
2581 4337 2671 4391 Dci
2699 4353 2807 4393 non
2827 4336 3191 4406 possidebunt.
3215 4337 3399 4392 Nonne
3424 4335 3513 4390 tibi
3533 4331 3704 4386 videtur
3715 4318 3816 4392 quasi

2333 4426 2741 4482 intolerabiliter
2782 4426 3085 4498 indignum,
3118 4436 3178 4482 ιιι
3217 4443 3338 4483 cum
3387 4426 3672 4496 baptizatum
3710 4409 3815 4469 lucril

2333 4527 2454 4587 post
2492 4532 2612 4572 etnn
2642 4517 2730 4587 qui
2775 4533 2881 4572 non
2929 4517 3107 4572 sobrie
3135 4519 3312 4572 vinum
3360 4517 3567 4577 bibens,
3592 4508 3671 4565 sed
3692 4505 3817 4558 νὶιιιιω

2332 4610 2552 4663 omnino
2575 4625 2679 4664 non
2712 4609 2917 4673 bibens,
2949 4625 3115 4680 regno
3143 4611 3234 4666 Dei
3262 4611 3398 4664 viam
3430 4605 3630 4680 paravit.
3654 4614 3734 4654 00"
3753 4596 3817 4646 ³³³⁸

2335 4702 2563 4770 ptizetur
2602 4709 2722 4769 post
2748 4700 3053 4765 ebriosum,
3085 4701 3177 4770 qui
3217 4716 3434 4772 regnum
3477 4695 3561 4753 Dei
3588 4707 3674 4748 non
3697 4682 3817 4757 posSi'

2334 4792 2512 4847 debit?
2536 4793 2671 4861 Quid
2702 4793 2787 4849 hic
2815 4794 3198 4864 respondetur,
3229 4795 3329 4849 nisi
3357 4793 3473 4862 quia
3502 4790 3580 4846 ille
3603 4782 3818 4871 baptismo}

2333 4893 2450 4939 erat
2476 4884 2695 4940 Joannis
2714 4926 2729 4950 ,
2758 4895 2879 4954 post
2914 4900 3070 4954 quem
3110 4883 3307 4941 Christi
3346 4882 3590 4954 baptismo
3610 4869 3819 4940 bapliw'"

2334 4975 2650 5046 Apostolus;
2679 4975 2779 5030 iste
2802 4983 2982 5030 autem
3008 4976 3301 5045 baptismus
3329 4971 3512 5030 Christi
3536 4975 3624 5032 est,
3651 4975 3734 5034 quo
3752 4955 3827 5038 δεῖ

2333 5067 2549 5136 ptizavit
2574 5064 2851 5122 ebriosus?
2893 5064 3036 5121 later
3057 5065 3318 5123 Joannem
3343 5073 3396 5121 et
3417 5062 3658 5119 ebriosum
3680 5066 3705 5106 ει
3725 5058 3835 5109 οοηό

2335 5135 2498 5212 trario
2535 5158 2762 5213 multutn
2807 5157 3033 5213 interest
3061 5175 3076 5212 :
3109 5158 3250 5214 inter
3287 5155 3586 5227 baptismum
3610 5135 3818 5201 Christiﬂ

2331 5248 2652 5317 baptismum
2669 5247 2890 5303 Joannis
2907 5263 3012 5303 non
3030 5265 3060 5303 a
3076 5249 3357 5313 contrario,
3383 5245 3472 5301 sed
3489 5253 3641 5298 tamen
3657 5229 3833 5310 multum‘

2333 5340 2574 5395 interest.
2606 5339 2750 5394 Inter
2777 5340 3090 5409 Apostolum
3120 5349 3170 5395 et
3202 5340 3462 5395 ebriosum
3489 5330 3679 5389 multum
3704 5323 3817 5409 inter-

2333 5439 2413 5485 est
2446 5449 2458 5483 :
2491 5431 2628 5484 inter
2657 5407 2974 5499 baptismum
3007 5430 3201 5486 Christi
3231 5444 3384 5500 quem
3414 5424 3548 5481 dedit
3575 5407 3817 5507 Αιιοξιριιιεο

2334 5534 2386 5578 et
2406 5524 2727 5592 baptismum
2748 5522 2942 5578 Citriin
2971 5539 3128 5594 quem
3155 5521 3296 5578 dedit
3316 5521 3557 5579 ebriosus,
3581 5505 3689 5565 nihil
3708 5505 3817 5594 inter

2334 5628 2433 5670 ρει.
2482 5615 2571 5670 Sic
2620 5617 2756 5672 inter
2799 5615 3059 5671 Joannem
3105 5628 3161 5672 et
3203 5611 3524 5674 luureticum,
3552 5622 3579 5660 a
3617 5599 3816 5698 contrarii:

2336 5709 2561 5765 multum
2614 5709 2863 5776 interest;
2913 5719 2966 5768 et
3014 5710 3174 5791 inter.
3199 5708 3504 5780 baptismum
3549 5687 3751 5756 Joannis»
3779 5676 3817 5731 °‘
