3962 6390
179 319 266 380 ολδ

179 441 295 491 inter
328 428 622 497 baptismum
655 421 845 478 Christi
883 435 1042 491 quem
1075 419 1167 475 dat
1203 419 1517 484 bzereticus,
1547 435 1650 475 non
1675 434 1705 474 a

178 523 440 584 catum-io,
489 517 574 573 sed
626 515 845 570 multum
898 512 1136 567 interest.
1196 511 1336 566 Inter
1389 512 1707 580 baptismum

179 627 327 672 autem
353 609 534 665 tlhristi
575 622 732 677 quem
760 604 906 658 dedit
943 602 1260 672 Apostolus,
1300 611 1356 656 et
1390 601 1708 672 baptisumm

179 705 344 766 Christi
363 719 511 775 quem
530 702 618 754 dat
640 699 941 759 luereticus,
971 695 1100 750 nihil
1128 697 1367 750 interest.
1392 694 1711 765 Aguoscitur

178 802 295 856 enim
318 797 756 852 Sacramcutonuu
779 789 986 859 species
1010 787 1248 858 aqualis,
1267 786 1426 841 etiam
1453 800 1571 840 cum
1594 800 1709 841 ma-

179 907 260 962 gna
284 884 556 943 dim-rentia
584 890 666 936 est
694 882 745 936 in
772 880 1045 934 hominum
1075 877 1299 933 meritis.

235 982 311 1038 t9.
348 979 445 1035 Sed
487 977 550 1031 da
587 976 826 1040 veniam,
870 973 1074 1038 erravi,
1120 970 1335 1043 quando
1380 979 1432 1026 te
1463 971 1606 1025 volui
1645 970 1713 1026 de

183 1077 356 1132 ebrioso
391 1071 681 1140 baptizante
721 1066 1067 1131 convincere;
1118 1065 1388 1121 exviderat
1429 1064 1556 1119 tuihi
1590 1079 1712 1119 eum

183 1167 394 1236 rogatista
420 1177 501 1216 me
529 1175 641 1215 rem
670 1159 895 1219 habere,
938 1173 1042 1212 non
1067 1172 1187 1212 cum
1216 1157 1588 1228 qualicumque
1613 1156 1712 1211 do-

184 1257 369 1312 natista:
389 1254 537 1308 Potes
565 1252 707 1306 enim
735 1260 788 1304 tu
821 1250 872 1304 in
900 1259 1006 1303 tam
1039 1249 1219 1319 pain-is
1245 1249 1464 1319 collegis
1492 1248 1594 1302 tuis
1617 1288 1632 1314 ,
1659 1257 1715 1302 et

182 1345 462 1404 inmunibus
501 1343 709 1398 clericis
735 1342 926 1396 vestris
972 1342 1172 1396 nullum
1211 1341 1450 1396 invenire
1492 1339 1714 1394 forsitan

183 1439 424 1495 ebriosum.
448 1435 547 1488 Vos
567 1435 708 1489 enim
729 1433 878 1494 estis,
896 1433 982 1502 qui
1007 1449 1111 1485 non
1133 1447 1199 1486 ex
1220 1432 1381 1486 totius
1402 1432 1545 1486 orbis
1564 1447 1714 1486 com-

183 1532 421 1592 munione,
447 1527 540 1583 sed
569 1544 633 1582 ex
665 1527 1033 1581 observatione
1065 1534 1448 1595 prmceptorum
1479 1525 1714 1580 omnium

184 1621 435 1676 divinorum
464 1628 621 1688 atque
647 1617 882 1672 omnium
913 1616 1377 1671 Stcratnetttorttut
1411 1615 1602 1669 tenetis
1630 1629 1719 1670 ca-

185 1711 390 1767 tholicam
421 1709 573 1763 Iidem
610 1727 624 1763 :
656 1709 707 1762 itt
736 1708 926 1778 quibus
951 1722 1068 1762 eam
1100 1705 1228 1760 solis
1258 1706 1569 1759 inventurus
1599 1714 1716 1770 est,

184 1818 278 1858 cuiu
296 1789 477 1855 venerit
495 1798 659 1853 Filius
681 1799 929 1858 hominis.
955 1796 1166 1866 quando
1189 1812 1292 1848 nou
1312 1795 1541 1849 inveniet
1561 1795 1718 1848 tidem

186 1894 224 1947 in
259 1901 402 1953 terra;
432 1891 552 1959 quia
581 1904 680 1943 nec
710 1897 848 1942 terra
894 1886 1044 1950 estis,
1071 1902 1170 1941 uec
1198 1886 1249 1940 iu
1291 1897 1454 1950 terra,
1483 1886 1576 1939 sed
1606 1900 1719 1940 cm-

184 1985 314 2040 lestcs
339 1985 384 2038 itt
412 1983 548 2038 coelo
579 1981 859 2036 habitatis!
901 1980 1009 2036 Nec
1047 1981 1274 2045 timetis,
1316 1995 1414 2035 nec
1451 1979 1722 2034 attenditis

183 2079 278 2150 quia
297 2077 414 2131 Deus
431 2076 658 2147 superbis
673 2076 876 2141 resistit,
896 2073 1166 2128 humilibus
1183 2084 1345 2126 autem
1368 2074 1454 2124 dat
1471 2072 1724 2142 gratiam?

189 2167 364 2237 (Jacobi
403 2183 454 2222 tv
477 2209 493 2233 ,
524 2165 622 2237 6.)
650 2166 761 2220 Nec
790 2181 884 2218 vos
924 2165 1196 2234 Evangelii
1237 2164 1387 2217 locus
1425 2163 1538 2232 ipse
1573 2178 1722 2216 cetu-

185 2262 348 2331 puugit,
376 2259 458 2313 ubi
487 2259 740 2314 Dominus
759 2259 833 2311 ait
866 2274 877 2308 :
912 2256 1036 2310 Cum
1065 2257 1250 2310 venerit
1283 2254 1447 2308 Filius
1473 2254 1687 2307 hominis
1707 2294 1722 2318 ,

186 2360 302 2418 putas
327 2350 528 2402 inrcniet
557 2348 709 2416 [idem
735 2348 786 2400 iu
817 2356 950 2401 terra
978 2345 1129 2416 (Luc.
1163 2362 1315 2405 xvtlt,
1347 2345 1436 2415 8)?
1464 2343 1728 2399 Continuo

185 2442 344 2511 quippe
367 2450 609 2510 tauquam
643 2438 926 2508 pnescieus
951 2437 1235 2491 nonnullos
1255 2437 1352 2489 sibi
1384 2435 1611 2504 superbe
1635 2448 1726 2485 ar-

184 2541 420 2601 rogaturos
445 2530 585 2584 Itane
615 2530 796 2593 ﬁdem,
828 2529 962 2584 dixit
980 2529 1043 2582 ad
1067 2527 1347 2598 quosdam,
1371 2528 1459 2596 qni
1484 2526 1582 2579 sibi
1600 2525 1728 2594 justi

187 2624 455 2678 videbantur
474 2634 522 2678 et
536 2623 863 2694 spernebant
882 2632 1126 2686 caeteros,
1150 2621 1548 2675 similitudinem
1570 2619 1724 2674 hanc:

191 2714 286 2770 Duo
306 2717 491 2784 quidam
508 2716 839 2769 ascenderunt
866 2716 917 2768 iu
946 2715 1185 2783 templum
1207 2729 1371 2775 orare,
1397 2729 1527 2765 unus
1559 2712 1732 2780 phari-

193 2824 302 2861 scus
320 2818 360 2860 ct
381 2810 499 2862 alter
517 2809 814 2878 publicanus
837 2809 855 2878 (
881 2807 993 2873 ld.,
1026 2807 1122 2879 10)
1143 2848 1156 2871 ,
1183 2815 1236 2862 et
1261 2816 1472 2860 cmtcra.
1497 2806 1612 2858 Jam
1638 2804 1730 2858 tibi

187 2914 288 2969 qtae
298 2900 710 2970 sequuntur,ipse
723 2898 1217 2969 responde.luspicc
1232 2907 1406 2952 tamen
1427 2897 1730 2965 diligentius

185 2987 304 3059 ipsos
325 3005 510 3058 paucos
530 3000 756 3055 vestros,
781 2998 957 3043 utrum
980 2989 1155 3043 nullus
1181 2988 1286 3042 illic
1308 2988 1536 3056 baptizet
1557 2987 1733 3041 ebrio-

184 3092 273 3135 sus.
300 3079 412 3134 Tant
438 3080 584 3135 enim
615 3081 720 3136 late
749 3088 921 3135 vastat
950 3079 1068 3134 lure
1097 3079 1394 3148 pestilentia
1418 3079 1652 3142 animas,
1680 3086 1734 3131 et

185 3179 301 3226 tanta
343 3172 578 3228 libertate
617 3172 954 3237 dominatur,
997 3180 1051 3226 ut
1097 3171 1318 3224 multum
1366 3169 1529 3223 mirer
1553 3168 1597 3222 si
1627 3183 1732 3222 non

182 3265 313 3320 etiam
340 3277 572 3321 vestrum
601 3265 930 3336 gregiculum
977 3263 1299 3332 penetravit;
1340 3261 1581 3331 quamvis
1609 3270 1734 3315 ante

183 3357 325 3426 ip~um
351 3359 637 3415 adventum
669 3357 786 3414 Filii
828 3357 1058 3413 hominis
1078 3397 1094 3423 ,
1127 3356 1281 3411 unius
1321 3354 1444 3409 boui
1477 3352 1730 3424 pastoris,

179 3451 267 3520 jam
293 3468 378 3508 vos
403 3469 536 3510 oves
562 3453 632 3508 ab
658 3452 821 3506 haedis
849 3465 1128 3522 separasse
1145 3449 1375 3519 jaetetis.

237 3544 438 3603 CAPUT
483 3544 592 3599 XII.
616 3543 794 3600 —50.
839 3543 970 3598 Audi
1011 3557 1142 3596 sane
1181 3557 1275 3611 per
1311 3555 1396 3594 me
1424 3552 1610 3593 vocem
1639 3536 1735 3591 do-

183 3636 460 3694 ntiuioorum
491 3637 909 3698 frumentorum,
944 3634 995 3687 in
1024 3648 1148 3688 area
1177 3631 1441 3686 dominica
1473 3644 1638 3698 usque
1666 3627 1733 3682 ad

184 3728 385 3783 ultimam
445 3728 842 3785 ventilationem
913 3726 1051 3781 inter
1112 3724 1317 3794 paleam
1380 3721 1733 3776 laborantium

186 3818 378 3890 (Matth.
411 3836 500 3886 ιιι,
535 3821 676 3891 12),
705 3835 800 3890 per
830 3829 996 3874 totum
1041 3818 1246 3872 scilicet
1284 3817 1539 3870 mundum
1566 3857 1581 3880 ,
1613 3815 1734 3885 quia

184 3912 299 3969 Deus
321 3915 526 3970 vocavit
555 3923 748 3968 terram
796 3929 825 3966 a
871 3911 999 3966 solis
1043 3919 1161 3966 ortu
1198 3926 1364 3981 usque
1392 3909 1458 3964 ad
1486 3924 1732 3964 occasum

185 4001 202 4074 (
219 4003 342 4060 Psal.
375 4022 534 4071 χιιι,
566 4007 590 4061 1
620 4005 673 4076 ),
703 4004 792 4060 ubi
832 4003 990 4058 etiam
1029 4002 1176 4073 pueri
1219 4000 1430 4055 laudant
1454 4001 1734 4054 Dominum

186 4094 340 4166 (Ptol.
367 4114 494 4166 cxn,
520 4096 658 4168 1-5)
690 4116 702 4150 :
731 4096 1062 4164 Quicumque
1088 4108 1182 4148 vos
1207 4109 1270 4148 ex
1299 4093 1580 4147 occasione
1605 4089 1736 4160 legis

185 4184 317 4258 hujus
340 4188 625 4260 imperialis
648 4229 663 4253 ,
696 4202 801 4242 uou
826 4187 1110 4241 dilectione
1137 4182 1437 4253 corrigendi
1463 4224 1479 4249 ,
1508 4182 1600 4236 sed
1631 4182 1736 4236 iui-

186 4279 381 4336 micandi
417 4280 543 4335 odio
569 4279 901 4350 persequitur
921 4319 936 4343 ,
964 4277 1211 4348 displicet
1258 4274 1431 4330 nobis.
1469 4275 1532 4329 Et
1558 4289 1737 4344 quato-

187 4368 260 4424 vis
275 4385 351 4426 res
365 4387 588 4442 qumque
610 4379 818 4425 terrena
843 4384 948 4423 non
973 4377 1117 4423 recte
1136 4383 1166 4420 a
1187 4381 1450 4436 quoquam
1477 4363 1736 4435 possideri

189 4461 347 4529 possit,
365 4463 464 4518 nisi
485 4463 572 4516 vel
592 4462 713 4532 jure
737 4460 938 4526 divino,
964 4474 1070 4530 quo
1095 4467 1283 4514 cuncta
1302 4457 1563 4527 iustorum
1589 4466 1733 4521 sunt,

186 4552 257 4607 vel
270 4553 377 4624 jure
396 4556 646 4619 humano,
669 4553 812 4624 quod
839 4553 890 4606 iu
936 4561 1195 4622 potestate
1221 4566 1402 4621 regum
1446 4560 1528 4605 est
1551 4559 1735 4615 terrm;

185 4640 386 4715 ideoque
403 4662 486 4702 res
507 4654 715 4700 vestras
736 4644 868 4700 falso
890 4643 1191 4713 appelletis,
1211 4657 1344 4712 quas
1365 4656 1464 4697 nec
1480 4641 1606 4710 justi
1626 4655 1741 4710 pos-

184 4733 366 4802 sidetis,
382 4747 434 4794 et
451 4737 746 4795 secundum
775 4737 920 4807 leges
941 4749 1122 4806 regum
1143 4743 1472 4788 terrenorum
1495 4734 1740 4788 amittere

180 4823 294 4891 iussi
318 4827 441 4882 estis
459 4870 476 4894 ,
522 4826 825 4897 frustraque
850 4825 1039 4879 dicatis
1062 4866 1076 4887 ,
1120 4823 1228 4878 Nos
1253 4824 1328 4877 eis
1357 4825 1742 4894 congregandis

184 4910 535 4985 laboravimus,
561 4931 684 4972 cum
708 4916 962 4986 scriptum
993 4913 1200 4984 legatis,
1225 4911 1444 4966 Labores
1469 4912 1743 4981 impiorum

177 5004 290 5073 justi
321 5007 462 5063 edent
486 5007 686 5079 (Prov.
716 5023 832 5069 xm,
862 5005 973 5077 2‘2)
1009 5020 1022 5056 :
1053 5004 1148 5060 sed
1187 5013 1360 5059 tamen
1402 5003 1642 5075 quisquis
1675 5020 1743 5060 ex

184 5099 439 5157 occasione
468 5101 628 5172 hujus
651 5101 781 5170 legis
803 5142 817 5164 ,
843 5113 1000 5170 quam
1030 5111 1183 5168 reges
1213 5105 1367 5151 terra:
1391 5094 1604 5151 Christo
1632 5111 1746 5152 ser-

184 5186 390 5257 vientes,
411 5192 476 5247 ad
497 5190 883 5248 emendandum
905 5198 1134 5244 vestram
1163 5188 1484 5256 impietatem
1506 5188 1746 5259 promul-

185 5289 440 5347 gaverunt,
471 5296 562 5337 res
588 5280 829 5351 proprias
855 5287 1060 5333 vestras
1088 5276 1279 5346 cupide
1305 5278 1526 5348 appetit,
1557 5277 1745 5346 displi-

145 5379 158 5436 _'
185 5378 262 5424 cet
287 5371 450 5429 nobis.
480 5373 731 5443 Quisquis
771 5372 1000 5441 denique
1041 5372 1178 5440 ipsas
1207 5384 1294 5423 res
1320 5385 1630 5438 pauperum,
1666 5371 1748 5425 vel

187 5457 418 5518 basilicas
443 5464 909 5536 congregationum
929 5503 942 5524 ,
970 5478 1100 5531 quas
1129 5461 1227 5515 Sub
1256 5461 1468 5515 nomine
1500 5461 1750 5516 Ecclesia:

191 5554 455 5621 tenebatis,
485 5573 603 5626 qua:
632 5556 847 5611 omnino
873 5571 980 5609 nou
1005 5553 1266 5609 debentur
1295 5551 1394 5606 nisi
1421 5553 1466 5605 ei
1498 5552 1750 5608 Ecclesia:

196 5655 305 5711 qua:
327 5660 447 5702 vera
469 5648 663 5702 Christi
693 5646 925 5702 Ecclesia
955 5654 1068 5709 est,
1098 5661 1200 5698 non
1235 5660 1328 5712 per
1347 5644 1624 5712 justitiam,
1656 5645 1752 5700 sed

195 5746 287 5801 per
307 5739 570 5795 avaritiam
601 5747 764 5806 tenet,
794 5738 1036 5810 displicet
1064 5737 1236 5794 nobis.
1264 5736 1512 5807 Quisquis
1537 5749 1635 5810 pro
1659 5738 1754 5795 ali-
1789 5820 1810 5824 ﬂ

1321 305 1799 365 EPISTOLARUM
1835 307 2108 368 CLASSIS
2143 308 2206 367 II.

3288 315 3396 376 548

1814 437 1920 492 quo
1945 422 2140 495 ﬂagitio
2160 425 2242 480 vel
2265 423 2503 483 facinore
2521 427 2815 499 projectum
2838 443 2869 485 a
2890 428 3040 485 vobis
3058 428 3130 486 ita
3149 432 3393 502 suscipit,

1816 512 1953 567 sicut
1981 514 2345 586 suscipiuntur
2385 519 2472 589 qni
2496 559 2510 582 ,
2541 529 2766 589 excepto
2807 535 2993 576 errore
3038 538 3144 592 quo
3184 537 3212 576 a
3242 523 3398 578 nobis

1817 607 2157 674 separamiui,
2186 607 2301 663 sine
2326 610 2548 665 crimine
2574 611 2711 680 apud
2736 626 2831 667 Vos
2855 611 3126 678 vixerunt,
3155 613 3399 683 displicet

1817 695 1993 749 nobis.
2018 697 2122 752 Sed
2149 715 2245 754 nec
2269 699 2418 754 facile
2445 701 2540 755 ista
2564 703 2899 767 monstratis;
2928 711 2982 757 et
3005 704 3047 758 si
3068 705 3397 773 monstretis,

1818 789 2102 844 nonnullos
2141 791 2459 854 toleramus,
2491 807 2624 863 quos
2653 795 2924 865 corrigere
2952 796 3032 849 vel
3074 796 3260 865 punire
3289 810 3396 850 non

1818 893 2100 949 possumus
2133 899 2146 934 :
2179 896 2352 953 neque
2381 894 2593 953 propter
2621 884 2826 954 paleam
2852 885 3203 956 relinquimus
3221 901 3399 941 aream

1820 973 2025 1028 Domini
2046 1015 2063 1041 ,
2092 989 2262 1044 neque
2305 987 2520 1046 propter
2550 978 2722 1046 pisces
2753 979 2919 1034 malos
2950 979 3240 1049 rumpimus
3270 981 3401 1035 retia

1820 1065 2063 1133 Domini,
2093 1083 2262 1138 neque
2304 1079 2518 1139 propter
2557 1069 2737 1124 haedos
2777 1071 2827 1125 in
2869 1071 2971 1125 liue
3011 1073 3399 1142 st‘grt-gaudos,

1819 1155 2115 1211 deserimus
2140 1174 2349 1228 gregem
2390 1160 2631 1226 Domini,
2664 1177 2835 1231 neque
2866 1172 3082 1232 propter
3112 1178 3233 1217 vasa
3263 1161 3401 1219 facta

1821 1247 1873 1302 in
1903 1251 2300 1316 contumeliam,
2335 1252 2622 1322 tuigramus
2650 1253 2718 1308 de
2745 1253 2904 1308 domo
2935 1254 3164 1310 Domini.

1891 1340 2114 1396 CAPUT
2160 1340 2296 1396 XIII.
2324 1373 2394 1382 —
2419 1344 2508 1398 51.
2549 1344 2628 1398 Tu
2657 1355 2867 1407 autem,
2915 1344 3109 1410 frater,
3148 1355 3402 1416 quantum

1822 1429 1949 1484 mihi
1983 1430 2207 1496 videtur,
2237 1433 2280 1487 si
2314 1448 2499 1487 vanam
2530 1434 2748 1503 gloriam
2793 1434 3065 1489 hominum
3095 1451 3198 1489 non
3227 1444 3403 1491 atten-

1822 1519 1938 1584 das,
1967 1530 2022 1575 et
2050 1521 2433 1576 inscnsatoruut
2464 1532 2774 1578 contemnas
2801 1524 3140 1593 Opprubriutu
3161 1566 3177 1590 ,
3205 1528 3292 1595 qui
3318 1525 3404 1580 di-

1822 1613 1956 1667 cturi
1975 1623 2116 1675 sunt,
2135 1614 2310 1680 Quare
2329 1614 2487 1670 modo
2503 1616 2732 1670 destruis
2752 1633 2868 1686 qua-
2885 1616 3030 1687 prius
3049 1616 3347 1672 :cditieabas
3363 1620 3402 1682 ις

1824 1701 1939 1756 sine
1959 1703 2118 1757 dubio
2137 1705 2360 1758 transies
2381 1704 2446 1758 ad
2480 1705 2794 1770 Ecclesium,
2817 1721 2973 1776 quam
3006 1721 3185 1760 veram
3208 1707 3408 1762 sentire

1826 1803 1878 1850 te
1905 1796 2139 1867 intelligo
2164 1815 2177 1850 :
2202 1813 2299 1852 nec
2325 1797 2480 1866 lmjns
2506 1799 2784 1852 sententia:
2808 1808 2909 1852 tua:
2933 1799 3231 1853 testimonia
3255 1800 3408 1868 longe

1828 1900 1970 1958 peto.
1997 1889 2076 1943 Tn
2106 1891 2301 1959 quippe
2336 1890 2387 1943 in
2432 1889 2672 1959 ejusdem
2714 1900 2816 1944 tua:
2855 1891 3093 1958 epistola:
3120 1892 3406 1961 principio,

1827 1982 1910 2034 cui
1939 1997 2077 2036 nunc
2101 1982 2417 2050 respondeo,
2448 1983 2560 2036 It:l:t‘.
2587 1984 2743 2036 verba
2769 1983 2984 2051 posuisti
3017 2001 3028 2036 :
3052 1982 3175 2036 Cum
3202 1984 3408 2053 optime,

1829 2072 2024 2141 inquis,
2055 2075 2273 2127 noverim
2301 2085 2346 2126 te
2367 2075 2516 2144 longe
2534 2074 2704 2126 adhuc
2729 2091 2760 2126 a
2792 2074 2894 2142 ﬁde
2916 2074 3192 2126 christiana
3217 2075 3408 2141 seposi-

1831 2172 1935 2216 tum
1959 2202 1974 2227 ,
1997 2173 2044 2216 et
2068 2165 2247 2218 studiis
2273 2164 2392 2217 olim
2413 2163 2634 2218 deditum
2663 2164 2976 2229 litterarum,
2998 2164 3176 2234 quietis
3193 2177 3238 2218 et
3259 2165 3412 2219 Itone-

1831 2257 1974 2311 statis
1996 2259 2149 2328 fuisse
2167 2257 2439 2319 cultorem;
2467 2273 2677 2326 cumque
2705 2268 2876 2328 postea
2900 2273 3161 2311 conversus
3184 2256 3252 2310 ad
3277 2257 3413 2310 chri-

1831 2350 2047 2402 stianum
2069 2350 2220 2418 ﬁdem
2250 2361 2302 2402 ut
2328 2365 2390 2404 ea:
2424 2349 2693 2403 multorutn
2721 2350 2963 2404 relatione
2990 2351 3218 2420 cognovi,
3241 2351 3414 2420 dispu-

1835 2441 2105 2494 tationibus
2143 2442 2385 2510 legalibus
2426 2458 2632 2511 operam
2677 2442 2843 2494 dares.
2876 2442 3031 2495 Certe
3070 2441 3114 2494 si
3147 2450 3200 2494 ttt
3233 2442 3298 2495 ad
3330 2455 3416 2497 tuo

1835 2533 1980 2586 illaut
2021 2534 2298 2602 cpiswlam
2343 2533 2567 2598 misisti,
2610 2532 2722 2586 luec
2766 2532 2923 2587 verba
2969 2541 3055 2585 tua
3102 2540 3243 2585 sunt.
3281 2530 3416 2587 Cum

1835 2636 1961 2692 ergo
1992 2621 2205 2676 fatearis
2246 2638 2332 2677 me
2373 2638 2690 2678 conversum
2738 2622 2802 2674 atl
2840 2621 3181 2675 (:ht'lSlitttlall
3225 2621 3414 2686 lidetu;

1835 2727 1954 2766 eum
1982 2729 2080 2782 ego
2110 2728 2209 2767 nec
2250 2712 2316 2766 ad
2350 2712 2680 2776 Donatistas,
2714 2727 2813 2766 nec
2852 2710 2920 2764 ad
2962 2712 3257 2781 [togatistas
3286 2726 3416 2766 con-

1835 2817 2021 2857 versus
2046 2802 2168 2865 sim,
2200 2803 2315 2857 sine
2346 2803 2450 2856 ulla
2481 2803 2807 2857 dubitatione
2830 2801 3134 2866 ctinlirmas,
3158 2813 3208 2856 et
3229 2812 3417 2871 pra-ter

1837 2892 2175 2962 Rogatistas.
2217 2902 2271 2948 et
2317 2902 2508 2962 pnrter
2564 2893 2865 2947 Douatistas
2911 2907 3030 2946 esse
3077 2891 3417 2949 christianam

1838 2983 2016 3038 ﬁdem.
2053 2984 2175 3038 llaec
2197 2999 2324 3054 ergo
2346 2985 2496 3049 lides,
2515 2985 2645 3038 sicut
2676 2983 2922 3045 dicimus,
2945 2983 2995 3036 in
3015 2981 3260 3036 omnibus
3289 2998 3418 3052 geu-

1837 3078 1978 3132 tibus
2019 3077 2303 3141 dilatatur,
2343 3093 2462 3147 quae
2498 3075 2788 3131 secundum
2829 3075 2924 3130 Dei
2965 3074 3321 3130 testimonium
3366 3075 3418 3132 in

1837 3170 2043 3225 semine
2103 3171 2329 3225 Abrahae
2403 3169 2785 3224 benedicuntur
2845 3166 3012 3240 (Gen.
3078 3183 3228 3232 λιιι,
3290 3166 3418 3237 18).

1837 3262 1973 3331 Quid
2020 3263 2177 3334 igitur
2213 3261 2388 3317 adhuc
2424 3261 2633 3317 dttbitas
2673 3271 2853 3316 tenere
2897 3260 3036 3331 quod
3079 3261 3278 3325 sentis,
3321 3260 3421 3316 nisi

1839 3356 1960 3424 quia
1987 3355 2037 3408 id
2061 3354 2201 3424 quod
2231 3371 2370 3408 nunc
2398 3354 2582 3416 sentis,
2616 3353 2698 3408 vel
2727 3353 3012 3422 aliquando
3035 3368 3137 3406 non
3166 3353 3417 3418 sensisse,

1838 3445 1919 3499 vel
1950 3444 2093 3499 aliud
2139 3444 2445 3500 defendisse
2487 3443 2856 3508 conl‘underis;
2898 3452 2952 3500 et
2993 3443 3118 3497 dum
3148 3443 3422 3499 erubescis

1840 3536 2110 3606 corrigere
2149 3550 2421 3600 errorem,
2453 3551 2559 3590 non
2599 3536 2868 3590 erubescis
2898 3551 3208 3604 permanere
3252 3535 3303 3589 itt
3331 3551 3421 3590 cr-

1839 3641 1982 3689 rore,
2015 3627 2153 3696 quod
2183 3627 2363 3697 utique
2392 3631 2565 3696 potius
2594 3626 3012 3682 erubescendum
3043 3624 3175 3679 fuit?

1911 3719 1999 3774 52.
2043 3718 2152 3773 lloc
2184 3726 2270 3773 e-t
2303 3717 2428 3772 illud
2457 3718 2596 3788 quod
2624 3719 2896 3788 Scriptura
2937 3733 3042 3772 non
3092 3717 3290 3772 tacuit:
3322 3716 3415 3773 Est

1841 3811 2068 3881 confusio
2103 3809 2358 3864 adducens
2398 3821 2656 3880 peccatum
2676 3851 2691 3874 ,
2739 3820 2784 3863 et
2812 3821 2882 3864 est
2909 3810 3138 3881 confusio
3164 3809 3420 3865 adducens

1840 3901 2056 3970 gratiam
2095 3909 2143 3952 et
2180 3901 2396 3971 gloriam
2420 3898 2611 3970 (Eccli.
2642 3915 2728 3965 Iv,
2758 3900 2875 3966 25).
2920 3899 3168 3954 Confusio
3210 3899 3424 3954 adducit

1844 3998 2118 4059 peccatum
2149 4031 2164 4054 ,
2214 4005 2335 4044 cum
2380 3989 2646 4045 erubescit
2685 3991 2906 4059 quisque
2961 4004 3174 4058 pravam
3221 4000 3426 4044 mutare

1842 4081 2159 4135 sententiam
2205 4097 2273 4136 ne
2312 4090 2403 4134 aut
2446 4081 2753 4135 inconstans
2798 4088 3026 4149 putetur,
3072 4090 3162 4132 aut
3202 4079 3292 4134 diu
3335 4095 3425 4134 er-

1843 4189 1993 4228 rasse
2018 4176 2038 4205 ³
2068 4174 2245 4242 seipse
2277 4173 2453 4242 judice
2489 4182 2734 4227 teneatur
2764 4190 2776 4224 :
2810 4172 2877 4224 ita
2910 4171 3237 4224 descendunt
3258 4171 3310 4225 in
3340 4171 3424 4225 iu-

1844 4265 2050 4321 lernum
2085 4265 2323 4319 viventes
2357 4263 2525 4335 (l’sal.
2569 4279 2674 4326 uv,
2716 4261 2825 4335 16),
2863 4262 2914 4318 id
2940 4273 3040 4326 est,
3069 4278 3217 4318 suatn
3249 4264 3426 4334 pcrdi-

1845 4357 2042 4411 tionem
2088 4354 2414 4419 sentientes;
2460 4368 2594 4423 quos
2643 4353 2846 4407 Dathan
2887 4361 2940 4408 et
2985 4352 3180 4407 Abirou
3212 4355 3428 4411 etCore

1847 4446 1992 4501 hiatu
2027 4457 2180 4501 terra:
2209 4445 2446 4514 absorpti
2489 4442 2674 4514 (Num.
2704 4460 2827 4510 xvt,
2860 4445 2919 4499 5|
2960 4444 3086 4515 55).
3120 4455 3264 4511 tanto
3305 4455 3428 4502 ante

1846 4538 2055 4594 futuros
2086 4537 2463 4608 figurat-erunt.
2495 4535 2746 4591 (lonl'usio
2767 4546 2941 4591 autem
2971 4538 3181 4593 adducit
3206 4541 3429 4608 gratiam

1846 4639 1899 4684 et
1919 4629 2141 4699 gloriam
2166 4669 2180 4689 ,
2213 4642 2333 4682 eum
2360 4626 2628 4682 erubescit
2657 4627 2880 4696 quisque
2908 4626 2976 4682 de
3001 4630 3209 4697 propria
3241 4629 3430 4699 iniqui-

1847 4729 1957 4774 tate
1980 4760 1994 4784 ,
2027 4728 2080 4772 et
2105 4717 2415 4787 pmnitendo
2451 4717 2503 4770 itt
2551 4716 2741 4771 melius
2776 4726 3161 4778 ctunmutalur;
3206 4718 3347 4787 quod
3375 4728 3430 4775 to

1848 4808 2024 4864 facere
2051 4809 2195 4877 piget
2221 4807 2306 4861 illa
2335 4807 2630 4878 perniciosa
2653 4807 2965 4861 confusione
2992 4817 3330 4876 superatum;
3363 4826 3432 4866 ne

1848 4900 1943 4955 tibi
1978 4901 2043 4954 ab
2070 4899 2374 4975 hominibus
2405 4899 2762 4953 nescientibus
2800 4898 2924 4967 quid
2964 4898 3262 4967 loquantur,
3292 4900 3431 4971 obji~

1849 4992 2021 5046 ciatur
2047 4991 2135 5046 illa
2162 4991 2449 5061 apostolica
2481 4990 2743 5045 sententia
2770 5007 2782 5042 :
2812 4989 2872 5044 Si
2894 4991 3024 5042 enim
3043 5006 3154 5060 qua:
3173 4991 3399 5046 destrua‘i
3413 5032 3429 5057 ,

1849 5083 2024 5137 eadem
2047 5083 2226 5136 iterum
2251 5083 2449 5152 (ediﬁce
2468 5123 2483 5147 ,
2517 5082 2950 5152 prwvaricatorcm
2976 5082 3219 5149 meipsum
3243 5085 3431 5136 consti-

1853 5184 1937 5229 tuo
1964 5174 2103 5248 (Gal.
2138 5191 2205 5241 tt,
2238 5175 2348 5245 l8).
2387 5174 2515 5241 Qua:
2542 5174 2585 5227 si
2615 5173 2713 5227 dici
2744 5181 2923 5242 posset
2955 5174 3114 5229 etiam
3146 5175 3197 5228 in
3226 5190 3318 5229 eos
3343 5174 3432 5244 qui

1854 5270 2128 5322 veritatem
2154 5267 2379 5322 correcti
2413 5265 2735 5335 pra‘dicaut,
2781 5281 2937 5334 quam
2989 5267 3218 5335 perversi
3261 5281 3433 5335 oppu-

1858 5362 2090 5430 gnabant
2111 5403 2125 5425 ,
2149 5360 2200 5414 in
2224 5361 2392 5429 ipsum
2417 5359 2632 5412 Paulum
2661 5358 2908 5428 primitus
2933 5358 3219 5422 diceretur,
3253 5358 3303 5410 in
3330 5374 3436 5426 quo

1858 5451 2112 5506 Ecclesize
2132 5451 2327 5505 Christi
2354 5450 2760 5519 magniﬁcabant
2786 5451 2968 5508 Deum,
2995 5448 3267 5500 audientes
3293 5449 3434 5516 quod

1920 5564 1936 5595 ί
1971 5570 2077 5624 Mss.
2120 5561 2343 5624 plerique
2377 5569 2428 5610 et
2459 5561 2758 5624 antiquiores
2789 5561 2899 5608 Edd.
2936 5565 3103 5606 carent
3134 5560 3210 5608 nis
3241 5561 3434 5610 verbis.-

1861 5623 2078 5675 Destruis
2101 5621 2214 5687 que
2233 5621 2367 5687 pirius
2389 5621 2684 5687 aedificabas.

1921 5689 1939 5717 ²
1956 5687 2026 5734 sic
2049 5681 2152 5733 Mss.
2174 5700 2184 5744 ι
2205 5681 2395 5746 levique
2421 5693 2471 5734 et
2489 5681 2602 5732 Edd.
2619 5684 2723 5730 Bad.
2747 5689 2827 5729 Am
2864 5687 2935 5728 Er.
2955 5686 3009 5730 At
3029 5686 3139 5732 Lov.
3156 5681 3305 5735 habet
3325 5687 3444 5735 unt

1860 5746 2074 5797 diversus
2091 5759 2120 5795 a
2142 5760 2191 5795 se
2214 5744 2333 5809 ipso}
