3962 6384
580 260 714 321 187

606 330 995 463 ἐέξδπέβιῖιπεε
1033 373 1195 453 ﬁdem
1217 389 1374 451 quam
1406 373 1691 447 suavianda
1714 373 1955 451 “stabat,
1984 367 2185 441 (Colat.

607 483 655 537 ις.
685 469 798 537 ἓξὲμ

810 558 919 629 Nec
945 574 1262 629 alicuiquam
1294 569 1443 635 putes
1472 560 1538 633 alr
1567 574 1750 627 errore
1777 558 1845 617 ad
1872 560 2147 623 veritatem
2169 602 2184 626 ,

608 652 691 727 yol
712 667 739 705 a
762 666 1096 719 quacumque
1118 667 1209 704 seu
1235 666 1425 719 magno
1444 665 1535 711 seu
1560 665 1720 723 ῃτιιογυ
1748 662 1959 719 peccato
1984 653 2050 717 ad
2075 668 2188 706 car-

613 743 900 809 rectiuucm
930 740 1043 811 sine.
1079 740 1383 809 pcnuilcutia
1428 755 1584 810 posse
1626 743 1871 811 transire.
1901 742 2002 799 Sed
2028 743 2186 811 nimis

613 832 889 901 impudens
918 847 1068 885 (‘rrut‘
1087 840 1185 893 est,
1222 832 1341 884 lllltC
1372 833 1507 905 velle
1530 834 1836 903 calumniari
1869 835 2181 901 Ecclesium,

652 939 766 973 nam
802 932 877 975 tat
900 922 1090 975 divinis
1120 923 1437 976 leSIiumniis
1476 934 1683 991 constat
1726 941 1845 981 esse
1893 927 2183 991 Ecclesium

638 1013 805 1067 lliristi
829 1056 842 1078 ,
876 1014 1014 1082 quod
1046 1015 1200 1068 aliter
1221 1024 1407 1069 tractat
1434 1017 1550 1072 illus
1574 1018 1660 1091 qui
1683 1035 1799 1083 eam
1827 1021 2114 1084 deserunt,
2137 1022 2182 1074 si

608 1103 707 1169 huc
736 1105 903 1170 ipsum
938 1106 1242 1172 pmuileudu
1270 1108 1530 1176 corrigam
1554 1149 1568 1170 .
1598 1110 1750 1163 aliter
1778 1110 1895 1181 illos
1924 1113 2012 1181 qui
2045 1113 2094 1167 iu
2120 1127 2182 1167 ea

605 1196 835 1249 nondum
866 1198 1107 1261 fuerunt,
1143 1208 1197 1263 et
1228 1210 1348 1253 tunc
1395 1204 1621 1277 primum
1659 1203 1774 1273 ejus
1817 1220 1998 1273 pacem
2038 1205 2182 1260 acci-

604 1289 779 1365 piunt;
812 1290 928 1343 illus
963 1291 1189 1357 amplius
1235 1290 1597 1369 liuutiliamlo,
1645 1294 1976 1363 istosleuius
2014 1296 2183 1355 susci—

600 1368 829 1467 piendi),
879 1390 1129 1463 utrosque
1166 1368 1467 1449 diligendo,
1506 1384 1743 1453 utrisque
1782 1384 2031 1439 sanandis
2067 1401 2180 1451 ma-

605 1479 753 1547 terna
787 1473 1045 1526 cliaritatc
1075 1473 1373 1527 serviendo.
1416 1473 1588 1528 Habes
1622 1476 1897 1542 epistolam
1931 1477 2181 1543 prolixio-

604 1548 717 1618 rem
746 1563 967 1629 fortasse
992 1581 1147 1635 quam
1174 1566 1355 1619 velles.
1381 1565 1535 1639 Esset
1560 1577 1733 1633 autem
1760 1569 1923 1622 multo
1949 1570 2178 1633 brevior,

603 1657 651 1731 si
688 1664 738 1710 lc
768 1665 966 1721 tantum
1005 1657 1055 1727 iu
1100 1658 1471 1727 respondendo
1513 1658 1802 1729 castitatem
1831 1680 1843 1713 ε
1873 1677 2011 1715 nunc
2053 1678 2181 1718 vero

604 1746 812 1819 etiamsi
833 1748 923 1815 tibi
944 1747 1071 1821 nillil
1096 1749 1277 1821 prosit,
1298 1765 1399 1802 ltttll
1418 1757 1544 1823 puto
1575 1750 1701 1804 nihil
1725 1750 1802 1804 eis
1824 1750 2177 1819 profuturam,

601 1838 692 1913 qui
728 1852 844 1905 eam
882 1837 1052 1909 legere
1088 1855 1206 1893 cum
1234 1839 1323 1903 Dei
1358 1840 1545 1899 limare
1568 1882 1584 1903 ,
1614 1848 1667 1899 et
1696 1841 1809 1907 sine
1836 1857 2179 1911 personarum

605 1929 911 1997 acceptione
939 1930 1256 1997 curaverint.
1288 1930 1479 1999 Anien.
1616 1938 1617 1941 ‘

1045 2058 1366 2117 EPISTOLA
1412 2062 1570 2117 χειν
1597 2070 1613 2088 ·
1646 2065 1741 2136 (tr).

608 2148 861 2203 Baulinus
885 2151 1163 2219 Augustino
1187 2153 1376 2220 gratias
1401 2169 1553 2223 agens
1590 2166 1680 2223 pro
1716 2156 1842 2210 libro
1869 2160 1949 2211 vel
1969 2158 2180 2225 epistola

671 2240 734 2293 ab
759 2242 870 2310 ipso
893 2252 1126 2309 recepta,
1172 2246 1486 2312 prosequitur
1531 2247 1707 2301 laudes
1752 2248 1987 2305 Melania'
2016 2252 2179 2303 senio-

672 2334 770 2393 ris,
800 2344 847 2385 et
872 2334 1004 2387 unici
1030 2336 1140 2402 ejus
1167 2335 1262 2402 ﬁlii
1288 2335 1565 2390 Publicola:
1589 2355 1744 2407 nuper
1764 2341 1989 2410 defuncti
2012 2358 2029 2392 :
2055 2356 2180 2395 non-

670 2423 813 2476 nulla
841 2424 903 2476 de
924 2428 1098 2493 futura
1123 2425 1175 2477 in
1199 2427 1337 2479 cretis
1361 2429 1557 2481 actione
1586 2429 1839 2484 beatorum
1869 2441 1980 2499 post
2007 2448 2177 2484 resur-

668 2518 956 2567 rectionem.

595 2618 793 2679 Sancto
824 2625 1027 2677 Domini
1059 2625 1363 2681 beatissimo
1384 2634 1433 2681 et
1456 2630 1612 2685 unice
1639 2631 1789 2686 nobis
1818 2632 2085 2696 unanimo.
2117 2649 2179 2689 ac

670 2717 960 2770 venerabili
994 2719 1148 2785 patri,
1173 2718 1340 2783 inuri,
1370 2723 1621 2790 magistro
1643 2725 1941 2779 AUGUsTINO
1965 2728 2175 2795 cpisco-

670 2818 759 2877 po,
786 2806 1047 2863 PAULINUS
1076 2819 1129 2863 et
1156 2810 1421 2867 Tasuasu
1455 2826 1783 2885 peceatores.

669 2920 720 2973 l.
763 2917 988 2974 Lucerna
1016 2937 1211 2993 semper
1236 2934 1308 2991 est
1334 2926 1539 3009 pedibus
1570 2929 1688 2981 meis
1711 2929 1910 2983 verbum
1936 2940 2096 2991 tuttm,
2128 2944 2176 2987 et

595 3009 763 3063 lumen
810 3012 996 3063 semitis
1035 3014 1176 3065 meis.
1214 3011 1299 3066 lta
1334 3016 1735 3086 quotiescumque
1771 3021 1963 3074 litteras
1992 3021 2175 3077 beatis-

595 3101 738 3181 sima!
765 3101 1061 3157 Sanctitatis
1091 3116 1189 3158 tute
1219 3108 1439 3179 accipio,
1470 3108 1693 3162 tenebras
1724 3112 2025 3181 insipientia’
2054 3132 2178 3171 nuce

595 3174 779 3269 discuti
825 3195 1014 3258 sentio,
1054 3204 1101 3247 ct
1141 3199 1286 3273 quasi
1329 3200 1537 3267 collyrio
1587 3203 1978 3279 declarationis‘
2008 3206 2176 3277 infuso

596 3281 755 3335 oculis
793 3284 967 3337 utentis
1005 3301 1143 3343 mete.
1180 3288 1352 3353 purius
1382 3291 1543 3357 video,
1581 3293 1878 3375 ignorantia:
1916 3308 2055 3351 nocte
2082 3300 2175 3354 de-

596 3375 744 3442 pulsa
781 3383 826 3427 et
859 3374 1074 3447 caligine
1108 3374 1430 3439 dubitationis
1456 3374 1694 3436 abstersa.
1730 3386 1879 3451 Quod
1905 3406 2016 3444 cum
2044 3408 2177 3461 stepe

597 3465 728 3519 alias
753 3482 842 3537 per
863 3483 1069 3519 munera
1092 3467 1413 3538 epistolarum
1441 3482 1639 3527 tuarum
1660 3477 1781 3529 mihi
1803 3478 2041 3547 donatum
2064 3500 2177 3535 sen-

596 3558 745 3610 serim
765 3598 779 3622 ,
819 3568 922 3611 tant
962 3560 1211 3629 pra’cipue
1238 3561 1332 3615 isto
1362 3566 1631 3618 recentium
1664 3565 1940 3624 litterarum
1972 3572 2136 3627 libello
2155 3614 2172 3639 ,

595 3650 741 3718 cujus
771 3652 892 3703 mihi
921 3662 1021 3704 tam
1044 3663 1216 3721 gratus
1243 3671 1391 3724 quam
1425 3656 1607 3726 dignus
1637 3662 1849 3733 portitor
1873 3663 1968 3731 fuit
1996 3666 2067 3718 vir
2087 3664 2172 3719 be-

595 3740 820 3794 nedictus
854 3740 1056 3795 Domini
1100 3730 1265 3814 frater
1307 3756 1474 3815 noster
1522 3732 1738 3812 Quintus
1774 3730 2020 3807 diaconus
2045 3772 2062 3808 :
2090 3758 2177 3823 qui

598 3831 746 3902 longo
774 3832 973 3901 quidem
1002 3845 1322 3904 posteaquam
1348 3838 1415 3892 ad
1445 3834 1628 3893 Urbem
1657 3854 1850 3911 petierat
1879 3844 2170 3915 intervallo,

594 3937 709 3993 cum
735 3938 791 3974 eo
807 3922 963 3992 juxta
989 3923 1259 3978 solemnem
1286 3944 1449 3980 meum
1476 3946 1661 3999 morem
1693 3943 1801 3997 post
1834 3932 2031 4001 Pascha
2063 3936 2171 3989 Do-

593 4013 749 4080 mini,
793 4030 885 4083 pro
922 4013 1275 4083 Apostolorum
1301 4028 1344 4070 et
1372 4031 1644 4089 martyrum
1677 4028 1988 4077 veneratione
2016 4029 2176 4082 renis-

516 4160 523 4161 ,
591 4122 715 4170 sem,
740 4106 1129 4161 benedictionem
1159 4109 1260 4163 oris
1287 4111 1360 4162 tui
1389 4110 1603 4164 reddidit
1630 4113 1807 4174 nobis;
1836 4130 2172 4174 verumtamen

590 4198 904 4262 oblitterato,
945 4200 1081 4268 quod
1132 4203 1379 4275 nesciente
1420 4221 1499 4258 me
1538 4202 1717 4271 Ranae
1758 4224 2168 4281 consumpserat,

592 4296 815 4356 tempore
833 4330 845 4343 .
887 4291 1253 4345 recentissimus
1284 4293 1405 4347 tui/ti
1432 4296 1568 4346 visus
1593 4307 1665 4349 est
1694 4314 1724 4349 a
1753 4313 2016 4368 conspectu
2048 4315 2133 4357 tuo
2151 4345 2168 4367 ,

592 4375 663 4428 ita
694 4384 745 4428 ut
774 4388 889 4447 tunc
916 4379 1083 4432 statim
1112 4396 1222 4432 eum
1249 4399 1279 4433 a
1316 4393 1362 4434 te
1402 4385 1524 4445 mihi
1553 4388 1742 4440 venisse
1771 4392 1849 4443 vix
1886 4394 2011 4445 cred.
2032 4412 2167 4461 rem,

593 4483 707 4520 cum
737 4469 953 4536 primum
978 4469 1202 4523 videbam
1228 4482 1273 4524 et
1304 4491 1415 4543 cum
1443 4476 1567 4528 mihi
1596 4478 1797 4546 plenum
1823 4483 2024 4538 odorem
2046 4504 2170 4547 sua-

592 4557 758 4637 vitatis
787 4567 886 4637 tute
911 4558 959 4611 in
991 4559 1196 4641 eloquiis
1222 4564 1319 4639 tuis
1336 4564 1544 4639 ctelestis
1561 4574 1795 4645 unguenti
1818 4576 2044 4629 castitate
2060 4584 2168 4643 fra-

588 4649 849 4720 grantibus
878 4648 1139 4719 offerebat,
1169 4650 1353 4725 ateor
1382 4666 1546 4725 tamen
1578 4642 1873 4737 venerandce
1901 4642 2168 4733 Unanitni-

589 4742 683 4794 tati
726 4751 855 4811 tum,
899 4761 997 4797 non
1044 4730 1263 4817 potuisse
1301 4765 1378 4821 me
1420 4736 1649 4811 columen
1685 4730 1879 4825 ipsum,
1911 4764 2076 4829 statim
2116 4774 2171 4821 ut

591 4850 903 4905 acceperam,
936 4834 1111 4889 Roma:
1140 4822 1318 4908 legere.
1342 4838 1519 4897 Tanta:
1538 4846 1667 4907 enim
1695 4848 1798 4901 illic
1829 4854 1988 4919 turbet:
2006 4867 2165 4922 erant,

588 4936 645 4978 ut
673 4942 770 4978 non
802 4944 995 4996 possem
1022 4945 1200 4984 manus
1226 4941 1363 4986 tuum
1385 4934 1645 5005 diligenter
1666 4940 1927 5009 inspicere,
1954 4957 2001 5011 et
2028 4964 2085 5011 eo
2114 4958 2169 5003 ut

588 5016 850 5085 cupiebam
879 5019 1104 5088 perfrui;
1134 5020 1319 5097 scilicet
1348 5035 1399 5087 ut
1430 5027 1729 5097 perlegerent
1758 5034 1985 5103 jugiter,
2016 5040 2060 5099 si
2090 5041 2167 5094 le-

591 5122 705 5174 gcre
731 5106 1005 5174 ccepiSsem.
1032 5103 1213 5178 Itaque
1240 5123 1293 5164 ut
1320 5113 1431 5181 fieri
1457 5117 1577 5169 solet
1602 5136 1777 5173 secura
1802 5130 2169 5193 exspectatione

589 5196 800 5249 convivii
824 5199 1119 5266 prteparati,
1142 5203 1303 5255 avida:
1322 5204 1434 5258 licet
1461 5209 1636 5262 mentis
1660 5213 1871 5266 esuriem
1892 5220 2163 5288 refrenavi,
2188 5284 2191 5285 ν

650 5351 668 5382 ί
694 5356 824 5408 tom,
848 5350 1192 5406 delectationis.

692 5433 820 5515 Faita
837 5434 955 5515 alia).
974 5446 1041 5515 cf
1067 5437 1285 5515 Vatimno
1308 5443 1573 5515 esemrlarl
1600 5462 1613 5497 :
1636 5452 1725 5515 sed
1740 5466 1867 5506 nunc
1886 5458 2082 5510 demum
2097 5464 2169 5515 ni-

585 5497 675 5541 tori
713 5506 802 5540 suo
824 5499 1045 5545 restituta
1067 5511 1161 5562 ope
1185 5501 1288 5549 cod.
1317 5497 1735 5563 t‘liiuuircouctisis.

586 5571 732 5683 ὁ
746 5573 979 5699 illius“?
1173 5590 1336 5694 me?
1358 5586 1419 5636 9-4
1443 5600 1548 5642 erat.
1565 5627 1582 5656 ,
1604 5608 1731 5649 nunc
1757 5600 1845 5651 £78
1863 5638 1875 5652 .
1900 5607 2079 5668 scripta
2099 5612 2172 5659 vl-

1845 253 1904 309 S.
1948 249 2313 315 AUGUSTINI
2344 252 2645 319 EPISCOPI
3739 273 3820 333 διε

2302 376 2347 431 et
2377 384 2464 451 spe
2486 379 2621 439 certa
2646 370 2904 440 capiendi:
2934 373 3239 440 saturitatis,
3269 389 3384 447 qm;
3408 377 3461 441 in
3646 388 3818 441 tenerent

2298 473 2453 542 panes
2481 459 2716 527 desiderii
2744 461 2838 525 mei
2862 462 2912 527 in
2944 461 3191 517 volumine
3212 464 3524 529 devorando,
3541 471 3663 537 quod
3688 486 3821 542 postea

2296 530 2495 623 baronti
2521 555 2643 608 mihi
2671 566 2716 607 et
2744 556 2796 615 in
2825 572 2910 610 ore
2929 568 2973 611 et
2999 559 3238 632 inqventre
3262 559 3600 631 dulcissimum
3626 566 3737 633 fuit,
3758 569 3820 623 in.

2297 643 2515 709 hiantem
2544 645 2593 709 in
2626 649 2767 717 faros
2793 648 3072 711 litterarum
3116 659 3317 703 tuarum
3360 652 3533 723 gulam
3571 657 3703 725 facile
3738 676 3822 714 sus-

2296 736 2486 815 pendi,
2527 737 2685 791 donec
2716 736 2759 789 ll
2764 739 2849 793 rbe
2894 738 3258 813 proﬁciscerer,
3291 752 3335 793 et
3364 726 3751 811 interponendum
3774 764 3823 803 at:

2295 828 2488 881 itineris
2516 830 2695 882 stativa
2727 831 2857 883 diem
2878 874 2889 893 ,
2918 846 3065 901 quem
3093 831 3143 883 in
3181 832 3367 899 oppido
3395 832 3660 889 Formiano
3681 839 3814 903 habui.

2294 938 2406 979 mus
2425 963 2439 987 ,
2482 930 2637 977 totum
2668 922 2780 975 huic
2817 922 2958 992 operi
2997 924 3357 993 manciparent,
3386 935 3438 978 ut
3466 926 3516 979 in
3546 928 3719 984 deliciis

2293 1011 2434 1063 stolis
2455 1021 2556 1064 tua:
2579 1011 2924 1083 spiritualibus
2950 1012 3012 1064 ab
3038 1013 3175 1064 omni
3196 1013 3319 1081 [ατε
3338 1029 3568 1069 curarem
3587 1027 3629 1070 et
3650 1019 3821 1086 satiata.

2293 1103 2426 1155 tione
2456 1103 2713 1155 turbarum
2745 1102 2866 1155 liber
2888 1104 3140 1173 epularcr.

2362 1193 2415 1245 2.
2442 1192 2576 1258 Quid
2601 1209 2718 1263 ergo
2746 1193 2949 1247 Immitis
2974 1203 3019 1247 et
3048 1202 3273 1265 terrenus
3296 1198 3622 1265 respondeam
3648 1202 3705 1254 ad
3725 1202 3821 1258 hanc

2292 1282 2590 1359 sapientiam
2620 1300 2732 1352 qua:
2761 1286 2881 1337 data
2905 1294 2977 1340 est
3004 1284 3091 1338 tibi
3117 1286 3351 1357 desuper,
3372 1304 3523 1357 quam
3553 1291 3627 1343 hic
3653 1297 3821 1348 mundus

2292 1390 2391 1425 non
2414 1374 2568 1443 capit,
2593 1384 2637 1427 et
2658 1392 2807 1445 quam
2828 1394 2975 1429 nemo
2995 1379 3146 1447 sapit,
3170 1378 3265 1432 nisi
3280 1381 3529 1449 sapientia
3544 1379 3634 1435 Dei
3650 1388 3818 1455 supinis,

2292 1474 2338 1541 et
2361 1463 2454 1518 Dei
2477 1466 2620 1519 verbo
2648 1458 2923 1534 eloquens?
2950 1467 3131 1538 Itaque
3157 1470 3275 1541 quia
3302 1474 3687 1543 experimentum
3707 1478 3822 1531 habeo

2292 1548 2480 1607 Christi
2505 1556 2555 1608 in
2587 1567 2632 1609 te
2657 1557 2923 1627 loquentis,
2948 1560 2997 1611 in
3024 1558 3130 1613 Deo
3156 1561 3374 1615 laudabo
3400 1579 3649 1618 sermones
3667 1575 3771 1631 tuos,
3791 1580 3824 1622 et

2292 1663 2391 1721 pon
2419 1646 2596 1699 timebo
2620 1664 2652 1700 a
2677 1648 2854 1701 timore
2886 1660 3151 1703 nocturno.
3183 1650 3315 1717 Quia
3353 1654 3569 1707 docuisti
3594 1673 3663 1709 me
3684 1658 3726 1710 iu
3744 1660 3823 1728 spi-

2291 1737 2393 1805 ritu
2420 1737 2639 1790 veritatis
2665 1738 2865 1792 salubre
2892 1739 2908 1769 ί
2933 1739 3228 1793 moderandi
3255 1742 3306 1795 in
3329 1743 3556 1799 occiduis
3590 1748 3826 1803 mortalibus

2290 1830 2446 1895 animi
2488 1840 2967 1896 temperamentum,
2996 1848 3093 1901 quo
3120 1843 3165 1887 et
3192 1834 3334 1886 illuni
3372 1835 3571 1888 beatam
3600 1850 3774 1892 matrem
3794 1852 3827 1895 et

2292 1920 2456 1973 aviam
2485 1919 2759 1973 Melanium
2784 1921 2979 1990 ﬂevisse
3001 1925 3256 1977 carnalem
3283 1924 3468 1979 obitum
3493 1929 3628 1981 unici
3647 1931 3743 1999 ﬁlii,
3767 1942 3826 1986 ta-

2294 2011 2487 2063 citurno
2512 2010 2711 2079 quidem
2738 2012 2899 2075 luctu,
2929 2029 3028 2065 non
3056 2024 3218 2067 tamen
3243 2016 3374 2068 sicco
3398 2033 3430 2068 a
3456 2021 3686 2073 maternis
3703 2023 3826 2093 lacry-

2290 2102 2387 2155 mis
2413 2102 2586 2153 dolore
2610 2102 2799 2156 vidisti.
2823 2100 2979 2172 Cujus
3007 2104 3207 2176 quidem
3233 2107 3485 2161 modestus
3522 2119 3569 2163 et
3598 2128 3745 2180 grarcs
3767 2113 3824 2167 la-

2288 2210 2507 2263 crymas,
2540 2194 2666 2247 sicut
2696 2196 2904 2264 propior
2933 2196 3010 2249 vel
3033 2195 3275 2265 tequalior
3311 2200 3499 2254 anima:
3535 2203 3645 2272 ejus
3670 2204 3827 2273 spiritus

2288 2282 2442 2335 altius
2480 2283 2807 2348 intellexisti,
2837 2294 2881 2335 et
2912 2290 3147 2356 perfectio
3180 2289 3231 2340 in
3254 2289 3452 2344 Christo
3476 2280 3703 2362 femina,
3726 2294 3828 2348 salsa

2290 2373 2447 2425 virilis
2478 2374 2636 2425 animi
2663 2375 2957 2443 fortitudine
2974 2418 2986 2440 ,
3011 2393 3097 2431 cor
3123 2390 3399 2433 maternum
3428 2384 3490 2435 de
3516 2385 3678 2439 cordis
3700 2386 3757 2437 tui
3777 2388 3827 2439 si-

2288 2461 2577 2516 militudine
2596 2466 2773 2518 melius
2803 2482 2865 2519 ex
2884 2484 3023 2536 a’quo
3053 2479 3187 2521 statu
3212 2471 3578 2544 contemplatus
3602 2491 3667 2539 es,
3689 2485 3733 2527 ut
3748 2492 3827 2528 com

2289 2555 2509 2643 primum
2538 2572 2628 2623 pro
2655 2557 2878 2609 naturali
2905 2556 3170 2622 allectione
3200 2572 3498 2629 permotum,
3525 2564 3696 2616 deinde
3712 2580 3827 2617 causa

2287 2645 2481 2714 potiore
2507 2657 2861 2715 compunctum
2891 2648 3087 2716 ﬂevisse
3129 2651 3461 2720 perspiceres,
3491 2670 3591 2706 non
3621 2665 3709 2707 tant
3732 2655 3826 2709 illud

2284 2720 2584 2801 hunmnum,
2604 2737 2739 2807 quod
2762 2740 2964 2790 unicum
2984 2740 3150 2806 [ilium
3170 2742 3453 2795 conditione
3474 2746 3671 2798 mortali
3689 2745 3826 2816 defun-

2284 2836 2417 2878 ctum
2440 2827 2490 2878 in
2521 2828 2756 2895 pra'senti
2776 2830 2960 2881 sarculo
2986 2830 3250 2896 amisisset,
3274 2848 3425 2901 quam
3449 2835 3589 2903 quod
3608 2851 3823 2906 propemo-

2284 2919 2403 2971 dum
2428 2920 2477 2971 in
2500 2920 2732 2971 swculari
2754 2921 2971 2973 vanitate
2994 2932 3298 2989 pra’veutum
3325 2922 3465 2995 (quia
3492 2928 3696 2979 necdum
3719 2926 3825 2978 illum

2285 3008 2568 3062 deseruerat
2593 3012 2858 3063 senatoria:
2884 3012 3144 3083 dignitatis
3173 3015 3424 3085 ambitio),
3451 3034 3551 3069 non
3569 3020 3713 3087 juxta
3736 3034 3824 3070 san-

2283 3107 2415 3150 ctam
2446 3109 2672 3151 votorum
2702 3116 2911 3153 suorum
2936 3086 3201 3154 avaritiam
3226 3106 3460 3174 cogitaret
3483 3116 3769 3183 assumptum
3787 3116 3826 3156 ut

2283 3174 2346 3242 de
2370 3192 2704 3244 conversionis
2730 3192 2892 3261 gloria
2921 3195 3181 3248 transisset
3212 3195 3279 3247 ad
3303 3197 3520 3265 gloriam
3546 3198 3825 3251 resurrectio-

2284 3282 2380 3344 nis,
2410 3297 2722 3335 communem
2751 3298 2864 3334 cum
2890 3294 3049 3336 matre
3069 3280 3666 3357 requiem-coronamque
3690 3296 3827 3357 captu-

2282 3390 2389 3438 rus,
2416 3376 2458 3426 si
2484 3375 2535 3426 in
2561 3374 2712 3444 hujus
2739 3374 2911 3427 swculi
2930 3376 3028 3427 vita
3060 3377 3236 3428 matris
3262 3378 3493 3446 exemplo
3514 3372 3706 3433 saccum
3727 3387 3824 3448 toga

2281 3474 2329 3517 et
2358 3466 2712 3519 monasterium
2736 3458 2948 3520 senatui
2977 3468 3296 3537 prattulisset.

2353 3556 2405 3609 5.
2458 3555 2806 3609 Verumtamen
2847 3558 2977 3609 idem
3018 3559 3109 3623 vir,
3142 3564 3197 3610 ut
3238 3570 3285 3611 et
3332 3566 3481 3613 antea
3522 3561 3736 3615 retulisse
3766 3576 3824 3613 tne

2284 3659 2404 3717 puto
2429 3649 2700 3703 Sanctitati
2721 3661 2820 3703 tua'
2842 3649 2885 3715 ’,
2902 3649 2980 3702 Itis
3006 3650 3236 3720 operibus
3263 3652 3591 3722 locupletatus
3611 3653 3822 3717 abscessit,

2284 3752 2334 3793 ut
2363 3751 2601 3794 materna:
2627 3740 2924 3794 humilitatis
2951 3740 3261 3796 nobilitatem
3286 3744 3331 3796 si
3354 3754 3483 3796 veste
3504 3762 3602 3798 non
3630 3745 3821 3818 gesserit.

2284 3842 2447 3885 tamen
2489 3842 2652 3886 mente
2696 3834 2992 3902 pra'tulerit.
3042 3832 3129 3887 Ita
3171 3836 3301 3888 enim
3347 3838 3619 3889 secundum
3663 3838 3824 3890 verbum

2280 3921 2483 3976 Domini
2513 3925 2647 3977 mitis
2674 3925 2893 3978 moribus
2924 3924 3021 3995 fuit
3044 3933 3090 3978 et
3119 3924 3322 3979 humilis
3349 3926 3499 3979 corde
3528 3927 3546 4000 (
3570 3926 3738 3981 Matth.
3764 3940 3821 3989 ιι,

2280 4014 2347 4069 $9
2371 4013 2413 4086 ),
2445 4025 2497 4067 ut
2526 4031 2625 4068 non
2649 4015 2893 4069 immerito
2921 4016 3156 4069 credatur
3179 4017 3411 4087 introisse
3436 4020 3488 4071 in
3515 4012 3720 4091 requiem
3744 4016 3825 4071 Do-

2278 4107 2420 4159 mini.
2466 4108 2717 4171 Quonimn
2760 4116 2876 4161 sunt
2927 4108 3157 4176 reliquid:
3194 4109 3383 4162 homini
3417 4112 3631 4181 paciﬁca
3667 4110 3685 4177 ί
3706 4108 3820 4164 Ρωι.

2282 4215 2307 4251 x
2320 4214 2473 4265 XXVI,
2488 4199 2602 4267 37),
2618 4209 2664 4252 et
2683 4199 2929 4253 mansueti
2943 4200 3262 4268 possidebunt
3279 4212 3461 4253 terram
3479 4194 3683 4272 (Matth.
3703 4201 3821 4268 v.1).

2279 4290 2529 4357 placentes
2558 4288 2663 4343 Deo
2690 4290 2741 4342 in
2768 4290 2968 4360 regione
2990 4292 3210 4343 virorum
3239 4289 3405 4362 (l’sal.
3436 4306 3581 4357 CXIV,
3610 4290 3683 4363 9).
3712 4290 3823 4343 Nam

2278 4392 2406 4433 certe
2428 4392 2475 4433 ct
2500 4380 2628 4434 illud
2648 4378 2877 4449 Apostoli
2897 4422 2912 4447 ,
2943 4397 3041 4434 non
3069 4381 3229 4435 solum
3260 4385 3408 4435 tacito
3439 4385 3613 4438 ruentis
3638 4381 3817 4449 amula,

2276 4473 2366 4525 sed
2391 4481 2441 4523 et
2465 4472 2750 4541 conspicuis
2778 4470 3041 4542 religiosus
3063 4472 3281 4539 implerit
3303 4473 3498 4543 ofﬁciis,
3526 4487 3577 4528 ut
3594 4488 3703 4529 cum
3722 4478 3823 4527 esset

2276 4564 2490 4617 altarum
2508 4564 2658 4633 hujus
2683 4563 2857 4618 seaculi
2876 4564 2926 4617 in
2950 4565 3125 4618 ordine
3148 4573 3195 4618 et
3215 4560 3403 4619 honore
3424 4564 3631 4639 collega.
3653 4582 3745 4619 non
3760 4574 3821 4616 ta-

2228 4656 2231 4657 ⁷
2277 4670 2386 4706 men
2409 4662 2462 4706 ut
2488 4654 2735 4725 gloriosus
2761 4663 2928 4718 terra',
2955 4655 3061 4707 alta
3087 4666 3320 4722 saperet,
3350 4657 3441 4709 sed
3461 4668 3515 4709 ut
3536 4656 3706 4712 Christi
3723 4670 3821 4724 pcr-

2276 4747 2434 4814 fectus
2463 4744 2686 4797 imitator
2715 4738 2987 4797 humilibus
3012 4746 3310 4798 consentiret
3342 4732 3515 4816 (Rom.
3544 4762 3635 4811 xu,
3662 4736 3757 4809 l6).
3782 4750 3821 4795 et

2275 4843 2375 4886 tota
2404 4835 2555 4887 etiam
2585 4835 2665 4887 die
2699 4835 2922 4888 misereri
2948 4842 2993 4888 et
3021 4838 3339 4889 commodare
3379 4839 3663 4905 persisteret.
3695 4832 3822 4890 Unde

2275 4935 2317 4977 et
2342 4941 2509 4979 semen
2530 4927 2637 4995 ejus
2665 4935 2835 4995 potens
2862 4925 2914 4978 in
2936 4936 3066 4979 terra
3092 4930 3278 4999 factum
3307 4940 3401 4997 est,
3423 4931 3552 4983 inter
3573 4916 3645 4983 eos
3661 4928 3743 4997 qui
3761 4925 3821 4977 dii

2275 5020 2428 5085 fortes
2453 5026 2599 5069 terrea
2622 5016 2833 5068 nimium
2859 5017 3037 5070 elcvati
3058 5027 3212 5083 sunt;
3237 5030 3292 5073 ut
3318 5010 3471 5073 etiam
3488 5012 3549 5075 de
3570 5006 3819 5074 beatissimo

2196 5100 2197 5103 “
2219 5112 2227 5118 ’
2274 5105 2485 5175 familia:
2508 5121 2569 5157 ac
2592 5106 2772 5159 domus
2796 5109 2905 5175 eius
2934 5106 3218 5162 visitatioue
3238 5120 3469 5165 sanctam
3496 5109 3698 5166 hominis
3725 5122 3816 5159 mc-

2275 5197 2423 5249 ritum
2449 5196 2708 5249 reveletur.
2742 5215 2762 5247 ι
2797 5195 3084 5264 Generatio,
3119 5217 3138 5252 ι
3172 5200 3350 5271 inquit,
3388 5219 3408 5253 ι
3434 5212 3663 5256 rectorum
3692 5200 3818 5251 bene-

2274 5289 2482 5342 dicetar.
2511 5284 2708 5347 Gloria.
2742 5306 2762 5343 ι
2794 5305 2893 5344 non
2923 5292 3133 5356 caduca,
3160 5310 3180 5343 α
3208 5302 3253 5346 et
3273 5293 3477 5356 dicitur,
3508 5307 3533 5345 ι·
3551 5308 3641 5347 non
3665 5290 3817 5343 taben-

2278 5392 2366 5446 tes,
2397 5399 2417 5432 ι
2445 5381 2495 5434 in
2522 5380 2669 5434 domo
2696 5382 2807 5451 ejus
2838 5402 2855 5434 ι
2888 5382 3052 5453 (Psal.
3082 5401 3186 5449 c.\‘t,
3208 5386 3261 5449 9.,
3292 5387 3345 5459 ὖ)
3373 5406 3385 5441 :
3415 5388 3558 5442 domo
3582 5400 3679 5453 Guar
3701 5382 3815 5438 adi-

2276 5474 2458 5543 ﬁcatur
2486 5474 2537 5528 in
2563 5475 2700 5527 caalis
2719 5516 2734 5541 ,
2763 5492 2862 5529 non
2893 5474 3060 5530 labore
3088 5494 3325 5533 manuum
3344 5522 3360 5549 ,
3382 5479 3471 5536 sed
3491 5493 3679 5550 operum
3704 5490 3813 5530 sane

2340 5607 2730 5682 ξιονηδαιυᾳνθ.
2834 5677 2843 5682 _
2907 5680 2921 5682 _
3108 5671 3140 5682 Δ,

2340 5672 2360 5704 ⁸
2375 5680 2509 5732 μοι,
2526 5670 2666 5723 retuli
2686 5684 2750 5723 ex
2771 5677 2874 5725 voto
2892 5670 3160 5727 Sanctitatis
3182 5680 3298 5728 tua.
