1981 3200
88 176 135 206 ω

87 214 171 260 liiiats.
191 230 247 258 Sed
269 236 337 257 cesso
355 228 429 263 plura
442 227 474 254 de
487 226 608 254 memoria
627 230 677 253 tam
697 225 781 253 dilecti
805 225 867 252 mihi

89 281 153 312 quam
164 274 244 302 ἀρυσιί
259 266 357 301 Christo
371 271 477 299 hominis
495 279 624 304 enarrare,
638 279 697 298 cum
710 277 733 299 et
754 271 867 306 pristinis

90 324 166 351 litteris
178 329 227 349 non
240 328 322 359 pauca
331 323 406 355 super
418 324 447 346 co
457 326 574 346 narrasse
587 326 627 345 me
639 322 760 352 reputent,
769 322 791 344 et
802 318 866 344 nihil

90 368 171 403 possim
189 366 219 393 de
242 367 314 393 beata
331 365 407 399 hujus
421 361 470 398 filii
484 369 577 395 matre,
593 367 617 390 et
631 364 775 390 sanctorum
788 363 844 398 pari
854 362 864 379 ί

88 415 162 441 redire
170 416 307 444 ruinarum,
319 408 429 437 Melania
441 409 529 437 melius
541 414 586 436 aut
596 410 706 436 sanctius
715 410 864 444 praedicare,

89 468 152 495 quam
162 457 289 486 Sanctitas
303 462 344 483 tua
356 456 382 483 in
398 465 452 484 eam
468 456 566 491 profari
580 460 603 482 et
616 455 747 490 disputare
760 455 864 491 dignata

88 512 133 537 est;
145 510 168 532 ut
181 505 240 540 quia
254 512 299 541 ego
313 508 428 537 peccator
442 502 571 529 itinuunda
592 501 657 529 labia
677 502 786 536 habeas,
800 503 864 529 nihil

88 550 177 587 dignum
196 550 263 584 loqui
285 554 432 584 potueram,
452 554 480 575 ut
500 543 650 583 longinquus
664 556 680 573 a
698 548 792 575 meritis
803 542 865 581 ﬁdei

88 598 134 633 ejus
154 596 289 630 anima'que
314 592 462 626 uirtutibus,
483 597 509 620 tu
531 590 573 620 ille
592 594 628 620 vir
651 591 759 622 Christi.
777 593 865 620 doctor

88 641 157 669 Israel
178 642 203 667 in
223 640 336 667 Ecclesia
361 639 488 670 veritatis.
504 641 653 673 procurante
671 638 696 664 in
714 638 802 665 melius
817 638 864 665 Dei

87 687 172 723 gratia,
187 685 313 721 parareris
330 685 431 720 dignior
449 689 500 711 tam
519 683 598 710 virilis
616 683 642 710 in
655 682 753 710 Christo
772 683 864 710 animte

87 734 230 769 prcdicalor,
243 732 286 766 qui
298 736 322 758 et
338 737 445 758 utentem
456 730 510 766 ejus
523 730 607 756 divina
621 730 711 756 virtute
724 729 861 762 ﬁrmatam,

86 785 110 805 ιι
121 779 167 805 disi
178 799 185 810 ,
202 778 294 813 spiritu
311 776 429 812 propiore
448 776 622 811 conspiceres,
641 779 665 801 et
685 775 788 801 mixtam
805 781 863 801 cum

87 826 163 851 virtute
174 824 290 859 pietatem
304 822 402 857 eloquio
413 822 527 857 digniore
540 818 665 847 laudares.

114 871 136 897 ι.
151 869 208 901 ante
219 877 276 896 vero
291 874 348 902 post
359 867 563 894 resurrectionem
577 866 661 893 contis
675 866 701 892 in
715 865 761 892 illo
771 863 863 892 mcqu

86 916 197 943 beatorth
218 917 306 951 futura
327 914 360 940 sit
374 914 440 940 actio
451 914 473 945 ',
485 917 511 939 ιιι
525 920 564 939 me
578 912 731 946 interrogare
744 911 863 947 dignatui

85 970 115 989 es.
130 961 157 988 Αι
174 965 217 996 ego
234 960 266 988 de
281 960 399 995 prementi
414 960 470 986 uiue
484 966 545 985 mea:
558 963 624 984 statu
638 962 663 984 ut
677 958 825 993 magis'cum
839 958 863 984 et

85 1008 192 1034 medicum
201 1005 360 1042 spititualem
371 1005 485 1036 cottsulo,
495 1010 522 1031 ut
533 1004 624 1031 doceas
634 1011 673 1030 me
682 1005 764 1038 facere
774 1003 862 1030 volun-

86 1059 136 1081 tates
151 1052 211 1082 Dei.
229 1053 327 1087 tuisque
341 1051 449 1087 vestigiis
468 1051 599 1078 ambulare
612 1055 667 1085 post
682 1048 823 1082 Christum,
839 1054 863 1077 et

85 1105 152 1127 morte
160 1100 206 1130 ista
219 1099 363 1134 euangelica
376 1098 446 1133 prius
459 1097 548 1130 emori,
563 1104 614 1131 qua
627 1096 755 1123 carnalem
767 1096 862 1122 resolu-

85 1147 162 1174 tionem
173 1146 313 1173 voluntario
327 1144 492 1180 prarvenimus
506 1143 517 1159 ⁸
530 1151 629 1170 excessu
640 1151 648 1174 ;
661 1150 711 1169 non
726 1142 805 1173 obittt,
818 1138 863 1168 sed

85 1193 188 1219 sentemia
202 1191 344 1218 recedentes
358 1190 388 1216 ab
403 1190 478 1224 hujus
493 1188 580 1216 sa'cnli
590 1189 639 1214 vita
649 1208 656 1221 ,
670 1194 726 1223 quae
741 1193 792 1221 tota
806 1192 861 1214 ten-

85 1239 191 1265 tationum
203 1258 211 1269 ,
224 1237 262 1263 uel
271 1257 278 1268 ,
295 1240 322 1262 ut
337 1241 364 1262 tu
383 1234 521 1269 aliquando
540 1234 574 1260 ad
587 1241 626 1260 me
640 1233 738 1260 locutus
750 1240 776 1259 es
786 1253 792 1264 ,
810 1237 862 1259 tota

84 1284 174 1311 tentatio
186 1287 231 1310 est.
246 1282 351 1310 Utinam
370 1289 429 1316 ergo
448 1281 485 1307 sic
504 1279 646 1315 dirigantur
665 1273 711 1306 vita
725 1285 786 1305 mea:
807 1283 862 1312 post

83 1330 177 1365 uestigia
188 1335 238 1360 tua,
251 1333 278 1355 ut
293 1328 408 1363 exemplo
423 1331 464 1354 tuo
478 1326 575 1353 solvens
587 1323 783 1369 calceamentum
794 1330 861 1352 uetus

85 1374 114 1402 tie
124 1374 217 1410 pedibus
227 1374 296 1406 meis,
309 1373 466 1407 dismmpam
480 1370 580 1399 uincula
593 1378 657 1401 mea.
669 1376 691 1410 et
707 1371 769 1398 liber
778 1371 861 1398 exsul-

86 1425 130 1448 tau
148 1420 177 1446 ad
196 1419 342 1447 currendum
362 1419 447 1449 aiam,
461 1425 511 1452 quo
526 1417 619 1452 possim
640 1416 738 1452 assequi
757 1421 861 1443 mortem

83 1464 161 1498 istam,
178 1473 224 1500 qua
236 1469 262 1491 tu
275 1468 391 1491 mortuus
403 1471 428 1491 es
445 1463 504 1489 huic
524 1461 628 1493 saeculo,
646 1466 672 1488 ut
687 1462 754 1488 vivas
768 1461 821 1488 Deo
834 1462 860 1489 in

83 1510 173 1538 Christo
183 1511 275 1538 risente
287 1511 314 1537 in
327 1512 360 1542 te,
370 1509 443 1545 cujus
453 1513 476 1536 et
488 1515 555 1536 mors
569 1512 593 1534 et
605 1508 654 1534 vita
667 1507 692 1534 in
706 1516 810 1542 corpore
819 1514 861 1535 tuo

82 1562 103 1584 st
118 1557 186 1584 corde
205 1561 229 1584 et
250 1565 295 1584 ore
315 1556 492 1592 cognoscitur!
508 1555 569 1591 quia
583 1563 633 1582 non
651 1554 716 1589 sapit
729 1562 773 1581 cor
790 1559 861 1581 tuum

83 1606 177 1633 terreno.
188 1610 232 1629 nec
245 1611 275 1629 os
288 1603 358 1628 tuum
372 1601 482 1637 loquitur
495 1608 572 1636 opera
585 1599 735 1631 hominum;
749 1599 793 1626 sed
806 1607 860 1627 ver-

83 1646 131 1674 bum
147 1647 236 1675 Christi
256 1645 369 1674 abundat
389 1647 415 1673 in
436 1651 535 1681 pectore
556 1650 608 1677 tuo,
628 1649 652 1672 ct
670 1645 774 1680 spiritus
795 1646 860 1672 aeri-

82 1694 130 1720 tatis
147 1692 284 1727 etfunditur
303 1693 330 1719 in
350 1692 437 1728 lingua
455 1697 498 1719 tua
517 1691 621 1727 superni
637 1691 750 1726 [laminis
767 1691 861 1727 impetu

82 1737 198 1772 leti/itam
212 1738 336 1765 civitatem
347 1736 405 1764 Dei.
809 1732 811 1734 ’

110 1783 133 1810 5.
153 1784 214 1816 Qua
221 1789 307 1811 autem
319 1784 396 1810 rit-tus
405 1783 470 1810 hanc
482 1782 508 1809 in
519 1782 590 1809 nobis
600 1782 672 1818 egit-it
683 1785 798 1816 mortem,
812 1784 860 1810 nisi

80 1829 185 1862 chains,
200 1837 257 1864 que
268 1830 340 1865 fortis
355 1834 390 1856 est
404 1833 431 1855 ut
444 1829 531 1855 mors?
545 1826 590 1856 Sic
599 1830 665 1856 enim
679 1829 804 1856 oblitterat
814 1838 860 1856 no-

82 1874 113 1901 bis
124 1880 144 1902 et
155 1876 251 1910 perimit
266 1875 315 1902 hoc
333 1874 464 1906 saeculum,
479 1878 506 1901 ut
526 1875 629 1910 itnpleat
643 1875 730 1902 ntortis
744 1874 860 1908 effectum

81 1921 238 1955 pera/lectum
252 1920 356 1954 Christi,
370 1921 397 1948 in
410 1929 482 1956 quem
493 1921 606 1947 conversi
620 1921 754 1948 avertimur
768 1921 799 1948 ab
814 1921 860 1948 hoc

80 1967 177 1998 mundo.
200 1972 223 1995 et
246 1967 289 1994 cui
308 1968 416 1994 viventes
437 1967 558 1993 morimur
580 1965 612 1993 ab
634 1967 759 1993 elementis
784 1966 861 2002 hujus

80 2013 165 2040 mandi.
184 2013 236 2041 Nec
249 2019 369 2048 tanquam
382 2013 489 2039 virentes
499 2012 525 2039 in
542 2020 627 2039 eorum
643 2016 775 2046 conspectu
790 2013 860 2039 risu-

80 2058 134 2092 qle‘
147 2059 309 2091 decernimus,
331 2059 389 2093 quia
403 2058 484 2093 portio
504 2061 590 2084 nostra
611 2063 677 2085 mors
697 2056 791 2084 Christi
804 2062 860 2084 est:

81 2103 143 2137 cujus
160 2112 175 2130 a
192 2104 296 2131 mannis
314 2103 520 2130 resurrectionem
544 2105 594 2129 non
608 2101 820 2137 apprehendimus
834 2103 860 2128 in

80 2150 161 2183 gloria.
174 2151 219 2178 nisi
231 2155 339 2177 mortem
351 2150 406 2184 ejus
418 2149 445 2176 in
458 2156 531 2175 cruce
542 2148 699 2182 morti/icatis
712 2147 827 2175 membris
837 2152 860 2175 et

79 2195 179 2223 ιαηὲιιιι
192 2196 278 2223 carnis
295 2195 440 2226 imitentur;
453 2199 479 2220 ιιι
490 2196 545 2229 jant
566 2201 616 2221 non
630 2199 716 2220 nostra
734 2194 860 2221 uoluntate

80 2241 186 2275 vinum,
204 2242 249 2270 sed
267 2241 347 2275 illius,
366 2242 438 2276 cujus
457 2234 574 2268 uolumus
589 2240 755 2275 sanctiﬁcatio
774 2246 859 2283 nostra

79 2289 120 2319 est,
136 2293 157 2313 et
169 2289 205 2322 qui
219 2288 276 2314 ideo
289 2296 334 2322 pro
354 2286 424 2314 nobis
444 2291 557 2313 mortuus
578 2291 615 2313 cst
629 2290 651 2312 et
667 2286 812 2319 resurresit,
833 2289 860 2313 ut

76 2333 126 2366 jus
139 2341 185 2361 non
200 2334 281 2364 nobis.
295 2333 339 2360 sed
352 2333 390 2360 iiii
404 2333 525 2363 vivamus.
543 2333 586 2367 qui
599 2340 645 2367 pro
662 2332 732 2359 nobis
746 2338 859 2360 mortuus

78 2382 110 2404 est
122 2380 292 2411 «resurrexit,
304 2384 327 2405 et
337 2378 405 2405 dedit
416 2368 486 2405 nobis
496 2378 586 2413 pignus
598 2379 796 2411 repromissionis
807 2387 860 2405 sum

78 2424 162 2456 tpiritn
177 2434 229 2456 suo,
244 2426 307 2452 sicut
322 2425 411 2459 pignus
428 2425 482 2450 vita!
503 2429 593 2449 nostrtv
608 2424 688 2457 posuit
708 2424 731 2449 in
752 2425 818 2450 rte/is
834 2426 858 2450 in

79 2475 173 2502 corpore
182 2478 237 2502 suo,
252 2470 319 2505 quod
332 2475 367 2496 est
378 2474 450 2503 caput
459 2469 469 2483 ⁸
480 2469 592 2502 corporis
604 2468 690 2494 nostri.
708 2468 781 2495 Uade
794 2477 857 2495 nunc

80 2516 218 2546 mpectatio
236 2521 322 2541 nostra
346 2514 468 2540 Dominus
490 2519 525 2540 est
540 2519 563 2540 et
585 2515 734 2544 subsluntia,
759 2523 815 2549 quw
829 2515 859 2540 ab

81 2558 130 2592 ipso
146 2559 206 2593 facta
218 2566 252 2587 est
266 2560 334 2595 apud
348 2561 441 2595 ipsum.
458 2565 480 2586 et
495 2560 520 2585 in
536 2560 599 2593 ipso,
615 2564 637 2585 et
651 2568 694 2592 per
710 2560 801 2594 ipsum,
817 2561 859 2593 qui

80 2606 239 2638 conformatus
252 2611 286 2634 est
301 2606 401 2640 corpori
414 2606 563 2632 humilitatis
581 2611 679 2635 nostrtv,
702 2611 727 2632 ιιι
742 2615 785 2632 nos
800 2615 858 2632 con—

82 2649 190 2682 formaret
202 2652 301 2686 corpori
314 2652 400 2686 gloria!
415 2660 477 2681 saw.
493 2656 514 2677 et
528 2660 611 2677 secum
625 2652 649 2676 in
660 2651 797 2678 ctelcstibus
808 2652 859 2678 col-

111 2703 118 2718 ι
131 2706 191 2732 Ima,
200 2708 272 2734 patre.

110 2733 120 2767 ξ
132 2737 191 2763 Ima,
200 2733 261 2760 actio
272 2738 360 2767 nostra.
486 2763 500 2767 __
705 2763 709 2767 ,

111 2763 121 2779 ⁸
133 2767 177 2796 tm
186 2782 192 2791 .
204 2768 298 2790 martem
311 2764 379 2790 istum
395 2763 593 2796 evangelicum...
606 2763 785 2794 priet-minatus.
799 2769 859 2793 Quas

83 2792 258 2827 Malmtue
270 2795 351 2826 plures
363 2797 391 2819 ad
401 2800 406 2819 ι
415 2792 622 2820 ὴιυὶυ·ωηυὼεὼ
635 2797 740 2818 ευιιιυυιιι
752 2797 859 2819 θυι-ιρχὶ-

113 2852 126 2887 :
136 2859 174 2879 Ns.
184 2855 300 2885 Numam,
310 2863 404 2887 usuque.

115 2882 127 2900 ⁸
136 2888 176 2912 ιι
187 2882 298 2912 ιιωωυαξ
305 2882 392 2912 οωιίιίι
403 2890 480 2918 capuL

921 165 1059 213 CLAS§I§
1078 168 1111 206 li.

1661 172 1712 217 .559

920 225 1023 252 locaret.
1041 225 1181 260 Propterea
1191 231 1214 253 et
1225 227 1268 262 qui
1280 227 1352 263 digni
1362 227 1455 262 fuerint
1464 228 1514 255 vita
1524 233 1629 265 a'terna,
1640 234 1713 256 erunt

920 270 946 297 in
958 271 1039 306 gloria
1053 273 1122 307 regni
1138 273 1201 307 ejus,
1217 278 1243 299 ut
1263 282 1317 299 cum
1330 274 1384 307 ipsa
1401 275 1452 300 sint
1465 275 1488 310 (Ι
1503 270 1589 302 Thess.
1606 283 1641 308 ιν,
1657 277 1711 312 16),

921 317 985 344 sicut
1005 316 1140 354 Apostolus
1154 319 1199 350 ait,
1221 324 1244 346 et
1265 327 1322 346 cum
1336 320 1391 354 ipso
1407 316 1532 351 maneant,
1549 322 1612 348 sicut
1626 327 1648 349 et
1661 323 1713 357 ipse

919 359 1043 390 Dominus
1053 363 1088 390 ad
1099 363 1200 391 Patrem
1210 360 1274 391 dixit
1286 373 1295 391 :
1311 374 1320 391 ι
1341 364 1403 401 Volo
1417 371 1444 401 ut
1457 367 1498 393 ubi
1508 376 1553 403 ego
1563 371 1629 401 sum,
1642 374 1664 395 et
1675 369 1713 396 illi

919 408 970 435 sint
980 412 1075 436 merum
1089 417 1098 436 ι
1112 408 1200 442 (Ioau.
1215 417 1281 442 sva,
1296 410 1352 446 Et).

955 453 982 481 6.
1003 450 1066 482 Sine
1079 450 1155 482 dubio
1168 449 1215 482 hoc
1236 449 1301 483 illud
1312 462 1349 483 est
1364 457 1431 491 quod
1451 458 1477 484 in
1494 451 1604 494 psalmis
1617 459 1691 487 habes
1704 469 1713 488 :

922 507 933 525 ι
948 498 1019 526 Beati
1031 500 1074 534 qui
1090 499 1201 527 habitmtt
1214 496 1239 528 in
1250 501 1324 528 domo
1337 508 1396 533 tua;
1408 503 1434 535 in
1451 504 1545 530 stt-cuia
1561 505 1712 532 sceculorum

919 544 1058 571 laudabunt
1068 550 1091 572 te
1105 547 1127 581 ι(
1144 544 1215 573 Psol.
1228 554 1340 579 Lxunt,
1355 541 1395 582 3).
1411 539 1477 574 i’uto
1488 554 1570 575 autem
1582 550 1647 576 hanc
1654 551 1710 577 lau-

918 592 1045 619 dationem
1068 593 1168 620 uocibus
1189 594 1372 620 concinentiam
1393 602 1446 621 esse
1470 596 1633 630 promendum
1648 601 1712 623 :etst

918 637 1116 664 imntutubt'tatttr
1135 644 1278 665 sanctorum
1291 640 1473 674 resurgentium
1490 648 1606 675 corpora,
1623 646 1650 667 ut
1662 642 1713 668 sint

918 683 981 710 sicut
995 688 1018 710 ct
1030 683 1133 711 Domini
1143 692 1234 720 corpus
1245 688 1302 719 past
1315 687 1518 714 resurrectionem
1533 689 1671 723 apparuit;
1686 690 1712 716 in

916 735 967 763 qua
982 729 1066 764 utique
1081 731 1269 757 resurrectionis
1282 728 1400 758 humana:
1414 726 1467 759 viva
1481 733 1563 768 imago
1577 735 1710 769 prtefulsit.

917 778 946 800 ιιι
960 774 1084 801 Dominus
1095 775 1159 809 ipse,
1175 776 1217 810 qui
1230 776 1256 802 in
1275 783 1380 810 corpore
1392 777 1448 812 ipso
1466 786 1514 813 quo
1528 787 1616 812 passus
1631 782 1713 815 fuerat

917 825 941 847 et
951 825 1134 852 resurrexerat,
1148 821 1223 855 quasi
1230 817 1361 855 speculum
1371 823 1590 857 contemplationis
1600 825 1712 852 omnibus

918 866 1002 901 fuerit.
1020 865 1070 899 Qui
1086 866 1170 902 utique
1182 874 1239 893 cum
1256 867 1283 894 in
1298 868 1384 895 eadem
1398 876 1484 901 carne,
1499 877 1548 904 qua
1564 876 1676 897 mortuus
1690 876 1713 898 et

916 912 1029 947 sepultus
1036 913 1128 947 fuerat,
1137 914 1324 947 "surrexisset,
1336 915 1420 941 ontniu
1425 923 1448 942 ιιι
1456 917 1539 942 omnia
1548 917 1627 951 ofﬁcia
1637 927 1712 945 mem-

917 952 1017 984 brorum
1030 965 1147 992 expressa
1164 959 1244 985 oculis
1256 964 1278 985 et
1291 960 1393 986 auribus
1409 961 1537 988 [coruinum
1552 970 1620 996 stepe
1635 964 1712 990 colla-

917 1003 974 1029 tas‘
988 1002 1110 1030 exhibuit.
1128 1003 1203 1035 Quod
1212 1005 1236 1030 si
1246 1005 1320 1031 etiam
1336 1000 1435 1040 Angrii,
1448 1012 1553 1040 quorum
1566 1007 1712 1042 simpliciter

916 1049 1056 1083 spiritualis
1069 1053 1105 1076 est
1123 1055 1246 1082 creatura,
1264 1050 1364 1085 linguas
1378 1046 1468 1078 habere
1482 1052 1609 1085 dicuntur,
1624 1054 1711 1088 quibus

916 1095 1002 1130 utique
1011 1094 1099 1123 laudes
1112 1094 1220 1124 Dontino
1233 1097 1339 1123 creatori
1353 1102 1456 1124 cantant
1471 1101 1495 1124 et
1508 1099 1603 1133 gratias
1617 1101 1711 1134 referre

916 1148 966 1168 non
984 1141 1111 1174 desinunt,
1132 1147 1226 1174 qttanto
1243 1143 1323 1178 magis
1345 1142 1483 1175 hominum,
1504 1138 1548 1171 etsi
1568 1144 1712 1180 s’piritualia

911 1186 968 1226 jam
978 1190 1034 1220 post
1044 1187 1249 1213 resurrectionem
1263 1196 1378 1222 corpora.
1393 1189 1549 1217 manentibus
1562 1193 1642 1217 tamen
1655 1191 1710 1225 glo-

915 1231 1022 1265 bi/icatte
1034 1232 1117 1259 carnis
1129 1233 1243 1260 omnibus
1262 1233 1388 1266 membris,
1402 1239 1424 1260 et
1438 1242 1482 1269 per
1496 1236 1580 1262 omnia
1599 1237 1710 1263 membra

915 1276 1005 1311 formis
1026 1281 1049 1302 et
1073 1278 1183 1303 numeris
1202 1278 1263 1309 suis.
1286 1282 1309 1304 et
1321 1279 1420 1315 linguas
1439 1278 1563 1307 habebunt
1583 1281 1608 1307 in
1626 1282 1711 1308 oribus

914 1322 978 1355 suis,
996 1327 1020 1349 et
1032 1322 1125 1358 linguis
1147 1321 1281 1358 eifantibus
1297 1323 1392 1351 dabunt
1409 1331 1489 1357 voces,
1507 1317 1595 1361 quibus
1613 1326 1710 1354 divinos

915 1365 1003 1395 laudes
1024 1368 1061 1395 uel
1075 1376 1194 1395 sensuum
1212 1377 1315 1396 suorum
1333 1371 1530 1405 gaudiorumque
1549 1368 1653 1404 umectus
1666 1381 1711 1407 per

914 1414 989 1441 verba
1000 1414 1159 1449 depromunt.
1174 1414 1253 1442 Forte
1266 1415 1341 1442 etiam
1352 1416 1399 1443 hoc
1411 1417 1501 1451 gratia:
1515 1417 1650 1452 gloria'que.
1661 1426 1709 1454 ap-

915 1460 1027 1495 positum
1043 1460 1136 1488 sanctis
1154 1461 1207 1488 suis
1224 1459 1342 1493 Domino,
1361 1461 1387 1488 in
1405 1462 1505 1489 “oculis
1523 1463 1596 1498 regni
1613 1464 1664 1496 sui,
1682 1468 1708 1490 ut

915 1507 985 1532 tanta
996 1505 1133 1540 potioribus
1143 1498 1236 1541 linguis
1248 1511 1271 1533 et
1281 1506 1379 1533 uocibus
1390 1511 1493 1540 canant,
1503 1511 1595 1540 quanto
1607 1508 1641 1534 ad
1651 1502 1708 1535 bea-

914 1550 1003 1578 tiorem
1025 1556 1143 1577 naturam
1160 1559 1296 1585 corporum
1316 1552 1388 1579 beata
1406 1553 1577 1580 immutatione
1595 1556 1708 1588 profece-

913 1595 975 1626 rinl.
994 1601 1021 1622 ut
1033 1596 1059 1623 in
1081 1597 1228 1631 corporibus
1238 1597 1295 1632 jam
1315 1596 1489 1631 spiritualibus
1508 1598 1710 1634 constituti,‘jam

915 1642 1021 1678 forsitan
1040 1651 1089 1670 non
1102 1643 1229 1675 humanis,
1247 1643 1294 1670 sed
1305 1642 1355 1670 illis
1370 1643 1489 1678 angelicis
1508 1648 1582 1678 atque
1601 1643 1708 1671 caelesti-

914 1687 969 1720 bus,
986 1688 1072 1723 quales
1087 1688 1222 1723 Apostolus
1231 1689 1327 1716 audivit
1341 1689 1367 1715 in
1379 1689 1497 1724 paradiso
1507 1689 1541 1724 (ll
1553 1688 1611 1717 Cor.
1625 1691 1708 1726 qu)

913 1734 1069 1761 sermonibus
1081 1735 1240 1769 eloquuntur.
1264 1733 1297 1760 Et
1318 1734 1375 1761 ideo
1388 1731 1495 1770 forsitan
1509 1735 1605 1762 homini
1615 1735 1707 1769 ine/fa-

914 1778 975 1808 biles
991 1787 1032 1806 eos
1045 1787 1171 1810 sermones
1183 1780 1260 1815 fuisse
1275 1785 1377 1808 testatus
1396 1785 1443 1812 est.
1456 1781 1518 1815 quia
1527 1781 1632 1813 sanctis,
1645 1782 1709 1811 inter

914 1824 978 1855 alias
998 1825 1159 1859 prtetttiorum
1179 1826 1283 1859 species.
1294 1826 1354 1860 jam
1371 1832 1442 1859 non
1459 1825 1555 1861 lingua
1573 1832 1706 1862 parantur.

916 1868 1012 1902 Quibus
1026 1870 1118 1896 idcirco
1129 1870 1270 1897 hominibus
1280 1871 1357 1905 hujus
1370 1871 1457 1903 saguli
1467 1871 1550 1904 adhuc
1565 1873 1601 1903 uti
1616 1881 1667 1903 non
1679 1873 1708 1900 li-

913 1921 960 1942 cet.
975 1921 1002 1942 ut
1009 1917 1065 1950 jam
1079 1917 1118 1943 Itis
1130 1915 1219 1952 gloria:
1231 1924 1284 1945 sua:
1295 1918 1488 1953 congruentibus
1501 1918 1657 1954 immortales
1666 1920 1707 1948 la-

912 1966 1032 1996 quantur,
1053 1961 1084 1987 de
1103 1961 1191 1996 quibus
1205 1962 1299 1996 dictum
1313 1967 1359 1995 est,
1378 1971 1387 1988 ι
1406 1962 1505 1996 Etenim
1522 1965 1666 1998 clamabunt
1680 1970 1704 1992 et

913 2007 1034 2042 hymnum
1057 2007 1139 2034 dicent
1156 2016 1166 2033 ι
1193 2007 1277 2043 (Psal.
1299 2016 1373 2043 uw,
1395 2008 1458 2044 ii);
1480 2009 1570 2044 procul
1586 2010 1664 2045 dubio
1680 2011 1706 2037 in

913 2052 1062 2086 cteleslibus.
1076 2053 1118 2079 ubi
1133 2060 1190 2079 cttnt
1209 2052 1319 2089 Domino
1333 2058 1416 2087 erunt,
1436 2058 1459 2090 et
1471 2053 1660 2090 delectabantur
1678 2055 1704 2082 in

912 2097 1068 2125 abundantia
1088 2098 1167 2132 pacis,
1188 2098 1325 2133 gaudentes
1344 2098 1370 2125 in
1385 2104 1520 2138 conspectu
1539 2100 1633 2133 throni,
1649 2101 1707 2129 mit-

913 2148 990 2169 tentes
1005 2148 1063 2169 ante
1075 2143 1150 2178 pedes
1163 2141 1230 2177 Aqui
1240 2148 1340 2178 pateras
1353 2148 1376 2170 et
1390 2152 1507 2176 coronas,
1523 2150 1546 2172 et
1559 2150 1675 2173 canentes
1685 2147 1707 2174 ei

912 2190 1037 2215 canticum
1055 2196 1157 2220 novum,
1180 2187 1308 2224 aggregali
1333 2189 1417 2216 cltoris
1436 2182 1598 2225 Angeloram,
1620 2180 1705 2218 Vit-iu-

912 2236 975 2265 tum,
993 2231 1208 2265 Dominatiouum,
1220 2226 1391 2266 Thronorunt,
1407 2239 1467 2261 utet
1478 2223 1531 2271 ipsi
1543 2243 1597 2262 cum
1613 2226 1708 2263 Cheru-

913 2277 962 2305 bint
975 2283 1049 2310 atque
1068 2272 1216 2313 Seraphint,
1236 2283 1259 2305 et
1273 2283 1379 2314 quatuor
1399 2278 1452 2313 illis
1473 2281 1634 2314 animalibus,
1649 2290 1707 2309 uoce

913 2330 1031 2360 perpetua
1041 2325 1198 2351 concinentes
1208 2324 1302 2355 dicunt,
1315 2333 1324 2349 ι
1338 2325 1455 2357 Sanctus,
1467 2332 1581 2362 sancta”
1592 2333 1705 2361 satiata,

912 2370 1038 2400 Doruinus
1048 2369 1116 2396 Deus
1127 2370 1234 2398 sabaottt
1246 2378 1259 2396 ι
1268 2368 1342 2405 (luti.
1356 2378 1393 2403 Vl,
1405 2370 1431 2403 3,
1443 2375 1469 2397 ec
1479 2372 1557 2406 Apoc.
1568 2378 1603 2403 tv,
1615 2372 1705 2407 8-10).

912 2420 936 2443 et
948 2415 1045 2450 reliqua
1057 2422 1114 2454 quas
1127 2415 1202 2452 nosti.
1391 2408 1393 2410 ’

948 2461 974 2487 7.
996 2459 1054 2487 Hoc
1070 2465 1106 2495 est
1119 2468 1178 2496 ergo
1192 2460 1260 2495 quod
1276 2468 1368 2496 egenus
1380 2465 1402 2494 et
1416 2468 1512 2496 pauper
1525 2469 1570 2497 ego
1583 2462 1627 2489 ille
1644 2463 1705 2491 insi-

912 2508 984 2544 piens
998 2512 1021 2534 et
1032 2507 1151 2543 paruulus
1163 2512 1232 2539 tuus,
1246 2516 1318 2542 quem
1329 2514 1356 2535 ut
1369 2516 1442 2536 uerus
1453 2510 1553 2543 sapiens
1566 2512 1632 2546 ferre
1643 2520 1705 2540 con-

911 2552 1000 2585 suesti,
1021 2560 1083 2588 rogo
1098 2557 1125 2579 ut
1147 2560 1186 2580 me
1200 2553 1330 2580 scientiam
1351 2552 1389 2580 rel
1405 2553 1548 2589 opinionem
1567 2563 1642 2590 super
1661 2558 1707 2584 hoc

913 2593 981 2634 iuom
994 2599 1084 2625 doceas
1095 2597 1166 2633 (quia
1179 2598 1231 2626 scio
1243 2603 1267 2624 te
1279 2598 1451 2629 illuminatuttt
1465 2599 1555 2633 Wiritu
1575 2602 1706 2629 reuelatio-

913 2644 952 2670 nis
964 2643 996 2669 ab
1010 2643 1066 2677 ipso
1079 2642 1143 2669 duce
1159 2646 1183 2669 et
1197 2644 1266 2678 fonte
1280 2643 1440 2678 sapientium.
1459 2645 1487 2670 ul
1500 2644 1564 2671 sicut
1581 2647 1707 2679 pt'll'it't'llt‘l

911 2687 1061 2723 cognouisti,
1072 2693 1095 2714 et
1108 2688 1239 2722 ptwseutia
1251 2688 1333 2721 rides,
1349 2689 1383 2715 ita
1394 2689 1467 2716 etiam
1481 2690 1513 2716 de
1528 2691 1621 2725 futuris
1642 2694 1707 2719 testi—

912 2734 999 2769 περ)
1011 2742 1020 2766 ;
1035 2734 1096 2768 quia
1108 2741 1210 2761 censeas
1221 2733 1252 2761 de
1267 2734 1306 2761 his
1323 2735 1460 2762 caelestium
1474 2742 1656 2770 creaturarum,
1671 2740 1708 2765 t'cl

912 2780 987 2806 etiam
1000 2787 1076 2813 super
1087 2779 1161 2806 cados
1177 2779 1204 2807 in
1216 2786 1350 2815 conspectu
1362 2781 1483 2808 Altissimi
1497 2783 1623 2815 agentium
1639 2785 1706 2811 coci-

945 2845 955 2861 ί
966 2849 1033 2876 Low,
1043 2845 1137 2876 collata.

947 2875 957 2891 ‘
969 2875 1035 2906 LovJ,
1046 2875 1106 2908 quid
1117 2875 1228 2902 eum.
