3962 6390
134 349 224 408 553
502 294 506 296 ’
1290 343 1655 404 EPISTULAB

1764 395 1766 403 ι
1805 346 2079 412 CLASSlS
2105 355 2172 412 ιιι

134 467 254 524 unde
285 467 557 534 clamatur,
601 464 766 538 Euge,
806 462 969 536 Euge.
1011 463 1232 536 Propter
1253 463 1356 522 hoc
1380 483 1544 540 genus
1574 478 1687 524 ten-

131 561 316 616 tatiouis
349 561 416 615 ab
443 558 635 631 angelo
676 557 1059 628 colaphizatum
1099 574 1157 614 se
1189 567 1362 613 tantus
1402 561 1684 630 Apostolus

132 656 383 707 contuetur
412 651 476 722 (ll
504 650 621 705 Cor.
652 666 746 715 xu,
771 649 847 718 7).
879 649 1015 705 Ecce
1038 649 1176 706 unde
1203 652 1306 706 vita
1337 651 1561 706 humana
1590 670 1681 708 su-

134 761 205 812 per
231 754 410 798 terram
441 754 549 799 tota
570 743 788 798 teutatio
815 751 929 805 est;
955 741 1167 811 quando
1192 753 1244 797 et
1277 744 1344 797 ibi
1374 746 1536 798 homo
1565 755 1682 799 ten-

134 847 263 899 tatur,
305 838 384 891 uhi
423 848 678 907 quantum
717 844 889 905 potest
919 835 1039 889 vita:
1078 836 1313 891 cmlestis
1351 836 1679 892 similitudini

126 937 385 996 tuaptstltlr.

182 1020 226 1074 ὅ.
262 1019 384 1086 Quid
415 1019 585 1075 dicam
612 1019 680 1075 de
710 1019 1049 1084 vindicando,
1080 1018 1160 1076 vel
1191 1035 1296 1076 non
1321 1021 1678 1076 vindicando?

125 1111 514 1180 quandoquidem
543 1111 642 1167 hoc
672 1122 839 1166 totum
867 1113 932 1166 ad
960 1129 1143 1168 eorum
1171 1115 1392 1169 salutem
1419 1116 1676 1185 prolicere

126 1204 352 1264 volumus,
381 1203 430 1256 in
458 1219 594 1273 quos
627 1203 680 1258 vi
706 1205 1006 1260 idicandum
1045 1214 1134 1259 aut
1170 1222 1273 1260 non
1303 1208 1675 1264 vindicandum

125 1308 220 1347 esse
253 1295 579 1350 arbitramur.
629 1296 760 1365 Quis
798 1298 957 1353 etiam
1008 1299 1077 1353 sit
1117 1300 1413 1355 vindicandi
1461 1303 1672 1365 modus.

123 1400 206 1438 non
229 1385 381 1439 solum
411 1401 508 1456 pro
533 1389 792 1458 qualitate
821 1389 903 1442 vel
927 1390 1218 1458 quantitate
1247 1392 1542 1460 culparum,
1574 1409 1668 1449 ve-

121 1492 216 1528 rum
251 1478 395 1529 etiam
443 1494 538 1545 pro
580 1479 897 1547 quibusdam
943 1480 1144 1533 viribus
1190 1482 1508 1546 animorum,
1547 1485 1673 1553 quid

119 1569 308 1639 quisque
334 1570 570 1631 sufferat.
599 1571 724 1640 quid
750 1582 978 1634 recuset,
1004 1588 1071 1626 ne
1092 1588 1194 1627 nou
1226 1574 1392 1628 solum
1423 1591 1526 1628 non
1549 1591 1672 1645 pro-

120 1661 249 1716 ﬁciat.
277 1661 360 1714 sed
385 1663 543 1715 etiam
571 1661 804 1726 deficiat,
834 1678 990 1733 quam
1027 1664 1340 1733 profundum
1362 1675 1414 1719 et
1440 1666 1672 1720 latebro-

118 1766 210 1803 sum
233 1753 327 1804 esl!
357 1752 752 1820 impendentem
781 1769 991 1822 quoque
1021 1753 1305 1808 vindictam
1350 1767 1664 1837 metuentes,

117 1858 213 1911 quze
254 1844 314 1895 ab
353 1844 660 1900 hominibus
709 1849 981 1911 metuitur,
1032 1849 1212 1901 nescio
1264 1857 1437 1901 utrum
1487 1849 1668 1918 plures

115 1939 298 1990 Cnl'l'EL'li
340 1948 477 2004 sunt,
508 1954 670 2008 quant
707 1938 759 1991 in
790 1937 1023 1992 deterius
1063 1939 1325 1995 abierunt.
1359 1940 1515 2007 Quid,
1547 1958 1667 1997 eum

114 2043 229 2096 sepe
257 2029 465 2086 accidat.
507 2042 567 2083 ut
607 2030 653 2083 si
694 2031 744 2083 in
782 2046 1099 2100 quemquam
1142 2033 1512 2098 vindicaveris,
1556 2035 1666 2103 ipse

115 2133 289 2189 peruul;
332 2122 370 2174 si
416 2122 644 2176 imdtum
690 2122 783 2176 reli
807 2124 989 2190 pueris,
1029 2123 1165 2178 alter
1197 2125 1413 2193 pereat?
1457 2125 1568 2195 Ego
1613 2126 1662 2180 iu

115 2211 181 2264 iliS
204 2212 408 2280 quotidie
438 2227 664 2281 peccare
706 2228 791 2266 me
832 2211 1022 2277 fateor,
1069 2223 1122 2268 et
1158 2215 1399 2284 ignorare
1428 2217 1660 2285 quando,

113 2317 249 2369 quove
269 2303 413 2354 modo
432 2302 734 2356 custodiam
767 2301 817 2356 id
844 2303 984 2372 quod
1012 2305 1268 2373 scriptum
1295 2317 1396 2372 est,
1436 2306 1664 2361 Peccan-

113 2403 168 2445 tes
199 2410 349 2446 coram
386 2396 618 2449 omnibus
656 2411 831 2465 argue,
875 2403 927 2447 ut
968 2397 1133 2449 caueri
1177 2399 1402 2451 timorem
1449 2399 1663 2453 habeant

113 2487 146 2554 (Ι
169 2485 281 2539 Tim.
305 2504 350 2544 v.
367 2488 456 2557 9.0)
483 2506 497 2549 ;
519 2488 734 2557 etquod
762 2487 1014 2555 scriptmn
1037 2499 1140 2552 est,
1165 2488 1370 2560 Corripe
1395 2507 1505 2543 eum
1532 2493 1662 2547 inter

115 2586 154 2628 te
187 2589 224 2629 et
251 2578 397 2645 ipsum
438 2579 606 2630 solum
654 2577 863 2648 (Matth.
913 2593 1063 2642 xvm,
1097 2580 1215 2650 15);
1257 2593 1304 2634 et
1338 2583 1477 2650 quod
1529 2583 1662 2637 scri-

109 2680 233 2738 ptum
256 2679 346 2734 est,
377 2670 543 2724 Nolite
581 2681 700 2723 ante
725 2682 920 2741 tempus
940 2674 1196 2742 judicare,
1235 2683 1289 2724 ut
1326 2689 1425 2726 non
1455 2674 1657 2743 judice-

108 2760 215 2810 miui
243 2760 277 2830 (l
304 2759 409 2814 Cor.
432 2776 505 2826 tv,
538 2760 620 2831 5),
655 2776 825 2830 neque
856 2764 996 2817 enim
1031 2763 1112 2815 hic
1138 2762 1338 2816 addidit
1364 2772 1486 2817 ante
1518 2773 1657 2818 tem-

110 2865 223 2919 pus;
268 2861 314 2905 et
351 2853 478 2922 quod
523 2854 780 2922 scriptmu
827 2864 931 2920 est,
981 2852 1060 2907 Tu
1088 2855 1198 2923 quis
1235 2872 1304 2917 es,
1340 2855 1425 2924 qui
1452 2855 1658 2923 judicas

113 2942 305 2995 alienum
329 2947 554 2998 servum?
582 2945 691 2999 Suo
718 2945 923 2998 domino
949 2956 1047 2999 stat
1072 2955 1158 2997 aut
1185 2945 1317 2997 cadit
1346 2960 1364 2998 :
1386 2946 1536 2998 stabit
1565 2963 1660 2999 au-

111 3044 217 3094 tem;
237 3047 392 3106 potens
417 3049 492 3091 cst
513 3038 646 3090 enim
675 3036 810 3092 Deus
833 3048 1050 3092 statuere
1065 3037 1209 3090 illum
1233 3036 1405 3107 (Rom.
1433 3053 1549 3102 xlv,
1568 3039 1653 3108 4);

108 3127 219 3180 unde
244 3131 511 3182 cuidirntat
554 3130 619 3182 tle
651 3129 735 3182 his
773 3145 832 3184 se
859 3130 1058 3195 dicere,
1099 3129 1186 3199 qui
1231 3131 1370 3183 intus
1413 3139 1534 3184 sunt
1561 3147 1573 3184 :
1603 3140 1658 3185 et.

109 3235 256 3274 rursus
280 3224 612 3292 eosjndieari
636 3225 805 3294 jubet,
852 3242 971 3280 cum
1007 3226 1156 3287 dicit,
1199 3226 1333 3290 Quid
1364 3229 1495 3280 enim
1533 3228 1656 3281 mihi

108 3311 256 3373 dehis,
281 3317 356 3383 qui
386 3317 517 3386 [oris
544 3327 660 3369 sunt
674 3317 948 3387 judicare?
971 3315 1156 3370 Nonne
1185 3317 1248 3371 de
1275 3319 1373 3382 liis,
1403 3320 1489 3390 qui
1519 3323 1655 3374 intus

107 3412 225 3465 sunt,
269 3419 345 3457 eos
385 3405 678 3475 judicatis?
737 3407 942 3477 Auferte
1003 3408 1194 3460 titulum
1241 3423 1303 3461 ea“.
1349 3411 1482 3462 vobis
1530 3411 1655 3479 ipsis

107 3490 138 3559 (l
168 3490 264 3544 Cor.
295 3510 347 3556 v,
381 3495 472 3558 19.,
510 3495 616 3566 15).
648 3495 795 3562 Quod
827 3498 1135 3551 cumetiam
1176 3497 1474 3554 faciendum
1501 3501 1651 3557 vide-

108 3589 188 3641 tur,
214 3595 456 3650 quatenus
497 3586 606 3650 liat,
652 3597 860 3656 quautze
899 3603 1039 3642 cura:
1083 3604 1144 3642 ac
1188 3589 1393 3642 timoris
1427 3593 1546 3644 est?
1584 3609 1652 3648 ne

105 3673 210 3726 torte
243 3678 508 3746 contingat
547 3678 686 3746 quod
729 3678 795 3732 de
837 3679 927 3733 illo
973 3680 1087 3749 ipso
1123 3681 1430 3752 intelligitur
1474 3684 1526 3737 in
1568 3701 1656 3740 se-

104 3774 242 3824 ruuda
279 3775 336 3826 ad
372 3775 596 3829 eosdem
647 3775 878 3844 Epistula
918 3777 1209 3830 cavendum
1253 3778 1558 3843 admonere,
1591 3798 1655 3834 ne

104 3864 260 3930 majore
277 3866 475 3918 tristitia
496 3865 819 3918 absorbeatur
837 3867 923 3936 qui
950 3868 1198 3936 ejusmodi
1215 3879 1303 3922 est.
1334 3869 1395 3923 Et
1419 3887 1485 3925 ne
1507 3872 1652 3939 quis-

103 3966 227 4019 quam
250 3956 339 4008 hoc
365 3973 472 4011 non
503 3958 725 4009 multum
766 3957 1058 4010 curandum
1093 3968 1317 4026 putaret,
1344 3960 1412 4014 ibi
1452 3961 1546 4026 ait,
1582 3961 1649 4016 Ut

101 4058 179 4094 non
205 4048 535 4113 possideamur
559 4064 589 4098 a
614 4056 791 4099 sutuna
817 4063 834 4099 :
860 4064 958 4100 non
985 4048 1116 4100 enim
1146 4049 1435 4118 ignoramus
1465 4060 1650 4106 mentes

103 4132 187 4199 ejus
211 4134 265 4203 (Il
293 4135 405 4190 Cor.
447 4153 506 4201 ll,
537 4139 590 4201 7,
627 4138 735 4208 11).
766 4137 896 4205 Quis
927 4138 977 4191 in
1017 4138 1097 4192 his
1140 4139 1388 4194 inanibus
1426 4150 1644 4208 tremor,

100 4226 155 4277 mi
179 4226 393 4296 Pauline,
441 4242 627 4285 sancte
651 4231 809 4284 homo
842 4231 967 4285 Dei!
1010 4231 1130 4300 quis
1173 4240 1394 4297 tremor,
1420 4248 1537 4301 qua!
1569 4242 1647 4289 te-

100 4317 272 4373 nebrae!
301 4321 485 4375 Nonne
515 4333 758 4390 putamus
787 4322 854 4377 de
877 4321 958 4376 his
981 4338 1101 4377 esse
1137 4322 1333 4376 dictum
1361 4341 1372 4376 :
1405 4322 1575 4377 Timor
1597 4336 1645 4380 et

99 4415 248 4462 tremor
271 4423 502 4465 venerunt
530 4429 685 4481 supra
724 4429 821 4473 me,
862 4421 906 4465 et
935 4423 1260 4466 contexerant
1289 4430 1366 4467 me
1400 4414 1643 4481 tenebrw;

99 4509 133 4549 et
153 4501 258 4564 dixi,
288 4504 566 4568 Quis-dubii
590 4505 712 4556 milii
733 4520 920 4571 pennas
946 4505 1072 4556 sicut
1096 4504 1361 4570 columba’,
1389 4515 1436 4558 et
1465 4505 1642 4560 volabo

97 4599 132 4638 et
160 4594 477 4660 requiescam?
516 4592 646 4647 Ecce
674 4594 901 4663 eiongavi
932 4594 1151 4663 fugiens,
1193 4605 1239 4647 et
1271 4596 1434 4649 mansi
1475 4595 1525 4648 in
1555 4596 1643 4650 de-

95 4692 213 4735 mto.
238 4681 608 4740 Verumtamen
638 4688 797 4740 etiam
827 4687 877 4739 in
906 4685 1121 4740 deserto
1144 4685 1260 4754 ipso
1289 4688 1528 4743 for-mssis
1543 4703 1640 4742 ex-

97 4781 244 4832 pertus
284 4774 350 4828 sit
387 4775 530 4845 quod
572 4776 807 4846 adjungit
838 4795 850 4831 :
883 4776 1251 4845 Exspecrabam
1291 4794 1403 4830 eum
1441 4780 1527 4848 qui
1562 4796 1639 4834 me

95 4864 251 4915 sali-mn
270 4869 446 4934 [ticeret
467 4885 498 4920 a
527 4868 943 4938 pusillanimitate
959 4878 1004 4921 et
1029 4878 1316 4938 tempestate
1335 4869 1504 4941 (Psal.
1524 4886 1633 4935 LIV,

95 4956 118 5001 υ
142 4954 204 5022 ετ).
231 4955 421 5028 Nempe
448 4976 574 5028 ergo
598 4961 816 5015 tentatio
841 4970 924 5016 est
952 4960 1056 5015 vita
1083 4960 1312 5014 humana
1338 4977 1499 5030 super
1533 4973 1639 5018 ter-

96 5056 182 5094 iam
210 5045 337 5113 (Job.
365 5066 453 5111 VII.
486 5053 560 5119 1)-

150 5134 193 5185 i.
225 5138 374 5204 .Qtlld,
415 5141 527 5211 ipsa
571 5140 750 5196 divina
781 5141 987 5209 eloquia
1029 5156 1206 5197 nonne
1239 5142 1517 5213 palpantur
1542 5159 1636 5215 po-

91 5221 343 5293 tius’quam
364 5241 654 5286 tractantur
679 5248 707 5285 a
739 5232 911 5298 nobis,
943 5232 1067 5286 dum
1102 5235 1153 5287 in
1191 5234 1362 5288 multo
1394 5235 1633 5304 pluribus

92 5317 338 5374 qua-rimus
359 5326 530 5391 potius
555 5323 681 5394 quid
706 5324 1036 5379 sentiendum
1065 5326 1150 5390 sit,
1177 5342 1335 5396 quam
1356 5327 1631 5384 deﬁnitum

91 5404 253 5473 aliquid
290 5410 546 5484 liminque
574 5415 872 5469 sentimus?
898 5417 961 5470 Et
986 5432 1047 5470 ea
1077 5418 1251 5471 cautio
1285 5433 1403 5471 cum
1434 5420 1629 5473 sollici-

95 5496 260 5551 tudinis
289 5502 428 5570 plena
460 5507 550 5571 sit,
596 5505 765 5559 multo
793 5506 980 5561 melior
1006 5516 1088 5561 est
1127 5516 1322 5574 tamen,
1361 5524 1519 5578 quam
1551 5518 1629 5564 te-

92 5591 275 5646 meritas
311 5597 614 5652 allirmandi.
645 5597 832 5653 Nonne
872 5581 922 5653 in
961 5601 1158 5665 multis,
1206 5602 1252 5657 si
1296 5618 1399 5656 non
1441 5617 1630 5658 secun-

91 5674 192 5731 dum
224 5697 424 5742 carnem
463 5689 624 5744 homo
666 5690 854 5757 sapiat,
891 5705 1046 5759 quam
1092 5701 1315 5746 mortem
1343 5692 1470 5747 dicit
1511 5707 1631 5749 esse

90 5766 365 5847 Apostolus,
396 5794 584 5851 magno
621 5777 874 5839 scandan
901 5781 1006 5840 erit
1031 5781 1078 5839 ei
1108 5782 1197 5854 qui
1235 5782 1409 5843 adhuc
1445 5796 1637 5847 secum

3277 380 3382 442 $50

1792 473 1917 528 dum
1958 491 2174 534 carnem
2221 482 2357 552 sapit
2391 468 2565 557 (Rom.
2601 499 2713 552 vm,
2745 487 2799 555 5,
2835 489 2934 564 6)?
2975 493 3063 551 ubi
3105 504 3160 553 et
3197 497 3377 559 dicere

1792 567 1915 635 quid
1943 571 2139 626 sentias
2167 575 2698 644 periculosissimum,
2731 589 2909 638 etnon
2938 585 3115 643 dicere
3141 591 3375 646 laborio-

1791 659 2078 729 sissimum,
2117 673 2170 717 et
2205 665 2344 719 aliud
2375 684 2530 738 quam
2568 673 2735 727 sentis
2763 673 2941 731 dicere
2985 681 3374 747 perniciosissi-

1789 764 1933 803 mum
1961 762 2064 807 est.
2090 755 2259 820 Quid?
2283 772 2402 812 cum
2430 775 2491 814 ea
2520 777 2638 832 qum
2678 779 2781 819 non
2807 769 3164 836 approbamus
3203 774 3254 827 iu
3281 791 3371 830 eo-

1789 857 1928 907 rum,
1959 846 2048 913 qui
2091 846 2231 901 intus
2266 860 2406 914 sunt,
2445 867 2694 909 sermone
2724 857 2806 911 vel
2836 859 3068 929 scriptis,
3103 873 3374 933 putantes-

1786 948 1890 1002 que
1943 936 1992 990 id
2025 937 2088 992 ad
2132 938 2379 997 fraterna:
2430 943 2704 1000 charitatis
2743 949 3037 1007 libertatem
3081 957 3368 1026 pertinere,

1781 1022 2036 1092 judicium
2067 1041 2305 1084 nostrum
2334 1048 2437 1088 non
2469 1037 2816 1102 occultamus,
2857 1052 2910 1095 et
2948 1043 3047 1098 hoc
3074 1022 3176 1101 non
3203 1048 3368 1103 bene-

1785 1117 2033 1184 volentia,
2075 1121 2168 1175 sed
2207 1123 2398 1178 invidia
2433 1125 2607 1181 facere
2640 1130 2928 1196 credimur,
2959 1145 3211 1204 quantum
3240 1154 3366 1208 pec-

1783 1217 1934 1264 catur
1972 1211 2022 1265 in
2066 1216 2191 1267 nos!
2240 1225 2292 1269 et
2333 1231 2451 1270 cum
2498 1218 2741 1274 similiter
2774 1236 2866 1276 eos
2891 1225 2977 1293 qui
3011 1235 3215 1281 nostras
3246 1243 3367 1284 sen-

1785 1301 1974 1354 tentias
2011 1303 2424 1371 reprehcndunt,
2458 1308 2652 1363 lzedcre
2684 1312 2857 1378 potius
2899 1315 3035 1368 velle
3063 1332 3218 1385 quam
3245 1333 3366 1374 cor-

1780 1390 1953 1460 rigere
1980 1395 2333 1462 suspicamur,
2362 1385 2616 1466 quantum
2641 1414 2920 1468 peccamus
2944 1404 2993 1457 iu
3023 1406 3151 1459 alios
3173 1408 3185 1460 !
3206 1407 3363 1466 Certe

1780 1477 1904 1535 hinc
1939 1482 2171 1538 existunt
2206 1486 2496 1542 inimicitia:
2533 1489 2844 1560 plerumque
2878 1496 3036 1549 etiam
3069 1498 3206 1553 inter
3231 1499 3358 1555 cha-

1779 1570 2016 1626 rissiinas
2066 1575 2606 1649 huniliarissimasque
2651 1597 2938 1651 personas,
2992 1587 3148 1654 dunt,
3199 1605 3360 1660 supra

1776 1677 1934 1731 quam
1968 1666 2222 1735 scriptum
2252 1678 2353 1734 est,
2383 1686 2518 1724 unus
2544 1687 2636 1740 pro
2673 1673 2840 1728 altero
2867 1675 3077 1731 inﬂatur
3102 1679 3360 1737 adversus

1775 1754 1997 1809 alterum
2027 1757 2065 1828 (Ι
2098 1756 2214 1811 Cor.
2250 1774 2325 1822 iv,
2359 1759 2437 1828 6),
2467 1771 2521 1815 et
2554 1762 2680 1816 dum
2719 1765 2963 1821 mordent
2988 1778 3038 1822 et
3074 1772 3360 1828 comedunt

1775 1847 2022 1913 invicem,
2069 1849 2359 1905 timemlmn
2390 1862 2469 1907 est
2511 1870 2578 1908 ne
2618 1870 2998 1912 consumantur
3028 1861 3095 1914 ab
3135 1862 3358 1918 invicem

1777 1936 1918 2008 (Cal.
1943 1954 1995 2000 v,
2027 1940 2140 2010 15).
2177 1941 2300 2006 Quis
2327 1957 2456 2012 ergo
2480 1945 2618 1998 dabit
2648 1947 2770 1998 milii
2789 1966 2979 2017 pennas
3008 1952 3134 2004 sicut
3159 1954 3354 2007 colum-

1773 2033 1866 2091 bte,
1891 2041 1936 2082 et
1961 2032 2155 2096 volabo,
2185 2042 2230 2085 et
2268 2034 2572 2104 requiescam
2597 2035 2769 2104 (Psal.
2801 2054 2905 2104 Liv,
2936 2040 3032 2108 7)?
3059 2040 3180 2096 Sive
3212 2045 3354 2099 enim

1771 2121 1890 2189 quia
1933 2123 2178 2191 pericula,
2228 2124 2278 2177 in
2322 2126 2510 2194 quibus
2550 2129 2775 2196 quisque
2807 2141 3065 2193 versatur,
3111 2136 3352 2202 graviora

1770 2221 1893 2264 sunt
1922 2227 2078 2280 quam
2113 2213 2403 2283 inexperta,
2445 2216 2556 2272 sive
2585 2219 2704 2286 quia
2730 2234 2911 2273 revera
2941 2222 3008 2274 ita
3034 2232 3136 2288 est,
3164 2226 3351 2294 quieli-

1769 2298 1857 2353 het
1901 2302 2308 2368 pusillanimitas
2338 2315 2727 2377 tempestasque
2768 2309 2964 2364 deserti
3014 2314 3187 2368 minus
3223 2316 3350 2372 mihi

1768 2389 1976 2444 videtur
2003 2393 2247 2457 molesta,
2281 2411 2439 2464 quam
2461 2412 2522 2451 ea
2553 2412 2668 2466 qua:
2699 2400 2780 2453 vel
2811 2399 3056 2468 patimur,
3086 2405 3166 2458 vel
3194 2406 3349 2462 timc-

1766 2493 1886 2533 mus
1914 2481 1963 2533 in
1997 2481 2183 2536 turbis.

1836 2572 1889 2625 5.
1932 2573 2162 2630 Proinde
2201 2577 2421 2632 multum
2459 2581 2696 2649 approbo
2738 2584 3051 2638 sententiam
3094 2594 3256 2653 tuam,
3282 2587 3351 2644 de

1765 2663 1922 2733 hujus
1944 2665 2063 2719 vita:
2092 2677 2230 2720 statu
2257 2683 2376 2723 esse
2396 2672 2678 2738 agendum,
2705 2674 2783 2727 vel
2814 2677 2985 2742 potius
3012 2691 3166 2729 cursu
3189 2694 3346 2747 quam

1763 2766 1923 2812 statu.
1959 2759 2110 2813 Addo
2136 2759 2300 2827 aliud,
2328 2763 2448 2831 quia
2479 2764 2626 2832 prius
2657 2765 2756 2819 hoc
2780 2768 3154 2835 requirendum
3190 2781 3347 2839 atque

1764 2849 2051 2904 tenendum
2079 2860 2182 2915 est,
2205 2868 2360 2922 quam
2390 2854 2539 2921 illud,
2568 2857 2725 2925 quale
2747 2857 2974 2912 futurum
3004 2861 3091 2922 sit,
3123 2879 3227 2931 quo
3247 2863 3346 2920 iste

1765 2936 1868 2992 fert
1895 2954 2103 2995 cursus.
2137 2940 2264 2998 Inde
2288 2959 2416 3013 ergo
2445 2946 2760 3016 interrogavi
2790 2948 2913 3018 quid
2945 2952 3163 3013 sentias,
3193 2956 3346 3023 quasi

1762 3029 1921 3100 hujus
1949 3033 2068 3087 vita:
2096 3043 2238 3088 recta
2266 3037 2445 3106 regula
2475 3047 2677 3091 retenta
2707 3049 2864 3109 atque
2891 3052 3097 3096 servata
3120 3045 3229 3113 jam
3256 3061 3343 3101 se-

1759 3124 1873 3176 curi
1915 3125 2102 3188 simus,
2140 3142 2261 3180 cum
2305 3128 2356 3180 in
2390 3139 2494 3182 tam
2544 3130 2742 3194 multis,
2791 3134 3122 3203 malinquth
3166 3137 3218 3189 in
3261 3137 3344 3193 bis

1759 3229 1878 3282 quae
1917 3214 2167 3280 breviter,
2217 3226 2272 3271 ut
2311 3219 2474 3287 potui,
2518 3224 2953 3288 commemoravi,
3003 3227 3344 3293 periculosis-

1759 3304 1893 3359 sime
1920 3305 2162 3361 laborarc
2183 3322 2268 3361 me
2294 3311 2541 3362 sentiam.
2571 3311 2676 3364 Sed
2707 3313 2828 3381 quia
2857 3315 3028 3369 omnis
3059 3315 3172 3370 hare
3193 3318 3344 3388 igno-

1759 3397 1928 3448 rantia
1959 3406 2011 3450 et
2036 3397 2317 3453 difﬁcultas
2361 3398 2484 3454 hinc
2523 3402 2648 3456 mihi
2682 3403 2890 3458 videtur
2921 3407 3168 3473 existere,
3200 3412 3339 3480 quod

1758 3485 1810 3538 in
1846 3502 2035 3556 magna
2067 3490 2318 3545 varietate
2358 3507 2586 3557 morum,
2616 3505 2670 3548 et
2711 3497 3003 3550 animarum
3037 3501 3337 3557 occultissi-

1757 3591 1872 3630 mas
1911 3580 2208 3634 voluntates
2261 3589 2420 3652 atque
2468 3584 2799 3640 inlirmitales
2843 3588 3168 3655 habentium,
3225 3609 3338 3650 rem

1757 3669 1934 3736 populi
1955 3670 2209 3737 gerimus,
2244 3687 2347 3726 non
2383 3677 2577 3729 terreni
2605 3685 2763 3746 atque
2789 3678 3031 3744 Romani,
3059 3683 3152 3737 sed
3181 3683 3337 3740 iero-

1755 3757 2058 3827 solymitani
2085 3762 2339 3826 cmlestis,
2388 3767 2553 3835 magis
2593 3783 2678 3821 me
2714 3768 2865 3823 lilmit
2892 3771 3031 3841 loqui
3065 3783 3234 3828 tecum
3270 3790 3336 3830 ex

1755 3850 1846 3904 illo
1869 3853 2008 3920 quod
2041 3854 2262 3921 erimus,
2294 3872 2450 3927 quam
2487 3874 2550 3912 ex
2579 3860 2681 3913 isto
2701 3863 2839 3930 quod
2866 3880 3065 3920 smnus.
3097 3867 3168 3921 lbi
3193 3869 3336 3925 enim

1753 3943 1851 3996 etsi
1892 3944 2158 3999 nescimus
2189 3963 2307 4016 qua:
2343 3948 2479 4003 bona
2521 3952 2694 4006 futura
2735 3963 2877 4019 sunt,
2921 3973 3024 4009 non
3066 3967 3240 4014 tamen
3269 3961 3336 4015 de

1752 4049 1910 4103 parva
1942 4039 2151 4091 recerti
2173 4055 2378 4106 smnus,
2404 4043 2542 4109 quod
2571 4043 2666 4096 ista
2690 4046 2823 4098 mala
2853 4046 2923 4100 ibi
2953 4064 3055 4100 non
3086 4059 3259 4104 erunt.
3348 4095 3352 4100 .

1823 4126 1874 4180 6.
1900 4125 1976 4180 De
1999 4129 2200 4196 agenda
2227 4145 2352 4197 ergo
2373 4131 2469 4184 ista
2499 4134 2772 4200 temporali
2801 4135 2924 4198 vita,
2950 4151 3015 4189 eo
3033 4138 3211 4203 modo,
3238 4155 3334 4210 per

1750 4230 1910 4284 quem
1936 4217 2247 4271 veniendum
2278 4230 2359 4272 est
2387 4219 2453 4272 ad
2485 4233 2760 4287 azternam,
2794 4225 2916 4278 novi
2947 4229 3330 4297 concupiscen-

1752 4305 1852 4360 tias
1872 4307 2114 4361 carnales
2138 4322 2257 4362 esse
2277 4308 2559 4364 l'renandas
2581 4326 2595 4374 ;
2627 4320 2933 4382 tantumque
2954 4316 3332 4375 remittendum

1749 4397 1801 4451 in
1831 4398 2216 4455 delectationes
2245 4416 2494 4454 sensuum
2525 4404 2896 4471 corporalium,
2927 4419 3182 4475 quantum
3210 4425 3330 4468 sus-

1750 4491 2015 4544 tentaudm
2059 4490 2359 4558 hnjusmodi
2394 4493 2716 4563 agendaeque
2753 4496 2873 4550 vita:
2911 4499 3039 4551 satis
3077 4508 3181 4566 est,
3212 4518 3327 4556 oin-

1748 4596 1948 4650 aesque
1975 4584 2246 4637 molestias
2276 4585 2612 4654 temporales,
2642 4600 2738 4654 pro
2773 4589 2991 4644 veritate
3019 4590 3132 4656 Dei,
3167 4603 3219 4646 et
3245 4609 3329 4648 sa-

1748 4674 1857 4729 lute
1900 4685 2099 4730 aeterna
2141 4687 2321 4731 nostra
2364 4686 2415 4730 et
2447 4678 2691 4747 proximi,
2735 4681 2992 4748 patienter
3016 4681 3327 4754 fortiterque

1747 4769 2067 4823 tolerandas.
2099 4769 2231 4824 Novi
2261 4772 2418 4824 etiam
2450 4773 2689 4840 proximo
2715 4774 2780 4828 ad
2814 4774 2913 4829 hoc
2940 4776 3324 4834 consulendum

1744 4860 1887 4914 omni
1927 4859 2103 4913 studio
2144 4859 2438 4925 charitatis,
2489 4872 2547 4916 ut
2590 4863 2744 4918 istam
2788 4867 2944 4918 vitam
2991 4875 3135 4921 recte
3176 4880 3326 4939 gerat

1742 4961 1961 5020 propter
1986 4960 2260 5006 aeternam.
2286 4952 2644 5023 Prmponeuda
2667 4957 2823 5010 etiam
2856 4957 3006 5010 nobis
3028 4958 3325 5028 spiritualia

1741 5043 2060 5110 carnalibus,
2096 5045 2540 5101 incommutabilia
2572 5048 2928 5113 mutabilibus,
2961 5057 3017 5104 et
3052 5049 3168 5106 haec
3208 5068 3325 5107 om.

1740 5137 1826 5190 nia
1855 5146 2000 5191 tanto
2022 5139 2187 5208 magis
2215 5139 2455 5195 minusve
2474 5155 2631 5210 posse
2657 5140 2947 5207 hominem,
2977 5157 3175 5215 quanto
3205 5164 3320 5201 ma-

1739 5229 1821 5298 gis
1863 5230 2107 5284 minusve
2147 5231 2426 5301 adjuvatur
2464 5233 2629 5301 gratia
2667 5231 2780 5298 Dei,
2829 5249 2922 5303 per
2946 5234 3126 5291 Jcsum
3164 5235 3321 5291 Chri-

1741 5328 1880 5374 stum
1909 5321 2191 5376 Dominum
2221 5331 2483 5376 nostrum.
2513 5323 2619 5377 Cur
2651 5332 2829 5378 autem
2860 5326 2949 5380 ille
2986 5327 3082 5392 sic,
3114 5327 3201 5385 ille
3227 5342 3321 5379 au-

1738 5419 1845 5465 tem
1898 5411 1978 5465 sic
2019 5411 2329 5481 adjuvetur,
2375 5413 2455 5467 vel
2507 5429 2611 5467 non
2659 5414 2959 5485 adjuvetur,
3012 5417 3190 5470 nescio
3223 5433 3234 5467 :
3265 5417 3315 5470 id

1741 5512 1915 5558 tamen
1939 5505 2102 5559 Deum
2124 5519 2327 5559 smnma
2350 5505 2555 5576 sibique
2577 5518 2698 5563 nota
2725 5510 2970 5578 a-qnitate
2987 5507 3162 5561 facere
3183 5508 3312 5561 seio.

1739 5595 1961 5667 Propter
1992 5597 2077 5652 illa
2109 5614 2236 5652 vero
2274 5615 2391 5670 qua'
2417 5615 2574 5671 supra
2600 5600 3030 5662 commemoravi,
3060 5599 3316 5668 quemad-

1739 5690 1954 5744 modum
1984 5690 2263 5746 vivendum
2290 5693 2357 5745 sit
2381 5705 2500 5747 cum
2529 5693 2687 5746 liomii
2711 5692 2848 5751 ibus,
2879 5691 2921 5743 si
2949 5689 3072 5759 quid
3101 5690 3192 5744 tibi
3225 5706 3319 5745 ex-

1737 5782 2001 5858 ploratum
2030 5782 2218 5859 liqoet,
2253 5783 2420 5841 edoce
2452 5797 2559 5852 me,
2588 5783 2831 5841 obsecro.
2859 5780 2951 5840 Sin
2978 5790 3032 5840 et
3070 5790 3123 5840 te
3150 5781 3223 5840 ita
3259 5788 3317 5847 ut
