3962 6386
127 372 215 449 3.51

121 760 387 814 leutiS~itttt0
429 759 637 824 dooms,
662 758 727 813 ut
774 761 932 815 etiam
961 777 1027 816 ex
1058 763 1185 832 ipsis
1206 806 1219 825 .
1251 782 1452 821 morem
1496 764 1648 824 suum

116 869 323 922 sequens.
351 868 464 906 cum
506 850 635 907 fisco
675 868 776 906 non
826 854 1082 915 Solveret.
1128 858 1299 912 nullas
1342 872 1647 918 exactorum

114 946 344 1000 molestias
380 954 661 1014 pateretur.
694 943 798 998 Iste
832 957 1006 999 autem
1053 948 1139 1013 qui
1176 949 1346 1004 cidem
1394 950 1645 1011 Ecclesiae

112 1037 183 1089 illo
201 1035 424 1089 defuncto
440 1043 519 1089 cst
535 1035 827 1101 ordinatus,
845 1036 1014 1089 timuit
1037 1038 1132 1090 bos
1153 1054 1307 1108 agros
1334 1043 1639 1117 su5eipcre:

111 1139 149 1182 ct
176 1144 273 1182 cum
304 1136 471 1195 posset
523 1143 617 1195 pro
650 1128 780 1181 solis
836 1128 1101 1183 liscalibus
1145 1130 1369 1198 debilis,
1405 1150 1523 1204 qum
1572 1137 1639 1193 de

111 1218 370 1273 memoratis
414 1217 853 1287 possessiunculis
872 1218 960 1274 ille
980 1229 1336 1287 contraxerat,
1367 1226 1640 1293 imperiale

107 1308 371 1363 beneﬁcium
420 1321 485 1375 po
516 1306 704 1369 tulare,
755 1317 920 1361 totmn
958 1309 1141 1364 maluit
1192 1312 1467 1378 confiteri,
1497 1317 1637 1385 quod

105 1414 176 1453 eas
199 1398 367 1452 Paulus
392 1397 457 1451 de
495 1406 715 1469 argento
743 1398 986 1467 proprio,
1036 1416 1154 1453 eum
1196 1412 1336 1457 esset
1378 1394 1503 1458 lisco
1538 1406 1634 1460 ob-

103 1492 273 1556 noxius,
303 1488 364 1543 de
389 1486 621 1542 hastario
645 1488 659 1519 ¹
688 1500 922 1550 emerat;
954 1498 1009 1543 ιιι
1031 1506 1121 1543 eas
1149 1490 1404 1558 Ecclesia,
1432 1496 1475 1549 si
1521 1496 1633 1550 fieri

102 1589 257 1651 potest,
279 1596 371 1634 non
410 1579 617 1634 occulta
644 1580 875 1649 episcOpi
901 1580 1172 1650 iniquitate
1193 1625 1208 1648 ,
1237 1584 1327 1636 sed
1357 1586 1631 1641 manifesta

99 1673 323 1727 christiani
362 1672 697 1741 imperatoris
735 1670 1050 1727 liberttlilale
1094 1674 1379 1745 possideat.
1408 1678 1557 1747 Quod
1586 1680 1629 1733 si

100 1766 187 1820 ﬁeri
208 1782 295 1818 non
318 1774 505 1833 potest,
535 1765 727 1819 melius
761 1765 951 1834 inopia:
985 1766 1216 1820 laborem
1248 1769 1386 1822 servi
1434 1769 1523 1823 Dei
1553 1780 1631 1824 to-

98 1856 248 1921 lerant,
284 1872 429 1928 quam
467 1867 522 1910 ut
550 1858 972 1912 necessariorum
1001 1856 1307 1913 facultatem
1342 1876 1461 1915 cum
1497 1877 1624 1919 con-

97 1948 271 2001 scientia
297 1946 488 2001 fraudis
518 1946 812 2002 obtineant.

150 2041 193 2092 3.
227 2039 294 2093 Ad
320 2036 414 2095 hoc
443 2050 590 2095 tuum
637 2038 945 2112 suffragium
983 2042 1216 2113 petimus
1246 2042 1502 2115 impartiri
1541 2045 1624 2099 di-

95 2132 409 2203 gneriszquia
451 2133 502 2187 id
534 2132 673 2203 quod
720 2126 891 2203 primo
922 2135 1260 2203 impetratum
1306 2146 1411 2198 est.
1459 2137 1625 2197 noluit

96 2225 293 2295 allegare,
319 2241 384 2280 ne
412 2226 603 2280 iterum
644 2226 973 2297 supplicandi
1006 2226 1105 2281 sibi
1139 2229 1511 2284 intercluderet
1545 2230 1622 2285 fa-

94 2318 319 2379 Cuhatem;
356 2332 461 2371 non
505 2319 648 2371 enim
691 2326 807 2372 erat
853 2318 918 2373 ad
942 2318 1237 2375 desiderata
1285 2336 1619 2390 responsum.

91 2405 207 2460 Nune
226 2424 335 2461 vero
377 2423 494 2479 cum
536 2410 610 2462 sis
633 2409 819 2463 eadem
852 2409 1179 2480 benignitate
1203 2428 1303 2481 qua
1338 2414 1499 2477 soles,
1525 2414 1620 2468 sed

90 2497 553 2569 aiupli-trpotestate,
572 2518 672 2552 non
696 2501 1062 2570 desperatum,
1077 2504 1356 2571 adjuvante
1376 2505 1618 2577 Domino,

90 2590 253 2644 meritis
276 2593 370 2645 tuis
400 2591 497 2645 hoc
544 2592 693 2648 fac-le
733 2608 887 2663 posse
931 2594 1194 2648 concedi:
1243 2611 1363 2648 cum
1410 2595 1619 2650 etiamsi

88 2688 161 2753 tuo
180 2683 365 2737 nomine
388 2683 567 2737 eadem
594 2684 706 2737 loca
738 2696 970 2753 peteres,
998 2696 1047 2738 et
1080 2680 1387 2741 memorata:
1429 2687 1616 2742 Eccle-

88 2771 165 2824 siae
200 2772 293 2843 ipse
324 2774 557 2833 dimares.
586 2777 705 2845 quis
742 2776 1195 2844 reprehenderet,
1224 2788 1315 2831 aut
1351 2781 1471 2848 quis
1510 2795 1613 2834 non

86 2865 279 2916 navitae
303 2866 598 2934 pra-dicaret
622 2868 924 2935 petitionem
954 2862 1091 2921 tuam
1112 2910 1126 2933 ,
1152 2885 1254 2921 non
1282 2879 1504 2923 terrcnze
1525 2886 1617 2924 cn-

86 2954 273 3020 piilitati,
310 2958 399 3010 sed
429 2958 729 3011 cbri~tianae
776 2961 954 3027 pietati
998 2961 1358 3015 servientem?
1408 2963 1613 3018 homini

86 3041 158 3095 Dei
188 3048 327 3098 nostri
365 3048 720 3101 misericordia
745 3057 793 3101 te
826 3050 874 3102 iu
906 3048 1117 3103 Christo
1143 3050 1432 3106 feliciorem
1471 3063 1615 3108 tuea-

86 3141 165 3199 tur,
189 3134 380 3191 domine
411 3139 500 3191 fili.

457 3229 782 3287 EPISTOIA
824 3231 1008 3287 xcvu
1034 3240 1050 3255 ·
1074 3234 1172 3303 (ιι).

84 3317 335 3385 Augustinus
364 3320 600 3393 Olympio
623 3364 638 3389 ,
672 3333 724 3376 ut
752 3334 947 3376 tueatur
978 3324 1107 3394 leges
1134 3326 1196 3379 de
1221 3327 1609 3400 confringendis

134 3408 315 3466 idoliset
368 3414 611 3467 [imreticis
655 3414 980 3484 corrigendis,
1030 3433 1141 3486 (ιιιιε
1174 3420 1282 3471 vivo
1328 3419 1609 3473 Stilthone

133 3500 273 3559 tuitur
294 3518 410 3561 sunt
450 3510 501 3561 in
539 3509 795 3579 Africam;
845 3511 1095 3580 faciatque
1122 3528 1213 3579 pro
1239 3513 1533 3567 auctoritate
1561 3524 1606 3568 et

131 3595 345 3651 industria
374 3617 465 3653 sua
496 3609 547 3651 ut
574 3617 656 3653 eos
684 3618 745 3654 ex
773 3600 1096 3671 Imperatoris
1126 3602 1378 3659 voluntate
1413 3608 1604 3661 consti-

130 3696 233 3740 tutas
258 3708 375 3753 esse,
403 3691 627 3759 adeoque
645 3704 754 3761 post
778 3693 1069 3748 Stilirlionis
1087 3712 1253 3750 necem
1280 3698 1604 3754 nihilominus

129 3780 259 3849 rigere
280 3783 557 3853 intelligant
585 3781 822 3838 Ecclesia:
849 3786 1057 3839 inimici.

76 3880 252 3939 homine
276 3888 468 3942 eximio
489 3898 539 3943 et
566 3890 753 3943 merito
784 3892 1240 3960 prmstantissimo,
1269 3897 1598 3965 multumque

122 3975 163 4029 in
184 3977 358 4034 Christi
383 3980 640 4036 cliaritate
673 3984 980 4039 honorando
1012 3985 1118 4040 lilio
1138 3986 1388 4054 OLt'uPto,
1417 3990 1597 4045 AUGU-

120 4083 292 4137 snxus,
322 4074 373 4127 in
399 4073 622 4127 Domino
643 4076 887 4129 salutem.

120 4178 161 4233 Ι.
191 4181 427 4249 Quamvis
473 4199 596 4239 mox
627 4194 683 4239 ut
711 4185 1006 4240 audivimus
1035 4197 1086 4241 te
1118 4189 1309 4244 merito
1346 4191 1597 4249 sublimu-

69 4274 169 4331 lum,
191 4287 297 4328 cum
348 4276 458 4345 ipsa
496 4274 634 4328 fatim
666 4277 897 4331 nondum
928 4279 1077 4331 nobis
1102 4280 1398 4336 certiSsima
1430 4292 1590 4349 esset,

69 4361 163 4412 nihil
184 4364 305 4418 aliud
331 4366 397 4419 de
425 4367 605 4421 animo
649 4376 740 4421 tuo
778 4369 1103 4425 credidimus
1131 4387 1254 4437 erga
1302 4371 1591 4429 Ecclesium

67 4445 149 4508 Dei.
190 4454 326 4521 cujus
357 4466 406 4509 te
437 4460 695 4510 veraciter
724 4459 886 4513 tilium
916 4476 1034 4515 esse
1064 4463 1385 4530 gaudemus,
1432 4481 1588 4534 quam

68 4542 171 4605 (1ωά
212 4546 305 4602 tuis
351 4549 541 4605 litteris
591 4566 712 4605 mox
763 4554 1052 4621 aperuisti;
1086 4566 1258 4610 tamen
1287 4560 1445 4612 etiam
1488 4556 1590 4614 illis

66 4628 197 4697 lectis,
212 4639 395 4706 quibus
415 4640 560 4695 ultro
592 4641 837 4712 dignatus
859 4658 937 4705 es.
978 4646 1184 4701 etiamsi
1214 4648 1343 4716 pigri
1371 4660 1423 4701 et
1450 4664 1589 4704 cun-

66 4732 225 4783 ctantes
265 4745 531 4795 esseiiiits,
572 4735 999 4789 exhortationem
1034 4735 1585 4795 benevolentissiinam

64 4814 231 4873 mittere
257 4832 306 4876 ut
331 4823 628 4879 instruente
666 4824 962 4881 humilitate
992 4838 1169 4882 nostra
1198 4871 1210 4892 ,
1246 4844 1341 4897 per
1370 4832 1584 4891 religio-

64 4920 149 4962 διαὶ
174 4912 507 4970 obedientiam
538 4928 680 4972 tuam
708 4960 723 4981 ,
755 4920 1028 4988 Dominus,
1052 4922 1201 4987 cujus
1227 4937 1445 4976 munere
1466 4924 1587 4978 talis

62 5013 119 5057 es.
143 5002 361 5061 Sceleste
387 5025 498 5062 sum
521 5010 840 5081 iamiamque
858 5014 1156 5079 subveniat,
1177 5015 1373 5081 nutjore
1398 5012 1585 5071 liduciu

64 5092 131 5145 tihi
154 5100 421 5163 scribimus.
463 5104 681 5160 domine
717 5107 910 5160 eximie
953 5116 1001 5160 et
1035 5108 1223 5161 merito
1248 5110 1586 5175 rpra'SL-mtis-

62 5184 181 5253 situe,
202 5194 518 5265 multumque
544 5197 595 5253 iu
624 5197 823 5251 Christi
854 5196 1117 5253 ’charitate
1154 5200 1458 5256 honorande
1486 5200 1578 5256 illi.

252 5420 497 5482 tm.et_t'.r.
521 5415 725 5482 habent,
750 5416 812 5469 de
838 5418 1041 5470 xscario.
1069 5428 1120 5469 At
1145 5427 1249 5469 ιον.
1278 5431 1327 5471 et
1363 5418 1488 5482 Mss,
1520 5425 1581 5475 de

63 5531 207 5580 ιῑοῖιιιιι
218 5535 324 5586 bona
341 5541 687 5590 vendebmttur.

106 5611 284 5689 [ξριιεω
299 5637 399 5673 cum
417 5638 465 5673 a.
493 5626 575 5686 ιτα.
604 5624 666 5673 ΙιΙ.
694 5637 735 5689 c.
761 5638 833 5675 ec.
857 5624 905 5675 li'.
932 5640 981 5687 g.
1004 5640 1087 5689 gr.
1110 5626 1159 5689 ,j.
1186 5642 1233 5676 ιι.
1258 5642 1301 5679 s.
1334 5629 1408 5677 sb.
1441 5636 1476 5679 t.
1503 5641 1575 5679 vc.

62 5679 221 5728 lillitum
240 5694 277 5730 v.
295 5691 338 5733 et
357 5699 465 5735 cum
489 5679 589 5734 Ain.
617 5686 722 5734 [tat].
744 5693 816 5735 llr.
842 5679 947 5736 Iov:

65 5752 287 5872 “211.1?
282 5762 391 5876 ⁴ἐξ)
417 5781 428 5815 :
452 5758 564 5832 quas
586 5760 753 5819 autem
772 5754 832 5817 9‘7
858 5766 981 5832 erat,
1150 5766 1260 5821 1‘84.
1276 5764 1462 5834 sane.
1485 5766 1575 5823 eis

1251 370 1726 447 εριετοιειιιυιι
1766 375 2041 437 οιιιεςις
2080 381 2141 438 ιι.

124 489 227 541 dant
266 484 495 538 cautione
525 525 540 549 ,
592 483 643 538 in
676 498 771 553 qua
813 494 1015 539 certum
1051 486 1099 540 cl
1130 487 1335 556 pondus
1364 490 1654 547 debebatur

120 575 311 646 argenti.
343 574 433 627 hos
454 575 672 644 exiguos
689 576 901 643 agellos,
928 574 1064 631 unde
1090 576 1282 633 vietum
1309 592 1653 651 sustentaret,

122 681 333 736 tauquam
362 664 609 719 Ecclesim
638 668 963 737 comparavit
984 711 996 731 ,
1027 670 1126 723 sub
1153 671 1366 727 nouiine
1398 682 1520 729 tunc
1554 691 1652 747 po-

3242 402 3351 462 858

1832 493 1888 549 2.
1934 495 1994 549 Et
2022 496 2209 553 fratres
2231 499 2443 569 quidem
2469 502 2616 558 multi
2640 506 2807 561 sancti
2827 508 3045 580 collegm
3072 517 3195 579 mei,
3218 502 3343 585 gra-

1762 583 1898 639 vitcr
1920 586 2152 640 Ecclesia
2186 592 2482 657 perturbata
2518 595 2735 663 profecti
2766 608 2885 653 sunt
2919 617 3052 669 pene
3082 583 3343 674 fugientes

1761 676 1826 730 ad
1857 678 2303 746 gloriosissimum
2333 688 2660 751 comitatum,
2691 706 2824 757 quos
2853 695 2966 747 sive
2984 696 3092 762 jam
3127 701 3338 769 videris,

1758 766 1870 820 sive
1895 767 2095 826 litteras
2119 787 2301 827 eorum
2328 774 2539 831 abmbe
2566 766 3339 860 llotnaOpportunitatiscujus;

1757 872 1913 926 quam
1965 856 2248 917 occasione
2293 870 2564 936 acceperis
2593 888 2604 921 :
2636 872 2735 942 ego
2779 884 2952 930 tamen
2982 879 3104 935 licet
3136 884 3335 939 nullum

1754 950 2031 1005 consilium
2062 969 2183 1007 cum
2212 956 2289 1011 eis
2319 964 2715 1017 communicare
2738 969 3020 1035 potuerim,
3063 990 3164 1027 non
3190 977 3334 1045 pomi

1753 1046 2156 1108 praetermittere
2187 1062 2283 1117 per
2309 1050 2447 1105 hunc
2477 1053 2690 1109 fratrem
2740 1067 2794 1111 et
2837 1062 3331 1137 comprcsbyterum

1751 1133 1947 1199 meum,
1995 1136 2082 1203 qui
2116 1148 2334 1201 urgente
2364 1144 2678 1199 necessitate
2708 1164 2803 1216 pro
2846 1151 3015 1207 Salute
3051 1133 3183 1211 civis
3223 1162 3324 1223 sui,

1749 1220 1905 1273 etiam
1962 1223 2132 1279 inedia
2173 1225 2353 1285 hieme
2391 1235 2889 1309 quomodocumque
2914 1240 2980 1297 ad
3008 1244 3124 1300 illas
3156 1250 3329 1316 partes

1746 1311 1929 1364 venire
1952 1316 2257 1385 compulsus
2285 1330 2387 1379 est.
2413 1331 2465 1375 cl.
2490 1327 2722 1381 Salutarc
2741 1338 2794 1382 et
2838 1331 3124 1389 adtunnere
3149 1311 3323 1393 chari-

1746 1409 1907 1456 tatem
1957 1413 2099 1461 tuam
2142 1425 2300 1478 quam
2352 1410 2515 1468 habes
2568 1415 2618 1468 iu
2672 1415 2885 1474 Christo
2933 1420 3057 1479 Jesu
3101 1408 3325 1486 Domino

1744 1506 1951 1562 nostro,
1984 1505 2041 1551 ut
2068 1516 2200 1568 opus
2231 1511 2375 1556 tuum
2411 1505 2603 1560 bonum
2632 1508 3031 1579 diligentissima
3061 1518 3323 1577 accelere-

1742 1584 1828 1639 tur
1853 1585 2136 1656 instantia,
2187 1607 2292 1662 quo
2336 1596 2579 1651 noverint
2628 1598 2825 1656 inimici
2873 1604 3130 1662 Ecclesia:
3179 1608 3322 1683 leges

1741 1675 1873 1735 illas,
1895 1694 2014 1747 qua:
2031 1679 2096 1733 de
2121 1681 2272 1737 idolis
2287 1684 2685 1757 confringendis
2696 1700 2749 1745 et
2771 1691 3030 1753 hmrcticis
3049 1675 3319 1771 corrigen—

1737 1765 1820 1819 dis
1844 1768 1963 1821 t‘ivo
1988 1769 2277 1829 Stilichone
2303 1777 2353 1829 in
2400 1776 2629 1833 Africam
2664 1782 2840 1837 missa:
2866 1794 3007 1851 sunt,
3037 1796 3100 1843 ex
3132 1765 3316 1847 volun-

1738 1870 1844 1915 tate
1900 1863 2238 1933 Imperatoris
2285 1871 2507 1938 piissimi
2547 1882 2600 1927 et
2642 1874 2932 1933 fidelissimi
2973 1882 3313 1953 constitutas;

1733 1966 1838 2020 quo
1860 1958 2129 2013 nesciente
2158 1958 2239 2013 vel
2268 1963 2483 2017 nolente
2507 1962 2700 2020 factum
2741 1968 2853 2023 sive
2874 1970 3054 2026 dolose
3092 1974 3309 2043 jactant,

1732 2042 1841 2096 sive
1888 2043 2113 2101 libenter
2143 2057 2346 2117 putant.
2379 2060 2539 2122 atque
2566 2055 2686 2110 hinc
2716 2058 2922 2113 animos
2942 2042 3313 2130 imperitorum

1733 2133 2216 2191 turbulentissimos
2250 2140 2509 2209 reddunt,
2536 2143 2793 2217 nobisque
2815 2151 3108 2218 periculose
3135 2169 3199 2210 ac
3225 2150 3314 2211 rei

1732 2223 2005 2281 bementer
2026 2228 2265 2285 infestos.

1799 2315 1849 2369 5.
1878 2316 1990 2373 Hoc
2018 2322 2354 2392 autemquod
2391 2326 2622 2393 petendo
2646 2328 2727 2385 vel
2759 2328 3090 2403 suggerendo
3116 2332 3307 2393 adma.

1728 2421 1831 2460 nco
1854 2410 2213 2475 praestantiam
2243 2421 2407 2475 tuam,
2438 2432 2540 2469 non
2563 2417 2750 2472 dubito
2776 2424 3012 2478 oinnium
3046 2441 3139 2495 per
3165 2429 3309 2483 Afri-

1726 2513 1843 2553 cam
1871 2502 2192 2572 collegarum
2222 2521 2463 2561 meorum
2494 2510 2604 2565 fieri
2636 2514 2940 2581 Voluntate;
2971 2518 3308 2592 arbitrorque

1724 2607 2057 2662 quacumque
2080 2596 2323 2663 primitus
2344 2609 2525 2654 exorta
2560 2604 2840 2660 occasione
2867 2607 3117 2663 laeillime
3149 2616 3305 2680 posite

1725 2696 1787 2737 ac
1810 2683 2007 2739 debere
2036 2688 2307 2749 maturari.
2342 2700 2399 2744 ut
2437 2694 2700 2760 noverint,
2730 2696 2861 2749 sicut
2893 2696 3024 2761 dixi,
3059 2701 3303 2758 homines

1723 2777 1865 2841 vani,
1902 2793 2126 2844 quorum
2164 2788 2218 2834 et
2245 2782 2638 2839 adversantium
2688 2787 2913 2843 salutem
2949 2792 3291 2861 requirimus,

1723 2867 1865 2937 leges
1892 2884 2010 2936 qiue
2059 2888 2154 2939 pro
2195 2871 2391 2928 Christi
2440 2875 2673 2931 Ecclesia
2727 2879 2903 2934 missa:
2929 2890 3073 2945 sunt,
3128 2890 3295 2955 magis

1722 2958 2004 3015 Theodosii
2030 2964 2190 3017 lilitun
2211 2982 2367 3033 quam
2390 2960 2733 3023 Stilichonem
2750 2987 2966 3027 curasse
2991 2976 3296 3033 mittendas.

1720 3049 2005 3119 Propterea
2031 3056 2224 3123 quippe
2247 3069 2570 3112 memoratus
2599 3062 2877 3133 presbyter
2906 3064 3091 3118 harum
3125 3069 3301 3135 perla-

1720 3153 1819 3205 tor,
1847 3159 1964 3197 cmn
2000 3146 2067 3199 de
2099 3146 2312 3216 regione
2343 3151 2411 3203 sit
2455 3151 2775 3214 Milevitana.
2818 3154 2887 3208 ab
2920 3158 3169 3227 episcopo
3198 3174 3299 3215 suo

1720 3236 2007 3289 venerabili
2043 3238 2203 3292 fratre
2234 3256 2353 3292 meo
2380 3243 2603 3305 Severo,
2636 3245 2726 3314 qui
2765 3255 2905 3299 tuam
2934 3263 3140 3303 mecum
3184 3252 3299 3305 sin-

1715 3326 2044 3381 cerissimam
2082 3330 2423 3386 Dilectionem
2452 3334 2672 3387 multum
2717 3336 2928 3400 salutat.
2978 3354 3071 3407 per
3098 3340 3298 3411 ilippo—

1716 3416 2110 3486 nem-Regium,
2135 3420 2222 3474 ubi
2250 3436 2348 3488 ego
2372 3437 2511 3486 Stltlt,
2541 3426 2770 3479 transire
2808 3425 2988 3493 jussus
3011 3438 3121 3490 est;
3168 3431 3291 3499 quia

1714 3520 1831 3558 cum
1866 3508 1999 3561 forte
2022 3510 2180 3563 simul
2207 3526 2446 3565 essemus
2475 3513 2525 3566 in
2557 3516 2761 3583 magnis
2796 3516 3047 3572 Ecclesia:
3078 3521 3295 3576 tribula-

1715 3596 1943 3650 tionibus
1971 3608 2019 3652 et
2047 3601 2548 3667 pCl'Illl'ittlliOIIibllS,
2567 3605 2933 3674 qna-relicturus
2956 3611 3292 3667 occasionem

1711 3688 1974 3741 scribendi
1998 3689 2061 3742 ad
2087 3690 2453 3748 Eximietateiu
2478 3704 2641 3758 tuam,
2667 3707 2719 3751 et
2745 3711 2848 3751 ιιοιι
2872 3698 3291 3757 inveniebamus.

1709 3778 1823 3831 Jam
1854 3781 2065 3845 quidem
2093 3797 2247 3835 unam
2274 3784 2551 3851 epistolam
2575 3787 2818 3841 misequ
2848 3790 2900 3841 in
2927 3792 3136 3857 negotio
3167 3806 3293 3847 san-

1708 3868 1776 3919 cti
1808 3868 1985 3923 fratris
2015 3879 2068 3923 et
2095 3872 2312 3941 collega:
2341 3875 2442 3928 mei
2468 3874 2719 3930 Btmilacii
2743 3878 2975 3947 episcopi
3002 3877 3291 3949 Cataquen-

1706 3958 1819 4021 sis;
1865 3960 1959 4014 sed
2002 3962 2234 4016 nondum
2269 3964 2333 4017 ad
2372 3979 2466 4017 nos
2497 3978 2842 4047 perverti-rant
2877 3970 3140 4037 graviora.
3168 3987 3288 4041 qua:

1707 4066 1804 4104 nos
1829 4050 2196 4107 vehementius
2220 4057 2480 4121 agitarent
2511 4072 2526 4108 :
2555 4058 3177 4126 quibuscmnpriutemlis
3204 4063 3286 4118 vei

1704 4142 2031 4211 corrigendis
2050 4144 2493 4211 quetmidmodum
2526 4148 2745 4200 meliore
2769 4148 3058 4200 secmulum
3085 4151 3285 4206 Christi

1704 4234 1839 4288 viam
1887 4235 1903 4266 ⁸
1939 4234 2165 4289 consilio
2202 4246 2558 4303 succurratur,
2587 4237 2920 4292 commodius
2944 4239 3103 4309 cpisc'
3120 4243 3176 4310 pi
3202 4242 3280 4315 (ιι)

1702 4327 1790 4395 qui
1825 4336 2107 4395 promta-ea
2156 4328 2557 4397 navigaverunt,
2602 4344 2723 4383 cum
2774 4338 2917 4385 Lauta
2954 4333 3285 4400 ‘lteniguitatc

1703 4418 1774 4471 tui
1800 4418 1977 4472 cordis
2003 4419 2169 4473 acturi
2195 4429 2338 4484 sunt,
2365 4420 2454 4489 qui
2476 4425 3036 4487 pottwruntconmtuni
3059 4426 3284 4481 consilio

1700 4509 1770 4563 dil
1788 4511 2003 4580 gentius
2023 4510 2368 4565 deliberatum
2394 4510 2589 4581 aliquid
2613 4512 2770 4577 ferre,
2800 4523 3051 4581 quantum
3074 4527 3279 4585 tempo-

1700 4602 1774 4656 ris
1809 4601 2150 4670 permittebat
2202 4602 2464 4671 angustia.
2510 4602 2638 4656 lllnd
2680 4612 2853 4658 tamen
2895 4620 3001 4673 quo
3040 4605 3278 4661 animum

1700 4693 2096 4747 clementissimi
2120 4703 2176 4747 et
2221 4693 2601 4762 religiosissimi
2633 4693 2885 4763 principis
2930 4710 3054 4766 erga
3084 4696 3276 4757 Eccle-

1697 4785 2121 4854 siamprnvincia
2154 4785 2382 4847 novi-rit,
2411 4786 2554 4839 nullo
2582 4786 2739 4840 modo
2758 4801 2877 4841 es-e
2901 4786 3271 4857 differendum

1697 4877 1790 4931 sed
1817 4876 1977 4930 etiam
2008 4885 2290 4944 antequam
2321 4876 2598 4945 cpiscotios
2631 4879 2717 4947 qui
2762 4877 2977 4947 profecti
3017 4891 3160 4942 sunt,
3191 4882 3273 4935 vi-

1696 4968 1844 5028 deas.
1897 4970 2285 5036 quamprimum
2326 4976 2411 5021 tua
2462 4970 2894 5036 pra-smmissima
2943 4984 3036 5038 pro
3070 4970 3271 5029 Christi

1696 5060 1947 5113 membris
1978 5059 2027 5112 in
2059 5058 2397 5113 tribulatian
2426 5060 2656 5112 maxima
2685 5060 2981 5115 constitutis
3004 5063 3271 5132 vigilantia

1697 5151 1943 5219 potuerit,
1974 5149 2377 5203 aet-eleranihun
2403 5164 2651 5218 suggero,
2684 5158 2823 5214 pcto,
2850 5152 3088 5213 obsecro.
3123 5152 3270 5222 ﬂagi-

1693 5253 1765 5296 to.
1797 5242 1980 5311 Neque
2006 5245 2148 5297 enim
2178 5257 2392 5312 parvum
2425 5241 2476 5295 in
2508 5243 2589 5294 his
2614 5241 2775 5301 malis
2809 5243 3055 5298 solatium
3088 5244 3267 5299 Domi-

1693 5350 1793 5389 nus
1820 5335 2033 5401 obtulil,
2062 5335 2200 5404 quod
2229 5344 2279 5388 te
2303 5333 2466 5387 voluit
2494 5334 2661 5387 multo
2675 5334 3263 5406 ampliuszposse'quetﬁ

1751 5567 1764 5597 ¹
1787 5550 1895 5615 Bad.
1918 5572 2013 5611 Am.
2025 5567 2121 5621 Er.,
2138 5559 2397 5612 secundmn
2409 5557 2802 5610 miscricordimn.

1746 5647 1819 5708 (ιι)
1844 5647 2105 5695 Restitutus
2122 5644 2345 5713 nimirum
2361 5650 2409 5691 et
2434 5641 2702 5693 ﬂorentius
2724 5642 2955 5753 Ἶόἓοοὲιί,
2980 5653 3041 5711 εξ
3061 5638 3264 5696 decreto

1746 5708 1870 5753 ncilii
1897 5707 2180 5753 multauit“:
2202 5705 2348 5753 habiti
2387 5704 2441 5752 15
2460 5704 2721 5753 υοιυὺιωι.
2846 5735 2862 5753 .
2906 5702 3263 5753 errationede

1681 5702 1870 5759 concilii
1897 5707 2180 5767 (mrtitaginc
2202 5705 2348 5753 habiti
2387 5704 2441 5752 15
2460 5704 2721 5755 υοιυὺιιιιι.
2745 5702 2862 5759 408,
2886 5702 3263 5767 legationem,”

1682 5777 2022 5836 Imperatorem
2050 5764 2379 5836 susceperunt
2394 5770 2873 5836 control-agonas,“
2901 5764 3184 5826 hereticos,
3204 5770 3262 5815 nt

1682 5785 1746 5819 tm
1767 5785 2022 5820 temtaret“
2050 5785 2379 5829 susceperunt
2394 5785 2558 5814 cuutru
2590 5785 2603 5811 Ι
2619 5785 2644 5813 ﬂ

1680 5785 1851 5883 videre
1876 5842 1952 5879 ea
1973 5830 2023 5877 iu
2044 5827 2218 5878 Coucil.
2245 5826 2478 5883 Atriam,
2495 5837 2543 5876 ο.
2564 5824 2644 5876 π.
