3962 6374
621 550 854 611 poteras,
883 530 1097 607 quando
1119 528 1229 602 jam
1250 526 1317 585 de
1353 522 1456 583 tuis
1480 520 1661 580 multis
1706 534 1770 576 ac
1805 518 2011 589 magnis
2033 515 2207 589 operi-

623 631 724 686 bus
756 627 907 681 bonis
935 623 1320 696 gaudebamus.

694 726 748 778 t.
771 721 989 777 Multum
1028 733 1157 772 sane
1198 716 1265 770 de
1303 708 1673 783 quorumdam,
1715 720 1889 777 neque
1918 714 2205 774 paucorum

626 812 730 870 ﬁde
761 814 909 866 ﬁrma
939 820 993 865 ct
1027 806 1202 865 stabili
1244 802 1570 872 gratulamur
1594 798 1683 870 qui
1712 813 1779 853 cx
1808 794 2089 851 occasione
2126 792 2205 846 le-

623 921 747 977 gunt
780 906 1011 974 ipsarum
1050 900 1115 954 ad
1154 896 1507 953 Christianam
1539 892 1846 962 religionem
1867 886 1952 943 vel
1982 883 2206 977 catholi-

625 971 742 1052 cam
773 971 955 1065 pacem
982 990 1225 1046 conversi
1250 995 1408 1050 sunt;
1440 999 1535 1054 pro
1560 996 1785 1052 quorum
1814 978 1984 1033 salute
2012 971 2209 1043 sempi-

626 1098 774 1144 terna
802 1100 900 1140 nos
925 1084 976 1138 in
1005 1085 1103 1137 hac
1132 1076 1408 1149 temporali
1438 1078 1598 1131 etiam
1627 1070 1917 1143 periclitari
1957 1066 2205 1123 delectat.

629 1180 911 1248 Propterea
936 1174 1081 1228 enitn
1108 1172 1337 1225 maxime
1364 1168 1432 1220 ah
1461 1164 1762 1220 hominibus
1798 1160 2019 1215 nimium
2045 1157 2207 1210 dure-

626 1287 729 1342 que
756 1266 1039 1338 perversis,
1073 1278 1212 1318 nunc
1240 1259 1634 1315 inimicitiarum
1669 1252 1940 1325 graviores
1982 1250 2209 1342 impetus

625 1338 968 1423 sustinemus,
996 1370 1128 1425 quos
1158 1350 1393 1406 nonnulli
1422 1364 1605 1403 eorum
1634 1344 1906 1399 nobiscum
1939 1338 2212 1410 patientis-

626 1452 761 1507 sime
797 1450 1062 1504 sustinent
1092 1461 1107 1498 :
1138 1441 1231 1500 scd
1258 1442 1543 1512 plurimum
1574 1433 1865 1491 inﬁrmitati
1904 1431 2208 1493 metuimus,

627 1544 798 1598 donec
820 1541 1027 1596 discant
1054 1544 1110 1592 et
1150 1535 1357 1589 valeant
1385 1530 1668 1599 adjuvante
1714 1520 2211 1581 misericordissima

627 1635 793 1707 gratia
831 1631 1059 1695 Domini,
1105 1626 1357 1683 szeculum
1403 1637 1635 1695 praesens
1666 1628 1720 1675 et
1750 1617 2022 1673 hominum
2067 1613 2211 1668 diem

627 1726 820 1782 robore
844 1722 1020 1778 cordis
1040 1718 1329 1774 valentiore
1349 1725 1709 1771 contemnere.
1734 1707 2210 1765 Commonitorium

627 1816 770 1888 quod
819 1814 937 1869 misi
985 1810 1235 1866 fratribus
1276 1806 1557 1877 episcopis,
1589 1804 1652 1866 si,
1690 1811 1745 1856 ttt
1788 1811 1931 1871 puto,
1980 1796 2212 1852 nondum

630 1906 703 1961 ibi
732 1916 873 1969 sunt,
909 1904 976 1958 ab
1002 1901 1316 1956 Exiutietate
1343 1908 1429 1951 tua
1466 1895 1572 1950 illis
1601 1892 1857 1959 tradatur,
1906 1905 2025 1945 cum
2056 1902 2216 1943 vene-

630 1997 757 2052 rint.
780 1995 1001 2049 Tantam
1026 1993 1219 2061 quippe
1242 1990 1313 2043 tui
1340 1986 1681 2043 sincerissimi
1710 1983 1937 2054 pectoris
1960 1976 2216 2035 liabemus

633 2087 900 2150 ﬁduciam,
929 2095 1001 2147 ut,
1035 2084 1321 2151 adiuvante
1346 2080 1566 2134 Domino
1600 2078 1707 2131 Deo
1736 2083 1944 2137 nostro,
1990 2088 2095 2125 non
2128 2085 2217 2125 so-

631 2180 743 2236 lum
782 2178 1163 2248 impertitorem
1203 2172 1384 2228 auxilii
1425 2181 1477 2226 te
1516 2168 1771 2233 velimus,
1827 2179 2012 2220 verum
2055 2162 2214 2218 etiam

633 2269 841 2327 cansilii
872 2267 1200 2339 participem.

1054 2366 1381 2426 EPISTOLA
1412 2362 1618 2421 xcvut
1646 2367 1666 2387 ο
1690 2361 1791 2434 (a).

644 2488 955 2561 Augustinus
990 2482 1255 2556 Bonifacio
1292 2482 1546 2551 episcopo,
1580 2476 1887 2548 respondens
1921 2476 2006 2546 qui
2041 2474 2131 2545 ﬁat
2161 2482 2219 2528 ut

710 2576 988 2649 infantibus
1031 2575 1082 2627 in
1121 2571 1382 2642 Baptismo
1421 2569 1578 2640 prosit
1620 2576 1884 2637 parentum
1912 2565 2058 2633 ﬁdes,
2102 2580 2219 2618 cum

709 2678 821 2738 post
846 2664 1163 2736 Baptismum
1188 2680 1288 2716 non
1315 2671 1489 2717 noceat
1515 2661 1618 2714 illis
1648 2668 1911 2728 parentum
1952 2655 2219 2726 impietas;

707 2763 887 2818 deinde
917 2760 1164 2831 quomodo
1185 2767 1496 2825 sttsccptorcs
1520 2758 1571 2807 in
1592 2752 1854 2823 Baptismo
1880 2750 2215 2819 respondeant

706 2855 825 2910 illos
850 2854 1069 2915 credere,
1098 2866 1213 2906 cum
1239 2849 1435 2919 parvuli
1461 2862 1630 2900 revera
1662 2860 1762 2897 non
1800 2842 2027 2907 credant,
2069 2848 2117 2893 et
2141 2839 2221 2893 in-

712 2954 902 2999 certum
930 2944 993 2998 sit
1019 2960 1085 2996 an
1114 2944 1212 2996 sint
1243 2938 1499 2994 credituri.

638 3037 923 3093 Bossrscuo
954 3036 969 3067 ⁸
1001 3034 1078 3104 (b)
1115 3034 1455 3102 coepiscopo,
1502 3030 1853 3091 Aecusrtuus,
1898 3025 1953 3079 in
1996 3023 2223 3078 Domino

1301 3124 1546 3177 salutem.

713 3216 765 3271 Ι.
796 3214 1001 3283 Qumris
1028 3229 1058 3269 a
1086 3228 1190 3277 me,
1235 3224 1401 3267 utrum
1436 3220 1666 3282 parentes
1695 3209 1959 3280 baptizatis
2001 3206 2224 3279 paruulis

645 3309 752 3363 suis
794 3315 1029 3371 noceant,
1076 3321 1190 3358 cum
1218 3320 1303 3359 eos
1338 3304 1699 3357 davmoniorum
1742 3299 2002 3367 sacriﬁciis
2044 3312 2225 3351 sanare

642 3410 908 3455 conantur.
951 3396 1016 3452 Et
1044 3399 1086 3450 si
1116 3412 1217 3449 non
1255 3405 1450 3458 nocent,
1493 3391 1739 3459 quomodo
1787 3392 1857 3443 eis
1887 3389 2061 3457 prosit,
2110 3403 2226 3441 cum

643 3490 983 3562 baptisantur.
1016 3496 1279 3557 parentum
1308 3486 1433 3554 fides
1466 3498 1676 3553 quarunt
1698 3482 1771 3535 eis
1810 3496 1907 3534 non
1938 3488 2094 3549 potest
2132 3478 2223 3532 ob-

642 3595 750 3635 esse
777 3579 1010 3650 perfidia.
1033 3578 1130 3634 Ubi
1157 3575 1473 3645 respondeo,
1500 3582 1699 3628 tantam
1718 3571 1853 3625 illius
1873 3571 2222 3633 Sacramenti,

647 3670 752 3725 ltoc
792 3680 878 3725 cst
919 3670 1166 3736 ltaptismi
1206 3667 1470 3731 salutaris,
1513 3681 1631 3720 esse
1669 3665 1913 3718 virtutem
1953 3663 2004 3717 in
2044 3674 2222 3719 sancta

641 3774 901 3829 compage
920 3759 1160 3829 corporis
1173 3757 1393 3821 Christi,
1415 3765 1471 3810 ut
1488 3755 1652 3810 senth
1678 3765 1959 3826 generatus
1985 3769 2078 3824 per
2096 3755 2227 3809 alio-

640 3866 759 3907 rttm
792 3850 1058 3904 carnalem
1101 3850 1454 3918 voluptatem,
1502 3862 1621 3901 cum
1670 3847 1834 3900 semel
1884 3855 2227 3917 rege..er.ttus

639 3941 801 3998 fuerit
831 3957 925 4011 per
960 3942 1182 4003 aliorum
1226 3939 1551 4025 spiritualem
1597 3938 1943 4003 voluntatem,
1973 3937 2227 4006 deinceps

639 4047 746 4087 non
813 4030 980 4101 possit
1049 4031 1262 4086 vinculo
1328 4030 1516 4084 alienae
1573 4028 1863 4098 iniquitatis
1920 4028 2222 4099 obstringi,

638 4122 724 4177 cui
769 4122 911 4176 nulla
966 4137 1060 4174 stta
1111 4120 1382 4175 voluntate
1428 4120 1709 4175 consentit.
1762 4116 1826 4171 Et
1865 4120 2037 4172 anima
2082 4120 2226 4174 enim

638 4213 795 4285 patris
839 4229 950 4266 mea
995 4223 1088 4279 est,
1129 4214 1329 4283 inquit,
1376 4222 1422 4266 et
1461 4214 1632 4266 anima
1674 4211 1767 4280 ﬁlii
1810 4228 1918 4267 mea
1962 4221 2055 4266 est.
2097 4211 2223 4265 Ani—

638 4318 724 4355 nta
747 4317 859 4370 qutt-
886 4304 1188 4369 peccaverit,
1236 4304 1348 4372 ipsa
1394 4305 1632 4357 morietur
1674 4302 1881 4371 (Bacch.
1917 4317 2081 4368 xvut,
2117 4303 2173 4372 4)
2208 4320 2223 4357 :

641 4409 749 4449 non
797 4405 971 4450 autem
1020 4407 1201 4464 peccat
1252 4397 1399 4465 ipsa,
1456 4412 1577 4449 cunt
1627 4404 1872 4464 parentes
1912 4397 1960 4449 ei
2007 4396 2227 4451 omnino

643 4484 921 4547 nescienti,
955 4485 1036 4537 vel
1073 4485 1292 4554 quilibet
1316 4486 1453 4538 alius
1488 4484 1705 4539 adhibet
1732 4487 2003 4556 sacrilegia
2028 4487 2225 4543 danno-

641 4574 873 4630 niorutn.
910 4574 1015 4630 Sed
1049 4576 1168 4629 ideo
1211 4590 1278 4629 ex
1313 4574 1479 4629 Adam
1514 4576 1670 4629 traxit
1707 4576 1849 4645 quod
1897 4576 2226 4633 Sacramenti

640 4665 783 4722 illius
811 4666 978 4737 gratia
1008 4666 1325 4726 solveretur.
1365 4667 1484 4735 quia
1514 4668 1745 4721 nomlum
1781 4675 1898 4721 erat
1935 4667 2109 4721 anima
2141 4683 2229 4723 se-

644 4758 869 4829 paratim
900 4758 1100 4823 vivens,
1131 4756 1182 4811 id
1208 4767 1291 4812 est
1317 4756 1483 4813 altera
1510 4758 1682 4811 anima
1708 4756 1776 4813 de
1808 4773 1909 4829 qua
1938 4758 2223 4830 diceretur,

704 4932 723 4965 ι
745 4938 797 4982 ιιι
822 4940 927 4983 MSS.
955 4931 1201 4996 plerisque
1224 4937 1498 4983 constanter
1516 4932 1740 4980 scribitur
1765 4944 1778 4981 :
1805 4931 2099 4996 ronefact'us.

703 5015 723 5033 ⁹
750 5021 799 5063 ιιι
823 5015 971 5077 hujus
992 5017 1281 5067 recensione
1310 5014 1553 5078 explorati
1569 5022 1682 5063 sunt
1706 5029 1754 5063 a.
1778 5015 1862 5078 bg.
1880 5016 1946 5066 bl.
1977 5017 2060 5066 ιω.
2083 5030 2127 5067 c.
2151 5030 2223 5069 cc.

643 5074 693 5125 lf.
722 5089 771 5139 g.
797 5074 941 5139 gvfj.
968 5091 1016 5125 ιι.
1041 5091 1082 5126 r.
1108 5091 1147 5126 s.
1181 5090 1217 5127 t.
1238 5078 1315 5127 vd.
1339 5074 1435 5139 duo
1456 5076 1623 5139 a.rdtto
1658 5090 1731 5139 vc.
1768 5074 1870 5127 trl-s
1888 5080 2069 5128 sb.sex
2096 5092 2143 5129 v.
2175 5085 2228 5129 et

641 5136 745 5186 Λιιιῖ
771 5136 877 5185 and.
905 5136 978 5184 Er.
996 5145 1105 5187 Lov.
1128 5152 1315 5189 necnon
1335 5137 1557 5188 collectio
1570 5136 1778 5186 Anselmi
1801 5141 2024 5189 Lucensis
2037 5146 2142 5189 Mss.

702 5233 779 5295 (α)
803 5232 928 5296 alias
949 5231 1011 5281 9.5
1034 5246 1047 5281 :
1073 5246 1183 5296 qua:
1205 5242 1370 5284 autem
1390 5233 1452 5283 98
1475 5239 1599 5292 erat,
1623 5246 1750 5283 nunc
1773 5232 1878 5282 165.
1902 5236 2081 5296 scripta
2102 5235 2227 5287 forte

645 5294 775 5347 circa
796 5294 927 5343 idem
951 5294 1158 5356 tempus.

705 5376 791 5486 (ὺί
805 5376 1090 5426 Bonifatium
1113 5376 1258 5434 hunc,
1282 5376 1534 5439 praeditum
1558 5389 1617 5426 ea
1640 5375 1898 5440 religione,
1914 5383 1971 5426 ut
2000 5394 2022 5423 ι
2043 5376 2229 5431 soleret

705 5453 757 5486 re
796 5445 1018 5486 ementer
1047 5451 1225 5486 cavere
1250 5439 1577 5486 mendacium.
1603 5456 1623 5483 ν
1657 5439 1723 5486 uti
1745 5438 1917 5486 dicitur
1941 5438 2077 5486 infra.
2100 5452 2150 5486 ιι.
2174 5442 2222 5486 7.

647 5455 671 5501 ᾳ
696 5438 1018 5488 vehementer
1047 5451 1225 5501 cavere
1239 5438 1577 5501 mendacium,
1603 5456 1623 5483 ν
1657 5439 1723 5501 uti
1742 5438 1917 5487 dicitur
1941 5438 2077 5497 infra,
2100 5452 2150 5488 ιι.
2174 5442 2222 5501 7,

642 5499 767 5547 haud
812 5501 1053 5550 immerito
1084 5498 1353 5547 credideris
1386 5512 1497 5547 esse
1530 5501 1662 5548 illum
1697 5500 1726 5561 ιι
1742 5512 1851 5547 sum
1879 5498 2229 5562 Cataquenseni

644 5561 823 5632 epico,
845 5576 952 5621 um,
984 5562 1065 5625 qui
1089 5574 1289 5632 agr-usa
1313 5562 1676 5632 praedecessore
1708 5573 1795 5609 suo
1817 5574 1925 5608 eum
1948 5561 2105 5632 aliqua

646 5621 821 5685 mune
836 5621 1143 5685 contini-atus
1154 5621 1397 5685 Ecclesiw,
1410 5623 1661 5685 suscipere
1686 5634 1784 5684 me
1804 5621 2111 5685 tumscientia:
2131 5624 2229 5673 sitt-

645 5683 849 5748 ceritate
886 5683 1163 5748 verebatur.
1200 5686 1308 5748 Boni
1329 5684 1429 5748 acii,
1458 5701 1480 5727 ι
1504 5683 1652 5748 sancti
1686 5684 1846 5748 tratris
1877 5685 2229 5748 et‘coepiscopl

652 5757 677 5788 s
699 5743 772 5790 sui
798 5760 819 5784 ι
851 5745 1069 5808 meminit
1090 5747 1389 5808 _.»j~ugustinus
1420 5746 1465 5793 i.t
1500 5759 1544 5807 et
1564 5747 1642 5794 ist.
1680 5745 1769 5808 H3
1791 5752 1843 5794 et
1876 5745 1980 5797 M9.
2012 5743 2230 5799 Iliteﬂiiit

645 5805 1009 5869 urungincusi
1031 5805 1191 5857 collati
1214 5808 1473 5859 Donincius
1492 5805 1815 5877 tanun

1860 398 1919 461 s.
1958 396 2325 460 AUGUSTINI
2364 380 2667 455 EPISCOPl
3054 363 3081 393 τ
3725 404 3802 475 διο

2310 512 2381 567 Et.
2411 513 2581 567 anima
2620 510 2780 583 patris
2821 525 2933 565 mea
2971 515 3062 581 est,
3088 516 3137 565 et
3179 508 3344 566 animo
3366 510 3457 582 ﬁlii
3479 531 3580 572 mea
3615 530 3693 579 est.
3715 525 3803 588 iam

2309 603 2488 673 itaque
2513 617 2635 657 cum
2663 602 2821 657 homo
2846 601 2896 656 in
2922 601 3103 670 seipso
3127 609 3229 668 est,
3255 602 3321 655 ah
3347 618 3408 658 eo
3431 607 3514 676 qui
3534 612 3690 679 genuit
3706 616 3804 677 alter

2310 695 2549 755 effectus.
2578 702 2793 764 peccato
2813 693 3032 749 alterius
3050 694 3165 748 sine
3187 707 3279 748 sua
3308 699 3632 756 consensione
3648 719 3731 761 non
3748 716 3805 765 te-

2311 794 2467 841 netur
2494 784 2773 840 obnoxius.
2818 783 3001 839 Traxit
3028 798 3157 855 ergo
3183 792 3405 851 reatum,
3443 788 3555 856 quia
3587 805 3702 848 unus
3722 811 3804 855 erat

2310 892 2432 932 cum
2464 877 2554 931 illo
2581 886 2634 933 et
2663 877 2715 931 in
2752 876 2843 931 illo
2870 890 2901 929 a
2949 892 3057 946 quo
3085 875 3260 939 traxit,
3310 878 3514 947 quando
3534 884 3658 951 qttod
3692 890 3807 946 traxit

2310 968 2601 1023 admissum
2642 977 2744 1023 est.
2794 966 2909 1022 Non
2955 974 3135 1021 autem
3181 967 3339 1021 trahit
3384 968 3511 1024 alter
3555 970 3616 1025 ab
3664 974 3805 1047 sltem,

2312 1059 2525 1130 quando
2551 1073 2645 1114 sua
2677 1072 2991 1129 unoquoque
3019 1056 3228 1127 propria
3258 1058 3365 1112 vita
3412 1058 3604 1115 vivente
3634 1061 3725 1133 jam
3752 1077 3810 1124 est

2315 1153 2456 1208 unde
2483 1153 2707 1216 dicatur,
2744 1153 2924 1207 Anima
2952 1167 3064 1223 qua
3096 1152 3389 1224 peccaverit,
3417 1153 3523 1223 ipsa
3550 1157 3761 1213 morietur.

2385 1244 2440 1299 9.
2472 1243 2542 1300 Ut
2564 1253 2740 1299 autem
2770 1243 2935 1314 possit
2978 1242 3282 1313 rcgenerari
3324 1258 3416 1313 per
3438 1242 3646 1300 ofﬁcium
3670 1250 3810 1305 volun-

2316 1333 2441 1388 tatis
2484 1335 2693 1395 alicn-e,
2733 1349 2856 1389 cum
2904 1332 3128 1388 offertur
3166 1334 3564 1402 consecrandus,
3603 1335 3707 1393 facit
3742 1339 3813 1396 hoc

2317 1440 2455 1481 unus
2479 1424 2727 1496 Spiritus,
2758 1440 2823 1480 ex
2851 1440 2959 1496 quo
2984 1435 3327 1496 regeneratur
3344 1425 3557 1481 oblatus.
3594 1428 3689 1485 Non
3710 1433 3812 1487 enim

2317 1518 2573 1589 scriptum
2594 1528 2694 1581 est,
2722 1516 2833 1572 Nisi
2858 1517 2977 1588 quis
3002 1525 3217 1572 renatus
3239 1516 3394 1572 fuerit
3416 1532 3479 1573 ex
3504 1530 3737 1588 parentum
3750 1539 3814 1577 vo-

2316 1607 2538 1672 luntate,
2579 1616 2671 1662 aut
2703 1623 2772 1663 ex
2814 1607 3149 1662 oll'ercntium
3179 1606 3263 1661 vel
3310 1606 3684 1663 ministrantium
3718 1611 3813 1678 llde;

2318 1700 2433 1761 sed,
2462 1697 2580 1753 Nisi
2605 1699 2715 1768 quis
2751 1708 2953 1753 renatus
2982 1698 3131 1769 fuerit
3158 1714 3223 1753 ea:
3248 1715 3381 1769 aqua
3405 1710 3451 1752 et
3477 1697 3654 1771 Spiritu
3678 1701 3815 1758 Sancto

2318 1787 2496 1859 (Joan.
2525 1805 2603 1857 ιιι,
2634 1789 2711 1861 5).
2743 1790 2889 1860 Aqua
2916 1788 3075 1860 igitur
3102 1788 3359 1844 exhibens
3384 1788 3653 1845 forinsecus
3684 1807 3815 1847 sacra-

2320 1890 2555 1936 mentum
2584 1882 2785 1951 gratize,
2816 1890 2870 1937 et
2910 1881 3138 1951 Spiritus
3178 1897 3408 1951 operatus
3447 1883 3721 1939 intrinsecus
3750 1886 3816 1941 be-

2320 1973 2566 2027 neﬁcium
2610 1973 2814 2043 gratim,
2859 1972 3074 2028 solvens
3104 1973 3373 2028 vinculum
3418 1975 3593 2045 culpae,
3637 1976 3817 2031 reconci-

2321 2063 2458 2117 lians
2486 2063 2682 2118 bonum
2728 2073 2951 2130 naturtc,
3003 2072 3324 2134 regenerant
3379 2062 3629 2119 hominem
3670 2066 3711 2119 in
3744 2081 3818 2122 uno

2321 2150 2553 2217 Christo,
2582 2168 2646 2207 ex
2687 2168 2795 2207 uno
2824 2152 2992 2207 Adam
3039 2161 3370 2223 generatum.
3412 2152 3711 2225 Regcnerans
3728 2171 3818 2225 ergo

2322 2241 2552 2314 Spiritus
2590 2248 2643 2298 in
2684 2243 2973 2314 majoribus
2994 2244 3364 2311 olfercntibns,
3402 2253 3455 2300 et
3482 2246 3672 2314 parvulo
3692 2244 3819 2301 oblato

2322 2346 2611 2405 renatoqne
2647 2335 2943 2389 communis
2978 2343 3060 2390 est
3089 2351 3105 2388 :
3148 2335 3266 2389 ideo
3294 2350 3390 2406 per
3418 2334 3547 2390 hanc
3583 2336 3819 2391 societatem

2323 2426 2480 2481 unius
2523 2426 2867 2499 ejusdemque
2902 2426 3132 2498 Spiritus
3171 2427 3391 2497 prodest
3434 2427 3723 2484 offerentium
3755 2440 3820 2482 vs-

2322 2519 2499 2575 luntas
2538 2518 2758 2589 parvulo
2799 2517 2997 2572 oblato.
3042 2517 3265 2585 Quando
3307 2527 3479 2574 autent
3524 2519 3572 2572 in
3614 2516 3820 2589 parvulum

2324 2614 2555 2684 majores
2579 2622 2819 2683 peccant,
2847 2612 3131 2668 oll‘erentes
3173 2629 3298 2667 eum
3339 2621 3493 2683 atpte
3532 2614 3729 2684 obligare
3757 2627 3822 2667 co-

2325 2715 2514 2760 nantes
2538 2704 2839 2759 tlthttnuttI
2870 2705 3145 2775 sacrilegis
3177 2706 3423 2768 vinculis,
3458 2720 3555 2760 non
3595 2715 3667 2760 est
3697 2706 3822 2761 animt

2326 2805 2669 2866 utrorumque
2697 2797 3016 2860 communis,
3048 2806 3105 2850 ut
3128 2796 3293 2851 etiam
3324 2798 3526 2867 culpam
3558 2796 3728 2867 possint
3758 2797 3820 2849 In-

2325 2888 2453 2944 berc
2471 2903 2835 2944 communem.
2879 2887 2993 2942 Non
3022 2888 3165 2943 enim
3205 2889 3285 2943 sic
3314 2888 3699 2943 cmnmunicatur
3714 2888 3823 2958 culpa

2324 2994 2423 3051 per
2447 2978 2665 3034 alterius
2695 2979 3043 3040 voluntatem.
3072 2978 3520 3050 quemadmodum
3544 2979 3825 3033 communica.

2329 3081 2413 3126 tur
2439 3072 2605 3141 gratia
2637 3087 2731 3141 per
2769 3072 2935 3125 sancti
2986 3070 3213 3138 Spiritus
3244 3073 3517 3127 unitatem.
3548 3072 3698 3127 Potest
3726 3070 3825 3126 enin

2326 3171 2381 3217 et
2406 3163 2457 3217 in
2489 3162 2589 3216 hoc
2617 3169 2671 3217 et
2698 3163 2749 3216 in
2775 3162 2864 3217 illo
2886 3160 3098 3216 homine
3120 3176 3240 3217 esse
3264 3179 3403 3217 unus
3424 3162 3634 3235 Spiritus
3653 3169 3823 3227 satietas.

2329 3255 2533 3310 etiamsi
2564 3254 2790 3310 invicem
2824 3254 3062 3309 nesciant
3090 3269 3185 3324 per
3212 3271 3375 3325 quem
3404 3257 3471 3311 sit
3494 3258 3728 3326 utriusque
3740 3268 3826 3324 grs-

2329 3345 2400 3400 tia
2438 3345 2756 3400 Communis.
2812 3344 2927 3399 Non
2978 3353 3153 3399 autem
3200 3355 3376 3415 potest
3417 3346 3621 3416 spiritus
3660 3342 3825 3399 hominis

2328 3450 2447 3492 esse
2486 3446 2538 3491 et
2568 3436 2724 3506 hujus
2758 3445 2812 3491 et
2851 3436 3011 3499 illius,
3043 3452 3136 3506 per
3163 3453 3325 3507 quem
3358 3448 3595 3509 peccante
3615 3437 3765 3503 altero,
3792 3440 3827 3488 et

2328 3526 2496 3582 altero
2521 3542 2627 3581 non
2670 3537 2941 3598 peccante,
2984 3528 3051 3581 sit
3086 3538 3259 3583 tamen
3292 3530 3449 3599 culpa
3473 3527 3745 3585 communis.
3775 3526 3827 3579 Ac

2330 3633 2424 3690 per
2450 3617 2551 3673 hoc
2578 3627 2753 3687 potest
2778 3618 3027 3689 parvttltIs
3050 3620 3217 3675 semel
3244 3636 3312 3676 ex
3348 3634 3610 3692 parentum
3631 3630 3829 3687 earnest-

2330 3720 2547 3765 neratus
2584 3710 2675 3766 Dei
2719 3709 2921 3780 Spiritu
2959 3711 3280 3781 rcgenerari,
3328 3722 3386 3767 ut
3422 3728 3485 3768 ex
3520 3713 3614 3767 illis
3645 3706 3829 3777 obligatio

2330 3812 2598 3858 contracta
2621 3803 2876 3858 solvatur.
2902 3802 3015 3858 Non
3038 3815 3213 3874 potest
3230 3815 3410 3861 autem
3433 3808 3587 3862 semel
3600 3804 3677 3861 Dei
3688 3801 3830 3874 Spiritu

2330 3904 2671 3965 regeneratus
2681 3911 2745 3949 ex
2768 3906 3044 3965 parentum
3064 3910 3225 3950 carne
3248 3898 3570 3968 regenerari,
3586 3906 3634 3950 ut
3647 3890 3832 3963 obligatio

2330 4000 2448 4055 qua:
2476 3984 2645 4040 soluta
2687 3994 2790 4051 est,
2836 3985 3025 4040 iterum
3067 3986 3437 4042 contmhatur.
3478 3987 3542 4042 Et
3578 3985 3683 4041 ideo
3714 3976 3833 4039 settle!

2332 4084 2634 4145 perceptam
2666 4074 2914 4144 parvulus
2935 4074 3128 4129 Christi
3158 4078 3386 4145 gratiam
3412 4093 3516 4132 non
3537 4076 3725 4139 amittit,
3755 4058 3827 4125 nisi

2334 4167 2543 4236 propria
2573 4167 2862 4237 impietate,
2902 4167 2948 4221 si
2991 4168 3163 4222 aetatis
3190 4184 3412 4226 accessu
3439 4180 3542 4225 tant
3583 4169 3726 4225 malus
3746 4176 3832 4220 en-

2332 4258 2481 4313 scrit.
2510 4256 2659 4312 Tunc
2686 4258 2827 4311 enim
2855 4256 3014 4312 etiam
3065 4258 3272 4329 propria
3316 4261 3529 4332 incipiet
3565 4260 3731 4315 habere
3751 4266 3836 4325 μεθ’

2331 4356 2471 4412 cata,
2497 4364 2614 4418 qua:
2644 4364 2748 4402 non
2776 4348 3177 4419 regeneratioue
3200 4350 3530 4421 auferantur,
3555 4351 3643 4408 sed
3672 4348 3752 4404 alia
3773 4358 3836 4401 cu-

2332 4440 2542 4494 ratione
2567 4448 2839 4494 sanentur.
3054 4440 3057 4441 ⁷

2403 4530 2456 4584 5.
2492 4528 2867 4586 Verumtamen
2902 4540 3045 4589 recte
3085 4533 3334 4591 dicuntur
3371 4544 3632 4608 parentes,
3658 4530 3725 4588 vel
3757 4526 3837 4599 quis

2330 4632 2557 4690 cumque
2584 4620 2833 4689 majores,
2864 4620 3001 4677 ﬁlios
3023 4638 3117 4678 seu
3138 4626 3407 4694 quOslihet
3448 4624 3677 4697 parvulos
3712 4617 3836 4689 bapti-

2331 4719 2478 4765 zatos
2505 4710 2886 4767 daemoniorum
2911 4714 3205 4784 sacrilegiis
3228 4716 3468 4788 obligare
3489 4723 3743 4779 conantes,
3763 4706 3840 4777 δρί-

2330 4800 2588 4856 ritualiter
2601 4800 2898 4857 homicidae.
2916 4802 3047 4857 Nam
3064 4803 3116 4858 itt
3134 4804 3241 4860 illis
3255 4807 3470 4876 quidem
3493 4803 3838 4861 interfectionem

2330 4906 2436 4947 non
2473 4892 2690 4957 faciunt,
2733 4891 2827 4948 sed
2852 4902 3105 4963 quantum
3153 4895 3205 4949 in
3251 4895 3381 4966 ipsis
3409 4904 3513 4963 est,
3545 4892 3838 4951 interfectores

2331 4981 2481 5037 ﬁunt.
2511 4982 2673 5038 Recte
2702 4983 2804 5037 illis
2829 4983 3037 5050 dicitur,
3061 4985 3271 5055 quando
3289 4988 3358 5043 ab
3386 4987 3488 5042 hoc
3511 4986 3693 5043 scelere
3709 4976 3838 5051 prohi'
3924 4996 3925 5061 ξ

2331 5073 2543 5139 luatur,
2582 5072 2757 5130 Nolite
2784 5074 3027 5131 occidere
3055 5077 3303 5147 parvulos
3335 5089 3539 5135 vestros
3565 5095 3578 5131 :
3605 5074 3718 5131 dicit
3734 5068 3838 5125 enim
3871 5097 3878 5107 ο
3924 5072 3925 5143 ᾖ

2331 5171 2385 5217 et
2413 5163 2719 5233 Apostolus,
2766 5163 3017 5235 Spiritum
3045 5167 3201 5222 nolite
3237 5169 3549 5240 exstinguere
3571 5165 3613 5233 (Ι
3638 5164 3777 5218 Τάϐα-
3800 5170 3837 5218 'v
3924 5158 3925 5231 ἦ

2332 5254 2460 5329 19);
2492 5271 2597 5312 non
2630 5257 2753 5327 quia
2798 5257 2888 5312 ille
2916 5258 3182 5330 exstingui
3209 5269 3404 5330 potest,
3447 5260 3540 5315 sed
3566 5265 3779 5329 quntum
3800 5245 3838 5299 in
3924 5246 3925 5285 ξ

2332 5347 2462 5417 ipsis
2486 5356 2590 5414 est,
2626 5347 2983 5403 exstinctam
3006 5349 3121 5418 ejus
3169 5351 3359 5405 merito
3404 5349 3656 5410 dicuntur.
3681 5341 3755 5415 qui
3786 5337 3841 5390 δίε
3924 5358 3925 5403 1

2332 5445 2494 5507 agunt
2518 5445 2573 5491 ut
2598 5437 2916 5492 exstinctum
2951 5440 3134 5494 velint.
3167 5438 3271 5495 Isto
3297 5454 3453 5494 sensu
3494 5449 3631 5493 recte
3670 5423 3839 5494 intelllti
3924 5508 3925 5511 η

2332 5537 2511 5607 potest
2530 5527 2670 5598 quod
2704 5528 2915 5598 scripsit
2941 5528 3276 5586 beatissimus
3294 5529 3586 5601 Cyprianus
3604 5529 3651 5582 in
3668 5517 3839 5607 epistol?I

2332 5617 2399 5674 de
2426 5617 2634 5690 Lapsis,
2664 5635 2784 5675 cum
2809 5634 2904 5676 eos
2929 5622 3021 5691 qui
3064 5631 3301 5693 tempore
3340 5616 3702 5691 persecutionis
3726 5606 3839 5693 idolis
3924 5606 3925 5633 ί

2331 5708 2734 5765 immolaverunt
2755 5723 2986 5782 arguens
3014 5728 3030 5766 :
3057 5712 3131 5767 Ac
3154 5691 3218 5767 ne
3240 5710 3361 5785 quid
3383 5711 3586 5771 deesset,
3611 5703 3768 5776 inquit.
3791 5691 3840 5747 εί
3924 5718 3925 5763 i

2334 5801 2563 5859 criminis
2601 5802 2877 5871 cumulum,
2907 5801 3123 5875 infantes
3157 5818 3347 5877 quoque
3369 5808 3624 5879 parentum
3658 5787 3841 5851 malim
