3962 6386
458 378 558 435 567

459 492 601 564 quod
648 506 675 545 a
732 495 985 561 perpetuo
1034 478 1304 552 proposito
1338 470 1585 527 recedere
1630 482 1733 521 non
1774 464 2030 519 debemus

462 556 707 643 vincendi
733 556 789 637 in
819 556 958 635 bono
985 575 1216 634 malum;
1250 567 1377 623 il'ttd
1410 577 1619 634 quoque
1647 556 1923 630 prudentia
1948 563 2035 607 tua

465 681 678 748 cogitet,
720 672 861 745 quod
909 682 1099 724 causas
1137 657 1521 719 ecclesiasticas
1571 652 1840 707 insinuare
1887 644 2039 699 vobis

467 787 625 826 nemo
655 775 844 835 pr:rter
866 756 1251 816 ecclesiasticos
1273 757 1444 804 curat.
1471 743 1717 805 Proinde,
1738 740 1782 793 si
1800 736 2044 793 occiden-

466 863 563 917 dos
594 862 644 915 in
674 858 754 912 his
776 852 1064 909 sceleribus
1090 846 1329 901 homines
1351 836 1679 911 putaveritis,
1709 827 2043 887 deterrebitis

467 968 565 1007 nos
591 965 656 1004 ne
688 963 777 1017 per
794 957 1006 1013 operam
1043 947 1281 991 nostram
1320 931 1385 985 ad
1410 938 1641 983 vestrum
1667 921 1920 994 judicium
1945 917 2043 969 ali-

467 1044 596 1115 quid
639 1016 739 1094 tale
788 1035 1101 1107 perveniat:
1135 1044 1239 1098 quo
1290 1031 1564 1092 comperto
1594 1018 1666 1071 illi
1708 1016 1763 1068 in
1808 1020 2043 1066 nostram

474 1135 759 1206 perniciem
789 1125 1063 1182 licentiore
1090 1120 1307 1174 audacia
1334 1111 1733 1185 grassabuntur,
1754 1099 2045 1158 necessita-

469 1188 522 1283 tre
549 1225 701 1278 nobis
728 1221 954 1289 impacta
983 1224 1037 1270 et
1060 1211 1276 1273 indicta,
1302 1215 1363 1260 ut
1387 1204 1544 1259 etiam
1574 1197 1739 1253 occidi
1762 1196 1829 1248 ab
1853 1193 1930 1247 eis
1954 1188 2048 1241 cli-

470 1331 676 1390 gamus,
700 1327 855 1383 quam
882 1322 975 1363 eos
1009 1300 1328 1359 occidendos
1370 1294 1562 1350 vestris
1596 1288 1810 1358 judiciis
1836 1285 2043 1352 ingerav

473 1426 610 1464 nilis.
635 1406 780 1461 llanc
799 1398 1238 1457 admonitionem,
1268 1386 1600 1459 petitionem,
1619 1376 2048 1433 obsecrationem

472 1516 644 1556 meam
678 1512 762 1556 ne,
792 1505 991 1562 qumso.
1041 1488 1386 1552 aSpernantcr
1409 1474 1654 1541 accipias.
1681 1469 1864 1537 Neque
1900 1464 2047 1517 enim

475 1605 526 1647 tc
548 1589 780 1644 arbitror
822 1599 927 1637 non
976 1576 1231 1637 recolere,
1258 1583 1498 1640 magnam
1526 1579 1610 1619 me
1636 1561 1700 1615 ad
1730 1570 1780 1614 te
1806 1568 1856 1612 ct
1887 1555 2051 1609 multo

476 1695 635 1751 quam
679 1689 821 1730 nunc
858 1686 916 1725 es
959 1669 1120 1723 altius
1164 1663 1501 1717 sublimatum
1532 1652 1737 1710 etiamsi
1772 1650 2052 1717 episcopus

477 1739 581 1826 non
604 1782 797 1824 essem.
822 1761 1060 1816 liduciam
1087 1768 1260 1811 tamen
1288 1751 1482 1805 habere
1509 1746 1759 1816 potuisse.
1778 1739 2055 1803 Citqinte-

480 1864 579 1918 rim
626 1876 719 1930 per
749 1858 975 1912 edictum
1008 1846 1350 1905 Excellentia:
1378 1855 1480 1897 tua:
1529 1836 1773 1893 noverint
1816 1826 2054 1887 ha-retici

483 1922 793 2009 Βοιιιιίἱδιειι,
825 1957 1041 1998 manere
1064 1941 1205 2009 leges
1234 1944 1418 1991 contra
1459 1944 1696 1987 errorem
1725 1939 1877 1980 suum
1900 1922 2052 1983 latas,

483 2047 739 2119 quasjam
764 2041 893 2097 nihil
918 2038 1092 2092 valere
1119 2033 1441 2087 arbitrantur
1461 2038 1513 2081 et
1530 2027 1750 2094 jactant,
1784 2032 1849 2073 ne
1877 2014 1958 2070 vel
1980 2013 2058 2067 sic

481 2113 644 2195 nobis
670 2148 886 2207 parcere
916 2130 1249 2198 aliquatenus
1283 2122 1504 2192 possint.
1556 2113 1849 2170 Plurimum
1878 2115 2057 2160 autem

482 2232 690 2286 labores
716 2236 771 2281 et
794 2222 1019 2293 pericula
1051 2228 1250 2281 nostra,
1278 2230 1382 2284 quo
1405 2213 1669 2264 l‘ructuosn
1696 2205 1823 2267 sint,
1854 2198 2060 2267 adjuva-

482 2324 585 2383 ltis,
616 2321 659 2372 si
686 2331 869 2372 eorum
901 2310 1237 2366 vanissimam
1266 2315 1317 2358 et
1338 2302 1511 2371 itnpite
1531 2296 1792 2367 superbia:
1817 2290 2060 2361 plenissi-

485 2429 624 2466 mum
656 2416 853 2462 sectam
882 2419 984 2456 non
1010 2402 1078 2453 ita
1103 2412 1259 2452 cures
1290 2390 1649 2461 imperialibus
1682 2385 1880 2455 legibus
1910 2395 2058 2434 com-

485 2503 664 2574 primi,
699 2508 754 2553 ιιι
780 2498 876 2551 sibi
904 2496 983 2549 vel
1012 2493 1119 2547 suis
1155 2489 1431 2543 videantur
1453 2482 1863 2554 qualescumque
1894 2473 2060 2529 mole-

485 2566 613 2649 stias
645 2607 738 2661 pro
780 2590 999 2642 veritate
1038 2595 1194 2652 atque
1234 2578 1435 2648 justitia
1484 2572 1783 2626 sustinere:
1814 2566 1906 2621 sed
1946 2578 2062 2629 eos,

487 2704 606 2740 cutn
632 2684 730 2737 hoc
757 2681 852 2733 ahs
882 2688 932 2732 te
956 2676 1168 2746 petitur,
1206 2686 1380 2726 rerum
1408 2678 1671 2723 certarum
1698 2655 2064 2714 manifestissi-

493 2779 594 2831 mis
642 2770 980 2828 documentis
1022 2764 1157 2835 aputl
1208 2764 1337 2816 Acta
1364 2759 1444 2813 vel
1491 2751 1815 2809 l’rarstantia:
1856 2757 1955 2802 tua:
1981 2744 2065 2798 vel

491 2870 753 2921 minorum
783 2862 1017 2932 jndicum
1071 2851 1310 2910 convinci
1347 2858 1503 2917 atque
1545 2842 1730 2898 instrui
1759 2838 1992 2909 patiaris,
2012 2843 2070 2889 ut

491 2971 544 3015 et
566 2959 663 3029 ipsi
683 2958 767 3024 qui
796 2965 845 3009 te
863 2954 1079 3021 juhcntc
1097 2950 1406 3010 attinentur,
1429 2942 1636 3000 duram,
1660 2937 1703 2990 si
1732 2934 1843 2988 licri
1874 2937 2061 3000 potest,

494 3056 707 3105 ﬂectant
728 3050 779 3101 in
810 3045 999 3099 melius
1029 3040 1371 3099 voluntatem,
1396 3042 1449 3086 et
1468 3046 1528 3085 ea
1558 3027 1765 3084 caeteris
1790 3021 2072 3078 salubriter

493 3142 690 3209 legant.
722 3135 1011 3191 Onerosior
1040 3140 1121 3184 est
1158 3128 1351 3196 quippe
1385 3135 1541 3192 quam
1570 3119 1747 3171 ttlilior
1776 3111 2067 3183 diligentia,

493 3230 736 3301 quamvis
778 3234 834 3278 ttt
884 3235 1129 3290 magnum
1167 3218 1443 3270 deseratur
1480 3210 1696 3273 malum,
1746 3216 1799 3261 et
1825 3216 2072 3273 magnum

498 3334 735 3377 teneatur
763 3320 980 3379 bonum,
1010 3310 1123 3379 cogi
1153 3317 1352 3361 tantum
1384 3302 1642 3365 homines,
1672 3313 1779 3352 non
1799 3293 1998 3349 doceri.

991 3416 1315 3476 EPlSTOLA
1344 3414 1408 3467 Cl
1432 3418 1449 3436 ⁴
1482 3412 1579 3483 (ιι).

500 3546 803 3616 Augustinus
826 3536 1067 3592 Memorio
1084 3532 1316 3601 episc0po
1335 3526 1485 3579 libros
1505 3524 1661 3594 ipsius
1683 3522 1743 3575 de
1765 3518 1961 3573 Musica
1982 3519 2079 3587 ιιη-

572 3635 747 3707 gitanti
765 3675 777 3693 ,
804 3640 996 3684 sertum
1032 3625 1211 3679 librum
1232 3619 1403 3682 mittit,
1429 3628 1473 3671 et
1510 3627 1710 3669 ricteros
1744 3612 1787 3666 si
1819 3609 2075 3680 repererit,

573 3698 836 3777 inittendos
863 3716 1155 3787 pollicilur;
1182 3725 1336 3778 eaque
1356 3705 1612 3760 occasione
1639 3703 1740 3773 agit
1766 3700 1828 3753 de
1856 3698 2081 3767 discipli-

576 3820 653 3872 m's
673 3858 688 3881 ,
719 3830 842 3885 quas
872 3809 1001 3881 falso
1030 3804 1255 3861 liberales
1289 3800 1389 3855 dici
1417 3796 1648 3861 ostendit,
1685 3795 1783 3849 nisi
1806 3792 1938 3846 adsit
1970 3800 2080 3844 stu-

576 3911 715 3964 dium
741 3902 1027 3958 christiana:
1038 3895 1253 3969 pietatis.

513 4021 740 4079 Domino
790 4012 1092 4070 beatissimo
1140 4015 1193 4063 et
1234 4000 1607 4061 venerabiliter
1651 3998 1990 4061 cbarissimo,
2031 4005 2085 4051 et

581 4112 857 4169 sinceriter
884 4099 1372 4161 desiderantissime
1395 4094 1539 4151 fratri
1566 4103 1619 4148 et
1641 4093 1955 4161 coepiscopo
1978 4088 2088 4144 Ms-

585 4218 745 4259 uonto
775 4199 875 4271 (b),
906 4202 1254 4259 Aucesrtavs,
1288 4192 1341 4245 in
1371 4187 1591 4243 Domino
1618 4184 1860 4239 salutem.

582 4319 634 4371 l.
675 4314 855 4368 Nullas
878 4311 985 4377 jam
1016 4308 1237 4362 reddere
1264 4303 1419 4359 debui
1450 4303 1650 4355 litteras
1678 4308 1875 4354 sanctzr
1898 4297 2087 4352 Chari-

515 4406 609 4463 tati
640 4414 741 4457 tua:
770 4401 885 4455 sine
916 4398 997 4450 his
1025 4396 1191 4459 libris,
1218 4408 1351 4462 quos
1378 4407 1407 4444 a
1445 4407 1528 4444 me
1557 4390 1723 4443 sancti
1753 4387 1946 4441 amoris
1970 4386 2091 4455 jure

519 4491 903 4550 violentissimo
943 4485 1185 4557 ﬂagitasti
1208 4526 1221 4550 ,
1254 4492 1311 4537 ιιι
1344 4484 1442 4535 hac
1468 4482 1652 4534 saltem
1688 4479 1983 4533 obedientia
2010 4495 2091 4532 re-

520 4585 839 4658 sponderem
875 4577 1114 4649 epistolis
1151 4574 1287 4640 tuis,
1323 4572 1512 4641 quibus
1554 4585 1639 4624 me
1668 4571 1832 4639 magis
1868 4582 2093 4623 onerare

516 4695 673 4751 quant
704 4676 965 4731 honorare
985 4669 1227 4741 dignatus
1251 4681 1327 4719 es.
1346 4664 1654 4734 Quanquam
1677 4660 1764 4717 ubi
1785 4659 2089 4727 succumbo,

582 4836 599 4853 '
627 4834 688 4882 Ad
711 4847 759 4881 α.
783 4831 866 4893 bg.
893 4830 959 4893 bl.
982 4827 1066 4875 hu.
1092 4837 1140 4893 c._
1160 4836 1231 4873 cc.
1269 4836 1318 4893 εἐ
1344 4820 1483 4893 gy.j.
1510 4833 1559 4893 ιι.
1584 4832 1625 4866 r.
1650 4831 1693 4868 s.
1716 4817 1791 4867 sb.
1816 4824 1854 4867 t.
1878 4829 1953 4866 vc.
1977 4829 2093 4881 qua-

518 4908 627 4948 tuor
652 4910 695 4942 v.
721 4883 987 4953 recdguiw,
1013 4895 1065 4936 et
1085 4886 1143 4934 ad
1166 4894 1266 4933 Am.
1284 4883 1398 4931 'Batl.
1424 4888 1494 4929 tr.
1521 4886 1628 4929 Lov.

581 4977 653 5039 (..)
691 4974 811 5023 Alias
849 4975 1111 5039 t§l_:qu:e_
1137 4974 1301 5039 autem
1469 4971 1597 5023 erat,
1634 4977 1759 5013 nunc
1783 4964 1886 5015 162.
1916 4966 2094 5028 scripta

523 5027 739 5089 exeunte
762 5048 838 5084 an.
864 5035 971 5092 408,
996 5027 1079 5081 aut
1101 5033 1301 5080 ineunte
1324 5027 1429 5092 499.

584 5086 655 5162 (ib)
679 5098 750 5162 sic
782 5098 828 5144 in
851 5086 1071 5162 omnibus
1102 5101 1205 5162 Mss.
1232 5098 1283 5162 et
1314 5089 1459 5162 editis
1487 5088 1709 5162 scribitur
1732 5086 1985 5162 hochloco:
2010 5090 2094 5141 ubi

522 5148 651 5212 l‘or‘te’
686 5158 973 5220 legendum,
999 5153 1219 5212 memori,
1237 5152 1375 5214 juxta
1393 5149 1538 5220 _lib:__l
1573 5148 2023 5220 contrauuliaunnc.
2045 5152 2092 5210 4,

524 5211 712 5274 necnon
737 5211 1003 5270 "secundum
1035 5211 1366 5271 Mercatoretn,
1392 5213 1440 5260 in
1468 5212 1560 5260 ‘lib.
1586 5214 1853 5274 Subuotat.,
1873 5223 1917 5259 c.
1941 5211 1988 5268 4,
2013 5215 2095 5263 ubi

520 5273 758 5335 lulianum
782 5277 1058 5341 interpellat
1074 5276 1148 5341 his
1169 5276 1363 5341 verbis:
1387 5282 1559 5341 glutine
1575 5278 1752 5341 sancta:
1768 5284 1824 5320 ac
1846 5273 2001 5321 beatae
2022 5287 2098 5323 re-

531 5332 865 5398 twcerdationis
896 5332 1118 5405 nemoris
1143 5337 1352 5405 episcopi
1383 5334 1536 5405 filius?
1560 5343 1610 5384 tu
1632 5332 1831 5405 .Iulauge
1862 5334 2099 5405 primariae

532 5428 554 5453 ι
578 5396 788 5464 feminae,
814 5410 866 5452 et
887 5414 982 5464 qua
1005 5396 1123 5447 nihil
1144 5396 1393 5464 benestius
1415 5397 1539 5444 inter
1561 5396 1981 5464 reverentissimas
2003 5410 2100 5447 tua-

532 5488 554 5516 ι
580 5457 739 5519 nouas
774 5457 1003 5519 iuveriias,
1038 5469 1177 5509 utero
1209 5458 1466 5519 cditus?..._
1490 5464 1820 5519 Degenerasse
1854 5470 1939 5507 eos
1969 5457 2017 5505 in
2049 5466 2100 5509 te

532 5548 555 5576 at
580 5516 913 5580 nullinduhium
938 5516 1057 5583 erit,
1090 5522 1169 5586 qui
1203 5528 1391 5568 sanctos
1422 5516 1607 5586 ill-aruit]
1638 5518 2099 5586 hominumntores,

536 5610 557 5635 ι
580 5600 789 5640 sanctam
822 5590 990 5645 vitam,
1022 5581 1402 5645 tLtst'ittttutnque
1425 5582 1677 5645 noverit.)
1717 5581 1988 5628 Memorium
2016 5588 2101 5629 Ca-

551 5654 702 5700 :uanis
723 5652 960 5711 episcopis
980 5640 1207 5696 accenset
1240 5640 1466 5711 tghcllus
1489 5643 1552 5711 in”
1566 5642 1879 5711 Italiae.
1903 5651 2031 5711 tome
2052 5643 2100 5703 6,

917 5710 1009 5761 ulla
1034 5702 1354 5770 praeterquam
1376 5704 1556 5755 Baroa'ti
1580 5710 1631 5754 et
1653 5702 1919 5755 Bellarntini
1942 5712 2105 5757 aucto-

529 5782 673 5849 t’tlatp
697 5782 861 5819 troius.

1656 353 1713 410 S.
1756 344 2116 408 AUGUSTLNI
2155 334 2451 400 EPISCOP!

2143 456 2261 525 quia
2287 466 2515 512 oneror;
2547 447 2616 502 ibi
2641 446 2819 508 etiam,
2850 442 2969 514 quia
2999 441 3208 512 diligor,
3238 437 3513 493 sublevor.
3538 434 3698 506 Neque

2142 546 2282 600 enim
2312 559 2341 597 a
2377 540 2615 613 quolibet
2658 538 2885 607 diligor,
2914 534 3194 599 sublevor,
3224 530 3394 602 eligor
3440 530 3493 594 ¹;
3535 528 3618 583 sed
3641 529 3699 585 ab

2143 652 2210 693 eo
2240 636 2353 689 viro
2382 642 2437 689 et
2468 628 2673 687 Domini
2700 626 2999 691 sacerdote,
3027 638 3184 694 quem
3210 622 3289 677 sic
3315 626 3588 689 acceptum
3610 617 3703 673 Deo

2144 727 2351 792 sentio,
2394 734 2452 779 ttt
2485 739 2606 778 cum
2640 720 2869 774 animam
2911 727 3052 770 tuam
3095 725 3200 768 tam
3248 712 3439 767 bonam
3475 710 3613 764 levas
3650 708 3705 763 ad

2147 818 2452 883 Dominum,
2487 812 2738 885 quoniam
2781 810 2833 864 in
2875 808 2959 862 illa
3000 820 3087 860 me
3128 803 3315 868 babes,
3346 801 3493 857 leves
3535 808 3704 854 etme.

2148 909 2312 965 Debui
2356 922 2484 978 ergo
2521 919 2661 960 nunc
2697 902 2861 957 libros
2898 899 3139 963 mittere,
3170 909 3305 965 quos
3328 890 3709 947 emendaturum

2150 1017 2234 1055 me
2274 1014 2395 1053 esse
2438 996 2787 1067 promiseram
2826 1011 2841 1047 :
2886 1000 2941 1046 et
2980 989 3101 1044 ideo
3138 1002 3246 1041 non
3284 985 3425 1051 misi,
3461 981 3585 1053 quia
3622 995 3712 1035 non

2155 1088 2466 1149 emendavi;
2496 1101 2599 1139 non
2628 1086 2749 1153 quia
2778 1081 2918 1136 nolui
2939 1122 2953 1145 ,
2985 1077 3079 1133 sed
3107 1076 3228 1147 quia
3262 1089 3365 1128 non
3395 1070 3567 1141 potui.
3590 1068 3714 1124 curis

2150 1179 2396 1234 videlicet
2420 1175 2600 1231 multis
2627 1185 2680 1229 et
2720 1173 2944 1229 multum
2973 1165 3388 1239 prmvalentibus
3425 1171 3712 1231 occursum.

2152 1272 2321 1327 Nimis
2340 1281 2515 1325 autem
2545 1269 2801 1337 ingratum
2839 1278 2902 1317 ac
2930 1263 3156 1317 ferreum
3186 1257 3319 1323 fuit,
3351 1265 3410 1310 ut
3439 1266 3495 1309 te
3521 1253 3609 1322 qui
3636 1266 3718 1306 nos

2154 1364 2232 1419 sic
2252 1377 2399 1417 amas
2420 1403 2437 1429 ,
2470 1361 2557 1414 hic
2586 1368 2799 1413 sanctus
2837 1355 3002 1410 frater
3028 1364 3081 1407 et
3105 1352 3309 1420 collega
3348 1356 3536 1404 noster
3562 1344 3719 1401 Possi-

2156 1454 2275 1509 dius
2299 1495 2314 1517 ,
2347 1454 2399 1506 in
2429 1467 2535 1521 quo
2563 1459 2797 1504 nostram
2827 1463 2933 1501 non
2962 1460 3175 1516 parvam
3210 1440 3551 1513 praesentiam
3588 1452 3722 1508 τινες

2155 1550 2282 1612 ries,
2302 1547 2381 1601 vel
2414 1562 2518 1600 non
2543 1545 2791 1606 disceret,
2816 1543 2897 1596 vel
2919 1540 3033 1594 sine
3058 1537 3245 1593 litteris
3268 1534 3467 1590 nostris
3485 1533 3721 1587 disceret.

2158 1637 2253 1692 Est
2280 1636 2421 1691 enim
2451 1650 2546 1705 per
2588 1643 2827 1689 uestrum
2866 1628 3213 1685 ministerium
3250 1641 3352 1680 non
3383 1624 3585 1679 litteris
3610 1622 3722 1688 illis,

2157 1744 2290 1798 quas
2319 1727 2581 1781 variarum
2623 1724 2762 1779 servi
2802 1722 3072 1777 libidinum
3109 1717 3353 1772 liberales
3378 1723 3610 1778 vocant,
3645 1710 3726 1768 sed

2160 1816 2428 1871 dominico
2451 1831 2583 1886 pauc
2611 1815 2859 1880 nutritus,
2888 1819 3114 1882 quantus
3138 1809 3185 1863 ei
3216 1806 3386 1877 potuit
3410 1820 3506 1875 per
3534 1814 3727 1859 nostra:

2161 1908 2431 1979 angustias
2453 1906 2769 1975 dispensari.

2238 1999 2292 2052 Ξ.
2330 1997 2463 2065 Quid
2493 1998 2633 2052 cnim
2664 1994 2803 2049 aliud
2833 1992 3114 2049 dicendum
3140 1999 3223 2045 est
3247 1990 3347 2055 eis,
3377 1988 3466 2056 qui
3495 2001 3622 2041 cum
3642 1986 3731 2041 sint

2163 2090 2325 2160 iniqui
2354 2099 2406 2144 et
2435 2089 2581 2159 impii
2604 2130 2617 2152 ,
2673 2086 2955 2141 libetaliter
2983 2084 3081 2139 sibi
3113 2082 3355 2137 videntur
3377 2078 3574 2135 eruditi
3594 2120 3610 2140 ,
3647 2077 3729 2132 nisi

2165 2181 2303 2252 quod
2326 2182 2377 2233 in
2399 2179 2588 2233 litteris
2611 2192 2733 2232 vere
2762 2174 3066 2231 liberalibus
3090 2173 3349 2241 legimus:
3376 2169 3434 2224 Si
3467 2186 3557 2223 vos
3588 2167 3733 2223 Filias

2167 2271 2476 2334 liberaverit,
2518 2279 2637 2323 tunc
2674 2284 2787 2322 vere
2827 2266 2967 2321 liberi
3003 2263 3178 2318 eritis?
3219 2262 3321 2317 Per
3354 2276 3476 2315 eunt
3520 2274 3735 2329 namque

2168 2373 2450 2434 praestatur
2470 2369 2525 2414 ut
2543 2361 2655 2429 ipse
2672 2357 2851 2421 etiam,
2869 2372 2987 2426 quae
3008 2354 3252 2409 liberales
3268 2351 3569 2419 disciplina:
3590 2351 3655 2404 ab
3670 2351 3737 2405 eis

2170 2455 2258 2526 qui
2296 2454 2347 2506 in
2378 2452 2673 2506 libertatem
2704 2448 2875 2502 vocati
2900 2462 3003 2500 non
3024 2454 3148 2499 sunt
3166 2443 3521 2513 appellantur,
3547 2439 3674 2511 quid
3692 2441 3737 2494 itt

2169 2560 2227 2599 se
2255 2544 2482 2597 habeant
2509 2540 2727 2595 liberale
2752 2546 3020 2592 noscatur.
3044 2534 3224 2604 Neque
3239 2534 3382 2588 enim
3406 2532 3612 2587 habent
3630 2546 3738 2586 con-

2170 2650 2355 2705 gruum
2384 2631 2636 2691 libertati,
2668 2630 2767 2683 nisi
2797 2628 2936 2698 quod
2964 2626 3160 2680 habent
3185 2637 3477 2693 congruum
3505 2622 3737 2677 veritati:

2175 2725 2313 2779 unde
2341 2723 2429 2776 illc
2459 2723 2569 2791 ipse
2607 2720 2645 2775 F
2652 2720 2798 2781 ilius,
2843 2717 2909 2771 Et
2948 2717 3153 2783 veritas,
3180 2714 3383 2784 inquit,
3411 2712 3644 2767 liberabit
3670 2727 3743 2766 vos

2174 2816 2350 2890 (Joan.
2371 2828 2481 2878 vnt,
2506 2813 2595 2875 56,
2620 2808 2739 2882 5‘2).
2755 2809 2867 2864 Non
2887 2803 3554 2877 ergoillazinnumerabiles
3584 2814 3643 2857 et
3665 2804 3742 2856 ira-

2173 2913 2273 2981 pitu
2296 2912 2503 2974 fabulae,
2528 2910 2718 2979 quibus
2742 2920 2993 2961 vanorum
3010 2903 3161 2973 plena
3176 2910 3301 2956 sunt
3316 2900 3551 2956 carmina
3578 2906 3742 2969 poeta-

2174 3020 2314 3068 rum,
2336 3004 2442 3057 ullo
2464 3002 2620 3055 ntodo
2646 3010 2841 3054 nostra:
2860 3004 3154 3052 consonant
3172 2992 3398 3049 libertati
3420 3008 3436 3056 ;
3456 3006 3564 3046 non
3582 2998 3739 3045 orato-

2175 3111 2292 3151 rum
2307 3096 2479 3149 inllata
2498 3104 2547 3149 et
2565 3093 2795 3161 expolita
2818 3087 3121 3151 mendacia;
3146 3103 3250 3141 non
3272 3084 3500 3153 denique
3514 3084 3741 3151 ipsorum

2178 3185 2612 3258 philosophorum
2633 3184 2857 3254 garrula:
2873 3184 3114 3250 argutiae,
3132 3177 3218 3247 qui
3240 3176 3321 3231 vel
3351 3176 3515 3229 Deum
3537 3187 3746 3243 prorsus

2179 3294 2283 3333 non
2310 3284 2703 3347 cognoverunt,
2739 3274 2823 3328 vel
2867 3287 2986 3326 cum
3026 3269 3399 3339 cognovissent
3429 3266 3620 3330 Deum,
3652 3280 3745 3320 non

2179 3368 2315 3422 sicut
2342 3369 2505 3422 Deum
2540 3364 2995 3436 gloriﬁcaverunt,
3032 3369 3122 3415 aut
3154 3359 3350 3429 gtatias
3376 3365 3637 3425 egerunt,
3665 3353 3748 3410 sed

2182 3468 2510 3513 evanuerunt
2539 3458 2590 3509 itt
2619 3454 3027 3524 cogitationibus
3049 3451 3161 3504 suis
3179 3490 3194 3512 .
3223 3460 3276 3504 et
3313 3449 3653 3503 obscuratum
3678 3452 3748 3500 est

2182 3551 2440 3619 insipiens
2475 3563 2568 3603 cor
2606 3562 2825 3607 eorum,
2855 3552 2910 3599 et
2945 3543 3183 3597 dicentes
3219 3555 3277 3594 se
3315 3553 3434 3593 esse
3472 3539 3746 3609 sapientes,

2184 3643 2331 3699 stulti
2362 3642 2483 3696 facti
2511 3648 2634 3695 sunt
2660 3656 2673 3692 :
2706 3648 2761 3692 et
2787 3637 3201 3692 immutaverunt
3222 3632 3439 3700 gloriam
3469 3629 3746 3697 incorrupti

2186 3735 2280 3791 Dei
2311 3735 2362 3787 itt
2392 3730 2789 3787 similitudinem
2822 3726 3061 3796 imaginis
3085 3719 3750 3791 corruptibilishominiset

2186 3826 2458 3880 volucrum
2485 3832 2645 3892 atque
2671 3816 3072 3890 quadrupedum
3101 3824 3153 3869 et
3179 3812 3535 3883 serpentium;
3564 3810 3643 3865 vel
3669 3807 3749 3879 qui

2188 3917 2303 3973 istis
2325 3914 2620 3969 simulacris
2646 3928 2749 3967 non
2776 3910 2937 3965 dediti
2965 3950 2981 3974 ,
3012 3916 3102 3960 aut
3130 3922 3233 3960 non
3262 3904 3417 3959 nimis
3450 3902 3644 3968 dediti,
3663 3916 3748 3956 co-

2188 4007 2402 4062 luerunt
2442 4014 2619 4059 tamen
2658 4012 2713 4057 ct
2749 3998 3045 4056 servierunt
3083 4005 3341 4051 creatune
3383 3995 3556 4065 potius
3602 4006 3749 4062 quam

2188 4099 2426 4156 Creatori
2452 4098 2627 4167 (Itoni.
2647 4112 2686 4160 ι,
2700 4092 2908 4163 21-25).
2923 4091 3074 4145 Absit
3089 4090 3304 4143 omnino
3322 4097 3378 4142 ut
3392 4089 3610 4142 istorum
3626 4085 3749 4139 vani-

2192 4201 2327 4247 tates
2346 4200 2398 4244 ct
2420 4190 2639 4244 insania:
2661 4185 2942 4240 mendaces
2956 4224 2970 4245 ,
2994 4189 3226 4236 ventosa-
3255 4195 3403 4250 nuga:
3422 4193 3485 4233 ac
3504 4178 3748 4248 superbus

2192 4297 2373 4346 error,
2408 4291 2552 4335 recte
2584 4277 2827 4332 liberales
2868 4274 3053 4327 littera:
3095 4270 3450 4329 nominentur.
3493 4267 3747 4323 hominum

2193 4374 2393 4427 scilicet
2420 4372 2725 4433 infelicium,
2745 4368 2831 4437 qui
2852 4367 2943 4421 Dei
2959 4365 3177 4435 gratiam
3197 4378 3291 4433 per
3305 4362 3483 4416 losum
3498 4361 3749 4415 Christum

2194 4464 2473 4518 Dominum
2514 4472 2786 4519 nostrum.
2825 4474 2926 4528 qua
2969 4458 3081 4510 sola
3120 4456 3407 4511 liberamur
3441 4454 3508 4509 de
3543 4465 3751 4522 corpore

2194 4554 2381 4608 mortis
2408 4551 2560 4620 hujus
2588 4548 2699 4620 (Id.
2724 4564 2817 4616 vn,
2846 4548 2940 4609 24,
2968 4547 3060 4619 25)
3082 4588 3096 4603 .
3129 4561 3233 4600 tton
3256 4555 3632 4618 cognoverunt,
3661 4556 3751 4597 nec

2195 4643 2247 4697 in
2274 4644 2353 4696 eis
2383 4642 2509 4711 ipsis
2533 4656 2651 4711 qua:
2679 4654 2798 4695 vera
2827 4638 3161 4695 senserunt’.
3190 4636 3413 4690 l.istoria
3440 4651 3585 4700 Sane,
3614 4633 3750 4700 cuius

2194 4734 2482 4801 scriptores
2522 4732 2676 4786 iidem
2712 4747 2770 4785 se
2810 4732 3070 4800 prmipue
3106 4728 3494 4783 narrationibus
3528 4727 3631 4781 suis
3660 4724 3745 4778 de-

2195 4828 2323 4884 bere
2363 4826 2674 4897 prolitentur
2716 4824 2952 4878 fortassis
2998 4823 3185 4876 habeat
3235 4820 3427 4892 aliquid
3473 4817 3750 4891 cognitione

2195 4920 2410 4990 dignum
2448 4917 2644 4978 liberis,
2677 4932 2797 4972 cunt
2839 4916 2948 4969 sive
2986 4914 3119 4968 bona
3159 4915 3271 4968 sive
3309 4914 3445 4966 mala
3476 4912 3744 4971 hominum.

2197 5022 2371 5067 tamen
2408 5026 2529 5065 vera
2559 5020 2858 5063 narrantur.
2889 5007 3139 5073 Quamvis
3168 5006 3219 5061 in
3256 5006 3334 5061 eis
3366 5000 3742 5077 cognoscendis,

2197 5105 2285 5173 qui
2310 5102 2503 5170 Spiritu
2534 5112 2716 5153 sancto
2743 5115 2846 5152 non
2877 5098 3039 5166 atljuti
3070 5108 3221 5161 sunt,
3255 5112 3597 5168 rumoresque
3618 5091 3746 5150 colli-

2197 5210 2325 5266 gere
2364 5195 2473 5263 ipsa
2520 5194 2763 5246 buntanzc
2808 5190 3130 5245 infirmitatis
3171 5173 3473 5244 conditione
3519 5184 3745 5259 comptuli

2201 5292 2357 5349 sunt,
2404 5280 2848 5353 quentadmodnn‘t
2898 5295 3002 5333 non
3051 5280 3355 5334 fallerentur
3400 5281 3449 5333 in
3497 5276 3759 5345 plut-nnis.

2202 5379 2417 5432 omnino
2444 5391 2547 5430 non
2577 5374 2729 5429 video
2755 5394 2768 5429 :
2792 5384 2873 5428 est
2902 5385 3073 5429 tamen
3097 5374 3146 5427 in
3169 5374 3248 5429 eis
3271 5375 3445 5443 aiiqua
3472 5364 3773 5441 ιηἰψίιιιιιιί-

2208 5477 2285 5523 tas
2312 5468 2603 5535 libertatis,
2647 5467 2690 5521 si
2731 5466 3053 5522 voluntatem
3093 5466 3381 5520 mentiendi
3422 5480 3525 5519 non
3560 5463 3761 5518 habent,

2272 5648 2286 5677 ³
2312 5652 2448 5709 Forte
2467 5645 2591 5709 103.,
2615 5646 2789 5709 erigor.

2210 5708 2445 5822 sugg-“Ald,
2471 5704 2585 5757 una
2604 5704 2728 5757 sunt.
2753 5708 2840 5757 sed
2867 5708 3024 5757 verior
3044 5713 3151 5758 Mss.
3186 5705 3349 5769 lectio,
3373 5708 3603 5776 ειριιηςιι
3619 5704 3739 5757 νοοῆ

3752 5886 3783 5898 ρ.
