3962 6406
227 410 317 470 κο
1369 405 1843 465 EPISTOLARUM
1883 409 2010 466 CL.\
2019 408 2157 468 SSlS
2191 410 2254 467 ll.

226 545 314 587 nec
341 528 575 586 homines
602 526 786 585 fallunt
806 568 821 594 ,
852 524 953 581 nisi
978 537 1100 581 cum
1124 524 1194 581 ab
1221 523 1526 581 hominibus
1553 523 1785 579 humana

226 621 505 677 infimitate
533 619 807 674 falluntur.

283 715 332 770 ὅ.
372 712 558 769 Verum
605 712 726 782 quia
760 710 811 765 in
857 709 1104 765 omnibus
1156 724 1334 764 rerum
1386 706 1620 763 motibus
1657 706 1784 776 quid

224 804 407 861 numeri
428 805 654 867 valeant,
679 802 878 857 facilius
896 801 1267 859 consideratur
1284 801 1336 855 in
1357 801 1592 864 vocibus,
1615 816 1784 871 eaque

220 894 549 951 consideratio
574 893 889 963 quibusdam
909 893 1059 964 quasi
1093 892 1325 962 gradatis
1359 892 1634 947 itineribus
1660 891 1783 946 niti-

223 998 296 1042 tur
314 986 376 1041 ad
396 1001 620 1055 superna
650 986 829 1039 intima
867 984 1132 1049 veritatis,
1167 984 1217 1037 in
1244 983 1435 1054 quibus
1466 983 1562 1038 viis
1595 994 1779 1039 osten-

219 1078 284 1132 dit
313 1093 367 1132 se
403 1078 656 1155 sapientia
699 1076 962 1140 hilariter,
993 1086 1049 1132 et
1080 1076 1129 1129 in
1153 1075 1295 1128 omni
1337 1074 1661 1144 providentia
1688 1090 1779 1130 oc-

217 1168 363 1224 currit
383 1167 681 1222 amantibus
714 1167 871 1236 (Sap.
902 1181 975 1232 VI,
1006 1164 1093 1235 i7)
1128 1183 1142 1220 :
1171 1165 1319 1219 initio
1351 1165 1513 1219 nostri
1537 1164 1629 1218 otii
1655 1180 1776 1219 cum

216 1276 242 1313 a
264 1260 390 1314 caris
417 1260 706 1327 majoribus
735 1260 1010 1330 magisque
1047 1258 1360 1314 necessariis
1401 1259 1622 1313 vacabat
1662 1258 1780 1312 ani-

217 1367 347 1416 mos,
375 1352 511 1406 volui
546 1367 640 1420 per
663 1352 793 1418 ista,
819 1366 938 1423 qua:
967 1366 996 1405 a
1025 1344 1177 1405 nobis
1202 1351 1512 1406 desiderasti
1536 1393 1552 1417 ,
1580 1351 1776 1420 scripta

214 1444 469 1513 proludere
488 1485 502 1509 ,
532 1443 743 1513 quando
766 1443 1057 1512 conscripsi
1083 1441 1150 1497 de
1169 1443 1285 1496 solo
1313 1442 1561 1513 rhythmo
1586 1457 1675 1496 sex
1709 1440 1775 1496 li-

214 1538 321 1592 bros
341 1577 357 1603 ,
379 1544 431 1591 et
464 1536 530 1592 de
557 1537 699 1590 melo
739 1537 975 1592 scribere
1013 1535 1148 1589 alios
1180 1534 1397 1589 forsitan
1427 1550 1547 1594 sex.
1584 1534 1773 1597 fateor,

213 1627 551 1697 disponebam,
579 1642 701 1682 cum
733 1627 863 1683 mihi
894 1628 1056 1681 otium
1085 1625 1316 1680 fntnrum
1346 1625 1644 1694 sperabam.
1669 1622 1773 1679 Sed

212 1730 526 1791 posteaquam
570 1719 701 1774 mihi
750 1734 995 1774 curarum
1047 1717 1524 1773 ecclesiasticarum
1566 1715 1772 1769 sarcina

212 1814 435 1885 imposita
466 1819 566 1877 est,
602 1825 790 1866 omnes
829 1810 931 1864 illa:
970 1808 1172 1863 delicia!
1201 1809 1378 1877 fugere
1415 1808 1482 1862 de
1508 1807 1770 1875 manibus,

209 1908 268 1963 ita
287 1917 337 1962 ut
350 1908 431 1961 vix
455 1921 592 1961 nunc
611 1905 781 1974 ipsum
799 1902 1036 1958 codicem
1053 1900 1338 1964 inveniam,
1357 1898 1604 1969 quoniam
1630 1909 1770 1952 tuam

208 1999 530 2062 voluntatem,
551 2011 649 2052 nec
666 1993 974 2064 petitionem
988 1992 1404 2060 sedjnssionem,
1428 2000 1773 2045 contemnere

208 2106 410 2163 nequeo.
431 2089 581 2157 Quod
606 2103 735 2143 sane
755 2087 1068 2158 opusculum
1096 2085 1137 2138 si
1162 2095 1383 2154 potuero
1410 2084 1639 2145 mittere,
1664 2097 1770 2137 non

207 2181 393 2253 quidem
432 2196 517 2235 me
554 2179 646 2233 tibi
680 2178 1112 2246 obtemperasse,
1145 2184 1506 2228 verumtamen
1537 2182 1587 2226 te
1616 2172 1715 2226 hoc
1740 2188 1771 2225 a

208 2288 278 2327 me
306 2280 571 2341 tantopere
610 2269 878 2340 ﬂagitasse
905 2267 1199 2337 pmnitebit.
1229 2266 1547 2320 Difficillime
1576 2264 1771 2334 quippe

206 2364 539 2434 intelliguntur
572 2361 626 2415 in
664 2376 731 2417 co
751 2362 984 2431 quinque
1014 2360 1153 2424 libri,
1176 2359 1217 2413 si
1247 2374 1350 2412 non
1378 2358 1516 2411 adsit
1546 2357 1634 2425 qui
1664 2372 1767 2411 non

205 2457 351 2511 solum
372 2454 751 2526 disputantium
790 2455 956 2525 possit
984 2468 1232 2522 srparare
1262 2465 1550 2520 personas,
1582 2464 1765 2504 verum

206 2550 344 2603 etiam
365 2547 753 2618 pronuntiando
780 2547 850 2601 ita
877 2561 1067 2601 sonare
1089 2545 1320 2599 morulas
1343 2543 1685 2614 syllabarum,
1710 2550 1769 2596 ut

206 2642 273 2696 eis
289 2643 639 2713 exprimantur
659 2654 983 2708 sensumque
1007 2638 1212 2691 aurium
1242 2636 1426 2689 feriant
1452 2649 1645 2705 genera
1670 2650 1767 2687 llll-

206 2750 442 2790 mororum
469 2752 481 2787 :
512 2733 746 2788 maxime
775 2732 894 2802 quia
941 2731 995 2785 in
1037 2728 1353 2801 quibusdam
1398 2728 1557 2783 etiam
1599 2727 1763 2781 silen-

209 2828 379 2883 tiorttm
416 2827 652 2883 dimensa
696 2825 969 2879 intervalla
1016 2823 1334 2889 miscentur,
1381 2837 1499 2891 qum
1545 2818 1764 2874 omnino

205 2919 369 2974 sentiri
382 2926 663 2990 nequeunt,
683 2917 782 2972 nisi
799 2915 1094 2970 auditorem
1110 2913 1475 2983 pronuntiator
1490 2910 1760 2965 informet.

259 3010 309 3064 4.
347 3009 552 3066 Sextum
583 3024 715 3063 sane
753 3008 945 3062 librum
982 3022 1139 3077 quem
1182 3004 1520 3059 emendatum
1551 3003 1759 3072 reperi,

199 3098 276 3154 ubi
300 3108 378 3155 est
399 3100 567 3155 omnis
593 3097 795 3153 fructus
820 3104 1134 3152 cit-tororum
1156 3136 1171 3158 ,
1206 3110 1311 3148 non
1341 3092 1520 3147 distuli
1549 3094 1761 3149 mittere

199 3190 432 3247 Cbaritati
459 3203 561 3247 tua:
591 3209 606 3245 :
632 3192 871 3246 fortassis
905 3190 1017 3260 ipse
1043 3196 1184 3242 tuam
1224 3202 1328 3242 non
1364 3186 1585 3240 multum
1617 3183 1760 3240 refu-

198 3282 289 3351 giet
326 3284 651 3353 gravitatem.
713 3280 845 3335 Nam
890 3278 1193 3348 superiores
1240 3276 1469 3346 quinque
1516 3276 1600 3329 vix
1652 3274 1759 3329 tilio
1804 3312 1805 3315 η

199 3385 364 3430 nostro
402 3384 453 3430 et
490 3375 821 3430 condiacono
855 3372 1087 3437 lnliano,
1127 3369 1375 3442 quoniam
1417 3378 1471 3424 et
1508 3369 1621 3439 ipse
1643 3368 1757 3439 jam

198 3469 443 3524 nobiscum
473 3469 813 3532 commilitat,
846 3465 1073 3521 lectione
1099 3475 1152 3521 et
1179 3463 1479 3534 cognitione
1504 3462 1647 3531 digni
1673 3461 1754 3515 vi-

196 3559 451 3616 debuntur.
482 3561 651 3628 Quem
679 3560 890 3630 quidem
920 3575 1022 3613 non
1050 3557 1220 3613 audeo
1243 3557 1455 3621 dicere,
1494 3555 1610 3625 plus
1633 3568 1754 3609 amo

196 3668 333 3721 quam
356 3662 421 3721 te,
448 3653 569 3723 quia
600 3666 698 3706 nec
718 3651 975 3707 veraciter
997 3648 1139 3716 dico,
1160 3647 1253 3703 sed
1276 3657 1450 3703 tamen
1479 3645 1650 3701 audeo
1671 3644 1754 3699 di-

196 3756 321 3809 cere,
337 3744 444 3813 plus
461 3743 709 3799 desidero
730 3758 885 3813 quam
902 3752 972 3797 te.
988 3742 1174 3796 Mirum
1197 3740 1360 3796 videri
1376 3746 1547 3810 potest
1563 3752 1751 3808 quem-

194 3832 450 3889 admodum
502 3850 659 3903 quem
710 3833 907 3903 pariter
942 3847 1098 3898 amo,
1153 3831 1378 3901 amplius
1414 3829 1749 3893 desiderem;

194 3925 274 3981 sed
311 3928 403 3981 hoc
440 3927 568 3982 mihi
612 3926 732 3982 facit
772 3941 893 3996 spes
928 3926 1155 3996 amplior
1185 3924 1392 3979 videndi
1424 3939 1542 3979 emn
1573 3940 1586 3976 :
1621 3932 1750 3992 puto

192 4018 315 4071 enim
340 4018 469 4088 quod
500 4019 542 4071 si
580 4018 645 4072 ad
674 4033 770 4071 nos
799 4027 848 4070 te
881 4016 1102 4085 jubente
1129 4017 1206 4071 vel
1242 4015 1481 4069 mittente
1508 4014 1743 4077 venerit,

193 4118 239 4161 et
259 4107 351 4163 hoc
384 4109 535 4165 faciet
571 4108 713 4179 quod
754 4107 1141 4163 adolescentem
1167 4106 1339 4171 decet,
1366 4107 1595 4160 maxime
1624 4106 1747 4176 quia

193 4200 400 4255 nondum
428 4200 570 4255 curis
606 4198 897 4269 majoribus
936 4198 1231 4263 detinetur,
1259 4207 1314 4251 et
1352 4197 1575 4266 leipsmn
1616 4194 1746 4250 mihi
1839 4204 1843 4207 '

193 4293 459 4361 expeditius
480 4292 804 4363 apportabit.
836 4291 1038 4359 Quibus
1056 4289 1288 4343 numeris
1310 4291 1602 4344 consistant
1622 4303 1744 4342 ver-

194 4394 271 4435 sus
296 4382 512 4437 Davidici
536 4397 639 4437 non
670 4380 886 4450 scripsi,
918 4380 1038 4451 quia
1064 4380 1263 4434 nescio.
1302 4378 1485 4449 Neque
1509 4378 1649 4432 enim
1678 4392 1746 4433 ex

196 4470 378 4529 hehrtea
409 4474 603 4545 lingua,
632 4489 789 4544 quam
824 4474 1037 4543 ignoro,
1079 4472 1247 4541 potuit
1286 4471 1446 4525 etiam
1492 4484 1744 4527 numeros

196 4562 425 4634 interpres
442 4566 761 4635 exprimere,
784 4580 849 4619 ne
871 4564 1022 4620 metri
1053 4562 1367 4619 necessitate
1391 4564 1459 4617 ab
1484 4562 1745 4633 interpre-

197 4657 315 4709 tandi
328 4658 540 4714 veritate
551 4658 779 4727 amplius
791 4673 945 4727 quain
964 4656 1100 4711 ratio
1116 4658 1495 4710 sententiarum
1513 4656 1740 4721 sinebat,

196 4744 365 4816 digredi
385 4758 661 4821 cogeretur
683 4767 696 4803 :
718 4750 879 4804 certis
899 4758 1074 4802 tamen
1099 4762 1193 4802 eos
1216 4757 1461 4803 constare
1485 4749 1737 4812 numeris,

197 4838 329 4893 credo
365 4841 466 4896 illis
506 4841 597 4913 qui
625 4856 743 4894 eam
789 4839 1020 4910 linguam
1062 4837 1227 4910 probe
1268 4839 1482 4892 callent.
1532 4839 1744 4894 Amavit

199 4930 312 4985 enim
344 4932 419 4986 vir
448 4933 535 4986 ille
576 4940 791 4986 sanctus
820 4931 1075 4985 musicam
1116 4929 1254 4998 piam
1299 4938 1353 4983 et
1393 4928 1444 4982 in
1474 4944 1536 4982 ea
1567 4930 1742 4983 studia

201 5032 274 5073 nos
296 5023 452 5093 magis
481 5023 593 5095 ipse
619 5036 777 5093 quam
809 5022 949 5076 ullus
971 5020 1108 5076 alios
1129 5029 1313 5074 auctor
1339 5019 1596 5075 accendit.
1641 5020 1744 5073 lla-

201 5107 347 5166 bitetis
364 5127 546 5169 omnes
566 5113 618 5167 in
639 5123 895 5167 :eternum
916 5111 968 5164 in
995 5111 1258 5180 adjutorio
1286 5111 1539 5165 Altissimi
1567 5108 1738 5181 (Psal.

201 5212 270 5263 sc,
292 5202 356 5267 l),
371 5204 455 5273 qui
475 5203 723 5258 habitatis
745 5201 1018 5256 unanimes
1038 5203 1088 5255 in
1114 5200 1273 5255 domo
1292 5200 1462 5272 (Psal.
1480 5218 1640 5269 vatt,
1660 5201 1739 5272 7),

202 5301 323 5357 puter
342 5306 607 5366 materque
633 5295 824 5350 fratres
840 5294 1089 5359 filiorum,
1111 5303 1167 5349 et
1190 5293 1371 5349 cuncti
1397 5294 1551 5349 unius
1572 5294 1741 5349 Patris

202 5382 301 5451 lilii,
325 5404 581 5443 memores
606 5388 797 5443 nostri.

522 5522 608 5577 DE
645 5519 1006 5588 SEQUENTE
1040 5519 1385 5577 EPISTOLA.

545 5636 712 5704 (1.18."
742 5648 1025 5700 πίτυσι,
1044 5649 1160 5689 ων.
1189 5632 1364 5704 χχχι.)

263 5738 388 5797 Inter
412 5744 512 5799 haec
544 5744 709 5798 missa
743 5753 857 5797 sunt
896 5744 1019 5797 mihi
1056 5760 1087 5797 a
1119 5742 1421 5813 Carthagine
1447 5744 1743 5814 quiestiones

206 5842 297 5898 κα,
311 5850 422 5901 quas
442 5837 694 5905 proposuit
713 5835 900 5891 anticus
926 5835 1147 5905 quidam,
1176 5851 1319 5907 quem
1348 5835 1603 5907 cupiebam
1632 5837 1743 5905 ﬁeri

3374 434 3478 493 870

1897 526 2246 597 christianum,
2277 538 2332 584 ut
2363 538 2541 587 contra
2574 532 2812 607 Paganos
2833 538 3143 598 solverentur
3158 583 3177 611 ,
3203 537 3480 615 prmum

1891 620 2011 690 quia
2030 622 2300 678 nonnullas
2326 640 2501 679 eorum
2532 642 2564 679 a
2594 625 2885 700 Porphyrio
2914 630 3217 703 philosopho
3246 642 3477 708 proposi-

1891 721 1968 769 tas
1991 714 2139 769 dixit.
2161 715 2267 771 Sed
2291 735 2388 771 non
2418 735 2531 773 eum
2547 722 2873 777 essearbitror
2886 722 3231 799 Porphyrium
3243 729 3478 786 Siculum

1888 805 2054 871 illum,
2080 807 2227 879 cujus
2262 808 2580 864 celeberrima
2614 822 2686 865 est
2729 817 2887 883 fama.
2923 814 3119 870 Harum
3145 822 3477 889 quastionum

1889 895 2250 965 disputationes
2287 900 2337 953 in
2378 917 2535 953 unum
2578 901 2759 955 librum
2795 907 3020 971 contuli,
3058 925 3157 963 non
3185 911 3472 978 prolixum,

1887 991 2036 1060 cujus
2079 1000 2149 1047 est
2192 992 2365 1047 titulus
2401 1009 2422 1048 :
2475 1012 2493 1047 t
2526 993 2634 1049 Sea:
2682 998 2979 1065 question“
3020 1011 3195 1054 contra
3242 1000 3477 1073 Pagunos

1886 1085 2144 1153 expositw.
2176 1104 2194 1137 ι
2236 1086 2427 1139 Earum
2464 1098 2629 1141 autem
2666 1090 2828 1157 prima
2863 1100 2933 1144 est
2977 1092 3042 1147 de
3071 1091 3470 1161 Resurrectionc,

1885 1174 2104 1228 secunda
2134 1174 2197 1228 de
2240 1184 2461 1245 tempore
2489 1179 2777 1234 christiana:
2805 1180 3092 1251 religionis,
3128 1187 3272 1238 tertia
3301 1187 3363 1240 de
3386 1206 3473 1242 sa-

1885 1265 2189 1330 criﬁciorum
2227 1267 2561 1335 distinctione,
2606 1280 2785 1340 quarta
2836 1273 2899 1326 de
2942 1289 2999 1326 eo
3048 1275 3183 1343 quod
3230 1278 3472 1342 scriptum

1885 1367 1977 1421 est,
2012 1376 2029 1406 ι
2054 1357 2116 1411 In
2149 1375 2247 1425 qua
2276 1377 2509 1414 mensura
2533 1363 2692 1415 mensi
2716 1365 2941 1432 fueritis,
2967 1368 3252 1421 rcntctietur
3285 1368 3421 1424 nobis
3450 1389 3470 1422 ι

1886 1444 2097 1514 (Matth.
2120 1464 2214 1514 vn,
2238 1448 2319 1519 Ξ),
2345 1452 2520 1518 quinta
2545 1453 2607 1506 de
2638 1451 2773 1506 Filio
2805 1452 2898 1507 Dei
2927 1458 3200 1511 secundum
3232 1458 3473 1515 Salomo-

1885 1551 2017 1600 nem,
2045 1548 2185 1591 sexta
2216 1539 2277 1592 de
2304 1538 2440 1593 Jona
2468 1541 2731 1612 propheta.
2759 1540 2823 1596 In
2852 1560 3065 1614 quorum
3093 1549 3313 1601 secunda
3337 1551 3475 1620 quod

1884 1625 2011 1692 dixi,
2052 1645 2071 1679 t
2100 1628 2255 1683 Salus
2298 1632 2554 1701 religionis
2588 1632 2761 1703 hujus,
2803 1651 2893 1704 per
2914 1652 3062 1699 quant
3105 1638 3265 1691 solam
3307 1656 3475 1695 rerum

1889 1735 1908 1769 ε
1937 1718 2075 1773 salus
2104 1735 2220 1773 vera
2240 1722 2572 1793 veraciterque
2591 1725 2903 1792 promittitur
2923 1767 2936 1787 ,
2965 1727 3090 1780 nulli
3119 1745 3341 1797 unquam
3378 1730 3471 1785 de-

1889 1826 1907 1858 t
1938 1810 2064 1880 fuit,
2088 1812 2173 1880 qui
2201 1812 2383 1883 dignus
2408 1813 2526 1881 fuit,
2556 1824 2603 1868 et
2635 1816 2717 1868 cui
2746 1816 2931 1885 defuit,
2959 1817 3139 1887 dignus
3165 1836 3265 1873 non
3293 1820 3415 1891 fuit,
3446 1838 3466 1874 ι

1882 1916 1983 1955 ηοη
2020 1902 2090 1955 ita
2123 1904 2233 1957 dixi
2270 1916 2509 1975 tanquam
2547 1922 2610 1961 ea:
2640 1908 2828 1961 meritis
2864 1910 2970 1962 suis
3000 1913 3259 1979 quisquam
3290 1912 3473 1984 dignus

1880 1993 2061 2063 fuerit,
2093 1995 2182 2048 sed
2200 1998 2623 2066 quemadmodum
2652 2000 2723 2052 ait
2744 2000 3033 2070 Apostolus,
3069 2021 3087 2052 ο
3114 2001 3233 2055 Νοη
3254 2021 3317 2057 ea:
3346 2021 3471 2075 0pc-

1880 2085 2037 2152 ribus,
2054 2086 2142 2140 sed
2166 2104 2227 2142 ea:
2252 2100 2457 2143 t'ocante
2476 2091 2665 2144 dictum
2690 2108 2815 2157 esse,
2840 2091 3010 2163 Major
3033 2094 3209 2147 serviet
3239 2096 3421 2149 minori
3440 2113 3461 2148 ι

1885 2175 2060 2248 (Ilom.
2091 2194 2170 2242 Ix,
2203 2178 2411 2249 12,15)
2439 2198 2623 2251 :quam
2656 2184 2963 2237 vocationem
3000 2185 3068 2237 ad
3104 2183 3199 2238 Dei
3233 2188 3469 2256 proposi-

1879 2277 1984 2321 tum
2015 2270 2191 2323 asserit
2214 2271 2478 2338 pertinere.
2513 2271 2659 2326 Unde
2679 2273 2801 2327 dicit
2824 2289 2843 2328 :
2870 2293 2889 2326 ε
2924 2273 3040 2329 Non
3060 2278 3328 2331 secundum
3349 2295 3469 2347 ope-

1877 2376 1936 2412 ra
1974 2370 2175 2425 nostra,
2208 2362 2297 2415 sed
2312 2363 2586 2417 secundum
2610 2381 2753 2418 suunt
2786 2368 3096 2432 propositum
3126 2376 3171 2420 et
3202 2368 3415 2438 gratiam
3441 2387 3462 2422 ι

1877 2449 1944 2513 (ll
1965 2448 2097 2503 Tim.
2118 2467 2155 2516 t,
2172 2451 2250 2520 9).
2289 2450 2435 2506 Unde
2450 2454 2564 2506 item
2583 2454 2702 2507 dicit
2720 2471 2737 2508 :
2756 2474 2772 2505 t
2796 2454 2999 2510 Scimus
3014 2456 3130 2527 quia
3151 2458 3470 2527 diligentibus

1874 2539 2043 2595 Deum
2068 2544 2239 2595 omnia
2278 2554 2613 2612 cooperantur
2637 2546 2687 2598 in
2721 2545 2923 2609 bonum,
2970 2547 3032 2599 iis
3067 2547 3148 2616 qui
3191 2550 3467 2604 secundum

1875 2636 2187 2703 propositum
2218 2636 2377 2689 uocati
2410 2645 2526 2689 sunt
2546 2636 2708 2690 sancti
2729 2658 2744 2687 ι
2778 2636 2953 2709 (Rom.
2982 2653 3095 2701 vm,
3124 2637 3239 2708 5.8).
3270 2638 3343 2693 De
3366 2657 3466 2709 qua

1873 2726 2132 2778 vocatione
2172 2726 2243 2779 ait
2287 2742 2305 2779 :
2354 2746 2371 2776 ι
2399 2725 2466 2780 Ut
2506 2728 2682 2797 dignos
2730 2743 2814 2780 vos
2859 2728 3036 2781 habeat
3071 2729 3328 2783 vocatione
3370 2747 3465 2785 sua

1871 2827 2047 2869 sancta
2073 2836 2091 2867 ι
2128 2815 2190 2887 (ΙΙ
2224 2816 2396 2871 Thess.
2428 2834 2465 2881 t,
2500 2818 2608 2887 ll).
2634 2817 2729 2870 llic
2759 2819 2880 2872 liber
2909 2827 3018 2887 post
3036 2819 3319 2887 epistolam,
3350 2835 3463 2890 qua

1873 2909 2191 2976 postmodum
2229 2926 2259 2961 a
2302 2909 2465 2977 capite
2506 2908 2682 2962 addita
2723 2919 2793 2964 est
2816 2950 2831 2975 ,
2875 2910 2946 2963 sic
2987 2909 3161 2979 incipit
3185 2924 3205 2963 :
3233 2927 3251 2961 t
3293 2909 3462 2966 Movet

1871 3000 2133 3069 quosdam,
2165 3012 2212 3054 et
2242 3003 2513 3071 requirunt.
2554 3020 2573 3053 ι

2013 3183 2148 3239 SEX
2185 3185 2637 3252 QUESTlONES
2674 3186 2949 3244 CONTRA
2987 3188 3300 3246 PAGANOS

2504 3318 2772 3358 EXPOSITA‘I
2793 3345 2808 3367 ,

2346 3428 2637 3485 LIBER
2712 3431 2992 3497 UNUS,

2612 3558 2708 3597 8εο

2332 3654 2661 3711 EPISTULA
2699 3656 2787 3711 Cll
2814 3660 2830 3680 ‘
2850 3656 2947 3729 (a).

1860 3764 2175 3835 Augustinus
2221 3763 2521 3838 Deogratias
2577 3769 2860 3840 presbytero
2909 3771 3109 3826 mittens
3154 3772 3451 3829 solutionem

1931 3855 2264 3924 qua'stionum
2289 3873 2377 3910 sea:
2405 3860 2776 3927 propositurum
2804 3876 2835 3911 a
2863 3878 3061 3931 pagano
3086 3862 3301 3931 quodam
3321 3880 3446 3933 quas

1929 3946 2037 4015 ipse
2064 3947 2347 4018 Augustino
2375 3950 2699 4004 exsolvendas
2723 3953 3084 4006 transmiserat.

1916 4034 2289 4091 Sincerissimo
2320 4038 2464 4093 fratri
2494 4050 2548 4094 et
2577 4042 3010 4112 compresbytero
3040 4044 3396 4108 Deocnuiss.

2165 4150 2519 4215 AUGUSTINUS,
2550 4152 2603 4204 in
2634 4152 2858 4211 Domino
2884 4154 3128 4209 salutem.

1927 4258 1978 4312 Ι.
2018 4257 2351 4325 Qumstiones
2398 4261 2489 4315 tibi
2529 4263 2825 4332 pr0positas
2869 4264 3001 4320 mihi
3043 4266 3286 4339 delegare
3323 4287 3441 4328 ma-

1857 4349 2021 4415 luisti,
2055 4367 2160 4405 non
2181 4392 2197 4417 ,
2231 4359 2287 4406 ut
2314 4353 2544 4423 opinior,
2578 4355 2784 4426 pigritia
2804 4398 2819 4423 ,
2854 4358 2946 4413 sed
2976 4361 3114 4430 quod
3142 4377 3202 4416 ea
3229 4378 3440 4436 quoque

1853 4440 1966 4511 ipsa
2011 4459 2129 4513 qua:
2166 4445 2335 4511 nosti,
2382 4445 2631 4503 libentius
2664 4463 2764 4519 per
2813 4464 2912 4505 nos
2956 4451 3143 4519 audis,
3175 4454 3300 4510 dum
3339 4472 3439 4515 nos

1852 4534 2011 4589 nimis
2051 4535 2242 4605 diligis.
2284 4537 2354 4592 At
2394 4554 2494 4609 ego
2538 4550 2814 4611 propterea
2857 4543 3114 4600 malebam
3152 4561 3180 4599 a
3226 4557 3275 4602 te
3318 4549 3436 4606 illas

1852 4628 2068 4698 aperiri,
2085 4628 2223 4698 quod
2246 4628 2334 4683 ille
2356 4628 2469 4699 ipse
2488 4632 2710 4696 amicus,
2725 4632 2813 4702 qui
2840 4648 2931 4688 eas
2953 4636 3243 4703 prepo~uit,
3261 4654 3432 4707 quan-

1854 4727 1961 4771 tum
1981 4734 2042 4773 ex
2063 4718 2165 4773 hoc
2181 4719 2368 4789 conjici
2386 4721 2561 4787 datur,
2577 4722 2718 4791 quod
2738 4723 2867 4778 mihi
2884 4724 2950 4779 ad
2971 4725 3221 4795 quasdam
3242 4728 3435 4797 episto—

1850 4808 1928 4863 las
1973 4825 2077 4863 non
2124 4811 2424 4877 rescripsit,
2468 4814 2617 4882 quasi
2662 4827 2760 4867 nos
2805 4816 3190 4870 verecundatnr
3235 4820 3430 4890 sequi:

1848 4900 2039 4954 viderit
2066 4915 2221 4970 quam
2244 4902 2313 4955 ob
2333 4916 2570 4956 causam.
2604 4903 2714 4959 lloc
2741 4914 2918 4959 tamen
2942 4907 3202 4974 suspicor,
3224 4924 3323 4965 nec
3342 4925 3434 4967 su-

1848 4992 2016 5062 spicio
2058 5007 2177 5046 mea
2221 4992 2304 5045 vel
2348 4994 2605 5048 malevola
2650 5003 2733 5050 est
2780 4996 2863 5049 vel
2906 4995 3175 5066 absurda,
3212 5016 3335 5055 cum
3377 5011 3434 5059 et

1847 5084 2047 5154 Optime
2068 5085 2279 5139 noveris
2298 5092 2550 5155 quantum
2571 5101 2691 5142 eum
2713 5087 2946 5158 diligam,
2972 5102 3274 5163 quantoque
3300 5094 3430 5150 milii

1846 5172 2019 5231 dolori
2048 5174 2149 5240 sit,
2180 5174 2320 5245 quod
2366 5174 2599 5229 nondum
2639 5176 2960 5233 christianos
3001 5192 3120 5246 est;
3164 5192 3219 5238 et
3252 5184 3432 5254 utique

1790 5274 1791 5277 ‘
1849 5280 1956 5321 non
1994 5267 2428 5322 inconvenienter
2470 5267 2699 5323 arbitror
2741 5285 2894 5337 eum,
2920 5286 3078 5343 quem
3117 5275 3273 5329 video
3301 5276 3430 5331 mihi

1849 5357 2145 5412 rescribere
2191 5357 2443 5422 noluisse,
2471 5358 2599 5412 nihil
2644 5358 2744 5414 sibi
2782 5375 2813 5414 a
2854 5377 2939 5416 me
2969 5363 3128 5417 scribi
3172 5364 3428 5423 voluisse.

1847 5444 2080 5503 Proinde
2109 5447 2333 5503 obsecro
2361 5456 2435 5514 te,
2463 5458 2520 5502 ut
2542 5450 2988 5519 quemadmodum
3019 5468 3116 5522 ego
3140 5453 3233 5506 tibi
3255 5455 3427 5521 parui,

1912 5581 1937 5657 ἶ
1946 5582 2199 5657 castigata,
2206 5580 2425 5657 subsidio
2445 5581 2600 5657 mbg.
2716 5594 2857 5657 c.‘cc.
2881 5595 2965 5645 gg.
2988 5583 3197 5657 ειμι).
3222 5598 3264 5635 r.
3289 5600 3332 5639 s.
3352 5602 3428 5639 re.

1849 5642 2154 5752 duoruagabtfi.
2171 5642 2373 5751 dtltorum
2394 5654 2434 5690 s.
2459 5642 2660 5692 duorum
2686 5650 2723 5691 t.
2747 5642 2949 5693 duorum
2972 5642 3045 5694 vc.
3066 5642 3281 5711 quinque
3305 5665 3352 5701 ν.
3378 5660 3431 5702 et

1887 5717 1951 5752 ω.
2074 5740 2086 5751 .
2131 5716 2181 5751 r.
2232 5716 2323 5752 .ov.

1855 5785 1985 5897 ’ἀέῇ
2005 5784 2245 5896 ἐς
2271 5797 2380 5849 quae
2399 5790 2562 5835 autem
2584 5784 2671 5835 102
2690 5792 2812 5849 erat,
2836 5799 2966 5839 nunc
2984 5789 3091 5845 169,
3110 5792 3289 5875 scripta
3303 5795 3428 5853 circa

1874 5878 1980 5905 μυΙΙΙ
2006 5878 2119 5909 ιιυιδ
2140 5878 2210 5896 ωε
