  <div class='ocr_page' id='page_1' title='image "/cluster/home/n/w/nwhite01/storage/ocr_20150623/33/uva.x000669810/196.png"; bbox 0 0 3962 6380; ppageno 0'>
   <div class='ocr_carea' id='block_1_1' title="bbox 146 296 1680 387">
    <p class='ocr_par' dir='ltr' id='par_1_1' title="bbox 146 298 1680 380">
     <span class='ocr_line' id='line_1_1' title="bbox 146 298 1680 380; baseline 0.003 -31"><span class='ocrx_word' id='word_1_1' title='bbox 146 323 232 380; x_wconf 59' lang='grc' dir='ltr'><strong>επ</strong></span> <span class='ocrx_word' id='word_1_2' title='bbox 1324 298 1680 358; x_wconf 71' lang='lat' dir='ltr'><strong>EPISTOLAI</strong></span> 
     </span>
    </p>
   </div>
   <div class='ocr_carea' id='block_1_2' title="bbox 1788 296 2212 387">
    <p class='ocr_par' dir='ltr' id='par_1_2' title="bbox 1788 297 2212 365">
     <span class='ocr_line' id='line_1_2' title="bbox 1788 297 2212 365; baseline 0.024 -10"><span class='ocrx_word' id='word_1_3' title='bbox 1788 297 1805 355; x_wconf 86' lang='grc' dir='ltr'><strong>Ι</strong></span> <span class='ocrx_word' id='word_1_4' title='bbox 1840 298 2113 362; x_wconf 70' lang='lat' dir='ltr'><strong>CLASSIS</strong></span> <span class='ocrx_word' id='word_1_5' title='bbox 2149 305 2212 365; x_wconf 87' lang='grc' dir='ltr'><strong>Π.</strong></span> 
     </span>
    </p>
   </div>
   <div class='ocr_carea' id='block_1_3' title="bbox 147 416 1692 503">
    <p class='ocr_par' dir='ltr' id='par_1_3' title="bbox 147 416 1692 503">
     <span class='ocr_line' id='line_1_3' title="bbox 147 416 1692 503; baseline -0.017 -7"><span class='ocrx_word' id='word_1_6' title='bbox 147 454 236 503; x_wconf 87' lang='lat' dir='ltr'><strong>tur.</strong></span> <span class='ocrx_word' id='word_1_7' title='bbox 262 438 341 492; x_wconf 88' lang='lat' dir='ltr'><strong>ubi</strong></span> <span class='ocrx_word' id='word_1_8' title='bbox 382 434 632 503; x_wconf 83' lang='lat' dir='ltr'><strong>scriptum</strong></span> <span class='ocrx_word' id='word_1_9' title='bbox 674 438 752 487; x_wconf 70' lang='lat' dir='ltr'><strong>est</strong></span> <span class='ocrx_word' id='word_1_10' title='bbox 788 428 914 482; x_wconf 87' lang='lat' dir='ltr'><strong>Cain</strong></span> <span class='ocrx_word' id='word_1_11' title='bbox 960 440 1023 481; x_wconf 79' lang='lat' dir='ltr'><strong>cx</strong></span> <span class='ocrx_word' id='word_1_12' title='bbox 1060 422 1316 479; x_wconf 81' lang='lat' dir='ltr'><strong>fructibus</strong></span> <span class='ocrx_word' id='word_1_13' title='bbox 1353 430 1527 477; x_wconf 60' lang='lat' dir='ltr'><strong>terras.</strong></span> <span class='ocrx_word' id='word_1_14' title='bbox 1563 416 1692 472; x_wconf 79' lang='lat' dir='ltr'><strong>Abel</strong></span> 
     </span>
    </p>
   </div>
   <div class='ocr_carea' id='block_1_4' title="bbox 146 508 1688 615">
    <p class='ocr_par' dir='ltr' id='par_1_4' title="bbox 146 508 1688 615">
     <span class='ocr_line' id='line_1_4' title="bbox 146 508 1688 615; baseline -0.016 -28"><span class='ocrx_word' id='word_1_15' title='bbox 146 546 294 587; x_wconf 69' lang='lat' dir='ltr'><strong>autem</strong></span> <span class='ocrx_word' id='word_1_16' title='bbox 319 544 379 582; x_wconf 77' lang='lat' dir='ltr'><strong>ex</strong></span> <span class='ocrx_word' id='word_1_17' title='bbox 407 522 875 596; x_wconf 77' lang='lat' dir='ltr'><strong>pt&#39;ltttitiviSnvittnt</strong></span> <span class='ocrx_word' id='word_1_18' title='bbox 898 517 1153 572; x_wconf 74' lang='lat' dir='ltr'><strong>obtulisse</strong></span> <span class='ocrx_word' id='word_1_19' title='bbox 1188 529 1379 568; x_wconf 91' lang='lat' dir='ltr'><strong>munus</strong></span> <span class='ocrx_word' id='word_1_20' title='bbox 1410 514 1516 566; x_wconf 85' lang='lat' dir='ltr'><strong>Deo</strong></span> <span class='ocrx_word' id='word_1_21' title='bbox 1537 508 1688 615; x_wconf 73' lang='lat' dir='ltr'><strong>(Gen.</strong></span> 
     </span>
    </p>
   </div>
   <div class='ocr_carea' id='block_1_5' title="bbox 148 607 1692 688">
    <p class='ocr_par' dir='ltr' id='par_1_5' title="bbox 148 607 1692 688">
     <span class='ocr_line' id='line_1_5' title="bbox 148 607 1692 688; baseline -0.011 -14"><span class='ocrx_word' id='word_1_22' title='bbox 148 640 203 687; x_wconf 81' lang='lat' dir='ltr'><strong>iv,</strong></span> <span class='ocrx_word' id='word_1_23' title='bbox 231 624 280 681; x_wconf 68' lang='grc' dir='ltr'><strong>ὃ,</strong></span> <span class='ocrx_word' id='word_1_24' title='bbox 322 618 399 688; x_wconf 69' lang='grc' dir='ltr'><strong>Δ).</strong></span> <span class='ocrx_word' id='word_1_25' title='bbox 446 617 565 671; x_wconf 89' lang='lat' dir='ltr'><strong>hinc</strong></span> <span class='ocrx_word' id='word_1_26' title='bbox 604 615 783 686; x_wconf 81' lang='lat' dir='ltr'><strong>potius</strong></span> <span class='ocrx_word' id='word_1_27' title='bbox 810 627 927 665; x_wconf 83' lang='lat' dir='ltr'><strong>esse</strong></span> <span class='ocrx_word' id='word_1_28' title='bbox 972 607 1368 677; x_wconf 80' lang='lat' dir='ltr'><strong>intell&#39;gcndutn</strong></span> <span class='ocrx_word' id='word_1_29' title='bbox 1417 620 1574 675; x_wconf 90' lang='lat' dir='ltr'><strong>quam</strong></span> <span class='ocrx_word' id='word_1_30' title='bbox 1623 607 1692 658; x_wconf 90' lang='lat' dir='ltr'><strong>sit</strong></span> 
     </span>
    </p>
   </div>
   <div class='ocr_carea' id='block_1_6' title="bbox 148 697 1688 781">
    <p class='ocr_par' dir='ltr' id='par_1_6' title="bbox 148 697 1688 781">
     <span class='ocr_line' id='line_1_6' title="bbox 148 697 1688 781; baseline -0.015 -11"><span class='ocrx_word' id='word_1_31' title='bbox 148 730 218 770; x_wconf 77' lang='lat' dir='ltr'><strong>res</strong></span> <span class='ocrx_word' id='word_1_32' title='bbox 241 714 438 781; x_wconf 81' lang='lat' dir='ltr'><strong>antiqua</strong></span> <span class='ocrx_word' id='word_1_33' title='bbox 473 708 827 770; x_wconf 87' lang='lat' dir='ltr'><strong>sacriﬁcium,</strong></span> <span class='ocrx_word' id='word_1_34' title='bbox 853 700 995 773; x_wconf 89' lang='lat' dir='ltr'><strong>quod</strong></span> <span class='ocrx_word' id='word_1_35' title='bbox 1027 716 1129 754; x_wconf 91' lang='lat' dir='ltr'><strong>non</strong></span> <span class='ocrx_word' id='word_1_36' title='bbox 1161 699 1260 752; x_wconf 91' lang='lat' dir='ltr'><strong>nisi</strong></span> <span class='ocrx_word' id='word_1_37' title='bbox 1291 698 1379 751; x_wconf 92' lang='lat' dir='ltr'><strong>uni</strong></span> <span class='ocrx_word' id='word_1_38' title='bbox 1415 697 1521 750; x_wconf 90' lang='lat' dir='ltr'><strong>Deo</strong></span> <span class='ocrx_word' id='word_1_39' title='bbox 1562 709 1688 749; x_wconf 86' lang='lat' dir='ltr'><strong>vero</strong></span> 
     </span>
    </p>
   </div>
   <div class='ocr_carea' id='block_1_7' title="bbox 146 791 1685 890">
    <p class='ocr_par' dir='ltr' id='par_1_7' title="bbox 146 791 1685 872">
     <span class='ocr_line' id='line_1_7' title="bbox 146 791 1685 872; baseline -0.012 -12"><span class='ocrx_word' id='word_1_40' title='bbox 146 803 293 860; x_wconf 75' lang='lat' dir='ltr'><strong>oﬁrrri</strong></span> <span class='ocrx_word' id='word_1_41' title='bbox 331 810 570 872; x_wconf 72' lang='lat' dir='ltr'><strong>oportere</strong></span> <span class='ocrx_word' id='word_1_42' title='bbox 609 811 825 853; x_wconf 84' lang='lat' dir='ltr'><strong>veraces</strong></span> <span class='ocrx_word' id='word_1_43' title='bbox 864 804 917 849; x_wconf 91' lang='lat' dir='ltr'><strong>et</strong></span> <span class='ocrx_word' id='word_1_44' title='bbox 958 808 1125 848; x_wconf 79' lang='lat' dir='ltr'><strong>saera:</strong></span> <span class='ocrx_word' id='word_1_45' title='bbox 1172 791 1382 845; x_wconf 70' lang='lat' dir='ltr'><strong>Littera:</strong></span> <span class='ocrx_word' id='word_1_46' title='bbox 1433 796 1685 842; x_wconf 86' lang='lat' dir='ltr'><strong>monent:</strong></span> 
     </span>
    </p>
   </div>
   <div class='ocr_carea' id='block_1_8' title="bbox 146 880 1687 962">
    <p class='ocr_par' dir='ltr' id='par_1_8' title="bbox 146 880 1687 962">
     <span class='ocr_line' id='line_1_8' title="bbox 146 880 1687 962; baseline -0.014 -9"><span class='ocrx_word' id='word_1_47' title='bbox 146 914 233 953; x_wconf 73' lang='lat' dir='ltr'><strong>orn</strong></span> <span class='ocrx_word' id='word_1_48' title='bbox 254 894 380 962; x_wconf 84' lang='lat' dir='ltr'><strong>quod</strong></span> <span class='ocrx_word' id='word_1_49' title='bbox 410 892 497 946; x_wconf 88' lang='lat' dir='ltr'><strong>illo</strong></span> <span class='ocrx_word' id='word_1_50' title='bbox 526 899 681 955; x_wconf 67' lang='lat' dir='ltr'><strong>egeat</strong></span> <span class='ocrx_word' id='word_1_51' title='bbox 708 890 863 951; x_wconf 84' lang='lat' dir='ltr'><strong>Deus,</strong></span> <span class='ocrx_word' id='word_1_52' title='bbox 892 903 1011 939; x_wconf 90' lang='lat' dir='ltr'><strong>eum</strong></span> <span class='ocrx_word' id='word_1_53' title='bbox 1040 884 1092 938; x_wconf 93' lang='lat' dir='ltr'><strong>in</strong></span> <span class='ocrx_word' id='word_1_54' title='bbox 1122 882 1319 938; x_wconf 86' lang='lat' dir='ltr'><strong>eisdem</strong></span> <span class='ocrx_word' id='word_1_55' title='bbox 1351 881 1478 949; x_wconf 82' lang='lat' dir='ltr'><strong>ipsis</strong></span> <span class='ocrx_word' id='word_1_56' title='bbox 1498 880 1687 933; x_wconf 90' lang='lat' dir='ltr'><strong>litteris</strong></span> 
     </span>
    </p>
   </div>
   <div class='ocr_carea' id='block_1_9' title="bbox 146 972 1686 1056">
    <p class='ocr_par' dir='ltr' id='par_1_9' title="bbox 146 972 1686 1056">
     <span class='ocr_line' id='line_1_9' title="bbox 146 972 1686 1056; baseline -0.014 -11"><span class='ocrx_word' id='word_1_57' title='bbox 146 987 439 1056; x_wconf 74' lang='lat' dir='ltr'><strong>apertissime</strong></span> <span class='ocrx_word' id='word_1_58' title='bbox 463 984 809 1050; x_wconf 84' lang='lat' dir='ltr'><strong>sit-scriptum</strong></span> <span class='ocrx_word' id='word_1_59' title='bbox 829 1022 844 1044; x_wconf 91' lang='lat'><strong>,</strong></span> <span class='ocrx_word' id='word_1_60' title='bbox 878 978 998 1033; x_wconf 75' lang='lat' dir='ltr'><strong>Dixi</strong></span> <span class='ocrx_word' id='word_1_61' title='bbox 1031 976 1275 1032; x_wconf 84' lang='lat' dir='ltr'><strong>Domino.</strong></span> <span class='ocrx_word' id='word_1_62' title='bbox 1310 972 1443 1028; x_wconf 84' lang='lat' dir='ltr'><strong>Dens</strong></span> <span class='ocrx_word' id='word_1_63' title='bbox 1475 989 1611 1026; x_wconf 81' lang='lat' dir='ltr'><strong>meus</strong></span> <span class='ocrx_word' id='word_1_64' title='bbox 1635 988 1686 1025; x_wconf 83' lang='lat' dir='ltr'><strong>es</strong></span> 
     </span>
    </p>
   </div>
   <div class='ocr_carea' id='block_1_10' title="bbox 148 1062 1682 1145">
    <p class='ocr_par' dir='ltr' id='par_1_10' title="bbox 148 1062 1682 1145">
     <span class='ocr_line' id='line_1_10' title="bbox 148 1062 1682 1145; baseline -0.009 -15"><span class='ocrx_word' id='word_1_65' title='bbox 148 1093 204 1137; x_wconf 76' lang='lat' dir='ltr'><strong>tu.</strong></span> <span class='ocrx_word' id='word_1_66' title='bbox 227 1078 442 1145; x_wconf 74' lang='lat' dir='ltr'><strong>quoniam</strong></span> <span class='ocrx_word' id='word_1_67' title='bbox 466 1074 714 1129; x_wconf 75' lang='lat' dir='ltr'><strong>bonarum</strong></span> <span class='ocrx_word' id='word_1_68' title='bbox 741 1087 961 1125; x_wconf 83' lang='lat' dir='ltr'><strong>meorum</strong></span> <span class='ocrx_word' id='word_1_69' title='bbox 1000 1086 1099 1123; x_wconf 89' lang='lat' dir='ltr'><strong>non</strong></span> <span class='ocrx_word' id='word_1_70' title='bbox 1128 1084 1240 1138; x_wconf 80' lang='lat' dir='ltr'><strong>rges</strong></span> <span class='ocrx_word' id='word_1_71' title='bbox 1270 1067 1286 1131; x_wconf 92' lang='lat'><strong>(</strong></span> <span class='ocrx_word' id='word_1_72' title='bbox 1303 1064 1441 1118; x_wconf 83' lang='lat' dir='ltr'><strong>Psnl.</strong></span> <span class='ocrx_word' id='word_1_73' title='bbox 1479 1080 1564 1126; x_wconf 74' lang='lat' dir='ltr'><strong>xv,</strong></span> <span class='ocrx_word' id='word_1_74' title='bbox 1591 1062 1682 1133; x_wconf 70' lang='lat'><strong>2);</strong></span> 
     </span>
    </p>
   </div>
   <div class='ocr_carea' id='block_1_11' title="bbox 148 1155 1686 1242">
    <p class='ocr_par' dir='ltr' id='par_1_11' title="bbox 148 1155 1686 1242">
     <span class='ocr_line' id='line_1_11' title="bbox 148 1155 1686 1242; baseline -0.015 -13"><span class='ocrx_word' id='word_1_75' title='bbox 148 1172 220 1229; x_wconf 82' lang='lat' dir='ltr'><strong>sed</strong></span> <span class='ocrx_word' id='word_1_76' title='bbox 244 1167 369 1242; x_wconf 87' lang='lat' dir='ltr'><strong>quod</strong></span> <span class='ocrx_word' id='word_1_77' title='bbox 394 1169 553 1223; x_wconf 88' lang='lat' dir='ltr'><strong>etiam</strong></span> <span class='ocrx_word' id='word_1_78' title='bbox 582 1167 634 1219; x_wconf 90' lang='lat' dir='ltr'><strong>in</strong></span> <span class='ocrx_word' id='word_1_79' title='bbox 662 1165 774 1230; x_wconf 88' lang='lat' dir='ltr'><strong>his,</strong></span> <span class='ocrx_word' id='word_1_80' title='bbox 803 1162 881 1217; x_wconf 94' lang='lat' dir='ltr'><strong>vel</strong></span> <span class='ocrx_word' id='word_1_81' title='bbox 917 1158 1253 1227; x_wconf 72' lang='lat' dir='ltr'><strong>acceptaudis</strong></span> <span class='ocrx_word' id='word_1_82' title='bbox 1282 1157 1361 1210; x_wconf 90' lang='lat' dir='ltr'><strong>vel</strong></span> <span class='ocrx_word' id='word_1_83' title='bbox 1394 1155 1686 1224; x_wconf 87' lang='lat' dir='ltr'><strong>reproban-</strong></span> 
     </span>
    </p>
   </div>
   <div class='ocr_carea' id='block_1_12' title="bbox 146 1247 1683 1325">
    <p class='ocr_par' dir='ltr' id='par_1_12' title="bbox 146 1247 1683 1325">
     <span class='ocr_line' id='line_1_12' title="bbox 146 1247 1683 1325; baseline -0.013 -6"><span class='ocrx_word' id='word_1_84' title='bbox 146 1266 210 1319; x_wconf 81' lang='lat' dir='ltr'><strong>dis</strong></span> <span class='ocrx_word' id='word_1_85' title='bbox 250 1261 325 1317; x_wconf 97' lang='lat' dir='ltr'><strong>vel</strong></span> <span class='ocrx_word' id='word_1_86' title='bbox 378 1256 757 1325; x_wconf 74' lang='lat' dir='ltr'><strong>percipiendis,</strong></span> <span class='ocrx_word' id='word_1_87' title='bbox 810 1270 913 1307; x_wconf 85' lang='lat' dir='ltr'><strong>non</strong></span> <span class='ocrx_word' id='word_1_88' title='bbox 951 1252 1047 1305; x_wconf 92' lang='lat' dir='ltr'><strong>nisi</strong></span> <span class='ocrx_word' id='word_1_89' title='bbox 1093 1248 1391 1303; x_wconf 88' lang='lat' dir='ltr'><strong>hominilms</strong></span> <span class='ocrx_word' id='word_1_90' title='bbox 1424 1247 1683 1301; x_wconf 84' lang='lat' dir='ltr'><strong>consu&#39;at.</strong></span> 
     </span>
    </p>
   </div>
   <div class='ocr_carea' id='block_1_13' title="bbox 143 1340 1684 1420">
    <p class='ocr_par' dir='ltr' id='par_1_13' title="bbox 143 1340 1684 1420">
     <span class='ocr_line' id='line_1_13' title="bbox 143 1340 1684 1420; baseline -0.013 -8"><span class='ocrx_word' id='word_1_91' title='bbox 143 1354 274 1412; x_wconf 77' lang='lat' dir='ltr'><strong>Nobis</strong></span> <span class='ocrx_word' id='word_1_92' title='bbox 297 1350 430 1408; x_wconf 87' lang='lat' dir='ltr'><strong>enim</strong></span> <span class='ocrx_word' id='word_1_93' title='bbox 463 1350 679 1420; x_wconf 82' lang='lat' dir='ltr'><strong>prodest</strong></span> <span class='ocrx_word' id='word_1_94' title='bbox 705 1347 882 1402; x_wconf 80' lang='lat' dir='ltr'><strong>colere</strong></span> <span class='ocrx_word' id='word_1_95' title='bbox 914 1346 1097 1407; x_wconf 85' lang='lat' dir='ltr'><strong>Deum,</strong></span> <span class='ocrx_word' id='word_1_96' title='bbox 1131 1359 1232 1395; x_wconf 88' lang='lat' dir='ltr'><strong>non</strong></span> <span class='ocrx_word' id='word_1_97' title='bbox 1264 1342 1360 1410; x_wconf 90' lang='lat' dir='ltr'><strong>ipsi</strong></span> <span class='ocrx_word' id='word_1_98' title='bbox 1395 1341 1518 1394; x_wconf 88' lang='lat' dir='ltr'><strong>Deo.</strong></span> <span class='ocrx_word' id='word_1_99' title='bbox 1551 1340 1684 1392; x_wconf 85' lang='lat' dir='ltr'><strong>Cum</strong></span> 
     </span>
    </p>
   </div>
   <div class='ocr_carea' id='block_1_14' title="bbox 143 1432 1686 1515">
    <p class='ocr_par' dir='ltr' id='par_1_14' title="bbox 143 1432 1686 1515">
     <span class='ocr_line' id='line_1_14' title="bbox 143 1432 1686 1515; baseline -0.016 -13"><span class='ocrx_word' id='word_1_100' title='bbox 143 1463 247 1515; x_wconf 83' lang='lat' dir='ltr'><strong>ergo</strong></span> <span class='ocrx_word' id='word_1_101' title='bbox 267 1443 480 1513; x_wconf 74' lang='lat' dir='ltr'><strong>inspirat</strong></span> <span class='ocrx_word' id='word_1_102' title='bbox 506 1451 561 1494; x_wconf 88' lang='lat' dir='ltr'><strong>et</strong></span> <span class='ocrx_word' id='word_1_103' title='bbox 587 1442 743 1494; x_wconf 85' lang='lat' dir='ltr'><strong>docet</strong></span> <span class='ocrx_word' id='word_1_104' title='bbox 771 1434 1037 1507; x_wconf 85' lang='lat' dir='ltr'><strong>quomodo</strong></span> <span class='ocrx_word' id='word_1_105' title='bbox 1060 1432 1312 1488; x_wconf 68' lang='lat' dir='ltr'><strong>colendus</strong></span> <span class='ocrx_word' id='word_1_106' title='bbox 1349 1433 1437 1497; x_wconf 91' lang='lat' dir='ltr'><strong>sit,</strong></span> <span class='ocrx_word' id='word_1_107' title='bbox 1470 1447 1571 1484; x_wconf 88' lang='lat' dir='ltr'><strong>non</strong></span> <span class='ocrx_word' id='word_1_108' title='bbox 1601 1446 1686 1485; x_wconf 82' lang='lat' dir='ltr'><strong>so-</strong></span> 
     </span>
    </p>
   </div>
   <div class='ocr_carea' id='block_1_15' title="bbox 145 1525 1685 1600">
    <p class='ocr_par' dir='ltr' id='par_1_15' title="bbox 145 1525 1685 1600">
     <span class='ocr_line' id='line_1_15' title="bbox 145 1525 1685 1600; baseline -0.01 -8"><span class='ocrx_word' id='word_1_109' title='bbox 145 1540 231 1594; x_wconf 90' lang='lat' dir='ltr'><strong>lum</strong></span> <span class='ocrx_word' id='word_1_110' title='bbox 263 1552 345 1590; x_wconf 83' lang='lat' dir='ltr'><strong>sua</strong></span> <span class='ocrx_word' id='word_1_111' title='bbox 387 1534 530 1588; x_wconf 88' lang='lat' dir='ltr'><strong>nulla</strong></span> <span class='ocrx_word' id='word_1_112' title='bbox 573 1531 863 1600; x_wconf 84' lang='lat' dir='ltr'><strong>indigentia</strong></span> <span class='ocrx_word' id='word_1_113' title='bbox 907 1528 1060 1588; x_wconf 81' lang='lat' dir='ltr'><strong>facit.</strong></span> <span class='ocrx_word' id='word_1_114' title='bbox 1105 1526 1196 1581; x_wconf 84' lang='lat' dir='ltr'><strong>sed</strong></span> <span class='ocrx_word' id='word_1_115' title='bbox 1239 1536 1413 1579; x_wconf 76' lang='lat' dir='ltr'><strong>ucstra</strong></span> <span class='ocrx_word' id='word_1_116' title='bbox 1457 1525 1685 1577; x_wconf 78' lang='lat' dir='ltr'><strong>maxima</strong></span> 
     </span>
    </p>
   </div>
   <div class='ocr_carea' id='block_1_16' title="bbox 141 1613 1681 1695">
    <p class='ocr_par' dir='ltr' id='par_1_16' title="bbox 141 1613 1681 1695">
     <span class='ocr_line' id='line_1_16' title="bbox 141 1613 1681 1695; baseline -0.012 -9"><span class='ocrx_word' id='word_1_117' title='bbox 141 1632 348 1686; x_wconf 71' lang='lat' dir='ltr'><strong>utilitate.</strong></span> <span class='ocrx_word' id='word_1_118' title='bbox 379 1625 740 1695; x_wconf 81' lang='lat' dir='ltr'><strong>Signiﬁcativa</strong></span> <span class='ocrx_word' id='word_1_119' title='bbox 784 1630 907 1677; x_wconf 89' lang='lat' dir='ltr'><strong>sunt</strong></span> <span class='ocrx_word' id='word_1_120' title='bbox 948 1628 1124 1673; x_wconf 90' lang='lat' dir='ltr'><strong>autem</strong></span> <span class='ocrx_word' id='word_1_121' title='bbox 1150 1618 1326 1670; x_wconf 94' lang='lat' dir='ltr'><strong>omnia</strong></span> <span class='ocrx_word' id='word_1_122' title='bbox 1363 1615 1485 1669; x_wconf 88' lang='lat' dir='ltr'><strong>talia</strong></span> <span class='ocrx_word' id='word_1_123' title='bbox 1516 1613 1681 1668; x_wconf 83' lang='lat' dir='ltr'><strong>sacri-</strong></span> 
     </span>
    </p>
   </div>
   <div class='ocr_carea' id='block_1_17' title="bbox 141 1706 1686 1789">
    <p class='ocr_par' dir='ltr' id='par_1_17' title="bbox 141 1706 1686 1789">
     <span class='ocr_line' id='line_1_17' title="bbox 141 1706 1686 1789; baseline -0.012 -10"><span class='ocrx_word' id='word_1_124' title='bbox 141 1724 261 1787; x_wconf 78' lang='lat' dir='ltr'><strong>ﬁcia,</strong></span> <span class='ocrx_word' id='word_1_125' title='bbox 305 1730 354 1775; x_wconf 86' lang='lat' dir='ltr'><strong>et</strong></span> <span class='ocrx_word' id='word_1_126' title='bbox 406 1716 756 1789; x_wconf 85' lang='lat' dir='ltr'><strong>quarumdam</strong></span> <span class='ocrx_word' id='word_1_127' title='bbox 810 1728 987 1768; x_wconf 90' lang='lat' dir='ltr'><strong>rerum</strong></span> <span class='ocrx_word' id='word_1_128' title='bbox 1035 1707 1443 1771; x_wconf 66' lang='lat' dir='ltr'><strong>similitudines,</strong></span> <span class='ocrx_word' id='word_1_129' title='bbox 1494 1706 1686 1776; x_wconf 79' lang='lat' dir='ltr'><strong>quibus</strong></span> 
     </span>
    </p>
   </div>
   <div class='ocr_carea' id='block_1_18' title="bbox 140 1799 1684 1878">
    <p class='ocr_par' dir='ltr' id='par_1_18' title="bbox 140 1799 1684 1878">
     <span class='ocr_line' id='line_1_18' title="bbox 140 1799 1684 1878; baseline -0.012 -9"><span class='ocrx_word' id='word_1_130' title='bbox 140 1813 372 1869; x_wconf 75' lang='lat' dir='ltr'><strong>admoueri</strong></span> <span class='ocrx_word' id='word_1_131' title='bbox 400 1826 500 1864; x_wconf 89' lang='lat' dir='ltr'><strong>nos</strong></span> <span class='ocrx_word' id='word_1_132' title='bbox 521 1817 730 1878; x_wconf 85' lang='lat' dir='ltr'><strong>oportet</strong></span> <span class='ocrx_word' id='word_1_133' title='bbox 761 1806 825 1859; x_wconf 90' lang='lat' dir='ltr'><strong>ad</strong></span> <span class='ocrx_word' id='word_1_134' title='bbox 850 1821 911 1861; x_wconf 90' lang='lat' dir='ltr'><strong>ea</strong></span> <span class='ocrx_word' id='word_1_135' title='bbox 942 1804 1052 1873; x_wconf 89' lang='lat' dir='ltr'><strong>ipsa</strong></span> <span class='ocrx_word' id='word_1_136' title='bbox 1069 1817 1292 1873; x_wconf 91' lang='lat' dir='ltr'><strong>quormn</strong></span> <span class='ocrx_word' id='word_1_137' title='bbox 1314 1799 1684 1854; x_wconf 89' lang='lat' dir='ltr'><strong>similitudines</strong></span> 
     </span>
    </p>
   </div>
   <div class='ocr_carea' id='block_1_19' title="bbox 140 1892 1683 1963">
    <p class='ocr_par' dir='ltr' id='par_1_19' title="bbox 140 1892 1683 1963">
     <span class='ocr_line' id='line_1_19' title="bbox 140 1892 1683 1963; baseline -0.01 -2"><span class='ocrx_word' id='word_1_138' title='bbox 140 1914 267 1962; x_wconf 78' lang='lat' dir='ltr'><strong>runt.</strong></span> <span class='ocrx_word' id='word_1_139' title='bbox 303 1905 407 1959; x_wconf 88' lang='lat' dir='ltr'><strong>sive</strong></span> <span class='ocrx_word' id='word_1_140' title='bbox 437 1900 745 1963; x_wconf 88' lang='lat' dir='ltr'><strong>scrutanda,</strong></span> <span class='ocrx_word' id='word_1_141' title='bbox 778 1898 893 1952; x_wconf 94' lang='lat' dir='ltr'><strong>sive</strong></span> <span class='ocrx_word' id='word_1_142' title='bbox 924 1895 1205 1957; x_wconf 86' lang='lat' dir='ltr'><strong>noscenda,</strong></span> <span class='ocrx_word' id='word_1_143' title='bbox 1239 1895 1350 1949; x_wconf 88' lang='lat' dir='ltr'><strong>sive</strong></span> <span class='ocrx_word' id='word_1_144' title='bbox 1381 1892 1683 1948; x_wconf 84' lang='lat' dir='ltr'><strong>recolenda.</strong></span> 
     </span>
    </p>
   </div>
   <div class='ocr_carea' id='block_1_20' title="bbox 138 1984 1684 2066">
    <p class='ocr_par' dir='ltr' id='par_1_20' title="bbox 138 1984 1684 2066">
     <span class='ocr_line' id='line_1_20' title="bbox 138 1984 1684 2066; baseline -0.009 -15"><span class='ocrx_word' id='word_1_145' title='bbox 138 1998 197 2051; x_wconf 87' lang='lat' dir='ltr'><strong>De</strong></span> <span class='ocrx_word' id='word_1_146' title='bbox 219 2011 307 2066; x_wconf 86' lang='lat' dir='ltr'><strong>qua</strong></span> <span class='ocrx_word' id='word_1_147' title='bbox 335 2009 407 2058; x_wconf 85' lang='lat' dir='ltr'><strong>re,</strong></span> <span class='ocrx_word' id='word_1_148' title='bbox 437 2001 694 2063; x_wconf 86' lang='lat' dir='ltr'><strong>quantum</strong></span> <span class='ocrx_word' id='word_1_149' title='bbox 723 1990 851 2044; x_wconf 89' lang='lat' dir='ltr'><strong>satis</strong></span> <span class='ocrx_word' id='word_1_150' title='bbox 883 1996 985 2053; x_wconf 90' lang='lat' dir='ltr'><strong>est,</strong></span> <span class='ocrx_word' id='word_1_151' title='bbox 1017 1986 1346 2045; x_wconf 51' lang='lat' dir='ltr'><strong>diSs-ereuda,</strong></span> <span class='ocrx_word' id='word_1_152' title='bbox 1377 2001 1479 2039; x_wconf 91' lang='lat' dir='ltr'><strong>non</strong></span> <span class='ocrx_word' id='word_1_153' title='bbox 1513 1984 1684 2038; x_wconf 81' lang='lat' dir='ltr'><strong>brevis</strong></span> 
     </span>
    </p>
   </div>
   <div class='ocr_carea' id='block_1_21' title="bbox 138 2075 1685 2154">
    <p class='ocr_par' dir='ltr' id='par_1_21' title="bbox 138 2075 1685 2154">
     <span class='ocr_line' id='line_1_21' title="bbox 138 2075 1685 2154; baseline -0.011 -11"><span class='ocrx_word' id='word_1_154' title='bbox 138 2103 285 2143; x_wconf 77' lang='lat' dir='ltr'><strong>seruio</strong></span> <span class='ocrx_word' id='word_1_155' title='bbox 310 2084 624 2154; x_wconf 70' lang='lat' dir='ltr'><strong>llagitandus</strong></span> <span class='ocrx_word' id='word_1_156' title='bbox 670 2090 773 2147; x_wconf 88' lang='lat' dir='ltr'><strong>est,</strong></span> <span class='ocrx_word' id='word_1_157' title='bbox 817 2097 922 2147; x_wconf 87' lang='lat' dir='ltr'><strong>qtto</strong></span> <span class='ocrx_word' id='word_1_158' title='bbox 976 2094 1114 2133; x_wconf 92' lang='lat' dir='ltr'><strong>nunc</strong></span> <span class='ocrx_word' id='word_1_159' title='bbox 1164 2077 1485 2146; x_wconf 88' lang='lat' dir='ltr'><strong>respondere</strong></span> <span class='ocrx_word' id='word_1_160' title='bbox 1534 2075 1685 2129; x_wconf 86' lang='lat' dir='ltr'><strong>nobis</strong></span> 
     </span>
    </p>
   </div>
   <div class='ocr_carea' id='block_1_22' title="bbox 137 2169 1684 2249">
    <p class='ocr_par' dir='ltr' id='par_1_22' title="bbox 137 2169 1684 2249">
     <span class='ocr_line' id='line_1_22' title="bbox 137 2169 1684 2249; baseline -0.006 -17"><span class='ocrx_word' id='word_1_161' title='bbox 137 2179 424 2249; x_wconf 80' lang='lat' dir='ltr'><strong>propositum</strong></span> <span class='ocrx_word' id='word_1_162' title='bbox 471 2185 555 2231; x_wconf 86' lang='lat' dir='ltr'><strong>est</strong></span> <span class='ocrx_word' id='word_1_163' title='bbox 595 2193 607 2229; x_wconf 93' lang='lat'>:</span> <span class='ocrx_word' id='word_1_164' title='bbox 649 2172 940 2242; x_wconf 73' lang='lat' dir='ltr'><strong>praesertim</strong></span> <span class='ocrx_word' id='word_1_165' title='bbox 977 2172 1097 2243; x_wconf 78' lang='lat' dir='ltr'><strong>quia</strong></span> <span class='ocrx_word' id='word_1_166' title='bbox 1147 2172 1197 2225; x_wconf 91' lang='lat' dir='ltr'><strong>in</strong></span> <span class='ocrx_word' id='word_1_167' title='bbox 1252 2171 1370 2223; x_wconf 90' lang='lat' dir='ltr'><strong>aliis</strong></span> <span class='ocrx_word' id='word_1_168' title='bbox 1419 2169 1684 2237; x_wconf 77' lang='lat' dir='ltr'><strong>opusculis</strong></span> 
     </span>
    </p>
   </div>
   <div class='ocr_carea' id='block_1_23' title="bbox 138 2262 1684 2339">
    <p class='ocr_par' dir='ltr' id='par_1_23' title="bbox 138 2262 1684 2339">
     <span class='ocr_line' id='line_1_23' title="bbox 138 2262 1684 2339; baseline -0.006 -15"><span class='ocrx_word' id='word_1_169' title='bbox 138 2270 302 2324; x_wconf 81' lang='lat' dir='ltr'><strong>nostris</strong></span> <span class='ocrx_word' id='word_1_170' title='bbox 320 2268 418 2339; x_wconf 90' lang='lat' dir='ltr'><strong>(a),</strong></span> <span class='ocrx_word' id='word_1_171' title='bbox 449 2268 516 2321; x_wconf 91' lang='lat' dir='ltr'><strong>de</strong></span> <span class='ocrx_word' id='word_1_172' title='bbox 549 2268 647 2322; x_wconf 86' lang='lat' dir='ltr'><strong>hac</strong></span> <span class='ocrx_word' id='word_1_173' title='bbox 671 2282 729 2320; x_wconf 89' lang='lat' dir='ltr'><strong>re</strong></span> <span class='ocrx_word' id='word_1_174' title='bbox 751 2265 912 2319; x_wconf 89' lang='lat' dir='ltr'><strong>multa</strong></span> <span class='ocrx_word' id='word_1_175' title='bbox 936 2266 1043 2333; x_wconf 89' lang='lat' dir='ltr'><strong>jam</strong></span> <span class='ocrx_word' id='word_1_176' title='bbox 1070 2263 1319 2317; x_wconf 66' lang='lat' dir='ltr'><strong>diximus.</strong></span> <span class='ocrx_word' id='word_1_177' title='bbox 1355 2262 1420 2315; x_wconf 86' lang='lat' dir='ltr'><strong>Et</strong></span> <span class='ocrx_word' id='word_1_178' title='bbox 1446 2262 1533 2329; x_wconf 91' lang='lat' dir='ltr'><strong>qui</strong></span> <span class='ocrx_word' id='word_1_179' title='bbox 1560 2271 1684 2315; x_wconf 82' lang='lat' dir='ltr'><strong>ante</strong></span> 
     </span>
    </p>
   </div>
   <div class='ocr_carea' id='block_1_24' title="bbox 137 2354 1683 2431">
    <p class='ocr_par' dir='ltr' id='par_1_24' title="bbox 137 2354 1683 2431">
     <span class='ocr_line' id='line_1_24' title="bbox 137 2354 1683 2431; baseline -0.006 -14"><span class='ocrx_word' id='word_1_180' title='bbox 137 2377 217 2417; x_wconf 86' lang='lat' dir='ltr'><strong>nos</strong></span> <span class='ocrx_word' id='word_1_181' title='bbox 234 2362 315 2416; x_wconf 86' lang='lat' dir='ltr'><strong>Dei</strong></span> <span class='ocrx_word' id='word_1_182' title='bbox 340 2362 551 2431; x_wconf 88' lang='lat' dir='ltr'><strong>eloquia</strong></span> <span class='ocrx_word' id='word_1_183' title='bbox 583 2368 958 2423; x_wconf 75' lang='lat' dir='ltr'><strong>tractaverunt,</strong></span> <span class='ocrx_word' id='word_1_184' title='bbox 979 2356 1046 2411; x_wconf 90' lang='lat' dir='ltr'><strong>de</strong></span> <span class='ocrx_word' id='word_1_185' title='bbox 1066 2354 1495 2410; x_wconf 67' lang='lat' dir='ltr'><strong>similitudinilms</strong></span> <span class='ocrx_word' id='word_1_186' title='bbox 1522 2354 1683 2408; x_wconf 80' lang='lat' dir='ltr'><strong>sacri-</strong></span> 
     </span>
    </p>
   </div>
   <div class='ocr_carea' id='block_1_25' title="bbox 138 2445 1683 2517">
    <p class='ocr_par' dir='ltr' id='par_1_25' title="bbox 138 2445 1683 2517">
     <span class='ocr_line' id='line_1_25' title="bbox 138 2445 1683 2517; baseline -0.007 -8"><span class='ocrx_word' id='word_1_187' title='bbox 138 2454 340 2509; x_wconf 84' lang='lat' dir='ltr'><strong>liciorum</strong></span> <span class='ocrx_word' id='word_1_188' title='bbox 382 2453 594 2507; x_wconf 79' lang='lat' dir='ltr'><strong>Veteris</strong></span> <span class='ocrx_word' id='word_1_189' title='bbox 645 2449 1000 2509; x_wconf 86' lang='lat' dir='ltr'><strong>Testameuli,</strong></span> <span class='ocrx_word' id='word_1_190' title='bbox 1038 2456 1283 2517; x_wconf 89' lang='lat' dir='ltr'><strong>tanquam</strong></span> <span class='ocrx_word' id='word_1_191' title='bbox 1319 2446 1519 2500; x_wconf 86' lang='lat' dir='ltr'><strong>umbris</strong></span> <span class='ocrx_word' id='word_1_192' title='bbox 1550 2445 1683 2514; x_wconf 81' lang='lat' dir='ltr'><strong>ﬁgu-</strong></span> 
     </span>
    </p>
   </div>
   <div class='ocr_carea' id='block_1_26' title="bbox 135 2540 1205 2616">
    <p class='ocr_par' dir='ltr' id='par_1_26' title="bbox 135 2540 1205 2616">
     <span class='ocr_line' id='line_1_26' title="bbox 135 2540 1205 2616; baseline -0.007 -17"><span class='ocrx_word' id='word_1_193' title='bbox 135 2547 285 2616; x_wconf 75' lang='lat' dir='ltr'><strong>risque</strong></span> <span class='ocrx_word' id='word_1_194' title='bbox 310 2546 606 2599; x_wconf 88' lang='lat' dir='ltr'><strong>futurorum</strong></span> <span class='ocrx_word' id='word_1_195' title='bbox 635 2542 849 2612; x_wconf 89' lang='lat' dir='ltr'><strong>copiose</strong></span> <span class='ocrx_word' id='word_1_196' title='bbox 874 2540 1031 2595; x_wconf 86' lang='lat' dir='ltr'><strong>locuti</strong></span> <span class='ocrx_word' id='word_1_197' title='bbox 1062 2548 1205 2594; x_wconf 90' lang='lat' dir='ltr'><strong>sunt.</strong></span> 
     </span>
    </p>
   </div>
   <div class='ocr_carea' id='block_1_27' title="bbox 194 2628 1681 2698">
    <p class='ocr_par' dir='ltr' id='par_1_27' title="bbox 194 2628 1681 2698">
     <span class='ocr_line' id='line_1_27' title="bbox 194 2628 1681 2698; baseline -0.005 -8"><span class='ocrx_word' id='word_1_198' title='bbox 194 2636 270 2690; x_wconf 83' lang='lat' dir='ltr'><strong>ts.</strong></span> <span class='ocrx_word' id='word_1_199' title='bbox 304 2635 411 2691; x_wconf 87' lang='lat' dir='ltr'><strong>lloc</strong></span> <span class='ocrx_word' id='word_1_200' title='bbox 448 2651 577 2689; x_wconf 89' lang='lat' dir='ltr'><strong>sane</strong></span> <span class='ocrx_word' id='word_1_201' title='bbox 614 2648 711 2688; x_wconf 87' lang='lat' dir='ltr'><strong>nec</strong></span> <span class='ocrx_word' id='word_1_202' title='bbox 741 2633 792 2687; x_wconf 91' lang='lat' dir='ltr'><strong>in</strong></span> <span class='ocrx_word' id='word_1_203' title='bbox 824 2634 919 2687; x_wconf 91' lang='lat' dir='ltr'><strong>ista</strong></span> <span class='ocrx_word' id='word_1_204' title='bbox 963 2631 1219 2685; x_wconf 74' lang='lat' dir='ltr'><strong>brevitate</strong></span> <span class='ocrx_word' id='word_1_205' title='bbox 1259 2628 1681 2698; x_wconf 74' lang='lat' dir='ltr'><strong>prtrtereuudum</strong></span> 
     </span>
    </p>
   </div>
   <div class='ocr_carea' id='block_1_28' title="bbox 133 2720 1681 2796">
    <p class='ocr_par' dir='ltr' id='par_1_28' title="bbox 133 2720 1681 2796">
     <span class='ocr_line' id='line_1_28' title="bbox 133 2720 1681 2796; baseline -0.004 -17"><span class='ocrx_word' id='word_1_206' title='bbox 133 2736 223 2790; x_wconf 74' lang='lat' dir='ltr'><strong>est,</strong></span> <span class='ocrx_word' id='word_1_207' title='bbox 249 2726 373 2796; x_wconf 88' lang='lat' dir='ltr'><strong>quod</strong></span> <span class='ocrx_word' id='word_1_208' title='bbox 403 2726 677 2792; x_wconf 87' lang='lat' dir='ltr'><strong>templum,</strong></span> <span class='ocrx_word' id='word_1_209' title='bbox 712 2722 1082 2786; x_wconf 72' lang='lat' dir='ltr'><strong>sacerdotium,</strong></span> <span class='ocrx_word' id='word_1_210' title='bbox 1115 2720 1451 2782; x_wconf 87' lang='lat' dir='ltr'><strong>sacrificium,</strong></span> <span class='ocrx_word' id='word_1_211' title='bbox 1497 2731 1548 2774; x_wconf 91' lang='lat' dir='ltr'><strong>et</strong></span> <span class='ocrx_word' id='word_1_212' title='bbox 1581 2721 1681 2773; x_wconf 92' lang='lat' dir='ltr'><strong>alia</strong></span> 
     </span>
    </p>
   </div>
   <div class='ocr_carea' id='block_1_29' title="bbox 134 2811 1683 2885">
    <p class='ocr_par' dir='ltr' id='par_1_29' title="bbox 134 2811 1683 2885">
     <span class='ocr_line' id='line_1_29' title="bbox 134 2811 1683 2885; baseline -0.003 -17"><span class='ocrx_word' id='word_1_213' title='bbox 134 2832 450 2885; x_wconf 66' lang='lat' dir='ltr'><strong>quaecumque</strong></span> <span class='ocrx_word' id='word_1_214' title='bbox 475 2815 541 2869; x_wconf 90' lang='lat' dir='ltr'><strong>ad</strong></span> <span class='ocrx_word' id='word_1_215' title='bbox 572 2815 685 2868; x_wconf 55' lang='lat' dir='ltr'><strong>haec</strong></span> <span class='ocrx_word' id='word_1_216' title='bbox 723 2813 1069 2884; x_wconf 91' lang='lat' dir='ltr'><strong>pertinentia,</strong></span> <span class='ocrx_word' id='word_1_217' title='bbox 1119 2812 1217 2865; x_wconf 59' lang='lat' dir='ltr'><strong>nisi</strong></span> <span class='ocrx_word' id='word_1_218' title='bbox 1264 2812 1351 2865; x_wconf 90' lang='lat' dir='ltr'><strong>uni</strong></span> <span class='ocrx_word' id='word_1_219' title='bbox 1400 2827 1527 2865; x_wconf 88' lang='lat' dir='ltr'><strong>vero</strong></span> <span class='ocrx_word' id='word_1_220' title='bbox 1575 2811 1683 2864; x_wconf 79' lang='lat' dir='ltr'><strong>fleo</strong></span> 
     </span>
    </p>
   </div>
   <div class='ocr_carea' id='block_1_30' title="bbox 131 2903 1683 2971">
    <p class='ocr_par' dir='ltr' id='par_1_30' title="bbox 131 2903 1683 2971">
     <span class='ocr_line' id='line_1_30' title="bbox 131 2903 1683 2971; baseline -0.003 -10"><span class='ocrx_word' id='word_1_221' title='bbox 131 2907 288 2963; x_wconf 79' lang='lat' dir='ltr'><strong>deberi</strong></span> <span class='ocrx_word' id='word_1_222' title='bbox 322 2914 535 2961; x_wconf 82' lang='lat' dir='ltr'><strong>nossent</strong></span> <span class='ocrx_word' id='word_1_223' title='bbox 578 2905 651 2959; x_wconf 91' lang='lat' dir='ltr'><strong>dii</strong></span> <span class='ocrx_word' id='word_1_224' title='bbox 691 2905 825 2969; x_wconf 81' lang='lat' dir='ltr'><strong>falsi,</strong></span> <span class='ocrx_word' id='word_1_225' title='bbox 859 2904 961 2959; x_wconf 90' lang='lat' dir='ltr'><strong>hoc</strong></span> <span class='ocrx_word' id='word_1_226' title='bbox 991 2913 1073 2960; x_wconf 92' lang='lat' dir='ltr'><strong>est</strong></span> <span class='ocrx_word' id='word_1_227' title='bbox 1114 2904 1404 2969; x_wconf 74' lang='lat' dir='ltr'><strong>daemones,</strong></span> <span class='ocrx_word' id='word_1_228' title='bbox 1436 2903 1525 2971; x_wconf 88' lang='lat' dir='ltr'><strong>qui</strong></span> <span class='ocrx_word' id='word_1_229' title='bbox 1562 2910 1683 2956; x_wconf 77' lang='lat' dir='ltr'><strong>sunt</strong></span> 
     </span>
    </p>
   </div>
   <div class='ocr_carea' id='block_1_31' title="bbox 132 3002 1683 3076">
    <p class='ocr_par' dir='ltr' id='par_1_31' title="bbox 132 3002 1683 3076">
     <span class='ocr_line' id='line_1_31' title="bbox 132 3002 1683 3076; baseline -0.002 -17"><span class='ocrx_word' id='word_1_230' title='bbox 132 3006 533 3074; x_wconf 60' lang='lat' dir='ltr'><strong>prevaricatores</strong></span> <span class='ocrx_word' id='word_1_231' title='bbox 552 3006 748 3076; x_wconf 81' lang='lat' dir='ltr'><strong>angeli,</strong></span> <span class='ocrx_word' id='word_1_232' title='bbox 778 3020 1044 3075; x_wconf 92' lang='lat' dir='ltr'><strong>nunquam</strong></span> <span class='ocrx_word' id='word_1_233' title='bbox 1073 3005 1187 3059; x_wconf 80' lang='lat' dir='ltr'><strong>haec</strong></span> <span class='ocrx_word' id='word_1_234' title='bbox 1214 3004 1313 3057; x_wconf 84' lang='lat' dir='ltr'><strong>sibi</strong></span> <span class='ocrx_word' id='word_1_235' title='bbox 1340 3019 1367 3056; x_wconf 90' lang='lat' dir='ltr'><strong>a</strong></span> <span class='ocrx_word' id='word_1_236' title='bbox 1389 3002 1683 3058; x_wconf 86' lang='lat' dir='ltr'><strong>cultoribus</strong></span> 
     </span>
    </p>
   </div>
   <div class='ocr_carea' id='block_1_32' title="bbox 132 3093 1679 3168">
    <p class='ocr_par' dir='ltr' id='par_1_32' title="bbox 132 3093 1679 3168">
     <span class='ocr_line' id='line_1_32' title="bbox 132 3093 1679 3168; baseline -0.005 -16"><span class='ocrx_word' id='word_1_237' title='bbox 132 3099 236 3159; x_wconf 82' lang='lat' dir='ltr'><strong>suis.</strong></span> <span class='ocrx_word' id='word_1_238' title='bbox 263 3114 389 3168; x_wconf 89' lang='lat' dir='ltr'><strong>quos</strong></span> <span class='ocrx_word' id='word_1_239' title='bbox 432 3098 740 3168; x_wconf 84' lang='lat' dir='ltr'><strong>decipiunt,</strong></span> <span class='ocrx_word' id='word_1_240' title='bbox 788 3096 1134 3167; x_wconf 74' lang='lat' dir='ltr'><strong>expulissent.</strong></span> <span class='ocrx_word' id='word_1_241' title='bbox 1184 3094 1377 3148; x_wconf 83' lang='lat' dir='ltr'><strong>Verum</strong></span> <span class='ocrx_word' id='word_1_242' title='bbox 1420 3093 1533 3147; x_wconf 81' lang='lat' dir='ltr'><strong>inec</strong></span> <span class='ocrx_word' id='word_1_243' title='bbox 1560 3108 1679 3146; x_wconf 92' lang='lat' dir='ltr'><strong>cum</strong></span> 
     </span>
    </p>
   </div>
   <div class='ocr_carea' id='block_1_33' title="bbox 130 3185 1682 3256">
    <p class='ocr_par' dir='ltr' id='par_1_33' title="bbox 130 3185 1682 3256">
     <span class='ocr_line' id='line_1_33' title="bbox 130 3185 1682 3256; baseline -0.002 -13"><span class='ocrx_word' id='word_1_244' title='bbox 130 3189 414 3246; x_wconf 74' lang='lat' dir='ltr'><strong>exhibentur</strong></span> <span class='ocrx_word' id='word_1_245' title='bbox 441 3191 571 3255; x_wconf 87' lang='lat' dir='ltr'><strong>Deo,</strong></span> <span class='ocrx_word' id='word_1_246' title='bbox 601 3188 893 3244; x_wconf 88' lang='lat' dir='ltr'><strong>secundum</strong></span> <span class='ocrx_word' id='word_1_247' title='bbox 923 3187 1039 3256; x_wconf 90' lang='lat' dir='ltr'><strong>ejus</strong></span> <span class='ocrx_word' id='word_1_248' title='bbox 1081 3185 1477 3255; x_wconf 87' lang='lat' dir='ltr'><strong>inspirationem</strong></span> <span class='ocrx_word' id='word_1_249' title='bbox 1522 3195 1682 3254; x_wconf 91' lang='lat' dir='ltr'><strong>atque</strong></span> 
     </span>
    </p>
   </div>
   <div class='ocr_carea' id='block_1_34' title="bbox 131 3276 1677 3350">
    <p class='ocr_par' dir='ltr' id='par_1_34' title="bbox 131 3276 1677 3350">
     <span class='ocr_line' id='line_1_34' title="bbox 131 3276 1677 3350; baseline -0.003 -17"><span class='ocrx_word' id='word_1_250' title='bbox 131 3278 388 3336; x_wconf 85' lang='lat' dir='ltr'><strong>doctrinam</strong></span> <span class='ocrx_word' id='word_1_251' title='bbox 410 3322 427 3346; x_wconf 89' lang='lat'><strong>,</strong></span> <span class='ocrx_word' id='word_1_252' title='bbox 462 3298 583 3336; x_wconf 81' lang='lat' dir='ltr'><strong>vera</strong></span> <span class='ocrx_word' id='word_1_253' title='bbox 615 3280 801 3350; x_wconf 78' lang='lat' dir='ltr'><strong>religio</strong></span> <span class='ocrx_word' id='word_1_254' title='bbox 829 3287 912 3333; x_wconf 88' lang='lat' dir='ltr'><strong>est</strong></span> <span class='ocrx_word' id='word_1_255' title='bbox 940 3297 954 3334; x_wconf 90' lang='lat'><strong>:</strong></span> <span class='ocrx_word' id='word_1_256' title='bbox 980 3294 1100 3333; x_wconf 91' lang='lat' dir='ltr'><strong>cum</strong></span> <span class='ocrx_word' id='word_1_257' title='bbox 1128 3288 1301 3332; x_wconf 91' lang='lat' dir='ltr'><strong>autem</strong></span> <span class='ocrx_word' id='word_1_258' title='bbox 1328 3276 1677 3341; x_wconf 66' lang='lat' dir='ltr'><strong>daemonibus,</strong></span> 
     </span>
    </p>
   </div>
   <div class='ocr_carea' id='block_1_35' title="bbox 130 3368 1679 3440">
    <p class='ocr_par' dir='ltr' id='par_1_35' title="bbox 130 3368 1679 3440">
     <span class='ocr_line' id='line_1_35' title="bbox 130 3368 1679 3440; baseline -0.001 -16"><span class='ocrx_word' id='word_1_259' title='bbox 130 3372 384 3427; x_wconf 80' lang='lat' dir='ltr'><strong>secundum</strong></span> <span class='ocrx_word' id='word_1_260' title='bbox 409 3388 597 3427; x_wconf 88' lang='lat' dir='ltr'><strong>eorum</strong></span> <span class='ocrx_word' id='word_1_261' title='bbox 628 3371 839 3439; x_wconf 82' lang='lat' dir='ltr'><strong>impiam</strong></span> <span class='ocrx_word' id='word_1_262' title='bbox 867 3369 1206 3440; x_wconf 87' lang='lat' dir='ltr'><strong>superbiam,</strong></span> <span class='ocrx_word' id='word_1_263' title='bbox 1238 3368 1391 3423; x_wconf 82' lang='lat' dir='ltr'><strong>noxia</strong></span> <span class='ocrx_word' id='word_1_264' title='bbox 1419 3368 1679 3436; x_wconf 87' lang='lat' dir='ltr'><strong>supersti-</strong></span> 
     </span>
    </p>
   </div>
   <div class='ocr_carea' id='block_1_36' title="bbox 129 3460 1679 3532">
    <p class='ocr_par' dir='ltr' id='par_1_36' title="bbox 129 3460 1679 3532">
     <span class='ocr_line' id='line_1_36' title="bbox 129 3460 1679 3532; baseline 0.001 -20"><span class='ocrx_word' id='word_1_265' title='bbox 129 3460 203 3515; x_wconf 86' lang='lat' dir='ltr'><strong>tio.</strong></span> <span class='ocrx_word' id='word_1_266' title='bbox 248 3461 578 3532; x_wconf 82' lang='lat' dir='ltr'><strong>Quapropter</strong></span> <span class='ocrx_word' id='word_1_267' title='bbox 627 3462 716 3532; x_wconf 92' lang='lat' dir='ltr'><strong>qui</strong></span> <span class='ocrx_word' id='word_1_268' title='bbox 765 3461 1078 3516; x_wconf 88' lang='lat' dir='ltr'><strong>christianas</strong></span> <span class='ocrx_word' id='word_1_269' title='bbox 1125 3460 1350 3515; x_wconf 85' lang='lat' dir='ltr'><strong>Litteras</strong></span> <span class='ocrx_word' id='word_1_270' title='bbox 1407 3460 1679 3529; x_wconf 84' lang='lat' dir='ltr'><strong>utriusque</strong></span> 
     </span>
    </p>
   </div>
   <div class='ocr_carea' id='block_1_37' title="bbox 128 3549 1677 3620">
    <p class='ocr_par' dir='ltr' id='par_1_37' title="bbox 128 3549 1677 3620">
     <span class='ocr_line' id='line_1_37' title="bbox 128 3549 1677 3620; baseline 0 -17"><span class='ocrx_word' id='word_1_271' title='bbox 128 3549 425 3609; x_wconf 76' lang='lat' dir='ltr'><strong>Testamenti</strong></span> <span class='ocrx_word' id='word_1_272' title='bbox 454 3554 647 3616; x_wconf 76' lang='lat' dir='ltr'><strong>sciunt,</strong></span> <span class='ocrx_word' id='word_1_273' title='bbox 675 3568 778 3607; x_wconf 93' lang='lat' dir='ltr'><strong>non</strong></span> <span class='ocrx_word' id='word_1_274' title='bbox 810 3552 909 3606; x_wconf 91' lang='lat' dir='ltr'><strong>hoc</strong></span> <span class='ocrx_word' id='word_1_275' title='bbox 934 3553 1145 3620; x_wconf 87' lang='lat' dir='ltr'><strong>culpant</strong></span> <span class='ocrx_word' id='word_1_276' title='bbox 1175 3552 1227 3604; x_wconf 93' lang='lat' dir='ltr'><strong>in</strong></span> <span class='ocrx_word' id='word_1_277' title='bbox 1256 3551 1526 3620; x_wconf 72' lang='lat' dir='ltr'><strong>sacrilegis</strong></span> <span class='ocrx_word' id='word_1_278' title='bbox 1559 3551 1677 3604; x_wconf 90' lang='lat' dir='ltr'><strong>riti-</strong></span> 
     </span>
    </p>
   </div>
   <div class='ocr_carea' id='block_1_38' title="bbox 127 3640 1679 3713">
    <p class='ocr_par' dir='ltr' id='par_1_38' title="bbox 127 3640 1679 3713">
     <span class='ocr_line' id='line_1_38' title="bbox 127 3640 1679 3713; baseline 0 -19"><span class='ocrx_word' id='word_1_279' title='bbox 127 3640 208 3695; x_wconf 85' lang='lat' dir='ltr'><strong>bus</strong></span> <span class='ocrx_word' id='word_1_280' title='bbox 233 3641 558 3713; x_wconf 84' lang='lat' dir='ltr'><strong>Pagauorum</strong></span> <span class='ocrx_word' id='word_1_281' title='bbox 587 3642 726 3712; x_wconf 89' lang='lat' dir='ltr'><strong>quod</strong></span> <span class='ocrx_word' id='word_1_282' title='bbox 754 3651 1062 3697; x_wconf 83' lang='lat' dir='ltr'><strong>construant</strong></span> <span class='ocrx_word' id='word_1_283' title='bbox 1089 3642 1304 3711; x_wconf 87' lang='lat' dir='ltr'><strong>templa,</strong></span> <span class='ocrx_word' id='word_1_284' title='bbox 1330 3651 1382 3695; x_wconf 90' lang='lat' dir='ltr'><strong>et</strong></span> <span class='ocrx_word' id='word_1_285' title='bbox 1405 3642 1679 3695; x_wconf 81' lang='lat' dir='ltr'><strong>instituant</strong></span> 
     </span>
    </p>
   </div>
   <div class='ocr_carea' id='block_1_39' title="bbox 128 3732 1677 3802">
    <p class='ocr_par' dir='ltr' id='par_1_39' title="bbox 128 3732 1677 3802">
     <span class='ocr_line' id='line_1_39' title="bbox 128 3732 1677 3802; baseline 0.002 -17"><span class='ocrx_word' id='word_1_286' title='bbox 128 3733 424 3801; x_wconf 77' lang='lat' dir='ltr'><strong>sacerdotia,</strong></span> <span class='ocrx_word' id='word_1_287' title='bbox 457 3744 512 3789; x_wconf 92' lang='lat' dir='ltr'><strong>et</strong></span> <span class='ocrx_word' id='word_1_288' title='bbox 546 3734 737 3789; x_wconf 87' lang='lat' dir='ltr'><strong>faciant</strong></span> <span class='ocrx_word' id='word_1_289' title='bbox 765 3734 1055 3796; x_wconf 88' lang='lat' dir='ltr'><strong>sacriﬁcia;</strong></span> <span class='ocrx_word' id='word_1_290' title='bbox 1085 3733 1177 3788; x_wconf 92' lang='lat' dir='ltr'><strong>sed</strong></span> <span class='ocrx_word' id='word_1_291' title='bbox 1210 3733 1347 3802; x_wconf 83' lang='lat' dir='ltr'><strong>quod</strong></span> <span class='ocrx_word' id='word_1_292' title='bbox 1379 3732 1492 3786; x_wconf 79' lang='lat' dir='ltr'><strong>ll:l‘c</strong></span> <span class='ocrx_word' id='word_1_293' title='bbox 1524 3733 1677 3787; x_wconf 80' lang='lat' dir='ltr'><strong>idolis</strong></span> 
     </span>
    </p>
   </div>
   <div class='ocr_carea' id='block_1_40' title="bbox 126 3823 1675 3894">
    <p class='ocr_par' dir='ltr' id='par_1_40' title="bbox 126 3823 1675 3894">
     <span class='ocr_line' id='line_1_40' title="bbox 126 3823 1675 3894; baseline 0.002 -19"><span class='ocrx_word' id='word_1_294' title='bbox 126 3831 169 3876; x_wconf 86' lang='lat' dir='ltr'><strong>et</strong></span> <span class='ocrx_word' id='word_1_295' title='bbox 207 3823 476 3881; x_wconf 63' lang='lat' dir='ltr'><strong>demoniis</strong></span> <span class='ocrx_word' id='word_1_296' title='bbox 498 3826 802 3881; x_wconf 72' lang='lat' dir='ltr'><strong>exhibeant.</strong></span> <span class='ocrx_word' id='word_1_297' title='bbox 835 3825 903 3880; x_wconf 86' lang='lat' dir='ltr'><strong>Et</strong></span> <span class='ocrx_word' id='word_1_298' title='bbox 932 3825 1069 3879; x_wconf 89' lang='lat' dir='ltr'><strong>idola</strong></span> <span class='ocrx_word' id='word_1_299' title='bbox 1093 3825 1303 3894; x_wconf 85' lang='lat' dir='ltr'><strong>quidem</strong></span> <span class='ocrx_word' id='word_1_300' title='bbox 1333 3827 1475 3878; x_wconf 91' lang='lat' dir='ltr'><strong>oumi</strong></span> <span class='ocrx_word' id='word_1_301' title='bbox 1516 3840 1675 3878; x_wconf 88' lang='lat' dir='ltr'><strong>sensu</strong></span> 
     </span>
    </p>
   </div>
   <div class='ocr_carea' id='block_1_41' title="bbox 126 3918 1676 3990">
    <p class='ocr_par' dir='ltr' id='par_1_41' title="bbox 126 3918 1676 3990">
     <span class='ocr_line' id='line_1_41' title="bbox 126 3918 1676 3990; baseline 0 -18"><span class='ocrx_word' id='word_1_302' title='bbox 126 3930 301 3982; x_wconf 66' lang='lat' dir='ltr'><strong>carere,</strong></span> <span class='ocrx_word' id='word_1_303' title='bbox 338 3921 463 3990; x_wconf 84' lang='lat' dir='ltr'><strong>quis</strong></span> <span class='ocrx_word' id='word_1_304' title='bbox 491 3918 732 3974; x_wconf 87' lang='lat' dir='ltr'><strong>dubitet?</strong></span> <span class='ocrx_word' id='word_1_305' title='bbox 762 3919 1133 3973; x_wconf 86' lang='lat' dir='ltr'><strong>Verumtamen</strong></span> <span class='ocrx_word' id='word_1_306' title='bbox 1171 3933 1288 3972; x_wconf 89' lang='lat' dir='ltr'><strong>eum</strong></span> <span class='ocrx_word' id='word_1_307' title='bbox 1322 3918 1403 3972; x_wconf 86' lang='lat' dir='ltr'><strong>his</strong></span> <span class='ocrx_word' id='word_1_308' title='bbox 1435 3918 1676 3972; x_wconf 86' lang='lat' dir='ltr'><strong>locantur</strong></span> 
     </span>
    </p>
   </div>
   <div class='ocr_carea' id='block_1_42' title="bbox 126 4006 1675 4078">
    <p class='ocr_par' dir='ltr' id='par_1_42' title="bbox 126 4006 1675 4078">
     <span class='ocr_line' id='line_1_42' title="bbox 126 4006 1675 4078; baseline 0.003 -19"><span class='ocrx_word' id='word_1_309' title='bbox 126 4006 331 4075; x_wconf 82' lang='lat' dir='ltr'><strong>sedibus,</strong></span> <span class='ocrx_word' id='word_1_310' title='bbox 356 4010 558 4065; x_wconf 88' lang='lat' dir='ltr'><strong>honora</strong></span> <span class='ocrx_word' id='word_1_311' title='bbox 568 4010 654 4064; x_wconf 90' lang='lat' dir='ltr'><strong>bili</strong></span> <span class='ocrx_word' id='word_1_312' title='bbox 679 4010 1021 4072; x_wconf 89' lang='lat' dir='ltr'><strong>sublimitate,</strong></span> <span class='ocrx_word' id='word_1_313' title='bbox 1042 4018 1095 4068; x_wconf 90' lang='lat' dir='ltr'><strong>ut</strong></span> <span class='ocrx_word' id='word_1_314' title='bbox 1116 4023 1144 4062; x_wconf 92' lang='lat' dir='ltr'><strong>a</strong></span> <span class='ocrx_word' id='word_1_315' title='bbox 1165 4008 1499 4078; x_wconf 83' lang='lat' dir='ltr'><strong>precantibus</strong></span> <span class='ocrx_word' id='word_1_316' title='bbox 1517 4017 1675 4077; x_wconf 85' lang='lat' dir='ltr'><strong>atque</strong></span> 
     </span>
    </p>
   </div>
   <div class='ocr_carea' id='block_1_43' title="bbox 127 4096 1677 4172">
    <p class='ocr_par' dir='ltr' id='par_1_43' title="bbox 127 4096 1677 4172">
     <span class='ocr_line' id='line_1_43' title="bbox 127 4096 1677 4172; baseline 0.003 -23"><span class='ocrx_word' id='word_1_317' title='bbox 127 4096 496 4158; x_wconf 84' lang='lat' dir='ltr'><strong>immolantibus</strong></span> <span class='ocrx_word' id='word_1_318' title='bbox 523 4102 882 4167; x_wconf 87' lang='lat' dir='ltr'><strong>attendautur,</strong></span> <span class='ocrx_word' id='word_1_319' title='bbox 910 4102 1020 4172; x_wconf 89' lang='lat' dir='ltr'><strong>ipsa</strong></span> <span class='ocrx_word' id='word_1_320' title='bbox 1047 4101 1388 4156; x_wconf 89' lang='lat' dir='ltr'><strong>similitudine</strong></span> <span class='ocrx_word' id='word_1_321' title='bbox 1414 4103 1677 4156; x_wconf 84' lang='lat' dir='ltr'><strong>animato-</strong></span> 
     </span>
    </p>
   </div>
   <div class='ocr_carea' id='block_1_44' title="bbox 128 4195 1674 4265">
    <p class='ocr_par' dir='ltr' id='par_1_44' title="bbox 128 4195 1674 4265">
     <span class='ocr_line' id='line_1_44' title="bbox 128 4195 1674 4265; baseline 0.002 -19"><span class='ocrx_word' id='word_1_322' title='bbox 128 4205 223 4247; x_wconf 87' lang='lat' dir='ltr'><strong>rum</strong></span> <span class='ocrx_word' id='word_1_323' title='bbox 250 4196 602 4250; x_wconf 85' lang='lat' dir='ltr'><strong>membrorum</strong></span> <span class='ocrx_word' id='word_1_324' title='bbox 633 4203 791 4265; x_wconf 88' lang='lat' dir='ltr'><strong>atque</strong></span> <span class='ocrx_word' id='word_1_325' title='bbox 816 4210 1086 4258; x_wconf 88' lang='lat' dir='ltr'><strong>sensuum,</strong></span> <span class='ocrx_word' id='word_1_326' title='bbox 1131 4195 1370 4262; x_wconf 84' lang='lat' dir='ltr'><strong>quamvis</strong></span> <span class='ocrx_word' id='word_1_327' title='bbox 1408 4195 1674 4249; x_wconf 89' lang='lat' dir='ltr'><strong>insensata</strong></span> 
     </span>
    </p>
   </div>
   <div class='ocr_carea' id='block_1_45' title="bbox 126 4284 1676 4350">
    <p class='ocr_par' dir='ltr' id='par_1_45' title="bbox 126 4284 1676 4350">
     <span class='ocr_line' id='line_1_45' title="bbox 126 4284 1676 4350; baseline 0.002 -14"><span class='ocrx_word' id='word_1_328' title='bbox 126 4293 168 4337; x_wconf 81' lang='lat' dir='ltr'><strong>et</strong></span> <span class='ocrx_word' id='word_1_329' title='bbox 192 4286 454 4350; x_wconf 72' lang='lat' dir='ltr'><strong>exanima,</strong></span> <span class='ocrx_word' id='word_1_330' title='bbox 480 4286 719 4341; x_wconf 90' lang='lat' dir='ltr'><strong>afﬁciunt</strong></span> <span class='ocrx_word' id='word_1_331' title='bbox 748 4284 983 4339; x_wconf 91' lang='lat' dir='ltr'><strong>inﬁrmos</strong></span> <span class='ocrx_word' id='word_1_332' title='bbox 1028 4284 1253 4350; x_wconf 89' lang='lat' dir='ltr'><strong>animos,</strong></span> <span class='ocrx_word' id='word_1_333' title='bbox 1282 4294 1338 4338; x_wconf 91' lang='lat' dir='ltr'><strong>ut</strong></span> <span class='ocrx_word' id='word_1_334' title='bbox 1393 4284 1570 4338; x_wconf 84' lang='lat' dir='ltr'><strong>vivere</strong></span> <span class='ocrx_word' id='word_1_335' title='bbox 1610 4298 1676 4339; x_wconf 89' lang='lat' dir='ltr'><strong>ac</strong></span> 
     </span>
    </p>
   </div>
   <div class='ocr_carea' id='block_1_46' title="bbox 128 4374 1675 4446">
    <p class='ocr_par' dir='ltr' id='par_1_46' title="bbox 128 4374 1675 4446">
     <span class='ocr_line' id='line_1_46' title="bbox 128 4374 1675 4446; baseline 0.003 -20"><span class='ocrx_word' id='word_1_336' title='bbox 128 4374 303 4442; x_wconf 78' lang='lat' dir='ltr'><strong>spirare</strong></span> <span class='ocrx_word' id='word_1_337' title='bbox 333 4378 651 4442; x_wconf 86' lang='lat' dir='ltr'><strong>videantur;</strong></span> <span class='ocrx_word' id='word_1_338' title='bbox 682 4377 966 4432; x_wconf 88' lang='lat' dir='ltr'><strong>accedente</strong></span> <span class='ocrx_word' id='word_1_339' title='bbox 1004 4377 1294 4446; x_wconf 74' lang='lat' dir='ltr'><strong>praesertim</strong></span> <span class='ocrx_word' id='word_1_340' title='bbox 1335 4376 1675 4431; x_wconf 87' lang='lat' dir='ltr'><strong>veneratione</strong></span> 
     </span>
    </p>
   </div>
   <div class='ocr_carea' id='block_1_47' title="bbox 128 4466 1491 4539">
    <p class='ocr_par' dir='ltr' id='par_1_47' title="bbox 128 4466 1491 4539">
     <span class='ocr_line' id='line_1_47' title="bbox 128 4466 1491 4539; baseline 0.001 -24"><span class='ocrx_word' id='word_1_341' title='bbox 128 4466 481 4533; x_wconf 85' lang='lat' dir='ltr'><strong>multitudinis,</strong></span> <span class='ocrx_word' id='word_1_342' title='bbox 511 4484 612 4539; x_wconf 91' lang='lat' dir='ltr'><strong>qua</strong></span> <span class='ocrx_word' id='word_1_343' title='bbox 643 4476 818 4521; x_wconf 85' lang='lat' dir='ltr'><strong>tantus</strong></span> <span class='ocrx_word' id='word_1_344' title='bbox 845 4467 925 4523; x_wconf 90' lang='lat' dir='ltr'><strong>eis</strong></span> <span class='ocrx_word' id='word_1_345' title='bbox 951 4469 1123 4522; x_wconf 89' lang='lat' dir='ltr'><strong>cultus</strong></span> <span class='ocrx_word' id='word_1_346' title='bbox 1151 4468 1491 4536; x_wconf 85' lang='lat' dir='ltr'><strong>impenditur.</strong></span> 
     </span>
    </p>
   </div>
   <div class='ocr_carea' id='block_1_48' title="bbox 186 4555 1676 4627">
    <p class='ocr_par' dir='ltr' id='par_1_48' title="bbox 186 4555 1676 4627">
     <span class='ocr_line' id='line_1_48' title="bbox 186 4555 1676 4627; baseline 0.003 -18"><span class='ocrx_word' id='word_1_347' title='bbox 186 4555 262 4610; x_wconf 87' lang='lat' dir='ltr'><strong>l9.</strong></span> <span class='ocrx_word' id='word_1_348' title='bbox 281 4558 484 4624; x_wconf 85' lang='lat' dir='ltr'><strong>Quibus</strong></span> <span class='ocrx_word' id='word_1_349' title='bbox 508 4558 762 4613; x_wconf 79' lang='lat' dir='ltr'><strong>morbidis</strong></span> <span class='ocrx_word' id='word_1_350' title='bbox 787 4568 841 4613; x_wconf 87' lang='lat' dir='ltr'><strong>et</strong></span> <span class='ocrx_word' id='word_1_351' title='bbox 868 4558 1237 4627; x_wconf 82' lang='lat' dir='ltr'><strong>pestilentiosis</strong></span> <span class='ocrx_word' id='word_1_352' title='bbox 1262 4558 1538 4614; x_wconf 71' lang='lat' dir='ltr'><strong>affectibus</strong></span> <span class='ocrx_word' id='word_1_353' title='bbox 1564 4572 1676 4613; x_wconf 84' lang='lat' dir='ltr'><strong>me-</strong></span> 
     </span>
    </p>
   </div>
   <div class='ocr_carea' id='block_1_49' title="bbox 128 4643 1673 4718">
    <p class='ocr_par' dir='ltr' id='par_1_49' title="bbox 128 4643 1673 4718">
     <span class='ocr_line' id='line_1_49' title="bbox 128 4643 1673 4718; baseline 0.005 -21"><span class='ocrx_word' id='word_1_354' title='bbox 128 4643 255 4701; x_wconf 83' lang='lat' dir='ltr'><strong>detur</strong></span> <span class='ocrx_word' id='word_1_355' title='bbox 274 4647 539 4717; x_wconf 84' lang='lat' dir='ltr'><strong>Scriptura</strong></span> <span class='ocrx_word' id='word_1_356' title='bbox 570 4648 783 4713; x_wconf 88' lang='lat' dir='ltr'><strong>divina,</strong></span> <span class='ocrx_word' id='word_1_357' title='bbox 810 4665 928 4718; x_wconf 72' lang='lat' dir='ltr'><strong>qua:</strong></span> <span class='ocrx_word' id='word_1_358' title='bbox 955 4665 1067 4703; x_wconf 89' lang='lat' dir='ltr'><strong>rem</strong></span> <span class='ocrx_word' id='word_1_359' title='bbox 1098 4647 1309 4718; x_wconf 86' lang='lat' dir='ltr'><strong>quidem</strong></span> <span class='ocrx_word' id='word_1_360' title='bbox 1347 4659 1545 4712; x_wconf 82' lang='lat' dir='ltr'><strong>notato,</strong></span> <span class='ocrx_word' id='word_1_361' title='bbox 1579 4650 1673 4705; x_wconf 86' lang='lat' dir='ltr'><strong>sed</strong></span> 
     </span>
    </p>
   </div>
   <div class='ocr_carea' id='block_1_50' title="bbox 130 4739 1671 4809">
    <p class='ocr_par' dir='ltr' id='par_1_50' title="bbox 130 4739 1671 4809">
     <span class='ocr_line' id='line_1_50' title="bbox 130 4739 1671 4809; baseline 0.003 -19"><span class='ocrx_word' id='word_1_362' title='bbox 130 4743 280 4793; x_wconf 79' lang='lat' dir='ltr'><strong>tamen</strong></span> <span class='ocrx_word' id='word_1_363' title='bbox 306 4740 500 4795; x_wconf 85' lang='lat' dir='ltr'><strong>salubri</strong></span> <span class='ocrx_word' id='word_1_364' title='bbox 526 4740 761 4795; x_wconf 90' lang='lat' dir='ltr'><strong>remedio</strong></span> <span class='ocrx_word' id='word_1_365' title='bbox 783 4739 1157 4795; x_wconf 87' lang='lat' dir='ltr'><strong>admonitionis</strong></span> <span class='ocrx_word' id='word_1_366' title='bbox 1183 4741 1428 4805; x_wconf 91' lang='lat' dir='ltr'><strong>inculcat,</strong></span> <span class='ocrx_word' id='word_1_367' title='bbox 1454 4742 1636 4796; x_wconf 89' lang='lat' dir='ltr'><strong>dicens</strong></span> <span class='ocrx_word' id='word_1_368' title='bbox 1654 4782 1671 4809; x_wconf 93' lang='lat'><strong>,</strong></span> 
     </span>
    </p>
   </div>
   <div class='ocr_carea' id='block_1_51' title="bbox 90 4824 1675 4909">
    <p class='ocr_par' dir='ltr' id='par_1_51' title="bbox 90 4824 1675 4909">
     <span class='ocr_line' id='line_1_51' title="bbox 90 4824 1675 4909; baseline 0.001 -27"><span class='ocrx_word' id='word_1_369' title='bbox 90 4824 293 4909; x_wconf 55' lang='grc' dir='ltr'>ςοειιοι</span> <span class='ocrx_word' id='word_1_370' title='bbox 333 4831 509 4888; x_wconf 76' lang='lat' dir='ltr'><strong>habent</strong></span> <span class='ocrx_word' id='word_1_371' title='bbox 552 4841 599 4887; x_wconf 83' lang='lat' dir='ltr'><strong>et</strong></span> <span class='ocrx_word' id='word_1_372' title='bbox 636 4848 735 4885; x_wconf 87' lang='lat' dir='ltr'><strong>non</strong></span> <span class='ocrx_word' id='word_1_373' title='bbox 766 4831 967 4899; x_wconf 78' lang='lat' dir='ltr'><strong>uident,</strong></span> <span class='ocrx_word' id='word_1_374' title='bbox 996 4846 1143 4884; x_wconf 78' lang='lat' dir='ltr'><strong>aures</strong></span> <span class='ocrx_word' id='word_1_375' title='bbox 1168 4830 1348 4885; x_wconf 76' lang='lat' dir='ltr'><strong>habent</strong></span> <span class='ocrx_word' id='word_1_376' title='bbox 1376 4841 1423 4886; x_wconf 78' lang='lat' dir='ltr'><strong>et</strong></span> <span class='ocrx_word' id='word_1_377' title='bbox 1455 4849 1554 4886; x_wconf 86' lang='lat' dir='ltr'><strong>non</strong></span> <span class='ocrx_word' id='word_1_378' title='bbox 1583 4848 1675 4883; x_wconf 88' lang='lat' dir='ltr'><strong>an-</strong></span> 
     </span>
    </p>
   </div>
   <div class='ocr_carea' id='block_1_52' title="bbox 131 4920 1673 4993">
    <p class='ocr_par' dir='ltr' id='par_1_52' title="bbox 131 4920 1673 4993">
     <span class='ocr_line' id='line_1_52' title="bbox 131 4920 1673 4993; baseline 0.005 -22"><span class='ocrx_word' id='word_1_379' title='bbox 131 4920 255 4975; x_wconf 78' lang='lat' dir='ltr'><strong>diunt</strong></span> <span class='ocrx_word' id='word_1_380' title='bbox 286 4922 465 4993; x_wconf 69' lang='lat' dir='ltr'><strong>(Pent.</strong></span> <span class='ocrx_word' id='word_1_381' title='bbox 511 4940 661 4986; x_wconf 80' lang='lat' dir='ltr'><strong>cxm.</strong></span> <span class='ocrx_word' id='word_1_382' title='bbox 711 4923 802 4993; x_wconf 83' lang='lat'><strong>5).</strong></span> <span class='ocrx_word' id='word_1_383' title='bbox 856 4932 911 4981; x_wconf 91' lang='lat' dir='ltr'><strong>et</strong></span> <span class='ocrx_word' id='word_1_384' title='bbox 962 4930 1151 4978; x_wconf 66' lang='lat' dir='ltr'><strong>uetera</strong></span> <span class='ocrx_word' id='word_1_385' title='bbox 1198 4923 1339 4977; x_wconf 86' lang='lat' dir='ltr'><strong>talia.</strong></span> <span class='ocrx_word' id='word_1_386' title='bbox 1382 4923 1505 4977; x_wconf 53' lang='lat' dir='ltr'><strong>llatc</strong></span> <span class='ocrx_word' id='word_1_387' title='bbox 1531 4924 1673 4978; x_wconf 91' lang='lat' dir='ltr'><strong>enim</strong></span> 
     </span>
    </p>
   </div>
   <div class='ocr_carea' id='block_1_53' title="bbox 132 5012 1674 5088">
    <p class='ocr_par' dir='ltr' id='par_1_53' title="bbox 132 5012 1674 5088">
     <span class='ocr_line' id='line_1_53' title="bbox 132 5012 1674 5088; baseline 0.003 -21"><span class='ocrx_word' id='word_1_388' title='bbox 132 5012 289 5078; x_wconf 77' lang='lat' dir='ltr'><strong>verba,</strong></span> <span class='ocrx_word' id='word_1_389' title='bbox 313 5030 414 5088; x_wconf 88' lang='lat' dir='ltr'><strong>quo</strong></span> <span class='ocrx_word' id='word_1_390' title='bbox 439 5018 608 5088; x_wconf 86' lang='lat' dir='ltr'><strong>magis</strong></span> <span class='ocrx_word' id='word_1_391' title='bbox 634 5024 816 5085; x_wconf 87' lang='lat' dir='ltr'><strong>aperta</strong></span> <span class='ocrx_word' id='word_1_392' title='bbox 844 5026 899 5071; x_wconf 87' lang='lat' dir='ltr'><strong>et</strong></span> <span class='ocrx_word' id='word_1_393' title='bbox 927 5015 1248 5086; x_wconf 83' lang='lat' dir='ltr'><strong>populariter</strong></span> <span class='ocrx_word' id='word_1_394' title='bbox 1286 5030 1410 5071; x_wconf 90' lang='lat' dir='ltr'><strong>vera</strong></span> <span class='ocrx_word' id='word_1_395' title='bbox 1438 5025 1581 5079; x_wconf 86' lang='lat' dir='ltr'><strong>sunt.</strong></span> <span class='ocrx_word' id='word_1_396' title='bbox 1608 5032 1674 5072; x_wconf 90' lang='lat' dir='ltr'><strong>eo</strong></span> 
     </span>
    </p>
   </div>
   <div class='ocr_carea' id='block_1_54' title="bbox 132 5106 1672 5180">
    <p class='ocr_par' dir='ltr' id='par_1_54' title="bbox 132 5106 1672 5180">
     <span class='ocr_line' id='line_1_54' title="bbox 132 5106 1672 5180; baseline 0.001 -18"><span class='ocrx_word' id='word_1_397' title='bbox 132 5106 279 5176; x_wconf 77' lang='lat' dir='ltr'><strong>magis</strong></span> <span class='ocrx_word' id='word_1_398' title='bbox 304 5108 557 5165; x_wconf 88' lang='lat' dir='ltr'><strong>incutiunt</strong></span> <span class='ocrx_word' id='word_1_399' title='bbox 580 5110 847 5165; x_wconf 86' lang='lat' dir='ltr'><strong>salubrem</strong></span> <span class='ocrx_word' id='word_1_400' title='bbox 871 5109 1123 5178; x_wconf 89' lang='lat' dir='ltr'><strong>pudorem</strong></span> <span class='ocrx_word' id='word_1_401' title='bbox 1159 5109 1261 5163; x_wconf 86' lang='lat' dir='ltr'><strong>illis</strong></span> <span class='ocrx_word' id='word_1_402' title='bbox 1289 5110 1399 5180; x_wconf 92' lang='lat' dir='ltr'><strong>qui,</strong></span> <span class='ocrx_word' id='word_1_403' title='bbox 1440 5125 1559 5165; x_wconf 89' lang='lat' dir='ltr'><strong>cum</strong></span> <span class='ocrx_word' id='word_1_404' title='bbox 1591 5120 1672 5164; x_wconf 87' lang='lat' dir='ltr'><strong>ta-</strong></span> 
     </span>
    </p>
   </div>
   <div class='ocr_carea' id='block_1_55' title="bbox 133 5192 1670 5269">
    <p class='ocr_par' dir='ltr' id='par_1_55' title="bbox 133 5192 1670 5269">
     <span class='ocr_line' id='line_1_55' title="bbox 133 5192 1670 5269; baseline 0.003 -17"><span class='ocrx_word' id='word_1_405' title='bbox 133 5192 253 5252; x_wconf 72' lang='lat' dir='ltr'><strong>lt&#39;bus</strong></span> <span class='ocrx_word' id='word_1_406' title='bbox 272 5198 560 5257; x_wconf 76' lang='lat' dir='ltr'><strong>simulacris</strong></span> <span class='ocrx_word' id='word_1_407' title='bbox 575 5200 814 5257; x_wconf 88' lang='lat' dir='ltr'><strong>divinum</strong></span> <span class='ocrx_word' id='word_1_408' title='bbox 830 5216 952 5256; x_wconf 88' lang='lat' dir='ltr'><strong>cum</strong></span> <span class='ocrx_word' id='word_1_409' title='bbox 966 5200 1156 5257; x_wconf 89' lang='lat' dir='ltr'><strong>timore</strong></span> <span class='ocrx_word' id='word_1_410' title='bbox 1178 5203 1377 5257; x_wconf 90' lang='lat' dir='ltr'><strong>cultum</strong></span> <span class='ocrx_word' id='word_1_411' title='bbox 1398 5202 1670 5269; x_wconf 80' lang='lat' dir='ltr'><strong>exhibent,</strong></span> 
     </span>
    </p>
   </div>
   <div class='ocr_carea' id='block_1_56' title="bbox 134 5290 1674 5366">
    <p class='ocr_par' dir='ltr' id='par_1_56' title="bbox 134 5290 1674 5366">
     <span class='ocr_line' id='line_1_56' title="bbox 134 5290 1674 5366; baseline 0.008 -27"><span class='ocrx_word' id='word_1_412' title='bbox 134 5300 283 5357; x_wconf 79' lang='lat' dir='ltr'><strong>eaque</strong></span> <span class='ocrx_word' id='word_1_413' title='bbox 327 5290 615 5349; x_wconf 70' lang='lat' dir='ltr'><strong>viventibus</strong></span> <span class='ocrx_word' id='word_1_414' title='bbox 666 5293 857 5349; x_wconf 85' lang='lat' dir='ltr'><strong>similia</strong></span> <span class='ocrx_word' id='word_1_415' title='bbox 920 5303 1236 5348; x_wconf 75' lang='lat' dir='ltr'><strong>venerantes</strong></span> <span class='ocrx_word' id='word_1_416' title='bbox 1288 5295 1674 5366; x_wconf 88' lang='lat' dir='ltr'><strong>adorantesque</strong></span> 
     </span>
    </p>
   </div>
   <div class='ocr_carea' id='block_1_57' title="bbox 132 5384 1667 5460">
    <p class='ocr_par' dir='ltr' id='par_1_57' title="bbox 132 5384 1667 5460">
     <span class='ocr_line' id='line_1_57' title="bbox 132 5384 1667 5460; baseline 0.007 -27"><span class='ocrx_word' id='word_1_417' title='bbox 132 5387 437 5448; x_wconf 80' lang='lat' dir='ltr'><strong>conlocatur,</strong></span> <span class='ocrx_word' id='word_1_418' title='bbox 465 5386 652 5455; x_wconf 85' lang='lat' dir='ltr'><strong>eisque</strong></span> <span class='ocrx_word' id='word_1_419' title='bbox 674 5384 818 5439; x_wconf 87' lang='lat' dir='ltr'><strong>velut</strong></span> <span class='ocrx_word' id='word_1_420' title='bbox 839 5387 1189 5456; x_wconf 68' lang='lat' dir='ltr'><strong>prtesentibus</strong></span> <span class='ocrx_word' id='word_1_421' title='bbox 1214 5403 1398 5457; x_wconf 88' lang='lat' dir='ltr'><strong>preces</strong></span> <span class='ocrx_word' id='word_1_422' title='bbox 1422 5390 1667 5460; x_wconf 81' lang='lat' dir='ltr'><strong>allegant,</strong></span> 
     </span>
    </p>
   </div>
   <div class='ocr_carea' id='block_1_58' title="bbox 134 5466 1674 5546">
    <p class='ocr_par' dir='ltr' id='par_1_58' title="bbox 134 5466 1674 5546">
     <span class='ocr_line' id='line_1_58' title="bbox 134 5466 1674 5546; baseline 0.01 -27"><span class='ocrx_word' id='word_1_423' title='bbox 134 5466 352 5525; x_wconf 73' lang='lat' dir='ltr'><strong>victimas</strong></span> <span class='ocrx_word' id='word_1_424' title='bbox 386 5474 694 5538; x_wconf 88' lang='lat' dir='ltr'><strong>immolant,</strong></span> <span class='ocrx_word' id='word_1_425' title='bbox 732 5484 855 5530; x_wconf 87' lang='lat' dir='ltr'><strong>vota</strong></span> <span class='ocrx_word' id='word_1_426' title='bbox 885 5479 1219 5546; x_wconf 84' lang='lat' dir='ltr'><strong>persolvunt,</strong></span> <span class='ocrx_word' id='word_1_427' title='bbox 1258 5479 1335 5533; x_wconf 88' lang='lat' dir='ltr'><strong>sic</strong></span> <span class='ocrx_word' id='word_1_428' title='bbox 1373 5479 1674 5535; x_wconf 87' lang='lat' dir='ltr'><strong>afﬁciuntur</strong></span> 
     </span>
    </p>
   </div>
   <div class='ocr_carea' id='block_1_59' title="bbox 134 5553 1673 5638">
    <p class='ocr_par' dir='ltr' id='par_1_59' title="bbox 134 5553 1673 5638">
     <span class='ocr_line' id='line_1_59' title="bbox 134 5553 1673 5638; baseline 0.009 -23"><span class='ocrx_word' id='word_1_429' title='bbox 134 5553 331 5618; x_wconf 74' lang='lat' dir='ltr'><strong>omnino</strong></span> <span class='ocrx_word' id='word_1_430' title='bbox 351 5573 403 5621; x_wconf 86' lang='lat' dir='ltr'><strong>ut</strong></span> <span class='ocrx_word' id='word_1_431' title='bbox 429 5581 491 5622; x_wconf 87' lang='lat' dir='ltr'><strong>ea</strong></span> <span class='ocrx_word' id='word_1_432' title='bbox 518 5582 681 5623; x_wconf 85' lang='lat' dir='ltr'><strong>sensu</strong></span> <span class='ocrx_word' id='word_1_433' title='bbox 709 5572 942 5623; x_wconf 89' lang='lat' dir='ltr'><strong>carentia</strong></span> <span class='ocrx_word' id='word_1_434' title='bbox 973 5576 1156 5638; x_wconf 86' lang='lat' dir='ltr'><strong>putare</strong></span> <span class='ocrx_word' id='word_1_435' title='bbox 1188 5582 1288 5626; x_wconf 85' lang='lat' dir='ltr'><strong>non</strong></span> <span class='ocrx_word' id='word_1_436' title='bbox 1324 5571 1568 5626; x_wconf 88' lang='lat' dir='ltr'><strong>audeant.</strong></span> <span class='ocrx_word' id='word_1_437' title='bbox 1597 5572 1673 5629; x_wconf 82' lang='lat' dir='ltr'><strong>Ne</strong></span> 
     </span>
    </p>
   </div>
   <div class='ocr_carea' id='block_1_60' title="bbox 183 5708 885 5788">
    <p class='ocr_par' dir='ltr' id='par_1_60' title="bbox 183 5708 885 5788">
     <span class='ocr_line' id='line_1_60' title="bbox 183 5708 885 5788; baseline 0.02 -13"><span class='ocrx_word' id='word_1_438' title='bbox 183 5708 411 5779; x_wconf 62' lang='lat' dir='ltr'><strong>Minimo</strong></span> <span class='ocrx_word' id='word_1_439' title='bbox 432 5718 885 5788; x_wconf 60' lang='lat' dir='ltr'><strong>Ben-mnum-</strong></span> 
     </span>
    </p>
   </div>
   <div class='ocr_carea' id='block_1_61' title="bbox 3272 328 3375 397">
    <p class='ocr_par' dir='ltr' id='par_1_61' title="bbox 3272 328 3375 397">
     <span class='ocr_line' id='line_1_61' title="bbox 3272 328 3375 397; baseline 0.01 -1"><span class='ocrx_word' id='word_1_440' title='bbox 3272 328 3375 397; x_wconf 59' lang='lat' dir='ltr'><strong>aut</strong></span> 
     </span>
    </p>
   </div>
   <div class='ocr_carea' id='block_1_62' title="bbox 1798 418 3376 500">
    <p class='ocr_par' dir='ltr' id='par_1_62' title="bbox 1798 418 3376 500">
     <span class='ocr_line' id='line_1_62' title="bbox 1798 418 3376 500; baseline 0.02 -31"><span class='ocrx_word' id='word_1_441' title='bbox 1798 418 2121 476; x_wconf 90' lang='lat' dir='ltr'><strong>arbitrentur</strong></span> <span class='ocrx_word' id='word_1_442' title='bbox 2144 433 2321 479; x_wconf 88' lang='lat' dir='ltr'><strong>autem</strong></span> <span class='ocrx_word' id='word_1_443' title='bbox 2348 426 2432 481; x_wconf 92' lang='lat' dir='ltr'><strong>isti</strong></span> <span class='ocrx_word' id='word_1_444' title='bbox 2461 427 2560 484; x_wconf 90' lang='lat' dir='ltr'><strong>hoc</strong></span> <span class='ocrx_word' id='word_1_445' title='bbox 2584 431 2754 487; x_wconf 86' lang='lat' dir='ltr'><strong>solum</strong></span> <span class='ocrx_word' id='word_1_446' title='bbox 2786 444 2995 489; x_wconf 88' lang='lat' dir='ltr'><strong>nostros</strong></span> <span class='ocrx_word' id='word_1_447' title='bbox 3025 437 3211 493; x_wconf 89' lang='lat' dir='ltr'><strong>Libros</strong></span> <span class='ocrx_word' id='word_1_448' title='bbox 3241 443 3376 500; x_wconf 83' lang='lat' dir='ltr'><strong>velle</strong></span> 
     </span>
    </p>
   </div>
   <div class='ocr_carea' id='block_1_63' title="bbox 1798 517 3375 593">
    <p class='ocr_par' dir='ltr' id='par_1_63' title="bbox 1798 517 3375 593">
     <span class='ocr_line' id='line_1_63' title="bbox 1798 517 3375 593; baseline 0.017 -27"><span class='ocrx_word' id='word_1_449' title='bbox 1798 526 2009 573; x_wconf 84' lang='lat' dir='ltr'><strong>sonare.</strong></span> <span class='ocrx_word' id='word_1_450' title='bbox 2037 518 2175 584; x_wconf 88' lang='lat' dir='ltr'><strong>quod</strong></span> <span class='ocrx_word' id='word_1_451' title='bbox 2209 517 2566 587; x_wconf 81' lang='lat' dir='ltr'><strong>hujuscemodi</strong></span> <span class='ocrx_word' id='word_1_452' title='bbox 2611 526 2829 581; x_wconf 81' lang='lat' dir='ltr'><strong>allectus</strong></span> <span class='ocrx_word' id='word_1_453' title='bbox 2870 527 3102 585; x_wconf 89' lang='lat' dir='ltr'><strong>humano</strong></span> <span class='ocrx_word' id='word_1_454' title='bbox 3130 535 3276 589; x_wconf 87' lang='lat' dir='ltr'><strong>cordi</strong></span> <span class='ocrx_word' id='word_1_455' title='bbox 3308 552 3375 593; x_wconf 78' lang='lat' dir='ltr'><strong>ex</strong></span> 
     </span>
    </p>
   </div>
   <div class='ocr_carea' id='block_1_64' title="bbox 1798 600 3376 690">
    <p class='ocr_par' dir='ltr' id='par_1_64' title="bbox 1798 600 3376 690">
     <span class='ocr_line' id='line_1_64' title="bbox 1798 600 3376 690; baseline 0.016 -35"><span class='ocrx_word' id='word_1_456' title='bbox 1798 600 1954 656; x_wconf 76' lang='lat' dir='ltr'><strong>idolis</strong></span> <span class='ocrx_word' id='word_1_457' title='bbox 1984 603 2293 672; x_wconf 88' lang='lat' dir='ltr'><strong>innascitur,</strong></span> <span class='ocrx_word' id='word_1_458' title='bbox 2334 613 2668 681; x_wconf 78' lang='lat' dir='ltr'><strong>apertissime</strong></span> <span class='ocrx_word' id='word_1_459' title='bbox 2698 619 2948 687; x_wconf 90' lang='lat' dir='ltr'><strong>scriptum</strong></span> <span class='ocrx_word' id='word_1_460' title='bbox 2979 632 3092 687; x_wconf 82' lang='lat' dir='ltr'><strong>est,</strong></span> <span class='ocrx_word' id='word_1_461' title='bbox 3128 625 3376 690; x_wconf 81' lang='lat' dir='ltr'><strong>Quoniam</strong></span> 
     </span>
    </p>
   </div>
   <div class='ocr_carea' id='block_1_65' title="bbox 1797 698 3378 782">
    <p class='ocr_par' dir='ltr' id='par_1_65' title="bbox 1797 698 3378 782">
     <span class='ocr_line' id='line_1_65' title="bbox 1797 698 3378 782; baseline 0.018 -35"><span class='ocrx_word' id='word_1_462' title='bbox 1797 711 1967 751; x_wconf 80' lang='lat' dir='ltr'><strong>omnes</strong></span> <span class='ocrx_word' id='word_1_463' title='bbox 2000 698 2072 751; x_wconf 86' lang='lat' dir='ltr'><strong>dii</strong></span> <span class='ocrx_word' id='word_1_464' title='bbox 2107 703 2328 769; x_wconf 85' lang='lat' dir='ltr'><strong>gentium</strong></span> <span class='ocrx_word' id='word_1_465' title='bbox 2361 704 2610 759; x_wconf 72' lang='lat' dir='ltr'><strong>dwmonin</strong></span> <span class='ocrx_word' id='word_1_466' title='bbox 2639 708 2807 775; x_wconf 80' lang='lat' dir='ltr'><strong>(Psal.</strong></span> <span class='ocrx_word' id='word_1_467' title='bbox 2856 728 2977 777; x_wconf 77' lang='lat' dir='ltr'><strong>xcv,</strong></span> <span class='ocrx_word' id='word_1_468' title='bbox 3016 716 3094 782; x_wconf 79' lang='lat'><strong>5).</strong></span> <span class='ocrx_word' id='word_1_469' title='bbox 3139 717 3287 772; x_wconf 83' lang='lat' dir='ltr'><strong>Unde</strong></span> <span class='ocrx_word' id='word_1_470' title='bbox 3325 732 3378 775; x_wconf 88' lang='lat' dir='ltr'><strong>et</strong></span> 
     </span>
    </p>
   </div>
   <div class='ocr_carea' id='block_1_66' title="bbox 1796 788 3375 879">
    <p class='ocr_par' dir='ltr' id='par_1_66' title="bbox 1796 788 3375 879">
     <span class='ocr_line' id='line_1_66' title="bbox 1796 788 3375 879; baseline 0.016 -40"><span class='ocrx_word' id='word_1_471' title='bbox 1796 788 2082 853; x_wconf 55' lang='lat' dir='ltr'><strong>apostolica</strong></span> <span class='ocrx_word' id='word_1_472' title='bbox 2134 790 2410 862; x_wconf 68' lang='lat' dir='ltr'><strong>disciplina</strong></span> <span class='ocrx_word' id='word_1_473' title='bbox 2465 813 2567 851; x_wconf 91' lang='lat' dir='ltr'><strong>non</strong></span> <span class='ocrx_word' id='word_1_474' title='bbox 2626 800 2797 855; x_wconf 78' lang='lat' dir='ltr'><strong>solum</strong></span> <span class='ocrx_word' id='word_1_475' title='bbox 2844 804 2989 863; x_wconf 90' lang='lat' dir='ltr'><strong>dicit.</strong></span> <span class='ocrx_word' id='word_1_476' title='bbox 3047 809 3185 875; x_wconf 88' lang='lat' dir='ltr'><strong>quod</strong></span> <span class='ocrx_word' id='word_1_477' title='bbox 3238 812 3375 879; x_wconf 85' lang='lat' dir='ltr'><strong>apud</strong></span> 
     </span>
    </p>
   </div>
   <div class='ocr_carea' id='block_1_67' title="bbox 1794 874 3371 967">
    <p class='ocr_par' dir='ltr' id='par_1_67' title="bbox 1794 874 3371 967">
     <span class='ocr_line' id='line_1_67' title="bbox 1794 874 3371 967; baseline 0.017 -39"><span class='ocrx_word' id='word_1_478' title='bbox 1794 874 2048 931; x_wconf 82' lang='lat' dir='ltr'><strong>Joannem</strong></span> <span class='ocrx_word' id='word_1_479' title='bbox 2075 881 2281 949; x_wconf 77' lang='lat' dir='ltr'><strong>legitur,</strong></span> <span class='ocrx_word' id='word_1_480' title='bbox 2319 883 2542 948; x_wconf 75' lang='lat' dir='ltr'><strong>Fratres,</strong></span> <span class='ocrx_word' id='word_1_481' title='bbox 2569 900 2732 942; x_wconf 83' lang='lat' dir='ltr'><strong>carele</strong></span> <span class='ocrx_word' id='word_1_482' title='bbox 2760 908 2791 943; x_wconf 85' lang='grc' dir='ltr'><em>α</em></span> <span class='ocrx_word' id='word_1_483' title='bbox 2828 894 3109 948; x_wconf 74' lang='lat' dir='ltr'><strong>simulacris</strong></span> <span class='ocrx_word' id='word_1_484' title='bbox 3176 898 3191 952; x_wconf 89' lang='lat' dir='ltr'><strong>l</strong></span> <span class='ocrx_word' id='word_1_485' title='bbox 3214 898 3371 954; x_wconf 81' lang='lat' dir='ltr'><strong>Jonn.</strong></span> 
     </span>
    </p>
   </div>
   <div class='ocr_carea' id='block_1_68' title="bbox 1796 970 3376 1061">
    <p class='ocr_par' dir='ltr' id='par_1_68' title="bbox 1796 970 3376 1061">
     <span class='ocr_line' id='line_1_68' title="bbox 1796 970 3376 1061; baseline 0.016 -41"><span class='ocrx_word' id='word_1_486' title='bbox 1796 984 1846 1033; x_wconf 90' lang='lat' dir='ltr'><strong>v,</strong></span> <span class='ocrx_word' id='word_1_487' title='bbox 1874 970 1997 1041; x_wconf 72' lang='lat'><strong>21);</strong></span> <span class='ocrx_word' id='word_1_488' title='bbox 2033 989 2215 1028; x_wconf 87' lang='lat' dir='ltr'><strong>verum</strong></span> <span class='ocrx_word' id='word_1_489' title='bbox 2242 978 2399 1031; x_wconf 83' lang='lat' dir='ltr'><strong>etiam</strong></span> <span class='ocrx_word' id='word_1_490' title='bbox 2430 981 2567 1049; x_wconf 90' lang='lat' dir='ltr'><strong>quod</strong></span> <span class='ocrx_word' id='word_1_491' title='bbox 2601 983 2735 1050; x_wconf 89' lang='lat' dir='ltr'><strong>apud</strong></span> <span class='ocrx_word' id='word_1_492' title='bbox 2766 984 2985 1039; x_wconf 85' lang='lat' dir='ltr'><strong>Paulum</strong></span> <span class='ocrx_word' id='word_1_493' title='bbox 3016 1006 3027 1041; x_wconf 87' lang='lat'><strong>:</strong></span> <span class='ocrx_word' id='word_1_494' title='bbox 3056 988 3192 1052; x_wconf 80' lang='lat' dir='ltr'><strong>Quid</strong></span> <span class='ocrx_word' id='word_1_495' title='bbox 3220 994 3376 1061; x_wconf 77' lang='lat' dir='ltr'><strong>ergo?</strong></span> 
     </span>
    </p>
   </div>
   <div class='ocr_carea' id='block_1_69' title="bbox 1796 1060 3374 1144">
    <p class='ocr_par' dir='ltr' id='par_1_69' title="bbox 1796 1060 3374 1144">
     <span class='ocr_line' id='line_1_69' title="bbox 1796 1060 3374 1144; baseline 0.015 -31"><span class='ocrx_word' id='word_1_496' title='bbox 1796 1060 1908 1114; x_wconf 78' lang='lat' dir='ltr'><strong>diro</strong></span> <span class='ocrx_word' id='word_1_497' title='bbox 1933 1064 2068 1130; x_wconf 81' lang='lat' dir='ltr'><strong>quod</strong></span> <span class='ocrx_word' id='word_1_498' title='bbox 2095 1064 2246 1119; x_wconf 81' lang='lat' dir='ltr'><strong>idolis</strong></span> <span class='ocrx_word' id='word_1_499' title='bbox 2278 1068 2586 1124; x_wconf 81' lang='lat' dir='ltr'><strong>immolatum</strong></span> <span class='ocrx_word' id='word_1_500' title='bbox 2626 1077 2688 1125; x_wconf 83' lang='lat' dir='ltr'><strong>sit</strong></span> <span class='ocrx_word' id='word_1_501' title='bbox 2719 1076 2930 1144; x_wconf 81' lang='lat' dir='ltr'><strong>aliquid,</strong></span> <span class='ocrx_word' id='word_1_502' title='bbox 2972 1090 3056 1131; x_wconf 84' lang='lat' dir='ltr'><strong>aut</strong></span> <span class='ocrx_word' id='word_1_503' title='bbox 3086 1060 3285 1135; x_wconf 75' lang='lat' dir='ltr'><strong>idolum</strong></span> <span class='ocrx_word' id='word_1_504' title='bbox 3304 1093 3374 1138; x_wconf 78' lang='lat' dir='ltr'><strong>est</strong></span> 
     </span>
    </p>
   </div>
   <div class='ocr_carea' id='block_1_70' title="bbox 1793 1152 3373 1234">
    <p class='ocr_par' dir='ltr' id='par_1_70' title="bbox 1793 1152 3373 1234">
     <span class='ocr_line' id='line_1_70' title="bbox 1793 1152 3373 1234; baseline 0.015 -32"><span class='ocrx_word' id='word_1_505' title='bbox 1793 1152 1987 1222; x_wconf 82' lang='lat' dir='ltr'><strong>aliquid</strong></span> <span class='ocrx_word' id='word_1_506' title='bbox 2002 1155 2027 1207; x_wconf 76' lang='lat'><strong>.9</strong></span> <span class='ocrx_word' id='word_1_507' title='bbox 2044 1155 2149 1208; x_wconf 83' lang='lat' dir='ltr'><strong>Sed</strong></span> <span class='ocrx_word' id='word_1_508' title='bbox 2172 1173 2281 1226; x_wconf 59' lang='lat' dir='ltr'><strong>qua&quot;</strong></span> <span class='ocrx_word' id='word_1_509' title='bbox 2304 1159 2563 1214; x_wconf 83' lang='lat' dir='ltr'><strong>immolant</strong></span> <span class='ocrx_word' id='word_1_510' title='bbox 2584 1174 2771 1234; x_wconf 69' lang='lat' dir='ltr'><strong>gentes,</strong></span> <span class='ocrx_word' id='word_1_511' title='bbox 2791 1165 3053 1221; x_wconf 68' lang='lat' dir='ltr'><strong>daemoniis</strong></span> <span class='ocrx_word' id='word_1_512' title='bbox 3073 1181 3117 1222; x_wconf 86' lang='lat' dir='ltr'><strong>et</strong></span> <span class='ocrx_word' id='word_1_513' title='bbox 3146 1188 3244 1224; x_wconf 85' lang='lat' dir='ltr'><strong>non</strong></span> <span class='ocrx_word' id='word_1_514' title='bbox 3266 1172 3373 1226; x_wconf 82' lang='lat' dir='ltr'><strong>Deo</strong></span> 
     </span>
    </p>
   </div>
   <div class='ocr_carea' id='block_1_71' title="bbox 1794 1243 3371 1327">
    <p class='ocr_par' dir='ltr' id='par_1_71' title="bbox 1794 1243 3371 1327">
     <span class='ocr_line' id='line_1_71' title="bbox 1794 1243 3371 1327; baseline 0.014 -31"><span class='ocrx_word' id='word_1_515' title='bbox 1794 1243 2054 1299; x_wconf 83' lang='lat' dir='ltr'><strong>immolant</strong></span> <span class='ocrx_word' id='word_1_516' title='bbox 2108 1264 2125 1302; x_wconf 84' lang='lat'><strong>.&#39;</strong></span> <span class='ocrx_word' id='word_1_517' title='bbox 2168 1252 2283 1303; x_wconf 87' lang='lat' dir='ltr'><strong>nolo</strong></span> <span class='ocrx_word' id='word_1_518' title='bbox 2322 1263 2489 1307; x_wconf 74' lang='lat' dir='ltr'><strong>autem</strong></span> <span class='ocrx_word' id='word_1_519' title='bbox 2532 1271 2615 1308; x_wconf 81' lang='lat' dir='ltr'><strong>vos</strong></span> <span class='ocrx_word' id='word_1_520' title='bbox 2657 1258 2817 1311; x_wconf 79' lang='lat' dir='ltr'><strong>socios</strong></span> <span class='ocrx_word' id='word_1_521' title='bbox 2861 1260 2969 1327; x_wconf 77' lang='lat' dir='ltr'><strong>ﬁeri</strong></span> <span class='ocrx_word' id='word_1_522' title='bbox 3009 1264 3371 1319; x_wconf 73' lang='lat' dir='ltr'><strong>dwmoniornm</strong></span> 
     </span>
    </p>
   </div>
   <div class='ocr_carea' id='block_1_72' title="bbox 1794 1334 3367 1419">
    <p class='ocr_par' dir='ltr' id='par_1_72' title="bbox 1794 1334 3367 1419">
     <span class='ocr_line' id='line_1_72' title="bbox 1794 1334 3367 1419; baseline 0.016 -34"><span class='ocrx_word' id='word_1_523' title='bbox 1794 1334 1845 1403; x_wconf 91' lang='lat' dir='ltr'><strong>(l</strong></span> <span class='ocrx_word' id='word_1_524' title='bbox 1870 1336 1982 1389; x_wconf 68' lang='lat' dir='ltr'><strong>(for.</strong></span> <span class='ocrx_word' id='word_1_525' title='bbox 2016 1355 2067 1402; x_wconf 79' lang='grc' dir='ltr'><strong>χ,</strong></span> <span class='ocrx_word' id='word_1_526' title='bbox 2098 1340 2178 1403; x_wconf 88' lang='lat' dir='ltr'><strong>l9,</strong></span> <span class='ocrx_word' id='word_1_527' title='bbox 2198 1341 2308 1411; x_wconf 78' lang='lat'><strong>9.0).</strong></span> <span class='ocrx_word' id='word_1_528' title='bbox 2338 1343 2486 1398; x_wconf 85' lang='lat' dir='ltr'><strong>Unde</strong></span> <span class='ocrx_word' id='word_1_529' title='bbox 2506 1348 2635 1399; x_wconf 72' lang='lat' dir='ltr'><strong>satis</strong></span> <span class='ocrx_word' id='word_1_530' title='bbox 2663 1347 2879 1418; x_wconf 79' lang='lat' dir='ltr'><strong>iuleiligi</strong></span> <span class='ocrx_word' id='word_1_531' title='bbox 2910 1362 3100 1419; x_wconf 80' lang='lat' dir='ltr'><strong>potest,</strong></span> <span class='ocrx_word' id='word_1_532' title='bbox 3131 1371 3233 1407; x_wconf 88' lang='lat' dir='ltr'><strong>non</strong></span> <span class='ocrx_word' id='word_1_533' title='bbox 3263 1366 3367 1410; x_wconf 84' lang='lat' dir='ltr'><strong>tant</strong></span> 
     </span>
    </p>
   </div>
   <div class='ocr_carea' id='block_1_73' title="bbox 1794 1427 3369 1514">
    <p class='ocr_par' dir='ltr' id='par_1_73' title="bbox 1794 1427 3369 1514">
     <span class='ocr_line' id='line_1_73' title="bbox 1794 1427 3369 1514; baseline 0.017 -33"><span class='ocrx_word' id='word_1_534' title='bbox 1794 1427 1957 1496; x_wconf 87' lang='lat' dir='ltr'><strong>ipsam</strong></span> <span class='ocrx_word' id='word_1_535' title='bbox 1989 1432 2398 1491; x_wconf 83' lang='lat' dir='ltr'><strong>immolationem</strong></span> <span class='ocrx_word' id='word_1_536' title='bbox 2421 1438 2563 1507; x_wconf 74' lang='lat' dir='ltr'><strong>(nam</strong></span> <span class='ocrx_word' id='word_1_537' title='bbox 2593 1457 2718 1494; x_wconf 86' lang='lat' dir='ltr'><strong>vero</strong></span> <span class='ocrx_word' id='word_1_538' title='bbox 2752 1444 2856 1497; x_wconf 80' lang='lat' dir='ltr'><strong>Deo</strong></span> <span class='ocrx_word' id='word_1_539' title='bbox 2887 1448 3041 1514; x_wconf 56' lang='lat' dir='ltr'><strong>prisci</strong></span> <span class='ocrx_word' id='word_1_540' title='bbox 3070 1453 3234 1503; x_wconf 85' lang='lat' dir='ltr'><strong>sancti</strong></span> <span class='ocrx_word' id='word_1_541' title='bbox 3268 1452 3369 1506; x_wconf 82' lang='lat' dir='ltr'><strong>im-</strong></span> 
     </span>
    </p>
   </div>
   <div class='ocr_carea' id='block_1_74' title="bbox 1793 1520 3371 1606">
    <p class='ocr_par' dir='ltr' id='par_1_74' title="bbox 1793 1520 3371 1606">
     <span class='ocr_line' id='line_1_74' title="bbox 1793 1520 3371 1606; baseline 0.016 -34"><span class='ocrx_word' id='word_1_542' title='bbox 1793 1520 2171 1593; x_wconf 75' lang='lat' dir='ltr'><strong>tttolzit&#39;erttnt),</strong></span> <span class='ocrx_word' id='word_1_543' title='bbox 2202 1527 2293 1580; x_wconf 88' lang='lat' dir='ltr'><strong>sed</strong></span> <span class='ocrx_word' id='word_1_544' title='bbox 2338 1529 2476 1596; x_wconf 86' lang='lat' dir='ltr'><strong>quod</strong></span> <span class='ocrx_word' id='word_1_545' title='bbox 2518 1530 2617 1585; x_wconf 74' lang='lat' dir='ltr'><strong>(iis</strong></span> <span class='ocrx_word' id='word_1_546' title='bbox 2646 1531 2790 1586; x_wconf 83' lang='lat' dir='ltr'><strong>falsis</strong></span> <span class='ocrx_word' id='word_1_547' title='bbox 2820 1546 2870 1589; x_wconf 91' lang='lat' dir='ltr'><strong>et</strong></span> <span class='ocrx_word' id='word_1_548' title='bbox 2900 1538 3072 1606; x_wconf 89' lang='lat' dir='ltr'><strong>impiis</strong></span> <span class='ocrx_word' id='word_1_549' title='bbox 3096 1540 3371 1598; x_wconf 81' lang='lat' dir='ltr'><strong>d-rmoniis</strong></span> 
     </span>
    </p>
   </div>
   <div class='ocr_carea' id='block_1_75' title="bbox 1794 1610 3369 1701">
    <p class='ocr_par' dir='ltr' id='par_1_75' title="bbox 1794 1610 3369 1701">
     <span class='ocr_line' id='line_1_75' title="bbox 1794 1610 3369 1701; baseline 0.017 -37"><span class='ocrx_word' id='word_1_550' title='bbox 1794 1610 2115 1682; x_wconf 90' lang='lat' dir='ltr'><strong>immolatur,</strong></span> <span class='ocrx_word' id='word_1_551' title='bbox 2146 1620 2458 1687; x_wconf 79' lang='lat' dir='ltr'><strong>reprehendi</strong></span> <span class='ocrx_word' id='word_1_552' title='bbox 2498 1640 2527 1677; x_wconf 90' lang='lat' dir='ltr'><strong>a</strong></span> <span class='ocrx_word' id='word_1_553' title='bbox 2570 1640 2691 1680; x_wconf 85' lang='lat' dir='ltr'><strong>vera</strong></span> <span class='ocrx_word' id='word_1_554' title='bbox 2732 1628 2985 1697; x_wconf 80' lang='lat' dir='ltr'><strong>religione</strong></span> <span class='ocrx_word' id='word_1_555' title='bbox 3027 1632 3075 1684; x_wconf 94' lang='lat' dir='ltr'><strong>in</strong></span> <span class='ocrx_word' id='word_1_556' title='bbox 3107 1638 3369 1701; x_wconf 80' lang='lat' dir='ltr'><strong>supersti-</strong></span> 
     </span>
    </p>
   </div>
   <div class='ocr_carea' id='block_1_76' title="bbox 1794 1703 3369 1781">
    <p class='ocr_par' dir='ltr' id='par_1_76' title="bbox 1794 1703 3369 1781">
     <span class='ocr_line' id='line_1_76' title="bbox 1794 1703 3369 1781; baseline 0.015 -24"><span class='ocrx_word' id='word_1_557' title='bbox 1794 1703 2025 1761; x_wconf 90' lang='lat' dir='ltr'><strong>tionibus</strong></span> <span class='ocrx_word' id='word_1_558' title='bbox 2039 1711 2295 1776; x_wconf 83' lang='lat' dir='ltr'><strong>geutium.</strong></span> <span class='ocrx_word' id='word_1_559' title='bbox 2321 1712 2467 1767; x_wconf 81' lang='lat' dir='ltr'><strong>Sicut</strong></span> <span class='ocrx_word' id='word_1_560' title='bbox 2488 1717 2627 1770; x_wconf 88' lang='lat' dir='ltr'><strong>enim</strong></span> <span class='ocrx_word' id='word_1_561' title='bbox 2657 1721 2851 1774; x_wconf 83' lang='lat' dir='ltr'><strong>veritas</strong></span> <span class='ocrx_word' id='word_1_562' title='bbox 2874 1723 3113 1777; x_wconf 85' lang='lat' dir='ltr'><strong>hortatur</strong></span> <span class='ocrx_word' id='word_1_563' title='bbox 3131 1724 3369 1781; x_wconf 88' lang='lat' dir='ltr'><strong>homines</strong></span> 
     </span>
    </p>
   </div>
   <div class='ocr_carea' id='block_1_77' title="bbox 1794 1794 3367 1879">
    <p class='ocr_par' dir='ltr' id='par_1_77' title="bbox 1794 1794 3367 1879">
     <span class='ocr_line' id='line_1_77' title="bbox 1794 1794 3367 1879; baseline 0.016 -31"><span class='ocrx_word' id='word_1_564' title='bbox 1794 1794 1905 1850; x_wconf 83' lang='lat' dir='ltr'><strong>ﬁeri</strong></span> <span class='ocrx_word' id='word_1_565' title='bbox 1951 1802 2123 1853; x_wconf 83' lang='lat' dir='ltr'><strong>socios</strong></span> <span class='ocrx_word' id='word_1_566' title='bbox 2169 1813 2471 1859; x_wconf 87' lang='lat' dir='ltr'><strong>sanctorum</strong></span> <span class='ocrx_word' id='word_1_567' title='bbox 2506 1811 2856 1879; x_wconf 79' lang='lat' dir='ltr'><strong>Angeloruni;</strong></span> <span class='ocrx_word' id='word_1_568' title='bbox 2902 1814 2969 1866; x_wconf 92' lang='lat' dir='ltr'><strong>ita</strong></span> <span class='ocrx_word' id='word_1_569' title='bbox 3008 1816 3212 1873; x_wconf 88' lang='lat' dir='ltr'><strong>seducit</strong></span> <span class='ocrx_word' id='word_1_570' title='bbox 3266 1819 3367 1872; x_wconf 86' lang='lat' dir='ltr'><strong>itit-</strong></span> 
     </span>
    </p>
   </div>
   <div class='ocr_carea' id='block_1_78' title="bbox 1793 1889 3373 1976">
    <p class='ocr_par' dir='ltr' id='par_1_78' title="bbox 1793 1889 3373 1976">
     <span class='ocr_line' id='line_1_78' title="bbox 1793 1889 3373 1976; baseline 0.015 -36"><span class='ocrx_word' id='word_1_571' title='bbox 1793 1889 1960 1957; x_wconf 88' lang='lat' dir='ltr'><strong>pietas</strong></span> <span class='ocrx_word' id='word_1_572' title='bbox 2004 1891 2070 1944; x_wconf 89' lang='lat' dir='ltr'><strong>ad</strong></span> <span class='ocrx_word' id='word_1_573' title='bbox 2118 1896 2424 1950; x_wconf 77' lang='lat' dir='ltr'><strong>societatem</strong></span> <span class='ocrx_word' id='word_1_574' title='bbox 2468 1898 2871 1968; x_wconf 76' lang='lat' dir='ltr'><strong>dn-moniorum,</strong></span> <span class='ocrx_word' id='word_1_575' title='bbox 2913 1906 2997 1957; x_wconf 92' lang='lat' dir='ltr'><strong>cui</strong></span> <span class='ocrx_word' id='word_1_576' title='bbox 3047 1919 3373 1976; x_wconf 70' lang='lat' dir='ltr'><strong>przeparatur</strong></span> 
     </span>
    </p>
   </div>
   <div class='ocr_carea' id='block_1_79' title="bbox 1792 1979 3371 2059">
    <p class='ocr_par' dir='ltr' id='par_1_79' title="bbox 1792 1979 3371 2059">
     <span class='ocr_line' id='line_1_79' title="bbox 1792 1979 3371 2059; baseline 0.014 -28"><span class='ocrx_word' id='word_1_577' title='bbox 1792 1979 1926 2047; x_wconf 89' lang='lat' dir='ltr'><strong>ignis</strong></span> <span class='ocrx_word' id='word_1_578' title='bbox 1964 1992 2215 2051; x_wconf 66' lang='lat' dir='ltr'><strong>aeternus,</strong></span> <span class='ocrx_word' id='word_1_579' title='bbox 2246 1987 2381 2041; x_wconf 86' lang='lat' dir='ltr'><strong>sicut</strong></span> <span class='ocrx_word' id='word_1_580' title='bbox 2410 2004 2626 2059; x_wconf 79' lang='lat' dir='ltr'><strong>regnum</strong></span> <span class='ocrx_word' id='word_1_581' title='bbox 2663 2004 2921 2048; x_wconf 61' lang='lat' dir='ltr'><strong>internum</strong></span> <span class='ocrx_word' id='word_1_582' title='bbox 2960 1998 3198 2051; x_wconf 90' lang='lat' dir='ltr'><strong>societati</strong></span> <span class='ocrx_word' id='word_1_583' title='bbox 3244 2015 3371 2053; x_wconf 85' lang='lat' dir='ltr'><strong>sau-</strong></span> 
     </span>
    </p>
   </div>
   <div class='ocr_carea' id='block_1_80' title="bbox 1790 2080 2017 2126">
    <p class='ocr_par' dir='ltr' id='par_1_80' title="bbox 1790 2080 2017 2126">
     <span class='ocr_line' id='line_1_80' title="bbox 1790 2080 2017 2126; baseline 0.004 -1"><span class='ocrx_word' id='word_1_584' title='bbox 1790 2080 1994 2126; x_wconf 90' lang='lat' dir='ltr'><strong>clorum</strong></span> <span class='ocrx_word' id='word_1_585' title='bbox 2005 2114 2017 2126; x_wconf 93' lang='lat'><strong>.</strong></span> 
     </span>
    </p>
   </div>
   <div class='ocr_carea' id='block_1_81' title="bbox 1861 2162 3370 2250">
    <p class='ocr_par' dir='ltr' id='par_1_81' title="bbox 1861 2162 3370 2250">
     <span class='ocr_line' id='line_1_81' title="bbox 1861 2162 3370 2250; baseline 0.014 -35"><span class='ocrx_word' id='word_1_586' title='bbox 1861 2162 1947 2217; x_wconf 72' lang='lat'><strong>‘20.</strong></span> <span class='ocrx_word' id='word_1_587' title='bbox 1972 2164 2151 2234; x_wconf 87' lang='lat' dir='ltr'><strong>Neque</strong></span> <span class='ocrx_word' id='word_1_588' title='bbox 2182 2168 2323 2222; x_wconf 91' lang='lat' dir='ltr'><strong>illinc</strong></span> <span class='ocrx_word' id='word_1_589' title='bbox 2354 2182 2604 2227; x_wconf 73' lang='lat' dir='ltr'><strong>excusant</strong></span> <span class='ocrx_word' id='word_1_590' title='bbox 2633 2175 2778 2243; x_wconf 88' lang='lat' dir='ltr'><strong>impii</strong></span> <span class='ocrx_word' id='word_1_591' title='bbox 2811 2192 2902 2230; x_wconf 85' lang='lat' dir='ltr'><strong>sua</strong></span> <span class='ocrx_word' id='word_1_592' title='bbox 2936 2180 3189 2250; x_wconf 86' lang='lat' dir='ltr'><strong>sacrilega</strong></span> <span class='ocrx_word' id='word_1_593' title='bbox 3219 2197 3370 2236; x_wconf 89' lang='lat' dir='ltr'><strong>sacra</strong></span> 
     </span>
    </p>
   </div>
   <div class='ocr_carea' id='block_1_82' title="bbox 1789 2247 3370 2342">
    <p class='ocr_par' dir='ltr' id='par_1_82' title="bbox 1789 2247 3370 2342">
     <span class='ocr_line' id='line_1_82' title="bbox 1789 2247 3370 2342; baseline 0.011 -33"><span class='ocrx_word' id='word_1_594' title='bbox 1789 2263 1843 2309; x_wconf 90' lang='lat' dir='ltr'><strong>et</strong></span> <span class='ocrx_word' id='word_1_595' title='bbox 1872 2247 2171 2320; x_wconf 64' lang='lat' dir='ltr'><strong>simulacra,</strong></span> <span class='ocrx_word' id='word_1_596' title='bbox 2190 2261 2327 2329; x_wconf 91' lang='lat' dir='ltr'><strong>quod</strong></span> <span class='ocrx_word' id='word_1_597' title='bbox 2356 2262 2624 2333; x_wconf 73' lang='lat' dir='ltr'><strong>eleganter</strong></span> <span class='ocrx_word' id='word_1_598' title='bbox 2646 2267 3058 2335; x_wconf 83' lang='lat' dir='ltr'><strong>interpretantur</strong></span> <span class='ocrx_word' id='word_1_599' title='bbox 3078 2273 3201 2340; x_wconf 88' lang='lat' dir='ltr'><strong>qttid</strong></span> <span class='ocrx_word' id='word_1_600' title='bbox 3222 2289 3370 2342; x_wconf 73' lang='lat' dir='ltr'><strong>qttze-</strong></span> 
     </span>
    </p>
   </div>
   <div class='ocr_carea' id='block_1_83' title="bbox 1789 2350 3370 2431">
    <p class='ocr_par' dir='ltr' id='par_1_83' title="bbox 1789 2350 3370 2431">
     <span class='ocr_line' id='line_1_83' title="bbox 1789 2350 3370 2431; baseline 0.013 -32"><span class='ocrx_word' id='word_1_601' title='bbox 1789 2363 1891 2417; x_wconf 87' lang='lat' dir='ltr'><strong>que</strong></span> <span class='ocrx_word' id='word_1_602' title='bbox 1939 2350 2249 2418; x_wconf 81' lang='lat' dir='ltr'><strong>signiﬁcent.</strong></span> <span class='ocrx_word' id='word_1_603' title='bbox 2299 2354 2481 2410; x_wconf 84' lang='lat' dir='ltr'><strong>Omnis</strong></span> <span class='ocrx_word' id='word_1_604' title='bbox 2524 2359 2717 2429; x_wconf 89' lang='lat' dir='ltr'><strong>quippe</strong></span> <span class='ocrx_word' id='word_1_605' title='bbox 2764 2361 2847 2414; x_wconf 70' lang='lat' dir='ltr'><strong>illa</strong></span> <span class='ocrx_word' id='word_1_606' title='bbox 2899 2362 3261 2431; x_wconf 85' lang='lat' dir='ltr'><strong>interpretatio</strong></span> <span class='ocrx_word' id='word_1_607' title='bbox 3304 2365 3370 2420; x_wconf 88' lang='lat' dir='ltr'><strong>ad</strong></span> 
     </span>
    </p>
   </div>
   <div class='ocr_carea' id='block_1_84' title="bbox 1789 2444 3373 2515">
    <p class='ocr_par' dir='ltr' id='par_1_84' title="bbox 1789 2444 3373 2515">
     <span class='ocr_line' id='line_1_84' title="bbox 1789 2444 3373 2515; baseline 0.012 -22"><span class='ocrx_word' id='word_1_608' title='bbox 1789 2453 2083 2495; x_wconf 88' lang='lat' dir='ltr'><strong>creaturam</strong></span> <span class='ocrx_word' id='word_1_609' title='bbox 2104 2444 2347 2507; x_wconf 78' lang='lat' dir='ltr'><strong>refertur,</strong></span> <span class='ocrx_word' id='word_1_610' title='bbox 2368 2464 2469 2501; x_wconf 92' lang='lat' dir='ltr'><strong>non</strong></span> <span class='ocrx_word' id='word_1_611' title='bbox 2491 2450 2555 2502; x_wconf 90' lang='lat' dir='ltr'><strong>ad</strong></span> <span class='ocrx_word' id='word_1_612' title='bbox 2579 2453 2902 2515; x_wconf 75' lang='lat' dir='ltr'><strong>Creatorem,</strong></span> <span class='ocrx_word' id='word_1_613' title='bbox 2930 2454 3016 2507; x_wconf 88' lang='lat' dir='ltr'><strong>eui</strong></span> <span class='ocrx_word' id='word_1_614' title='bbox 3042 2456 3128 2509; x_wconf 91' lang='lat' dir='ltr'><strong>uni</strong></span> <span class='ocrx_word' id='word_1_615' title='bbox 3152 2457 3373 2512; x_wconf 81' lang='lat' dir='ltr'><strong>debetur</strong></span> 
     </span>
    </p>
   </div>
   <div class='ocr_carea' id='block_1_85' title="bbox 1789 2536 3468 2618">
    <p class='ocr_par' dir='ltr' id='par_1_85' title="bbox 1789 2536 3468 2618">
     <span class='ocr_line' id='line_1_85' title="bbox 1789 2536 3468 2618; baseline 0.012 -33"><span class='ocrx_word' id='word_1_616' title='bbox 1789 2536 2013 2588; x_wconf 80' lang='lat' dir='ltr'><strong>servitus</strong></span> <span class='ocrx_word' id='word_1_617' title='bbox 2042 2538 2310 2606; x_wconf 80' lang='lat' dir='ltr'><strong>religionis</strong></span> <span class='ocrx_word' id='word_1_618' title='bbox 2336 2540 2439 2604; x_wconf 90' lang='lat' dir='ltr'><strong>illa,</strong></span> <span class='ocrx_word' id='word_1_619' title='bbox 2471 2559 2588 2612; x_wconf 77' lang='lat' dir='ltr'><strong>qua:</strong></span> <span class='ocrx_word' id='word_1_620' title='bbox 2620 2561 2723 2597; x_wconf 89' lang='lat' dir='ltr'><strong>uno</strong></span> <span class='ocrx_word' id='word_1_621' title='bbox 2749 2548 2960 2601; x_wconf 88' lang='lat' dir='ltr'><strong>nomine</strong></span> <span class='ocrx_word' id='word_1_622' title='bbox 2983 2557 3174 2618; x_wconf 62' lang='grc' dir='ltr'><strong>λατρεία</strong></span> <span class='ocrx_word' id='word_1_623' title='bbox 3198 2565 3371 2616; x_wconf 78' lang='lat' dir='ltr'><strong>gra-ce</strong></span> <span class='ocrx_word' id='word_1_624' title='bbox 3460 2548 3468 2559; x_wconf 86' lang='grc'><em>’</em></span> 
     </span>
    </p>
   </div>
   <div class='ocr_carea' id='block_1_86' title="bbox 1790 2624 3366 2707">
    <p class='ocr_par' dir='ltr' id='par_1_86' title="bbox 1790 2624 3366 2707">
     <span class='ocr_line' id='line_1_86' title="bbox 1790 2624 3366 2707; baseline 0.014 -34"><span class='ocrx_word' id='word_1_625' title='bbox 1790 2624 2105 2691; x_wconf 86' lang='lat' dir='ltr'><strong>appellatur.</strong></span> <span class='ocrx_word' id='word_1_626' title='bbox 2147 2627 2253 2682; x_wconf 88' lang='lat' dir='ltr'><strong>Nec</strong></span> <span class='ocrx_word' id='word_1_627' title='bbox 2280 2646 2376 2684; x_wconf 90' lang='lat' dir='ltr'><strong>nos</strong></span> <span class='ocrx_word' id='word_1_628' title='bbox 2405 2632 2628 2686; x_wconf 72' lang='lat' dir='ltr'><strong>dicimus</strong></span> <span class='ocrx_word' id='word_1_629' title='bbox 2662 2645 2875 2701; x_wconf 78' lang='lat' dir='ltr'><strong>terram,</strong></span> <span class='ocrx_word' id='word_1_630' title='bbox 2917 2640 3101 2703; x_wconf 88' lang='lat' dir='ltr'><strong>maria,</strong></span> <span class='ocrx_word' id='word_1_631' title='bbox 3131 2642 3324 2694; x_wconf 72' lang='lat' dir='ltr'><strong>cadum</strong></span> <span class='ocrx_word' id='word_1_632' title='bbox 3350 2683 3366 2707; x_wconf 93' lang='lat'><strong>,</strong></span> 
     </span>
    </p>
   </div>
   <div class='ocr_carea' id='block_1_87' title="bbox 1789 2714 3369 2799">
    <p class='ocr_par' dir='ltr' id='par_1_87' title="bbox 1789 2714 3369 2799">
     <span class='ocr_line' id='line_1_87' title="bbox 1789 2714 3369 2799; baseline 0.013 -34"><span class='ocrx_word' id='word_1_633' title='bbox 1789 2714 1975 2778; x_wconf 89' lang='lat' dir='ltr'><strong>solem,</strong></span> <span class='ocrx_word' id='word_1_634' title='bbox 2022 2716 2218 2781; x_wconf 88' lang='lat' dir='ltr'><strong>lunam,</strong></span> <span class='ocrx_word' id='word_1_635' title='bbox 2258 2720 2459 2786; x_wconf 87' lang='lat' dir='ltr'><strong>stellas,</strong></span> <span class='ocrx_word' id='word_1_636' title='bbox 2505 2734 2553 2775; x_wconf 90' lang='lat' dir='ltr'><strong>et</strong></span> <span class='ocrx_word' id='word_1_637' title='bbox 2585 2725 2840 2793; x_wconf 67' lang='lat' dir='ltr'><strong>quasdam</strong></span> <span class='ocrx_word' id='word_1_638' title='bbox 2872 2743 2971 2780; x_wconf 90' lang='lat' dir='ltr'><strong>non</strong></span> <span class='ocrx_word' id='word_1_639' title='bbox 3023 2731 3071 2781; x_wconf 89' lang='lat' dir='ltr'><strong>in</strong></span> <span class='ocrx_word' id='word_1_640' title='bbox 3123 2739 3369 2799; x_wconf 88' lang='lat' dir='ltr'><strong>promptu</strong></span> 
     </span>
    </p>
   </div>
   <div class='ocr_carea' id='block_1_88' title="bbox 1788 2807 3368 2876">
    <p class='ocr_par' dir='ltr' id='par_1_88' title="bbox 1788 2807 3368 2876">
     <span class='ocr_line' id='line_1_88' title="bbox 1788 2807 3368 2876; baseline 0.011 -18"><span class='ocrx_word' id='word_1_641' title='bbox 1788 2807 1917 2858; x_wconf 86' lang='lat' dir='ltr'><strong>sitas</strong></span> <span class='ocrx_word' id='word_1_642' title='bbox 1937 2807 2140 2862; x_wconf 75' lang='lat' dir='ltr'><strong>C(nlites</strong></span> <span class='ocrx_word' id='word_1_643' title='bbox 2164 2819 2449 2876; x_wconf 72' lang='lat' dir='ltr'><strong>potestates</strong></span> <span class='ocrx_word' id='word_1_644' title='bbox 2469 2830 2588 2869; x_wconf 85' lang='lat' dir='ltr'><strong>esse</strong></span> <span class='ocrx_word' id='word_1_645' title='bbox 2613 2815 2869 2869; x_wconf 66' lang='lat' dir='ltr'><strong>da&#39;ntottia</strong></span> <span class='ocrx_word' id='word_1_646' title='bbox 2900 2835 2912 2871; x_wconf 88' lang='lat'>:</span> <span class='ocrx_word' id='word_1_647' title='bbox 2943 2819 3035 2873; x_wconf 87' lang='lat' dir='ltr'><strong>sed</strong></span> <span class='ocrx_word' id='word_1_648' title='bbox 3059 2834 3177 2872; x_wconf 88' lang='lat' dir='ltr'><strong>cum</strong></span> <span class='ocrx_word' id='word_1_649' title='bbox 3195 2821 3368 2875; x_wconf 84' lang='lat' dir='ltr'><strong>omnis</strong></span> 
     </span>
    </p>
   </div>
   <div class='ocr_carea' id='block_1_89' title="bbox 1787 2905 3367 2981">
    <p class='ocr_par' dir='ltr' id='par_1_89' title="bbox 1787 2905 3367 2981">
     <span class='ocr_line' id='line_1_89' title="bbox 1787 2905 3367 2981; baseline 0.009 -29"><span class='ocrx_word' id='word_1_650' title='bbox 1787 2911 2026 2955; x_wconf 86' lang='lat' dir='ltr'><strong>creatura</strong></span> <span class='ocrx_word' id='word_1_651' title='bbox 2052 2905 2236 2971; x_wconf 89' lang='lat' dir='ltr'><strong>partim</strong></span> <span class='ocrx_word' id='word_1_652' title='bbox 2264 2909 2551 2975; x_wconf 85' lang='lat' dir='ltr'><strong>corporalis</strong></span> <span class='ocrx_word' id='word_1_653' title='bbox 2572 2910 2659 2972; x_wconf 89' lang='lat' dir='ltr'><strong>sit,</strong></span> <span class='ocrx_word' id='word_1_654' title='bbox 2693 2911 2881 2977; x_wconf 88' lang='lat' dir='ltr'><strong>partim</strong></span> <span class='ocrx_word' id='word_1_655' title='bbox 2906 2926 3030 2965; x_wconf 84' lang='lat' dir='ltr'><strong>vero</strong></span> <span class='ocrx_word' id='word_1_656' title='bbox 3058 2913 3367 2981; x_wconf 86' lang='lat' dir='ltr'><strong>incorpora-</strong></span> 
     </span>
    </p>
   </div>
   <div class='ocr_carea' id='block_1_90' title="bbox 1788 2990 3366 3065">
    <p class='ocr_par' dir='ltr' id='par_1_90' title="bbox 1788 2990 3366 3065">
     <span class='ocr_line' id='line_1_90' title="bbox 1788 2990 3366 3065; baseline 0.01 -21"><span class='ocrx_word' id='word_1_657' title='bbox 1788 2990 1875 3056; x_wconf 88' lang='lat' dir='ltr'><strong>lis,</strong></span> <span class='ocrx_word' id='word_1_658' title='bbox 1914 3008 2071 3062; x_wconf 88' lang='lat' dir='ltr'><strong>quam</strong></span> <span class='ocrx_word' id='word_1_659' title='bbox 2117 2996 2273 3049; x_wconf 90' lang='lat' dir='ltr'><strong>etiam</strong></span> <span class='ocrx_word' id='word_1_660' title='bbox 2332 2998 2656 3065; x_wconf 73' lang='lat' dir='ltr'><strong>spiritualein</strong></span> <span class='ocrx_word' id='word_1_661' title='bbox 2710 3017 2979 3065; x_wconf 86' lang='lat' dir='ltr'><strong>vocamus,</strong></span> <span class='ocrx_word' id='word_1_662' title='bbox 3029 3004 3366 3060; x_wconf 78' lang='lat' dir='ltr'><strong>manifestum</strong></span> 
     </span>
    </p>
   </div>
   <div class='ocr_carea' id='block_1_91' title="bbox 1787 3083 3369 3160">
    <p class='ocr_par' dir='ltr' id='par_1_91' title="bbox 1787 3083 3369 3160">
     <span class='ocr_line' id='line_1_91' title="bbox 1787 3083 3369 3160; baseline 0.009 -26"><span class='ocrx_word' id='word_1_663' title='bbox 1787 3089 1887 3139; x_wconf 83' lang='lat' dir='ltr'><strong>est.</strong></span> <span class='ocrx_word' id='word_1_664' title='bbox 1922 3083 1972 3135; x_wconf 88' lang='lat' dir='ltr'><strong>id</strong></span> <span class='ocrx_word' id='word_1_665' title='bbox 2002 3084 2138 3152; x_wconf 76' lang='lat' dir='ltr'><strong>quod</strong></span> <span class='ocrx_word' id='word_1_666' title='bbox 2165 3101 2193 3138; x_wconf 86' lang='lat' dir='ltr'><strong>a</strong></span> <span class='ocrx_word' id='word_1_667' title='bbox 2228 3087 2377 3140; x_wconf 89' lang='lat' dir='ltr'><strong>nobis</strong></span> <span class='ocrx_word' id='word_1_668' title='bbox 2407 3090 2488 3155; x_wconf 90' lang='lat' dir='ltr'><strong>pie</strong></span> <span class='ocrx_word' id='word_1_669' title='bbox 2516 3104 2579 3149; x_wconf 81' lang='lat' dir='ltr'><strong>ac</strong></span> <span class='ocrx_word' id='word_1_670' title='bbox 2616 3091 2861 3160; x_wconf 85' lang='lat' dir='ltr'><strong>religiose</strong></span> <span class='ocrx_word' id='word_1_671' title='bbox 2906 3093 2982 3156; x_wconf 81' lang='lat' dir='ltr'><strong>lit,</strong></span> <span class='ocrx_word' id='word_1_672' title='bbox 3025 3109 3054 3145; x_wconf 91' lang='lat' dir='ltr'><strong>a</strong></span> <span class='ocrx_word' id='word_1_673' title='bbox 3097 3094 3369 3149; x_wconf 77' lang='lat' dir='ltr'><strong>voluntate</strong></span> 
     </span>
    </p>
   </div>
   <div class='ocr_carea' id='block_1_92' title="bbox 1786 3174 3369 3251">
    <p class='ocr_par' dir='ltr' id='par_1_92' title="bbox 1786 3174 3369 3251">
     <span class='ocr_line' id='line_1_92' title="bbox 1786 3174 3369 3251; baseline 0.008 -24"><span class='ocrx_word' id='word_1_674' title='bbox 1786 3174 1946 3227; x_wconf 86' lang='lat' dir='ltr'><strong>animi</strong></span> <span class='ocrx_word' id='word_1_675' title='bbox 1978 3178 2258 3244; x_wconf 86' lang='lat' dir='ltr'><strong>proﬁcisci,</strong></span> <span class='ocrx_word' id='word_1_676' title='bbox 2283 3197 2400 3248; x_wconf 75' lang='lat' dir='ltr'><strong>qua:</strong></span> <span class='ocrx_word' id='word_1_677' title='bbox 2429 3192 2667 3236; x_wconf 83' lang='lat' dir='ltr'><strong>creatura</strong></span> <span class='ocrx_word' id='word_1_678' title='bbox 2705 3184 2992 3251; x_wconf 56' lang='lat' dir='ltr'><strong>spiritualis</strong></span> <span class='ocrx_word' id='word_1_679' title='bbox 3014 3196 3113 3246; x_wconf 82' lang='lat' dir='ltr'><strong>est,</strong></span> <span class='ocrx_word' id='word_1_680' title='bbox 3146 3197 3197 3240; x_wconf 86' lang='lat' dir='ltr'><strong>et</strong></span> <span class='ocrx_word' id='word_1_681' title='bbox 3223 3188 3369 3241; x_wconf 76' lang='lat' dir='ltr'><strong>omni</strong></span> 
     </span>
    </p>
   </div>
   <div class='ocr_carea' id='block_1_93' title="bbox 1784 3269 3369 3345">
    <p class='ocr_par' dir='ltr' id='par_1_93' title="bbox 1784 3269 3369 3345">
     <span class='ocr_line' id='line_1_93' title="bbox 1784 3269 3369 3345; baseline 0.009 -26"><span class='ocrx_word' id='word_1_682' title='bbox 1784 3269 2043 3335; x_wconf 85' lang='lat' dir='ltr'><strong>corporali</strong></span> <span class='ocrx_word' id='word_1_683' title='bbox 2065 3272 2435 3338; x_wconf 69' lang='lat' dir='ltr'><strong>pra-ponenda.</strong></span> <span class='ocrx_word' id='word_1_684' title='bbox 2458 3273 2606 3327; x_wconf 91' lang='lat' dir='ltr'><strong>Unde</strong></span> <span class='ocrx_word' id='word_1_685' title='bbox 2628 3276 2894 3345; x_wconf 74' lang='lat' dir='ltr'><strong>colligitur</strong></span> <span class='ocrx_word' id='word_1_686' title='bbox 2920 3280 3182 3344; x_wconf 84' lang='lat' dir='ltr'><strong>corporali</strong></span> <span class='ocrx_word' id='word_1_687' title='bbox 3215 3295 3369 3332; x_wconf 82' lang='lat' dir='ltr'><strong>erea-</strong></span> 
     </span>
    </p>
   </div>
   <div class='ocr_carea' id='block_1_94' title="bbox 1788 3363 3369 3439">
    <p class='ocr_par' dir='ltr' id='par_1_94' title="bbox 1788 3363 3369 3439">
     <span class='ocr_line' id='line_1_94' title="bbox 1788 3363 3369 3439; baseline 0.01 -31"><span class='ocrx_word' id='word_1_688' title='bbox 1788 3365 1917 3409; x_wconf 69' lang='lat' dir='ltr'><strong>turat</strong></span> <span class='ocrx_word' id='word_1_689' title='bbox 1959 3373 2065 3411; x_wconf 87' lang='lat' dir='ltr'><strong>non</strong></span> <span class='ocrx_word' id='word_1_690' title='bbox 2101 3374 2218 3414; x_wconf 80' lang='lat' dir='ltr'><strong>esse</strong></span> <span class='ocrx_word' id='word_1_691' title='bbox 2249 3363 2672 3417; x_wconf 82' lang='lat' dir='ltr'><strong>saet&#39;ilieatnlum.</strong></span> <span class='ocrx_word' id='word_1_692' title='bbox 2710 3366 2889 3419; x_wconf 71' lang='lat' dir='ltr'><strong>lit-Stat</strong></span> <span class='ocrx_word' id='word_1_693' title='bbox 2915 3370 3221 3435; x_wconf 75' lang='lat' dir='ltr'><strong>Spit&#39;illlalis,</strong></span> <span class='ocrx_word' id='word_1_694' title='bbox 3249 3386 3369 3439; x_wconf 71' lang='lat' dir='ltr'><strong>qua:</strong></span> 
     </span>
    </p>
   </div>
   <div class='ocr_carea' id='block_1_95' title="bbox 1783 3447 3370 3522">
    <p class='ocr_par' dir='ltr' id='par_1_95' title="bbox 1783 3447 3370 3522">
     <span class='ocr_line' id='line_1_95' title="bbox 1783 3447 3370 3522; baseline 0.01 -23"><span class='ocrx_word' id='word_1_695' title='bbox 1783 3447 1864 3499; x_wconf 79' lang='lat' dir='ltr'><strong>vel</strong></span> <span class='ocrx_word' id='word_1_696' title='bbox 1898 3448 1977 3515; x_wconf 87' lang='lat' dir='ltr'><strong>pia</strong></span> <span class='ocrx_word' id='word_1_697' title='bbox 2012 3449 2093 3503; x_wconf 88' lang='lat' dir='ltr'><strong>vel</strong></span> <span class='ocrx_word' id='word_1_698' title='bbox 2124 3450 2278 3519; x_wconf 88' lang='lat' dir='ltr'><strong>itnpia</strong></span> <span class='ocrx_word' id='word_1_699' title='bbox 2311 3463 2391 3505; x_wconf 89' lang='lat' dir='ltr'><strong>est</strong></span> <span class='ocrx_word' id='word_1_700' title='bbox 2438 3470 2449 3505; x_wconf 94' lang='lat'><strong>:</strong></span> <span class='ocrx_word' id='word_1_701' title='bbox 2500 3456 2581 3522; x_wconf 88' lang='lat' dir='ltr'><strong>pia</strong></span> <span class='ocrx_word' id='word_1_702' title='bbox 2612 3457 2848 3520; x_wconf 84' lang='lat' dir='ltr'><strong>scilicet,</strong></span> <span class='ocrx_word' id='word_1_703' title='bbox 2890 3459 2944 3512; x_wconf 87' lang='lat' dir='ltr'><strong>iit</strong></span> <span class='ocrx_word' id='word_1_704' title='bbox 2988 3460 3288 3514; x_wconf 81' lang='lat' dir='ltr'><strong>hominibus</strong></span> <span class='ocrx_word' id='word_1_705' title='bbox 3313 3468 3370 3515; x_wconf 87' lang='lat' dir='ltr'><strong>et</strong></span> 
     </span>
    </p>
   </div>
   <div class='ocr_carea' id='block_1_96' title="bbox 1783 3540 3368 3620">
    <p class='ocr_par' dir='ltr' id='par_1_96' title="bbox 1783 3540 3368 3620">
     <span class='ocr_line' id='line_1_96' title="bbox 1783 3540 3368 3620; baseline 0.011 -29"><span class='ocrx_word' id='word_1_706' title='bbox 1783 3540 2001 3607; x_wconf 75' lang='lat' dir='ltr'><strong>Angelis</strong></span> <span class='ocrx_word' id='word_1_707' title='bbox 2024 3541 2201 3609; x_wconf 87' lang='lat' dir='ltr'><strong>justis.</strong></span> <span class='ocrx_word' id='word_1_708' title='bbox 2248 3552 2299 3597; x_wconf 90' lang='lat' dir='ltr'><strong>et</strong></span> <span class='ocrx_word' id='word_1_709' title='bbox 2348 3546 2454 3598; x_wconf 69' lang='lat' dir='ltr'><strong>lico</strong></span> <span class='ocrx_word' id='word_1_710' title='bbox 2503 3547 2601 3602; x_wconf 66' lang='lat' dir='ltr'><strong>rite</strong></span> <span class='ocrx_word' id='word_1_711' title='bbox 2630 3551 3019 3615; x_wconf 82' lang='lat' dir='ltr'><strong>servientibus;</strong></span> <span class='ocrx_word' id='word_1_712' title='bbox 3055 3554 3209 3620; x_wconf 88' lang='lat' dir='ltr'><strong>impia</strong></span> <span class='ocrx_word' id='word_1_713' title='bbox 3241 3569 3368 3608; x_wconf 89' lang='lat' dir='ltr'><strong>vero</strong></span> 
     </span>
    </p>
   </div>
   <div class='ocr_carea' id='block_1_97' title="bbox 1784 3631 3367 3712">
    <p class='ocr_par' dir='ltr' id='par_1_97' title="bbox 1784 3631 3367 3712">
     <span class='ocr_line' id='line_1_97' title="bbox 1784 3631 3367 3712; baseline 0.011 -28"><span class='ocrx_word' id='word_1_714' title='bbox 1784 3631 1836 3684; x_wconf 86' lang='lat' dir='ltr'><strong>iii</strong></span> <span class='ocrx_word' id='word_1_715' title='bbox 1864 3632 2167 3688; x_wconf 89' lang='lat' dir='ltr'><strong>hominibus</strong></span> <span class='ocrx_word' id='word_1_716' title='bbox 2195 3646 2242 3690; x_wconf 89' lang='lat' dir='ltr'><strong>et</strong></span> <span class='ocrx_word' id='word_1_717' title='bbox 2272 3639 2472 3707; x_wconf 75' lang='lat' dir='ltr'><strong>angelis</strong></span> <span class='ocrx_word' id='word_1_718' title='bbox 2502 3640 2713 3711; x_wconf 74' lang='lat' dir='ltr'><strong>iniquis,</strong></span> <span class='ocrx_word' id='word_1_719' title='bbox 2742 3659 2874 3712; x_wconf 75' lang='lat' dir='ltr'><strong>quas</strong></span> <span class='ocrx_word' id='word_1_720' title='bbox 2904 3646 3060 3698; x_wconf 81' lang='lat' dir='ltr'><strong>etiam</strong></span> <span class='ocrx_word' id='word_1_721' title='bbox 3098 3646 3367 3702; x_wconf 69' lang='lat' dir='ltr'><strong>dannoucs</strong></span> 
     </span>
    </p>
   </div>
   <div class='ocr_carea' id='block_1_98' title="bbox 1782 3723 3367 3807">
    <p class='ocr_par' dir='ltr' id='par_1_98' title="bbox 1782 3723 3367 3807">
     <span class='ocr_line' id='line_1_98' title="bbox 1782 3723 3367 3807; baseline 0.011 -32"><span class='ocrx_word' id='word_1_722' title='bbox 1782 3723 2026 3779; x_wconf 80' lang='lat' dir='ltr'><strong>dicimus.</strong></span> <span class='ocrx_word' id='word_1_723' title='bbox 2058 3727 2134 3779; x_wconf 80' lang='lat' dir='ltr'><strong>Ac</strong></span> <span class='ocrx_word' id='word_1_724' title='bbox 2178 3744 2268 3795; x_wconf 89' lang='lat' dir='ltr'><strong>per</strong></span> <span class='ocrx_word' id='word_1_725' title='bbox 2310 3728 2409 3782; x_wconf 83' lang='lat' dir='ltr'><strong>hoc</strong></span> <span class='ocrx_word' id='word_1_726' title='bbox 2455 3747 2551 3785; x_wconf 87' lang='lat' dir='ltr'><strong>nec</strong></span> <span class='ocrx_word' id='word_1_727' title='bbox 2594 3736 2850 3801; x_wconf 88' lang='lat' dir='ltr'><strong>spirituali</strong></span> <span class='ocrx_word' id='word_1_728' title='bbox 2879 3777 2892 3799; x_wconf 92' lang='lat'><strong>,</strong></span> <span class='ocrx_word' id='word_1_729' title='bbox 2931 3738 3173 3805; x_wconf 79' lang='lat' dir='ltr'><strong>quamvis</strong></span> <span class='ocrx_word' id='word_1_730' title='bbox 3209 3738 3367 3807; x_wconf 59' lang='lat' dir='ltr'><strong>justas</strong></span> 
     </span>
    </p>
   </div>
   <div class='ocr_carea' id='block_1_99' title="bbox 1782 3819 3366 3900">
    <p class='ocr_par' dir='ltr' id='par_1_99' title="bbox 1782 3819 3366 3900">
     <span class='ocr_line' id='line_1_99' title="bbox 1782 3819 3366 3900; baseline 0.011 -33"><span class='ocrx_word' id='word_1_731' title='bbox 1782 3825 2038 3869; x_wconf 65' lang='lat' dir='ltr'><strong>creatum</strong></span> <span class='ocrx_word' id='word_1_732' title='bbox 2073 3819 2476 3874; x_wconf 72' lang='lat' dir='ltr'><strong>sacriﬁcandum</strong></span> <span class='ocrx_word' id='word_1_733' title='bbox 2519 3835 2619 3876; x_wconf 90' lang='lat' dir='ltr'><strong>cst.</strong></span> <span class='ocrx_word' id='word_1_734' title='bbox 2665 3828 2923 3890; x_wconf 76' lang='lat' dir='ltr'><strong>Quoniam</strong></span> <span class='ocrx_word' id='word_1_735' title='bbox 2974 3842 3171 3897; x_wconf 86' lang='lat' dir='ltr'><strong>quanto</strong></span> <span class='ocrx_word' id='word_1_736' title='bbox 3201 3831 3366 3900; x_wconf 81' lang='lat' dir='ltr'><strong>magis</strong></span> 
     </span>
    </p>
   </div>
   <div class='ocr_carea' id='block_1_100' title="bbox 1783 3906 3365 3978">
    <p class='ocr_par' dir='ltr' id='par_1_100' title="bbox 1783 3906 3365 3978">
     <span class='ocr_line' id='line_1_100' title="bbox 1783 3906 3365 3978; baseline 0.012 -20"><span class='ocrx_word' id='word_1_737' title='bbox 1783 3906 1866 3973; x_wconf 87' lang='lat' dir='ltr'><strong>pia</strong></span> <span class='ocrx_word' id='word_1_738' title='bbox 1907 3914 1988 3961; x_wconf 87' lang='lat' dir='ltr'><strong>est</strong></span> <span class='ocrx_word' id='word_1_739' title='bbox 2036 3919 2088 3961; x_wconf 90' lang='lat' dir='ltr'><strong>ct</strong></span> <span class='ocrx_word' id='word_1_740' title='bbox 2135 3910 2342 3963; x_wconf 85' lang='lat' dir='ltr'><strong>subdita</strong></span> <span class='ocrx_word' id='word_1_741' title='bbox 2396 3913 2520 3978; x_wconf 72' lang='lat' dir='ltr'><strong>ltro,</strong></span> <span class='ocrx_word' id='word_1_742' title='bbox 2571 3926 2713 3969; x_wconf 83' lang='lat' dir='ltr'><strong>lauto</strong></span> <span class='ocrx_word' id='word_1_743' title='bbox 2756 3921 2928 3971; x_wconf 80' lang='lat' dir='ltr'><strong>minus</strong></span> <span class='ocrx_word' id='word_1_744' title='bbox 2957 3935 3014 3973; x_wconf 78' lang='lat' dir='ltr'><strong>se</strong></span> <span class='ocrx_word' id='word_1_745' title='bbox 3045 3922 3129 3973; x_wconf 80' lang='lat' dir='ltr'><strong>ltili</strong></span> <span class='ocrx_word' id='word_1_746' title='bbox 3164 3922 3365 3977; x_wconf 83' lang='lat' dir='ltr'><strong>honore</strong></span> 
     </span>
    </p>
   </div>
   <div class='ocr_carea' id='block_1_101' title="bbox 1781 3994 3363 4079">
    <p class='ocr_par' dir='ltr' id='par_1_101' title="bbox 1781 3994 3363 4079">
     <span class='ocr_line' id='line_1_101' title="bbox 1781 3994 3363 4079; baseline 0.011 -32"><span class='ocrx_word' id='word_1_747' title='bbox 1781 3994 2043 4063; x_wconf 77' lang='lat' dir='ltr'><strong>dignatur,</strong></span> <span class='ocrx_word' id='word_1_748' title='bbox 2078 4014 2231 4065; x_wconf 90' lang='lat' dir='ltr'><strong>quem</strong></span> <span class='ocrx_word' id='word_1_749' title='bbox 2260 4002 2358 4054; x_wconf 81' lang='lat' dir='ltr'><strong>scit</strong></span> <span class='ocrx_word' id='word_1_750' title='bbox 2381 4019 2481 4054; x_wconf 90' lang='lat' dir='ltr'><strong>non</strong></span> <span class='ocrx_word' id='word_1_751' title='bbox 2506 4005 2683 4058; x_wconf 85' lang='lat' dir='ltr'><strong>deberi</strong></span> <span class='ocrx_word' id='word_1_752' title='bbox 2713 4008 2808 4059; x_wconf 64' lang='lat' dir='ltr'><strong>nisi</strong></span> <span class='ocrx_word' id='word_1_753' title='bbox 2843 4010 2966 4060; x_wconf 84' lang='lat' dir='ltr'><strong>lleo.</strong></span> <span class='ocrx_word' id='word_1_754' title='bbox 2998 4010 3206 4075; x_wconf 84' lang='lat' dir='ltr'><strong>Quanto</strong></span> <span class='ocrx_word' id='word_1_755' title='bbox 3234 4026 3363 4079; x_wconf 80' lang='lat' dir='ltr'><strong>ergo</strong></span> 
     </span>
    </p>
   </div>
   <div class='ocr_carea' id='block_1_102' title="bbox 1784 4088 3362 4168">
    <p class='ocr_par' dir='ltr' id='par_1_102' title="bbox 1784 4088 3362 4168">
     <span class='ocr_line' id='line_1_102' title="bbox 1784 4088 3362 4168; baseline 0.013 -33"><span class='ocrx_word' id='word_1_756' title='bbox 1784 4088 2132 4155; x_wconf 84' lang='lat' dir='ltr'><strong>perniciosius</strong></span> <span class='ocrx_word' id='word_1_757' title='bbox 2162 4100 2243 4143; x_wconf 83' lang='lat' dir='ltr'><strong>est</strong></span> <span class='ocrx_word' id='word_1_758' title='bbox 2268 4092 2567 4147; x_wconf 82' lang='lat' dir='ltr'><strong>sacriﬁcare</strong></span> <span class='ocrx_word' id='word_1_759' title='bbox 2595 4095 2767 4147; x_wconf 82' lang='lat' dir='ltr'><strong>da-mo</strong></span> <span class='ocrx_word' id='word_1_760' title='bbox 2808 4096 2893 4157; x_wconf 77' lang='lat' dir='ltr'><strong>is,</strong></span> <span class='ocrx_word' id='word_1_761' title='bbox 2934 4098 3033 4151; x_wconf 87' lang='lat' dir='ltr'><strong>hoc</strong></span> <span class='ocrx_word' id='word_1_762' title='bbox 3063 4108 3143 4151; x_wconf 87' lang='lat' dir='ltr'><strong>est</strong></span> <span class='ocrx_word' id='word_1_763' title='bbox 3170 4100 3362 4168; x_wconf 67' lang='lat' dir='ltr'><strong>iniqua)</strong></span> 
     </span>
    </p>
   </div>
   <div class='ocr_carea' id='block_1_103' title="bbox 1782 4177 3360 4257">
    <p class='ocr_par' dir='ltr' id='par_1_103' title="bbox 1782 4177 3360 4257">
     <span class='ocr_line' id='line_1_103' title="bbox 1782 4177 3360 4257; baseline 0.009 -27"><span class='ocrx_word' id='word_1_764' title='bbox 1782 4177 2036 4244; x_wconf 80' lang='lat' dir='ltr'><strong>Spiritnali</strong></span> <span class='ocrx_word' id='word_1_765' title='bbox 2067 4191 2344 4243; x_wconf 70' lang='lat' dir='ltr'><strong>creaturae,</strong></span> <span class='ocrx_word' id='word_1_766' title='bbox 2372 4197 2489 4249; x_wconf 69' lang='lat' dir='ltr'><strong>quae</strong></span> <span class='ocrx_word' id='word_1_767' title='bbox 2520 4183 2568 4234; x_wconf 92' lang='lat' dir='ltr'><strong>in</strong></span> <span class='ocrx_word' id='word_1_768' title='bbox 2601 4183 2701 4237; x_wconf 62' lang='lat' dir='ltr'><strong>hac</strong></span> <span class='ocrx_word' id='word_1_769' title='bbox 2732 4186 2971 4252; x_wconf 80' lang='lat' dir='ltr'><strong>proximo</strong></span> <span class='ocrx_word' id='word_1_770' title='bbox 2996 4197 3047 4238; x_wconf 83' lang='lat' dir='ltr'><strong>et</strong></span> <span class='ocrx_word' id='word_1_771' title='bbox 3073 4188 3360 4257; x_wconf 79' lang='lat' dir='ltr'><strong>caliginoso</strong></span> 
     </span>
    </p>
   </div>
   <div class='ocr_carea' id='block_1_104' title="bbox 1781 4268 3332 4350">
    <p class='ocr_par' dir='ltr' id='par_1_104' title="bbox 1781 4268 3332 4350">
     <span class='ocr_line' id='line_1_104' title="bbox 1781 4268 3332 4350; baseline 0.011 -30"><span class='ocrx_word' id='word_1_772' title='bbox 1781 4268 1919 4321; x_wconf 75' lang='lat' dir='ltr'><strong>cwlo</strong></span> <span class='ocrx_word' id='word_1_773' title='bbox 1966 4268 2229 4329; x_wconf 84' lang='lat' dir='ltr'><strong>habitans.</strong></span> <span class='ocrx_word' id='word_1_774' title='bbox 2278 4280 2524 4341; x_wconf 88' lang='lat' dir='ltr'><strong>tanquam</strong></span> <span class='ocrx_word' id='word_1_775' title='bbox 2574 4275 2623 4329; x_wconf 92' lang='lat' dir='ltr'><strong>in</strong></span> <span class='ocrx_word' id='word_1_776' title='bbox 2655 4278 2800 4329; x_wconf 86' lang='lat' dir='ltr'><strong>actio</strong></span> <span class='ocrx_word' id='word_1_777' title='bbox 2829 4294 3045 4334; x_wconf 79' lang='lat' dir='ltr'><strong>carcere</strong></span> <span class='ocrx_word' id='word_1_778' title='bbox 3073 4297 3189 4344; x_wconf 88' lang='lat' dir='ltr'><strong>suo,</strong></span> <span class='ocrx_word' id='word_1_779' title='bbox 3224 4297 3332 4350; x_wconf 70' lang='lat' dir='ltr'><strong>pra:</strong></span> 
     </span>
    </p>
   </div>
   <div class='ocr_carea' id='block_1_105' title="bbox 1781 4358 3359 4437">
    <p class='ocr_par' dir='ltr' id='par_1_105' title="bbox 1781 4358 3359 4437">
     <span class='ocr_line' id='line_1_105' title="bbox 1781 4358 3359 4437; baseline 0.01 -24"><span class='ocrx_word' id='word_1_780' title='bbox 1781 4358 2034 4415; x_wconf 86' lang='lat' dir='ltr'><strong>destinata</strong></span> <span class='ocrx_word' id='word_1_781' title='bbox 2057 4370 2138 4415; x_wconf 90' lang='lat' dir='ltr'><strong>est</strong></span> <span class='ocrx_word' id='word_1_782' title='bbox 2160 4364 2415 4433; x_wconf 69' lang='lat' dir='ltr'><strong>supplicio</strong></span> <span class='ocrx_word' id='word_1_783' title='bbox 2432 4368 2780 4436; x_wconf 71' lang='lat' dir='ltr'><strong>sempiterno!</strong></span> <span class='ocrx_word' id='word_1_784' title='bbox 2812 4369 3359 4437; x_wconf 53' lang='lat' dir='ltr'><strong>Quamobrent,eliatrt</strong></span> 
     </span>
    </p>
   </div>
   <div class='ocr_carea' id='block_1_106' title="bbox 1781 4454 3355 4536">
    <p class='ocr_par' dir='ltr' id='par_1_106' title="bbox 1781 4454 3355 4536">
     <span class='ocr_line' id='line_1_106' title="bbox 1781 4454 3355 4536; baseline 0.011 -30"><span class='ocrx_word' id='word_1_785' title='bbox 1781 4467 1901 4506; x_wconf 90' lang='lat' dir='ltr'><strong>cum</strong></span> <span class='ocrx_word' id='word_1_786' title='bbox 1934 4468 1990 4507; x_wconf 89' lang='lat' dir='ltr'><strong>se</strong></span> <span class='ocrx_word' id='word_1_787' title='bbox 2021 4454 2262 4511; x_wconf 89' lang='lat' dir='ltr'><strong>homines</strong></span> <span class='ocrx_word' id='word_1_788' title='bbox 2289 4459 2651 4526; x_wconf 76' lang='lat' dir='ltr'><strong>superioribus</strong></span> <span class='ocrx_word' id='word_1_789' title='bbox 2668 4465 2969 4517; x_wconf 73' lang='lat' dir='ltr'><strong>cmlesulius</strong></span> <span class='ocrx_word' id='word_1_790' title='bbox 2993 4470 3355 4536; x_wconf 61' lang='lat' dir='ltr'><strong>potestatibus,</strong></span> 
     </span>
    </p>
   </div>
   <div class='ocr_carea' id='block_1_107' title="bbox 1782 4548 3356 4615">
    <p class='ocr_par' dir='ltr' id='par_1_107' title="bbox 1782 4548 3356 4615">
     <span class='ocr_line' id='line_1_107' title="bbox 1782 4548 3356 4615; baseline 0.014 -22"><span class='ocrx_word' id='word_1_791' title='bbox 1782 4558 1899 4613; x_wconf 70' lang='lat' dir='ltr'><strong>qua:</strong></span> <span class='ocrx_word' id='word_1_792' title='bbox 1949 4561 2052 4599; x_wconf 87' lang='lat' dir='ltr'><strong>non</strong></span> <span class='ocrx_word' id='word_1_793' title='bbox 2105 4557 2223 4600; x_wconf 86' lang='lat' dir='ltr'><strong>sunt</strong></span> <span class='ocrx_word' id='word_1_794' title='bbox 2262 4548 2549 4613; x_wconf 64' lang='lat' dir='ltr'><strong>datntonia,</strong></span> <span class='ocrx_word' id='word_1_795' title='bbox 2584 4552 2877 4607; x_wconf 77' lang='lat' dir='ltr'><strong>sacriﬁcare</strong></span> <span class='ocrx_word' id='word_1_796' title='bbox 2912 4554 3093 4609; x_wconf 88' lang='lat' dir='ltr'><strong>dicunt</strong></span> <span class='ocrx_word' id='word_1_797' title='bbox 3117 4568 3169 4611; x_wconf 87' lang='lat' dir='ltr'><strong>et</strong></span> <span class='ocrx_word' id='word_1_798' title='bbox 3194 4559 3356 4615; x_wconf 80' lang='lat' dir='ltr'><strong>solius</strong></span> 
     </span>
    </p>
   </div>
   <div class='ocr_carea' id='block_1_108' title="bbox 1782 4634 3352 4713">
    <p class='ocr_par' dir='ltr' id='par_1_108' title="bbox 1782 4634 3352 4713">
     <span class='ocr_line' id='line_1_108' title="bbox 1782 4634 3352 4713; baseline 0.011 -26"><span class='ocrx_word' id='word_1_799' title='bbox 1782 4634 2010 4687; x_wconf 72' lang='lat' dir='ltr'><strong>&quot;ominis</strong></span> <span class='ocrx_word' id='word_1_800' title='bbox 2037 4634 2291 4691; x_wconf 79' lang='lat' dir='ltr'><strong>interesse</strong></span> <span class='ocrx_word' id='word_1_801' title='bbox 2316 4640 2655 4703; x_wconf 88' lang='lat' dir='ltr'><strong>arbitrantur,</strong></span> <span class='ocrx_word' id='word_1_802' title='bbox 2684 4644 2822 4713; x_wconf 87' lang='lat' dir='ltr'><strong>quod</strong></span> <span class='ocrx_word' id='word_1_803' title='bbox 2856 4644 2929 4699; x_wconf 91' lang='lat' dir='ltr'><strong>illi</strong></span> <span class='ocrx_word' id='word_1_804' title='bbox 2960 4646 3107 4711; x_wconf 88' lang='lat' dir='ltr'><strong>deos,</strong></span> <span class='ocrx_word' id='word_1_805' title='bbox 3140 4663 3233 4702; x_wconf 89' lang='lat' dir='ltr'><strong>nos</strong></span> <span class='ocrx_word' id='word_1_806' title='bbox 3260 4665 3352 4704; x_wconf 87' lang='lat' dir='ltr'><strong>eos</strong></span> 
     </span>
    </p>
   </div>
   <div class='ocr_carea' id='block_1_109' title="bbox 1780 4726 3358 4804">
    <p class='ocr_par' dir='ltr' id='par_1_109' title="bbox 1780 4726 3358 4804">
     <span class='ocr_line' id='line_1_109' title="bbox 1780 4726 3358 4804; baseline 0.009 -24"><span class='ocrx_word' id='word_1_807' title='bbox 1780 4726 2012 4797; x_wconf 83' lang='lat' dir='ltr'><strong>Angelos</strong></span> <span class='ocrx_word' id='word_1_808' title='bbox 2038 4729 2384 4796; x_wconf 79' lang='lat' dir='ltr'><strong>appellamus,</strong></span> <span class='ocrx_word' id='word_1_809' title='bbox 2419 4747 2521 4785; x_wconf 89' lang='lat' dir='ltr'><strong>non</strong></span> <span class='ocrx_word' id='word_1_810' title='bbox 2543 4747 2601 4787; x_wconf 90' lang='lat' dir='ltr'><strong>sc</strong></span> <span class='ocrx_word' id='word_1_811' title='bbox 2627 4747 2897 4804; x_wconf 87' lang='lat' dir='ltr'><strong>opponunt</strong></span> <span class='ocrx_word' id='word_1_812' title='bbox 2927 4738 3002 4790; x_wconf 86' lang='lat' dir='ltr'><strong>eis</strong></span> <span class='ocrx_word' id='word_1_813' title='bbox 3028 4738 3358 4795; x_wconf 82' lang='lat' dir='ltr'><strong>ludiﬁcandis</strong></span> 
     </span>
    </p>
   </div>
   <div class='ocr_carea' id='block_1_110' title="bbox 1782 4818 3333 4895">
    <p class='ocr_par' dir='ltr' id='par_1_110' title="bbox 1782 4818 3333 4895">
     <span class='ocr_line' id='line_1_110' title="bbox 1782 4818 3333 4895; baseline 0.01 -25"><span class='ocrx_word' id='word_1_814' title='bbox 1782 4818 2053 4885; x_wconf 89' lang='lat' dir='ltr'><strong>multiplici</strong></span> <span class='ocrx_word' id='word_1_815' title='bbox 2088 4818 2312 4883; x_wconf 87' lang='lat' dir='ltr'><strong>fallacia,</strong></span> <span class='ocrx_word' id='word_1_816' title='bbox 2342 4821 2442 4875; x_wconf 92' lang='lat' dir='ltr'><strong>nisi</strong></span> <span class='ocrx_word' id='word_1_817' title='bbox 2470 4822 2759 4884; x_wconf 62' lang='lat' dir='ltr'><strong>(Immunes,</strong></span> <span class='ocrx_word' id='word_1_818' title='bbox 2783 4828 2868 4895; x_wconf 92' lang='lat' dir='ltr'><strong>qni</strong></span> <span class='ocrx_word' id='word_1_819' title='bbox 2888 4843 3068 4883; x_wconf 73' lang='lat' dir='ltr'><strong>eri-ore</strong></span> <span class='ocrx_word' id='word_1_820' title='bbox 3094 4828 3333 4885; x_wconf 80' lang='lat' dir='ltr'><strong>delectati</strong></span> 
     </span>
    </p>
   </div>
   <div class='ocr_carea' id='block_1_111' title="bbox 1784 4907 3357 4984">
    <p class='ocr_par' dir='ltr' id='par_1_111' title="bbox 1784 4907 3357 4984">
     <span class='ocr_line' id='line_1_111' title="bbox 1784 4907 3357 4984; baseline 0.011 -25"><span class='ocrx_word' id='word_1_821' title='bbox 1784 4914 1868 4959; x_wconf 87' lang='lat' dir='ltr'><strong>lur</strong></span> <span class='ocrx_word' id='word_1_822' title='bbox 1910 4916 1964 4960; x_wconf 90' lang='lat' dir='ltr'><strong>et</strong></span> <span class='ocrx_word' id='word_1_823' title='bbox 2016 4907 2406 4976; x_wconf 86' lang='lat' dir='ltr'><strong>quodammodo</strong></span> <span class='ocrx_word' id='word_1_824' title='bbox 2458 4928 2747 4980; x_wconf 78' lang='lat' dir='ltr'><strong>pascuntur</strong></span> <span class='ocrx_word' id='word_1_825' title='bbox 2792 4915 3042 4970; x_wconf 89' lang='lat' dir='ltr'><strong>humano.</strong></span> <span class='ocrx_word' id='word_1_826' title='bbox 3098 4921 3357 4984; x_wconf 73' lang='lat' dir='ltr'><strong>Quoniam</strong></span> 
     </span>
    </p>
   </div>
   <div class='ocr_carea' id='block_1_112' title="bbox 1781 4999 3359 5085">
    <p class='ocr_par' dir='ltr' id='par_1_112' title="bbox 1781 4999 3359 5085">
     <span class='ocr_line' id='line_1_112' title="bbox 1781 4999 3359 5085; baseline 0.015 -34"><span class='ocrx_word' id='word_1_827' title='bbox 1781 4999 1945 5052; x_wconf 90' lang='lat' dir='ltr'><strong>sancti</strong></span> <span class='ocrx_word' id='word_1_828' title='bbox 1972 5001 2153 5070; x_wconf 80' lang='lat' dir='ltr'><strong>Angeli</strong></span> <span class='ocrx_word' id='word_1_829' title='bbox 2184 5018 2286 5055; x_wconf 91' lang='lat' dir='ltr'><strong>non</strong></span> <span class='ocrx_word' id='word_1_830' title='bbox 2317 5006 2609 5073; x_wconf 78' lang='lat' dir='ltr'><strong>approbant</strong></span> <span class='ocrx_word' id='word_1_831' title='bbox 2634 5010 2971 5076; x_wconf 72' lang='lat' dir='ltr'><strong>sacriﬁcium,</strong></span> <span class='ocrx_word' id='word_1_832' title='bbox 3006 5013 3105 5067; x_wconf 85' lang='lat' dir='ltr'><strong>nisi</strong></span> <span class='ocrx_word' id='word_1_833' title='bbox 3132 5017 3269 5085; x_wconf 88' lang='lat' dir='ltr'><strong>quod</strong></span> <span class='ocrx_word' id='word_1_834' title='bbox 3292 5032 3359 5073; x_wconf 78' lang='lat' dir='ltr'><strong>ex</strong></span> 
     </span>
    </p>
   </div>
   <div class='ocr_carea' id='block_1_113' title="bbox 1781 5086 3361 5172">
    <p class='ocr_par' dir='ltr' id='par_1_113' title="bbox 1781 5086 3361 5172">
     <span class='ocr_line' id='line_1_113' title="bbox 1781 5086 3361 5172; baseline 0.015 -32"><span class='ocrx_word' id='word_1_835' title='bbox 1781 5086 2014 5143; x_wconf 79' lang='lat' dir='ltr'><strong>doctrina</strong></span> <span class='ocrx_word' id='word_1_836' title='bbox 2043 5106 2181 5145; x_wconf 83' lang='lat' dir='ltr'><strong>vera:</strong></span> <span class='ocrx_word' id='word_1_837' title='bbox 2222 5094 2528 5162; x_wconf 67' lang='lat' dir='ltr'><strong>sapientiae,</strong></span> <span class='ocrx_word' id='word_1_838' title='bbox 2562 5114 2801 5168; x_wconf 70' lang='lat' dir='ltr'><strong>verzeqoe</strong></span> <span class='ocrx_word' id='word_1_839' title='bbox 2842 5102 3107 5172; x_wconf 81' lang='lat' dir='ltr'><strong>religionis</strong></span> <span class='ocrx_word' id='word_1_840' title='bbox 3141 5107 3361 5163; x_wconf 75' lang='lat' dir='ltr'><strong>ollertur</strong></span> 
     </span>
    </p>
   </div>
   <div class='ocr_carea' id='block_1_114' title="bbox 1781 5180 3357 5266">
    <p class='ocr_par' dir='ltr' id='par_1_114' title="bbox 1781 5180 3357 5266">
     <span class='ocr_line' id='line_1_114' title="bbox 1781 5180 3357 5266; baseline 0.015 -33"><span class='ocrx_word' id='word_1_841' title='bbox 1781 5180 1868 5233; x_wconf 89' lang='lat' dir='ltr'><strong>uni</strong></span> <span class='ocrx_word' id='word_1_842' title='bbox 1888 5195 2014 5234; x_wconf 87' lang='lat' dir='ltr'><strong>vero</strong></span> <span class='ocrx_word' id='word_1_843' title='bbox 2034 5181 2160 5245; x_wconf 84' lang='lat' dir='ltr'><strong>Deo,</strong></span> <span class='ocrx_word' id='word_1_844' title='bbox 2180 5186 2261 5236; x_wconf 89' lang='lat' dir='ltr'><strong>cui</strong></span> <span class='ocrx_word' id='word_1_845' title='bbox 2286 5195 2464 5239; x_wconf 84' lang='lat' dir='ltr'><strong>saneta</strong></span> <span class='ocrx_word' id='word_1_846' title='bbox 2484 5190 2736 5244; x_wconf 85' lang='lat' dir='ltr'><strong>societate</strong></span> <span class='ocrx_word' id='word_1_847' title='bbox 2757 5193 3079 5251; x_wconf 85' lang='lat' dir='ltr'><strong>deserviunt.</strong></span> <span class='ocrx_word' id='word_1_848' title='bbox 3110 5200 3357 5266; x_wconf 85' lang='lat' dir='ltr'><strong>l’roinde,</strong></span> 
     </span>
    </p>
   </div>
   <div class='ocr_carea' id='block_1_115' title="bbox 1781 5270 3349 5355">
    <p class='ocr_par' dir='ltr' id='par_1_115' title="bbox 1781 5270 3349 5355">
     <span class='ocr_line' id='line_1_115' title="bbox 1781 5270 3349 5355; baseline 0.013 -32"><span class='ocrx_word' id='word_1_849' title='bbox 1781 5270 1915 5325; x_wconf 88' lang='lat' dir='ltr'><strong>sicut</strong></span> <span class='ocrx_word' id='word_1_850' title='bbox 1945 5272 2100 5341; x_wconf 85' lang='lat' dir='ltr'><strong>impia</strong></span> <span class='ocrx_word' id='word_1_851' title='bbox 2124 5275 2391 5343; x_wconf 84' lang='lat' dir='ltr'><strong>superbia,</strong></span> <span class='ocrx_word' id='word_1_852' title='bbox 2422 5277 2532 5332; x_wconf 84' lang='lat' dir='ltr'><strong>sive</strong></span> <span class='ocrx_word' id='word_1_853' title='bbox 2560 5279 2851 5346; x_wconf 87' lang='lat' dir='ltr'><strong>hominum,</strong></span> <span class='ocrx_word' id='word_1_854' title='bbox 2879 5286 2996 5341; x_wconf 87' lang='lat' dir='ltr'><strong>sive</strong></span> <span class='ocrx_word' id='word_1_855' title='bbox 3034 5289 3349 5355; x_wconf 74' lang='lat' dir='ltr'><strong>dicmonum,</strong></span> 
     </span>
    </p>
   </div>
   <div class='ocr_carea' id='block_1_116' title="bbox 1781 5362 3349 5449">
    <p class='ocr_par' dir='ltr' id='par_1_116' title="bbox 1781 5362 3349 5449">
     <span class='ocr_line' id='line_1_116' title="bbox 1781 5362 3349 5449; baseline 0.012 -32"><span class='ocrx_word' id='word_1_856' title='bbox 1781 5362 1878 5417; x_wconf 83' lang='lat' dir='ltr'><strong>sibi</strong></span> <span class='ocrx_word' id='word_1_857' title='bbox 1908 5365 2003 5418; x_wconf 91' lang='lat' dir='ltr'><strong>hos</strong></span> <span class='ocrx_word' id='word_1_858' title='bbox 2033 5365 2236 5421; x_wconf 90' lang='lat' dir='ltr'><strong>divinos</strong></span> <span class='ocrx_word' id='word_1_859' title='bbox 2259 5367 2493 5425; x_wconf 87' lang='lat' dir='ltr'><strong>honores</strong></span> <span class='ocrx_word' id='word_1_860' title='bbox 2521 5371 2755 5428; x_wconf 74' lang='lat' dir='ltr'><strong>exhiberi</strong></span> <span class='ocrx_word' id='word_1_861' title='bbox 2790 5378 2867 5431; x_wconf 87' lang='lat' dir='ltr'><strong>vel</strong></span> <span class='ocrx_word' id='word_1_862' title='bbox 2892 5379 3040 5445; x_wconf 88' lang='lat' dir='ltr'><strong>jubet</strong></span> <span class='ocrx_word' id='word_1_863' title='bbox 3073 5383 3153 5435; x_wconf 89' lang='lat' dir='ltr'><strong>vel</strong></span> <span class='ocrx_word' id='word_1_864' title='bbox 3179 5383 3349 5449; x_wconf 82' lang='lat' dir='ltr'><strong>cupit;</strong></span> 
     </span>
    </p>
   </div>
   <div class='ocr_carea' id='block_1_117' title="bbox 1781 5453 3356 5538">
    <p class='ocr_par' dir='ltr' id='par_1_117' title="bbox 1781 5453 3356 5538">
     <span class='ocr_line' id='line_1_117' title="bbox 1781 5453 3356 5538; baseline 0.015 -32"><span class='ocrx_word' id='word_1_865' title='bbox 1781 5453 1853 5507; x_wconf 82' lang='lat' dir='ltr'><strong>ita</strong></span> <span class='ocrx_word' id='word_1_866' title='bbox 1877 5453 1957 5523; x_wconf 90' lang='lat' dir='ltr'><strong>pia</strong></span> <span class='ocrx_word' id='word_1_867' title='bbox 1986 5455 2253 5511; x_wconf 86' lang='lat' dir='ltr'><strong>humilitas</strong></span> <span class='ocrx_word' id='word_1_868' title='bbox 2271 5460 2352 5513; x_wconf 85' lang='lat' dir='ltr'><strong>vel</strong></span> <span class='ocrx_word' id='word_1_869' title='bbox 2377 5462 2665 5531; x_wconf 85' lang='lat' dir='ltr'><strong>hominum,</strong></span> <span class='ocrx_word' id='word_1_870' title='bbox 2692 5468 2771 5521; x_wconf 89' lang='lat' dir='ltr'><strong>vel</strong></span> <span class='ocrx_word' id='word_1_871' title='bbox 2804 5471 3117 5538; x_wconf 76' lang='lat' dir='ltr'><strong>Angelorunt</strong></span> <span class='ocrx_word' id='word_1_872' title='bbox 3146 5483 3356 5528; x_wconf 86' lang='lat' dir='ltr'><strong>sancto-</strong></span> 
     </span>
    </p>
   </div>
   <div class='ocr_carea' id='block_1_118' title="bbox 1782 5545 3355 5619">
    <p class='ocr_par' dir='ltr' id='par_1_118' title="bbox 1782 5545 3355 5619">
     <span class='ocr_line' id='line_1_118' title="bbox 1782 5545 3355 5619; baseline 0.014 -22"><span class='ocrx_word' id='word_1_873' title='bbox 1782 5559 1930 5605; x_wconf 88' lang='lat' dir='ltr'><strong>rum,</strong></span> <span class='ocrx_word' id='word_1_874' title='bbox 1982 5545 2095 5600; x_wconf 81' lang='lat' dir='ltr'><strong>hzrc</strong></span> <span class='ocrx_word' id='word_1_875' title='bbox 2149 5548 2246 5601; x_wconf 79' lang='lat' dir='ltr'><strong>sibi</strong></span> <span class='ocrx_word' id='word_1_876' title='bbox 2298 5549 2470 5604; x_wconf 77' lang='lat' dir='ltr'><strong>oblata</strong></span> <span class='ocrx_word' id='word_1_877' title='bbox 2522 5558 2811 5619; x_wconf 75' lang='lat' dir='ltr'><strong>recusavit,</strong></span> <span class='ocrx_word' id='word_1_878' title='bbox 2844 5560 3004 5611; x_wconf 68' lang='grc' dir='ltr'>(διειιί</span> <span class='ocrx_word' id='word_1_879' title='bbox 3036 5560 3355 5619; x_wconf 86' lang='lat' dir='ltr'><strong>deberentur</strong></span> 
     </span>
    </p>
   </div>
   <div class='ocr_carea' id='block_1_119' title="bbox 1780 5636 3354 5713">
    <p class='ocr_par' dir='ltr' id='par_1_119' title="bbox 1780 5636 3354 5713">
     <span class='ocr_line' id='line_1_119' title="bbox 1780 5636 3354 5713; baseline 0.015 -24"><span class='ocrx_word' id='word_1_880' title='bbox 1780 5636 2027 5691; x_wconf 88' lang='lat' dir='ltr'><strong>ostendit.</strong></span> <span class='ocrx_word' id='word_1_881' title='bbox 2061 5640 2221 5708; x_wconf 76' lang='lat' dir='ltr'><strong>Cujus</strong></span> <span class='ocrx_word' id='word_1_882' title='bbox 2259 5643 2333 5694; x_wconf 86' lang='lat' dir='ltr'><strong>rei</strong></span> <span class='ocrx_word' id='word_1_883' title='bbox 2380 5646 2800 5700; x_wconf 73' lang='lat' dir='ltr'><strong>manifestissima</strong></span> <span class='ocrx_word' id='word_1_884' title='bbox 2844 5648 2894 5701; x_wconf 88' lang='lat' dir='ltr'><strong>ia</strong></span> <span class='ocrx_word' id='word_1_885' title='bbox 2933 5652 3096 5705; x_wconf 83' lang='lat' dir='ltr'><strong>sacris</strong></span> <span class='ocrx_word' id='word_1_886' title='bbox 3136 5653 3354 5713; x_wconf 77' lang='lat' dir='ltr'><strong>Litteris</strong></span> 
     </span>
    </p>
   </div>
   <div class='ocr_carea' id='block_1_120' title="bbox 1782 5730 2640 5801">
    <p class='ocr_par' dir='ltr' id='par_1_120' title="bbox 1782 5730 2640 5801">
     <span class='ocr_line' id='line_1_120' title="bbox 1782 5730 2640 5801; baseline 0.003 -16"><span class='ocrx_word' id='word_1_887' title='bbox 1782 5730 1977 5785; x_wconf 82' lang='lat' dir='ltr'><strong>nostris</strong></span> <span class='ocrx_word' id='word_1_888' title='bbox 2000 5732 2237 5801; x_wconf 78' lang='lat' dir='ltr'><strong>exempla</strong></span> <span class='ocrx_word' id='word_1_889' title='bbox 2268 5747 2640 5791; x_wconf 78' lang='lat' dir='ltr'><strong>monstrantur.</strong></span> 
     </span>
    </p>
   </div>
  </div>
