3990 6374
628 532 830 598 posset,
860 520 977 592 quis
1020 533 1122 572 non
1154 514 1418 585 conjiciat,
1464 518 1660 583 quanto
1701 509 1846 563 hiatu
1885 507 2095 577 patebat
2137 520 2199 561 os

631 618 779 681 illud,
798 616 936 686 quod
964 615 1105 668 velut
1120 615 1275 680 janua
1297 608 1560 677 spelunee
1585 606 1727 658 illius
1747 601 1880 655 fuit?
1913 600 2020 655 Nisi
2044 599 2199 666 forte,

630 719 689 764 ιιι
723 708 911 778 pes-nit,
943 706 1105 760 vestis
1146 709 1285 757 esset
1331 696 1709 767 impedimento
1746 709 1813 748 ne
1841 692 2004 747 Jonas
2032 690 2204 744 vorari

630 811 809 873 posset
837 800 1050 863 illaesos,
1096 793 1248 864 quasi
1279 808 1372 861 per
1408 798 1626 860 angusta
1671 801 1790 841 sese
1819 782 2164 840 coarctaverit
2186 822 2203 847 ,

631 896 717 964 qui
741 910 834 962 per
859 893 1137 959 abruptum
1165 886 1307 940 acris
1330 884 1705 953 prmcipitatus,
1736 881 1813 935 sic
1830 888 2084 947 exceptus
2103 885 2203 940 est,

634 996 684 1039 ut
715 984 857 1052 prius
883 981 1207 1049 reciperetur
1244 986 1427 1031 ventre
1452 973 1634 1028 bestia:
1684 986 1842 1041 quam
1882 969 2040 1023 dente
2067 968 2206 1019 lace-

636 1083 854 1128 raretur.
896 1071 1205 1138 Quanquam
1252 1066 1522 1134 Scriptura
1575 1077 1745 1132 neque
1791 1058 1987 1113 nudum
2037 1069 2209 1125 neque

634 1164 875 1217 vestitum
923 1162 973 1214 in
1012 1158 1135 1213 illud
1182 1169 1391 1212 antrum
1439 1154 1701 1223 dejectum
1740 1166 1860 1206 esse
1903 1146 2120 1213 dixerit,
2153 1154 2211 1199 ut

631 1254 797 1327 possit
827 1253 1042 1322 intelligi
1064 1252 1187 1305 illuc
1211 1251 1369 1305 etiam
1400 1248 1569 1302 nudus
1591 1246 1828 1309 irruisse,
1852 1243 1895 1296 si
1928 1240 2063 1296 forte
2077 1254 2210 1309 opus

632 1356 763 1408 erat,
797 1354 1044 1414 tanquam
1072 1357 1173 1395 ovo
1217 1341 1445 1405 corium,
1478 1339 1545 1391 ita
1598 1336 1668 1390 illi
1718 1344 1916 1389 vestem
1958 1332 2207 1397 detrahi,

633 1453 737 1507 quo
776 1436 976 1489 facilius
1018 1433 1342 1486 sorberetur.
1394 1428 1481 1484 Sic
1526 1427 1667 1482 enim
1707 1436 1829 1479 sunt
1876 1424 2115 1477 homines
2145 1420 2211 1476 de

633 1528 907 1598 propheta:
928 1526 1083 1593 hujus
1101 1533 1247 1578 veste
1270 1523 1502 1585 solliciti,
1531 1520 1678 1591 quasi
1702 1528 1791 1573 aut
1813 1534 1904 1587 per
1927 1516 2210 1569 l't'rncstram

634 1634 848 1689 parvam
880 1617 1127 1685 repsisse,
1153 1624 1243 1668 aut
1266 1615 1316 1667 in
1345 1613 1560 1666 balneas
1587 1611 1809 1664 intrasse
1834 1608 2039 1662 dicatur
2062 1623 2076 1668 ;
2107 1620 2213 1675 quo

634 1710 840 1766 etiarnsi
873 1725 1092 1763 necesse
1122 1716 1266 1761 esset
1297 1707 1493 1759 intrare
1519 1702 1789 1768 vestitum,
1817 1700 1901 1753 vix
1933 1698 2213 1753 molestum

637 1812 800 1865 esset,
826 1816 929 1853 non
954 1809 1125 1853 tamen
1156 1799 1367 1851 mirum.

707 1892 794 1946 '59..
836 1889 938 1945 Sed
978 1889 1167 1943 habent
1194 1904 1373 1941 revera
1410 1885 1548 1955 quod
1576 1900 1679 1938 non
1716 1882 1935 1937 credant
1960 1881 2011 1935 in
2037 1879 2216 1934 divino

638 1982 913 2045 miraculo,
963 1996 1212 2049 vaporem
1255 1980 1452 2032 ventris
1479 1992 1583 2044 quo
1611 1976 1711 2029 cibi
1758 1974 2088 2035 madescunt,
2121 1986 2216 2040 po-

639 2076 802 2128 tuisse
847 2073 918 2127 ita
969 2072 1246 2139 temperari
1294 2080 1348 2123 ut
1395 2071 1552 2123 vitam
1588 2066 1814 2119 hominis
1857 2071 2215 2119 conservaret.

638 2164 847 2231 Quanto
869 2162 1223 2217 incredibilius
1248 2176 1375 2230 ergo
1400 2168 1754 2229 proponerent
1773 2166 1877 2211 tres
1910 2157 2029 2209 illus
2053 2155 2215 2219 viros,

638 2254 707 2307 ab
738 2252 898 2322 itnpio
947 2266 1070 2320 rege
1117 2251 1167 2304 in
1198 2255 1463 2305 caminum
1511 2251 1721 2307 missos.
1770 2248 2138 2300 deanibnlasse
2165 2246 2220 2299 in

640 2342 815 2397 medio
862 2342 996 2411 ignis
1025 2342 1256 2394 ill:e.~os?
1286 2344 1617 2409 Quapropter
1661 2340 1702 2392 si
1736 2339 1877 2392 nulla
1922 2338 2003 2391 isti
2046 2338 2219 2389 divina

641 2432 889 2486 miracula
922 2431 1102 2485 volunt
1145 2431 1380 2492 credere,
1414 2432 1513 2483 alia
1556 2430 1910 2496 disputatione
1951 2425 2221 2480 refellendi

641 2530 781 2575 sunt.
824 2520 1003 2589 Neque
1026 2522 1167 2574 enim
1206 2521 1399 2575 debent
1439 2536 1598 2573 unum
1639 2519 1832 2589 aliquid
1865 2529 2108 2588 tanquam
2141 2518 2221 2570 iu-

641 2610 894 2665 credibile
942 2626 1254 2678 preponere,
1304 2620 1357 2663 et
1403 2611 1453 2663 in
1498 2611 1845 2679 qna-stionem
1877 2624 2084 2668 vocare.
2128 2607 2221 2662 sed

643 2703 820 2757 omnia
850 2718 967 2772 qua:
991 2702 1071 2756 vel
1103 2703 1246 2770 talia,
1279 2703 1361 2757 vel
1390 2704 1547 2756 ctiam
1573 2703 1891 2755 mirabiliora
1921 2711 2219 2754 narrantur.

646 2795 711 2849 Et
738 2804 911 2848 tamen
939 2795 982 2848 si
1012 2795 1111 2847 hoc
1136 2795 1274 2864 quod
1304 2795 1371 2849 de
1396 2794 1527 2848 .Iona
1557 2796 1807 2863 scriptum
1840 2805 1941 2858 est,
1973 2793 2225 2862 Apuleius

644 2884 1021 2949 Madaurensis,
1066 2885 1143 2937 vel
1176 2886 1487 2953 Apollonius
1512 2885 1755 2956 Tyaneus
1802 2883 1987 2938 fecisse
2025 2883 2227 2937 dicere-

645 2983 751 3040 tur,
778 2990 1000 3045 quorum
1031 2976 1190 3029 multa
1215 2977 1346 3029 mira
1378 2976 1525 3028 nullo
1557 2976 1693 3029 lideli
1725 2982 1939 3029 auctare
1959 2974 2222 3043 jactitant,

645 3068 885 3135 quamvis
910 3077 960 3121 et
990 3068 1261 3121 daemones
1290 3068 1541 3120 nonnulla
1572 3068 1762 3121 faciant
1790 3068 2004 3135 Angelis
2030 3071 2227 3120 sanctis

646 3157 859 3221 similia,
909 3174 1011 3210 non
1056 3159 1276 3212 veritate
1311 3159 1403 3211 sed
1447 3158 1643 3227 specie,
1686 3174 1788 3212 non
1834 3160 2088 3227 Sapientia
2132 3158 2227 3213 sed

648 3246 805 3315 plane
835 3246 1037 3299 fallat-ia
1073 3265 1085 3301 :
1119 3258 1309 3311 tamen,
1345 3250 1385 3301 si
1425 3250 1491 3302 de
1522 3250 1654 3310 istis.
1689 3258 1742 3301 ut
1778 3249 1907 3314 dixi,
1939 3265 2072 3317 quos
2112 3265 2226 3304 ma-

648 3350 742 3406 gos
781 3337 859 3391 vel
906 3337 1247 3407 philosophos
1286 3339 1619 3393 laudabiliter
1665 3340 1954 3405 nominant,
1990 3341 2093 3395 tale
2133 3341 2228 3395 ali-

647 3427 771 3495 quid
803 3437 1126 3495 narrarctur,
1168 3445 1269 3483 non
1313 3429 1421 3497 jam
1455 3430 1507 3483 in
1538 3430 1711 3484 buccis
1756 3439 1998 3498 ereparet
2040 3431 2178 3485 risus
2208 3473 2224 3496 ,

650 3520 742 3573 sed
772 3520 982 3590 typlius.
1028 3522 1099 3574 Ita
1130 3522 1335 3576 rideant
1363 3522 1661 3591 Scriptor-as
1691 3532 1899 3577 nostras
1932 3541 1943 3574 :
1975 3533 2227 3593 quantum

651 3624 891 3682 possunt,
923 3614 1149 3679 rideant,
1181 3615 1306 3669 dum
1335 3631 1430 3685 per
1455 3617 1687 3685 singulos
1713 3616 1825 3669 dies
1850 3617 2077 3670 rariores
2104 3633 2229 3687 pau-

651 3708 927 3772 cioresqne
972 3721 1029 3759 se
1072 3707 1300 3769 videant,
1334 3709 1412 3760 vel
1457 3708 1751 3771 morieudo,
1795 3712 1875 3763 vel
1920 3710 2226 3774 credendo;

653 3795 777 3848 dum
812 3796 1091 3864 implentur
1114 3799 1288 3851 omnia
1308 3816 1421 3865 qme
1450 3799 1799 3866 praedixerunt
1822 3803 1908 3869 qui
1933 3801 2028 3855 hos
2047 3813 2229 3856 contra

650 3887 927 3941 veritatem
961 3886 1185 3941 inaniter
1229 3898 1569 3957 piignaturos,
1609 3906 1739 3943 vanu
1770 3892 2070 3955 latraturos,
2105 3907 2229 3961 pan.

652 3978 796 4032 latim
826 3977 1143 4041 defecturos.
1177 3989 1320 4033 tanto
1346 3990 1467 4034 ante
1499 3983 1746 4046 I'l~€t‘lttll,
1776 3984 2032 4053 nobisque
2058 3993 2231 4052 peste-

653 4071 725 4125 ris
768 4070 895 4136 suis,
952 4086 1055 4124 non
1107 4074 1276 4125 solum
1320 4088 1383 4127 ea
1432 4073 1649 4143 legenda
1680 4074 2014 4139 dimiserunt,
2049 4091 2229 4129 verum

652 4164 971 4233 espi-rienda
1011 4167 1381 4234 promiserunt.

724 4258 811 4311 53.
852 4257 964 4310 Non
993 4273 1120 4312 sane
1146 4261 1392 4323 absurde,
1424 4274 1594 4329 neque
1621 4260 1919 4329 importune
1947 4260 2231 4329 requiritur

654 4345 777 4415 quid
824 4347 919 4398 ista
964 4347 1280 4415 signiﬁcent.
1326 4360 1380 4401 tit
1417 4367 1535 4403 cum
1569 4349 1669 4403 ltoc
1698 4353 1994 4419 expositum
2034 4352 2228 4415 fuerit,

656 4450 758 4487 non
792 4443 991 4488 tantum
1018 4448 1185 4503 ges’a,
1214 4438 1304 4489 sed
1336 4440 1489 4489 etiam
1522 4448 1737 4506 propter
1777 4442 1999 4507 aliquam
2031 4440 2233 4508 signiﬁ-

655 4516 916 4571 cationem
962 4519 1257 4587 conscripta
1286 4534 1404 4573 esse
1432 4523 1731 4573 credantur.
1782 4523 1931 4576 Prius
1974 4540 2099 4593 ergo
2126 4542 2228 4578 non

654 4607 859 4663 dubitet
884 4609 1069 4661 Jonam
1096 4611 1401 4677 prophetam
1426 4611 1473 4661 in
1506 4611 1623 4663 alvo
1652 4611 1846 4680 ingenti
1875 4612 2090 4666 marina:
2119 4615 2229 4670 bel-

655 4702 754 4754 lua:
796 4700 966 4755 triduo
1013 4700 1190 4765 fuisse,
1243 4702 1331 4770 qui
1375 4701 1479 4756 vult
1526 4703 1745 4755 scrutari
1776 4720 1869 4757 cur
1902 4705 2001 4757 hoc
2036 4704 2229 4759 factum

654 4791 723 4845 sit
755 4808 767 4844 :
812 4808 915 4844 non
945 4791 1083 4844 enim
1114 4790 1303 4845 frustra
1345 4792 1533 4845 factum
1564 4802 1664 4858 est,
1709 4795 1799 4848 sed
1835 4806 2006 4849 tamen
2037 4794 2229 4851 factum

657 4891 758 4935 est.
810 4880 864 4935 Si
910 4883 1049 4935 enim
1081 4891 1291 4935 movent
1334 4883 1397 4936 ad
1432 4883 1584 4937 Iidem
1615 4900 1733 4953 qua:
1765 4886 1983 4955 ﬁgurate
2028 4896 2231 4942 tantum

654 4971 813 5035 dicta,
863 4989 967 5026 non
1012 4972 1143 5027 facta
1174 4983 1332 5037 sunt;
1375 4985 1569 5043 quanto
1609 4977 1774 5045 magis
1800 4994 2011 5034 movere
2037 4980 2234 5036 debent

658 5078 776 5133 qua:
804 5066 1021 5133 tigurate
1049 5083 1151 5121 non
1183 5077 1381 5122 tantum
1422 5068 1581 5131 dicta,
1624 5071 1716 5124 sed
1748 5070 1879 5127 facta
1907 5075 2063 5128 sunt?
2102 5075 2231 5131 Nam

657 5157 791 5210 sicut
824 5155 1045 5209 humana
1091 5160 1414 5215 Consuetudo
1459 5161 1653 5225 verbis,
1686 5162 1752 5215 ita
1794 5164 1967 5218 divina
2000 5169 2229 5235 potentia

654 5248 815 5303 etiam
844 5246 992 5301 factis
1022 5248 1269 5317 loquitur.
1309 5253 1372 5305 Et
1399 5254 1533 5307 sicut
1554 5254 1786 5308 sermoni
1820 5255 2047 5310 lnnnano
2072 5260 2229 5313 verba

656 5358 812 5403 nova.
833 5341 917 5395 vel
941 5343 1116 5395 minus
1134 5343 1342 5406 usitata,
1363 5344 1633 5399 moderate
1649 5361 1710 5400 ac
1730 5346 1979 5402 decenter
1994 5365 2228 5419 aSpcrsa,

658 5436 992 5506 splendorem
1015 5435 1245 5497 addunt;
1272 5438 1339 5489 ita
1363 5439 1412 5491 in
1433 5439 1580 5493 factis
1602 5442 1927 5497 mirabilibus
1946 5460 2233 5515 congrueno

660 5534 738 5580 ter
783 5527 977 5597 aliquid
1010 5525 1441 5596 signiﬁcantibus,
1488 5530 1877 5598 quodammodo
1922 5535 2235 5593 luculentior

659 5629 737 5673 cst
765 5620 937 5673 t|i\ina
969 5619 1286 5689 eloquentia.

730 5712 816 5765 54.
860 5712 1085 5765 Proinde
1130 5712 1253 5782 quid
1301 5712 1715 5783 pratfiguravcrit
1743 5716 1880 5785 quod
1924 5718 2233 5788 prophetam

663 5802 831 5857 bellui
864 5804 949 5858 illa
989 5806 1319 5873 devoratum,
1352 5810 1505 5862 tertio
1528 5807 1615 5863 die
1644 5812 1821 5865 vivum
1865 5812 2110 5879 reddidit,
2140 5830 2234 5870 cur

1890 393 1946 449 S.
1989 389 2354 449 AUCUSTINI
2393 386 2695 445 EPISCOPI
3739 401 3814 462 ω

2309 516 2340 554 a
2367 500 2521 556 nobis
2548 500 2824 571 quaeritur,
2854 512 2974 555 cum
3009 496 3112 552 hoc
3149 496 3397 557 Christus
3431 508 3814 574 exponaticm.

2310 595 2464 659 ratio,
2494 592 2682 663 inquit,
2717 608 2872 662 prava
2911 600 2957 645 et
2993 589 3226 643 adultera
3272 592 3463 662 signum
3487 599 3662 663 quwrit,
3697 612 3735 655 ct
3762 604 3816 659 si.

2311 702 2462 756 gnum
2494 701 2592 738 non
2622 683 2827 737 dabitur
2850 684 2915 747 ei,
2939 682 3035 737 nisi
3059 683 3261 753 signum
3286 682 3432 737 Iona:
3450 688 3817 756 proplietcnicut

2312 778 2443 831 enim
2482 776 2643 831 Jonas
2688 777 2781 847 fuit
2810 776 2862 829 in
2906 784 3074 829 ventre
3115 774 3208 828 ceti
3252 774 3403 828 tribus
3445 777 3605 833 diebus
3638 785 3819 842 curibus

2312 870 2578 936 noctibus;
2627 872 2699 924 sic
2724 870 2816 924 erit
2861 868 3024 923 Filius
3054 867 3269 921 hominis
3293 868 3345 920 in
3384 870 3525 923 corde
3549 880 3676 928 terra
3701 877 3819 933 tribus

2314 964 2485 1018 diebus
2512 972 2557 1017 et
2584 963 2739 1017 tribus
2768 962 2995 1016 noctibus
3027 960 3236 1034 (Matth.
3266 976 3360 1026 xu,
3390 962 3475 1025 59,
3505 962 3612 1033 40).
3652 965 3713 1021 De
3736 968 3820 1037 ipso

2314 1065 2489 1109 autem
2529 1053 2700 1108 triduo
2727 1054 2911 1107 mortis
2944 1051 3150 1106 Domini
3177 1050 3193 1081 ί
3220 1049 3436 1117 Christi,
3466 1055 3703 1122 quomodo
3725 1060 3821 1113 ratio

2315 1145 2584 1207 reddatur,
2612 1159 2729 1198 cum
2760 1160 2789 1196 a
2814 1152 2961 1213 parte
2991 1152 3155 1195 totum
3187 1141 3513 1211 intelligitur,
3542 1143 3588 1196 in
3607 1143 3823 1214 dieprimo

2316 1246 2369 1292 et
2390 1238 2697 1302 novissimo,
2728 1246 2785 1290 ut
2815 1236 2907 1291 toti
2937 1248 3043 1290 tres
3072 1234 3207 1299 dies,
3242 1233 3291 1288 id
3319 1242 3401 1288 est
3427 1248 3541 1288 cum
3575 1236 3673 1289 suis
3697 1238 3823 1293 nocti.

2316 1328 2414 1383 bus
2442 1337 2835 1398 computentur,
2887 1329 3098 1397 longum
3143 1335 3227 1382 est
3265 1326 3540 1392 disserere,
3581 1336 3631 1381 et
3665 1328 3710 1382 in
3742 1330 3826 1383 aliis

2316 1420 2649 1475 sermonibus
2687 1420 2796 1488 jam
2843 1418 3134 1488 sepissime
3180 1417 3380 1472 dictum
3427 1425 3521 1471 est.
3573 1416 3703 1472 Sicut
3735 1435 3826 1491 ergo

2316 1510 2478 1565 Jonas
2504 1527 2566 1565 ex
2597 1510 2718 1564 navi
2748 1510 2798 1564 in
2838 1510 3015 1563 alvum
3040 1510 3163 1574 ceti,
3211 1508 3282 1563 ita
3309 1508 3542 1562 Christus
3569 1522 3627 1562 ex
3654 1509 3769 1578 ligno
3790 1512 3827 1565 in

2317 1603 2617 1672 sepulcrum
2645 1602 2727 1656 vel
2756 1601 2807 1655 in
2834 1602 3018 1655 mortis
3050 1599 3392 1669 profundum.
3434 1599 3498 1653 Et
3519 1599 3645 1655 sicut
3670 1600 3743 1653 ille
3762 1615 3829 1669 pro

2319 1693 2401 1748 bis
2430 1695 2517 1765 qui
2564 1705 2875 1765 tempestate
2917 1693 3368 1763 periclitabantur,
3418 1692 3485 1744 ita
3524 1692 3738 1746 Christus
3758 1707 3827 1760 pro

2321 1785 2404 1841 bis
2421 1787 2511 1856 qui
2540 1787 2593 1840 in
2619 1786 2719 1840 hoc
2740 1785 2935 1841 sazculo
2954 1784 3227 1838 ﬂuctuant.
3257 1785 3322 1837 Et
3347 1784 3481 1837 sicut
3503 1782 3657 1851 primo
3674 1783 3831 1851 jussum

2321 1885 2403 1932 est
2432 1888 2487 1931 ut
2527 1877 2905 1946 pratdicaretur
2942 1875 3185 1930 Ninivitis
3209 1891 3240 1929 a
3267 1874 3419 1938 Jona,
3452 1873 3541 1928 sed
3570 1889 3661 1927 non
3694 1873 3747 1927 ad
3768 1889 3831 1927 eos

2321 1968 2559 2036 pervenit
2590 1966 2893 2037 praedicatio
2912 1965 3081 2031 Jonm,
3111 1966 3210 2020 nisi
3242 1975 3575 2034 posteaquam
3600 1979 3705 2019 eum
3727 1974 3832 2018 cenis

2322 2057 2592 2123 evomuit;
2635 2058 2704 2111 ita
2740 2056 3010 2126 prophetia
3052 2056 3325 2125 praemissa
3354 2063 3436 2109 est
3460 2054 3523 2107 ad
3552 2055 3743 2119 Gentes,
3766 2054 3833 2107 sed

2325 2147 2423 2199 nisi
2482 2156 2600 2217 post
2664 2150 3103 2203 resurrectionem
3152 2146 3351 2200 Christi
3398 2161 3500 2201 non
3548 2145 3754 2216 pervenit
3789 2144 3834 2197 ad

2324 2238 2541 2295 Gentes.

2396 2333 2483 2387 55.
2523 2332 2770 2386 Jamvcro
2798 2332 2937 2402 quod
2972 2333 3372 2388 tabernaculum
3402 2332 3498 2386 sibi
3522 2328 3775 2393 constituit,
3801 2336 3837 2382 ct

2325 2425 2567 2480 consedit
2596 2441 2661 2479 ex
2692 2425 2916 2479 adverso
2945 2425 3173 2478 civitatis
3202 2424 3411 2489 Ninive,
3453 2421 3571 2492 quid
3595 2420 3639 2474 ei
3665 2420 3837 2472 lutmtm

2327 2526 2467 2569 esset
2510 2524 2866 2585 exspectans,
2918 2516 3137 2569 alterius
3183 2514 3581 2585 signiﬁcationis
3620 2523 3838 2579 personam

2328 2606 2591 2677 Propheta
2630 2610 2894 2677 gestabat.
2938 2608 3311 2677 Prtelignrabat
3342 2608 3480 2662 enim
3521 2602 3754 2659 carnalem
3775 2615 3839 2669 po-

2330 2702 2508 2769 pulum
2543 2700 2726 2755 Israel.
2766 2700 2899 2755 Nam
2931 2700 3055 2756 huic
3079 2710 3192 2754 erat
3217 2709 3274 2754 et
3297 2698 3504 2754 tristitia
3530 2696 3593 2751 de
3620 2696 3760 2749 salute
3779 2691 3839 2746 Ni-

2330 2793 2632 2856 nivitarum,
2691 2793 2792 2849 lioc
2837 2803 2918 2847 est
2970 2793 3037 2846 de
3090 2792 3457 2864 redrmptione
3501 2799 3555 2845 et
3602 2787 3841 2842 liberatione

2329 2883 2600 2938 Gentium.
2626 2882 2779 2939 Unde
2807 2884 2951 2937 venit
2971 2883 3210 2937 Christus
3233 2899 3444 2944 vocare,
3474 2895 3572 2935 non
3599 2880 3761 2947 justos,
3779 2872 3841 2928 sed

2331 2985 2636 3046 peceatores
2660 2976 2709 3030 in
2735 2976 3098 3046 pteuitentiam
3130 2976 3279 3049 (an.
3309 2994 3363 3044 v,
3392 2975 3504 3043 52).
3535 2967 3841 3029 υιιώιιςιουιιιιιι

2331 3083 2456 3139 ergo
2486 3069 2773 3123 cucurbita:
2800 3085 2960 3139 super
2984 3080 3142 3138 caput
3184 3072 3320 3138 ejus,
3360 3066 3718 3141 prmuissiones
3737 3068 3843 3115 erant

2335 3159 2541 3214 Veteris
2568 3160 2915 3224 Testamenti,
2963 3162 3049 3216 vel
3081 3162 3190 3231 ipsa
3218 3163 3329 3230 jam
3361 3172 3596 3219 munera,
3625 3156 3671 3209 in
3708 3150 3845 3222 quibus

2331 3264 2446 3308 erat
2488 3256 2686 3323 utique,
2719 3256 2855 3308 sicut
2902 3253 3030 3309 dicit
3058 3254 3363 3323 Apostolus,
3411 3250 3583 3305 umbra
3622 3252 3844 3318 futurorum

2336 3346 2551 3415 (Coloss.
2584 3362 2641 3413 ll,
2675 3346 2782 3417 17),
2814 3356 3065 3416 tanquam
3096 3346 3163 3398 ab
3192 3357 3325 3400 azstu
3359 3340 3706 3413 temporalium
3728 3333 3845 3389 malo-

2332 3456 2448 3494 rum
2501 3442 2551 3494 in
2603 3452 2741 3495 terra
2793 3440 3163 3510 promissionis
3210 3438 3604 3496 defensocnlum
3650 3429 3844 3502 prebeat.

2340 3532 2541 3587 Vermis
2569 3541 2744 3586 autem
2775 3533 3084 3597 matutinus,
3112 3549 3218 3601 quo
3264 3532 3482 3586 rodente
3513 3523 3753 3583 cucurbita
3783 3532 3847 3571 ex-

2333 3624 2490 3690 aruit,
2524 3623 2662 3679 idem
2697 3624 2811 3693 ipse
2840 3639 3023 3677 rursus
3042 3623 3287 3678 Christus
3312 3621 3557 3684 occurrit,
3575 3614 3847 3681 ext-ujusore

2334 3714 2621 3783 Evangelia
2636 3714 2925 3775 dill'amato.
2949 3724 3137 3768 cuncta
3160 3714 3244 3768 illa
3266 3730 3384 3784 qua:
3412 3695 3848 3779 temporalitcrapud

2336 3804 2599 3860 Israelitas
2628 3804 2711 3859 vel
2755 3814 2811 3859 ut
2839 3806 3102 3859 umbratili
3137 3804 3284 3874 prius
3310 3800 3683 3875 signiﬁcatione
3722 3793 3847 3861 \‘isﬂe'

2333 3907 2476 3959 runt,
2498 3905 2747 3951 evacuata
2764 3906 3115 3953 marcescunt.
3133 3897 3197 3950 Et
3216 3911 3355 3951 nunc
3380 3897 3463 3950 ille
3487 3890 3694 3962 pepulns
3710 3883 3851 3939 amisso

2333 3986 2774 4056 Jerttsolytttitatto
2822 4003 3003 4057 regno,
3050 3997 3107 4044 et
3153 3987 3472 4052 sacerdotio,
3518 3995 3571 4038 et
3613 3972 3849 4035 sacriﬁcio.

2334 4079 2472 4149 quod
2508 4089 2673 4133 totum
2707 4080 2889 4133 umbra
2918 4089 3034 4134 erat
3071 4081 3252 4145 futuri,
3285 4080 3338 4134 in
3366 4078 3566 4148 captiva
3592 4066 3853 4141 dispeniioue

2336 4186 2526 4240 magno
2553 4181 2683 4225 astu
2713 4171 3063 4225 tribulationis
3105 4171 3368 4237 aduritur,
3399 4172 3535 4225 sicut
3561 4167 3725 4225 Jonas,
3753 4151 3854 4228 quml

2335 4262 2587 4330 scriptum
2612 4274 2715 4326 est,
2736 4279 2763 4314 a
2791 4264 2919 4317 solis
2946 4263 3133 4316 ardore
3162 4262 3335 4334 (Jomu
3361 4278 3433 4325 tv,
3452 4260 3531 4329 8),
3558 4267 3607 4312 et
3630 4254 3854 4318 doletﬁra'

2335 4355 2469 4408 viter
2492 4371 2507 4416 ;
2538 4365 2590 4408 et
2618 4364 2788 4409 tamen
2811 4355 2981 4409 dolori
3007 4355 3122 4423 ejus
3142 4366 3300 4425 atque
3327 4354 3526 4408 umbra:
3544 4362 3691 4421 quam
3710 4340 3851 4409 dilige

2336 4445 2445 4510 bat,
2477 4445 2617 4499 salus
2645 4446 2879 4514 gentium
2915 4448 3388 4517 pmnitentittmqne
3417 4448 3435 4477 ³
3468 4438 3780 4514 praeponitur-

2406 4536 2494 4589 56.
2553 4535 2737 4590 Adhuc
2788 4537 3106 4591 cachinnent
3160 4539 3375 4608 Pagani,
3428 4546 3481 4591 et
3523 4534 3626 4602 jam
3676 4531 3855 4581 vermem

2335 4624 2602 4679 Christum
2623 4666 2637 4691 ,
2670 4634 2724 4679 ιι
2751 4626 2885 4681 hanc
2915 4628 3406 4699 interpretationem
3432 4617 3706 4694 prophetici
3720 4625 3856 4669 δίκην

2336 4717 2498 4770 menti
2528 4717 2836 4786 saperbiore
2857 4722 3163 4788 garrulitate
3190 4719 3488 4781 derideant,
3519 4715 3637 4768 dum
3662 4704 3859 4764 ιιιιηιιιιθι

2338 4808 2480 4877 ipsos
2522 4809 2719 4863 sensim
2754 4810 3109 4879 paulatimque
3139 4818 3437 4866 eonsumat.
3493 4807 3618 4862 Nam
3641 4802 3700 4856 de
3724 4790 3856 4850 omni-

2337 4899 2437 4955 bus
2477 4900 2670 4955 talibus
2721 4899 2882 4955 Isaias
2935 4901 3233 4971 preplietat,
3288 4918 3381 4971 per
3424 4914 3576 4972 quem
3611 4890 3745 4949 nobis
3765 4880 3858 4940 dicit

2338 4993 2476 5047 Deus
2510 5012 2523 5046 :
2552 4994 2733 5048 Audite
2783 5010 2862 5047 me
2902 4994 2989 5062 qui
3017 4995 3157 5049 scitis
3176 4996 3452 5066 judicium,
3494 4989 3698 5062 populus
3722 4991 3856 5036 meus.

2338 5086 2388 5137 in
2415 5101 2626 5154 quorum
2653 5086 2804 5141 corde
2837 5086 2919 5141 lex
2948 5103 3060 5139 mea
3097 5097 3166 5141 est
3200 5102 3219 5141 :
3243 5087 3512 5157 apprabria
3538 5079 3770 5136 hominum
3790 5081 3858 5122 ηο-

2340 5174 2425 5229 lite
2452 5186 2684 5243 metuere,
2725 5189 2771 5231 et
2812 5179 3120 5234 detractione
3163 5196 3334 5233 eorum
3362 5196 3425 5233 ne
3464 5168 3760 5245 superentini.
3795 5173 3859 5213 "9‘

2338 5270 2469 5335 quod
2512 5286 2596 5323 vos
2634 5281 2873 5338 spernant
2916 5272 3085 5342 magni
3125 5273 3385 5326 duxeritis.
3428 5272 3570 5325 Sicut
3617 5265 3732 5321 enim
3753 5252 3860 5310 mli-

2339 5372 2576 5427 mentum,
2627 5362 2699 5414 ita
2729 5378 2817 5430 per
2854 5373 3049 5432 tempus
3090 5364 3427 5425 absumentur,
3473 5372 3519 5415 et
3558 5359 3676 5414 sicut
3710 5354 3805 5406 lana
3838 5357 3859 5391 η

2342 5458 2471 5506 tinea
2492 5454 2808 5507 comedentur
2827 5470 2844 5517 ;
2863 5455 3065 5523 jnstitia
3090 5466 3257 5508 autem
3281 5471 3388 5507 mea
3413 5455 3463 5506 in
3487 5460 3710 5505 internum
3735 5443 3863 5492 manet

2345 5543 2494 5614 (Isui.
2537 5560 2607 5610 ιι,
2640 5545 2690 5608 '7,
2724 5544 2802 5616 8).
2834 5544 2938 5599 Nos
2964 5560 3090 5614 ergo
3119 5558 3465 5615 agnoscamus
3491 5550 3708 5595 vermem
3731 5536 3860 5584 matu-

2406 5700 2555 5810 ‘tEgld.
2578 5715 2589 5749 :
2618 5698 2803 5750 romim'
2824 5699 2975 5750 nostri
2996 5708 3109 5750 Jcsu
3132 5698 3325 5751 Christi.
3342 5704 3508 5747 AtMss.
3528 5682 3861 5745 carentvocibus.

2406 5778 2421 5810 3
2447 5778 2458 5809 Ι
2474 5777 2490 5810 ι
2507 5776 2632 5810 .icsu.

2341 5776 2458 5813 ιῖοᾶῐέ
2474 5777 2490 5811 ι
2507 5776 2632 5812 ,ιεδιμ

2409 5828 2427 5855 ²
2452 5832 2553 5872 Mss.
2583 5826 2842 5873 vatic.tres
2866 5832 2917 5875 et
2938 5824 3015 5873 alii
3043 5837 3073 5872 e
3096 5826 3270 5875 nostris
3290 5823 3402 5882 duo,
3425 5813 3775 5884 patiﬂwttiﬂu"
