3990 6388
74 348 158 413 385
1168 330 1647 394 EPISTOLARUM
1684 338 1959 397 CLASSIS
1996 338 2057 398 ll.

78 472 233 523 unum,
255 461 368 531 quia
405 469 458 511 et
484 456 538 511 in
562 453 650 508 illo
680 450 883 522 psalmo
914 449 1066 518 cuius
1088 450 1268 504 titulus
1292 452 1612 516 inscribitur,

83 561 165 615 Pro
188 554 483 622 susceptione
524 550 787 613 ntatutina,
818 540 916 600 hoc
956 561 1011 599 se
1043 546 1154 615 ipse
1194 546 1405 598 nomine
1432 544 1616 613 appel-

83 653 167 703 lare
204 648 432 715 dignatus
472 651 595 694 est:
629 638 762 710 Ego,
809 638 996 707 inquit,
1046 652 1156 690 sum
1201 636 1399 696 vermis,
1431 645 1477 688 et
1518 651 1616 688 non

86 744 232 799 homo;
271 732 588 803 opprobrium
633 731 912 792 hominum,
959 736 1006 780 et
1044 726 1257 797 abjectio
1289 726 1463 795 plebis.
1508 726 1617 779 lloc

86 828 375 897 approbriutn
403 821 470 876 de
501 822 604 877 illis
645 819 944 889 opprobriis
970 827 1052 872 est
1095 833 1212 887 qua:
1236 817 1482 886 jnbemur
1512 832 1617 870 non

72 927 280 987 _metuere
316 927 407 982 per
453 910 642 965 Isaiam
688 909 955 963 dicentem
986 924 1001 960 :
1036 906 1321 976 Opprobria
1362 906 1620 959 hominum

90 1011 209 1062 nolite
239 1015 457 1057 metuere.
501 1002 582 1056 Ab
608 1002 711 1055 isto
740 1015 918 1054 verme
962 1008 1208 1066 tanquam
1237 1014 1264 1049 a
1292 998 1435 1052 tinea
1476 1012 1620 1051 com-

70 1088 294 1158 deduntur,
322 1093 405 1163 qui
445 1092 546 1147 sub
573 1091 689 1160 ejus
730 1090 887 1145 dente
916 1088 1221 1157 evangelica
1267 1104 1362 1157 per
1388 1088 1622 1157 singulos

92 1190 183 1243 dies
207 1187 494 1255 paucitatem
524 1197 675 1236 suam
705 1178 1000 1234 deiicienda
1028 1178 1306 1231 mirantur.
1350 1177 1453 1230 Nos
1482 1176 1622 1231 lumc

95 1290 405 1351 agnoscamus,
434 1284 487 1329 et
518 1290 613 1344 pro
654 1274 820 1326 salute
844 1271 1041 1335 divina,
1079 1268 1304 1322 humana
1336 1267 1617 1336 Opprobria

96 1370 373 1425 saliet-amns.
415 1363 628 1419 Verulis
669 1370 752 1416 est
792 1370 1006 1431 propter
1034 1359 1379 1413 humilitatem
1408 1357 1617 1421 carnis;

97 1458 289 1513 fortassis
331 1456 487 1509 etiam
538 1460 753 1522 propter
797 1450 1015 1519 virginis
1062 1456 1288 1519 partum.
1345 1446 1475 1500 Nam
1522 1445 1623 1499 hoc

95 1547 247 1603 animal
286 1546 591 1616 plerumque
630 1543 697 1597 de
735 1557 916 1608 carne,
946 1541 1030 1594 vel
1076 1539 1143 1593 de
1187 1552 1517 1607 quacumque
1564 1552 1622 1592 re

96 1651 280 1700 terrena,
313 1638 421 1692 sine
451 1636 563 1691 ullo
598 1633 876 1689 concubitu
908 1631 1155 1685 nascitur.
1201 1629 1482 1683 Matutinus
1520 1637 1619 1692 est,

96 1732 189 1800 quia
217 1727 425 1782 diluculo
458 1723 772 1781 resurrexit.
805 1724 1015 1776 Poterat
1040 1722 1219 1790 utique
1242 1721 1327 1774 illa
1353 1718 1624 1774 cucurbita

98 1833 138 1875 et
160 1822 254 1875 sine
277 1820 373 1872 ullo
400 1816 693 1872 vermiculo
721 1829 985 1869 arescere.
1028 1813 1303 1867 Postremo
1328 1812 1371 1863 si
1401 1810 1625 1864 habebat

99 1914 207 1967 Dens
241 1910 298 1964 ad
337 1909 438 1964 hoc
472 1923 707 1962 vermem
741 1905 1119 1966 necessarium,
1168 1903 1290 1973 quid
1338 1918 1469 1971 opus
1512 1910 1625 1956 erat

95 2002 251 2056 addere
288 2000 625 2064 matutinum,
659 1997 758 2051 nisi
790 2008 848 2051 ut
877 1996 964 2049 ille
995 1995 1186 2049 vermis
1214 2002 1583 2063 agnosceretur
1606 2034 1621 2059 ,

96 2094 162 2161 qui
186 2101 337 2147 cantat
383 2108 476 2162 pro
506 2088 816 2158 susceptione
855 2086 1097 2139 matutina
1126 2101 1143 2137 :
1170 2083 1281 2155 Ego
1322 2094 1485 2138 autent
1513 2099 1623 2137 sum

97 2184 255 2245 vermis,
285 2190 326 2234 et
351 2198 455 2235 non
496 2181 711 2243 homo?,

152 2276 217 2329 37.
253 2274 377 2341 Quid
411 2274 510 2326 ista
553 2269 827 2340 prophetia
855 2269 961 2337 jam
993 2269 1107 2338 ipso
1151 2282 1327 2321 rerum
1356 2265 1542 2321 elicctu
1573 2278 1626 2322 et

97 2368 423 2435 adimpletione
449 2364 671 2419 lucidius
704 2362 755 2416 â€˜i
781 2362 835 2417 Si
867 2362 1049 2415 irrisus
1068 2368 1150 2414 est
1176 2360 1368 2414 vermis
1388 2360 1485 2413 iste
1505 2375 1625 2415 cum

100 2458 312 2528 penderet
339 2460 394 2511 in
424 2472 603 2521 crure,
652 2456 789 2509 sicut
819 2455 869 2507 in
895 2452 1081 2509 eodem
1128 2453 1331 2522 psalmo
1373 2453 1625 2521 scriptum

97 2560 172 2615 est,
198 2549 355 2604 Loculi
385 2560 497 2604 sunt
526 2549 691 2610 labiis,
734 2556 780 2600 et
810 2555 1064 2599 moverunt
1093 2553 1262 2615 caput.
1315 2544 1545 2611 Speravit
1574 2546 1627 2598 in

93 2640 241 2707 Deum,
279 2650 414 2695 eruat
457 2656 609 2705 eum;
639 2638 831 2694 salvum
876 2637 1028 2708 faciat
1068 2652 1199 2701 eum,
1244 2638 1481 2705 quoniam
1524 2635 1627 2689 vult

93 2749 203 2795 cum,
230 2748 338 2786 cum
363 2732 619 2800 completa
648 2736 770 2783 sunt
812 2744 929 2797 quze
958 2728 1025 2781 ibi
1072 2726 1332 2796 prmdixit,
1368 2724 1628 2780 Foderunt

93 2840 247 2878 manus
268 2840 394 2878 meas
418 2833 461 2876 et
486 2822 658 2893 pedes,
690 2821 1124 2873 dinumeraverunt
1150 2817 1317 2869 omnia
1355 2832 1467 2871 ossa
1496 2833 1622 2870 mea.

95 2914 185 2982 lpsi
206 2932 308 2969 vero
332 2915 784 2976 consideraverunt,
826 2918 873 2963 et
914 2918 1276 2977 conspexerunt
1323 2923 1419 2973 me,
1451 2908 1629 2961 divise-

95 3015 186 3057 runt
209 3006 294 3059 sibi
309 3006 594 3059 vestimenta
620 3018 747 3062 mea,
779 3010 823 3053 et
838 3014 987 3069 super
1002 3009 1180 3052 vestem
1203 3014 1361 3050 meam
1388 2998 1626 3050 miserunt

95 3105 269 3159 sortem;
313 3093 453 3166 quod
495 3102 639 3148 tanta
684 3090 1102 3146 manifestatione
1146 3088 1378 3142 futurum
1412 3088 1462 3139 in
1494 3087 1627 3141 libro

96 3187 269 3255 antiquo
295 3186 656 3255 prephetatur,
687 3192 878 3253 quanta
906 3179 1327 3235 manilestatione
1354 3179 1547 3233 factum
1575 3181 1627 3233 in

96 3292 204 3331 noro
228 3277 501 3346 Evangelia
523 3274 774 3330 recitatur
801 3290 814 3325 :
838 3271 931 3327 sed
960 3272 1005 3325 si
1033 3272 1084 3325 in
1110 3270 1207 3324 hac
1233 3270 1546 3332 humilitate,
1570 3279 1630 3324 ut

98 3369 235 3424 dicere
272 3384 558 3438 coeperam,
612 3366 712 3421 iste
754 3364 949 3419 vermis
1001 3362 1185 3417 irrisus
1226 3370 1329 3424 est,
1377 3360 1628 3430 numquid

98 3460 232 3515 adhuc
258 3458 553 3515 irridendus
582 3466 663 3511 est
681 3471 801 3511 cum
829 3470 890 3509 ea
918 3453 1171 3522 compleri
1195 3451 1479 3511 cernimus,
1509 3467 1627 3521 qua:

98 3554 426 3621 Consequentia
461 3550 694 3621 psalmus
722 3549 833 3617 ipse
875 3546 1057 3610 habet,
1100 3544 1629 3599 Commemorabuntur

96 3652 133 3693 et
166 3654 487 3697 convertentur
532 3641 601 3694 ad
646 3639 917 3693 Dominum
963 3637 1175 3690 universi
1219 3636 1344 3706 fines
1383 3646 1549 3701 terrte,
1580 3646 1628 3689 et

98 3734 332 3787 adorabunt
357 3735 408 3788 in
427 3742 695 3805 conspectu
734 3732 843 3800 ejus
883 3730 1125 3783 universa:
1152 3728 1331 3798 patria:
1365 3729 1629 3797 gentium;

97 3825 295 3891 quoniam
316 3824 514 3878 Domini
533 3832 605 3877 est
624 3837 849 3893 regnum,
866 3829 911 3873 et
930 3820 1036 3888 ipse
1054 3817 1389 3871 dominabitur
1408 3818 1630 3888 gentium

99 3913 238 3984 (Psal.
272 3932 377 3977 ut.
407 3913 586 3985 7-29).
625 3913 714 3967 Sic
756 3908 1155 3965 connuemorati
1184 3917 1307 3962 sunt
1342 3907 1584 3962 Ninivitce
1611 3949 1626 3973 ,

98 4016 139 4060 ct
174 4009 395 4063 conversi
421 4016 545 4062 sunt
581 4005 646 4059 ad
680 4004 978 4059 Dominum.
1016 4000 1161 4054 Hanc
1190 3999 1411 4053 salutent
1454 4000 1627 4070 pceni-

101 4100 246 4153 tt-ntia:
270 4099 508 4155 Gentium
540 4105 684 4151 tanto
712 4104 834 4149 ante
860 4092 1241 4163 prreliguratam
1272 4093 1323 4145 in
1356 4091 1508 4157 Jona,
1537 4092 1630 4145 do-

102 4192 213 4247 lebat
234 4193 397 4259 Israel,
424 4194 562 4247 sicut
589 4206 727 4245 ttunc
752 4189 897 4243 dolet
922 4186 1106 4240 umbra
1144 4184 1386 4250 nudatus,
1419 4194 1472 4238 et
1498 4194 1627 4238 aestu

101 4286 341 4340 sauciatus.
378 4285 558 4340 Liceat
581 4296 710 4337 sane
733 4280 952 4336 cuilibet
978 4277 1265 4347 quamlibet
1296 4277 1471 4341 aliter,
1503 4276 1628 4330 dum

105 4384 247 4431 tanien
267 4376 548 4431 secundum
578 4373 811 4442 regulam
838 4370 979 4434 lidei,
1008 4377 1198 4422 etclam
1220 4366 1396 4421 omnia
1422 4381 1535 4436 qna.-
1563 4366 1631 4421 de

108 4466 210 4520 lana
242 4468 482 4540 prapbcta
532 4464 794 4537 mysteriis
837 4470 1018 4532 operta
1050 4467 1200 4519 sunt,
1231 4460 1456 4527 aperire.
1499 4457 1629 4512 llud

110 4556 229 4623 plane
248 4559 377 4628 quod
408 4561 460 4613 in
486 4566 669 4612 ventre
697 4554 798 4609 ceti
832 4552 1004 4606 triduo
1044 4548 1159 4611 fuit,
1194 4550 1271 4603 fas
1297 4566 1399 4603 non
1428 4558 1509 4604 est
1534 4548 1631 4603 ali-

111 4658 173 4703 ter
205 4651 511 4723 intelligere,
560 4665 716 4720 quam
763 4648 829 4702 ab
872 4646 985 4715 ipso
1030 4644 1235 4698 caelesti
1283 4643 1535 4714 magistro
1576 4642 1629 4697 in

111 4737 340 4813 Evangelia
365 4740 895 4798 cmumemoravintus
925 4736 1230 4791 revelatum.

161 4831 228 4887 38.
258 4834 521 4903 Proposita
540 4830 881 4899 exposuimus
906 4835 962 4879 nt
989 4826 1251 4895 potuimus
1274 4841 1287 4877 :
1315 4824 1407 4877 sed
1427 4823 1513 4877 ille
1538 4824 1629 4893 qui

112 4923 350 4992 proposuit,
372 4923 481 4993 jatn
504 4923 575 4975 sit
599 4920 935 4982 christianos,
966 4933 1032 4971 ne
1064 4915 1195 4969 forte
1215 4929 1333 4968 cum
1360 4923 1631 4982 exspectat

110 5020 202 5066 ante
232 5012 494 5068 Librorum
520 5020 820 5065 sanctorum
850 5008 1001 5061 linire
1028 5006 1365 5076 qumstioues,
1398 5005 1540 5073 prius
1569 5004 1630 5056 li-

110 5100 192 5156 aiat
212 5104 351 5158 vitam
393 5104 568 5168 istaut,
596 5116 750 5171 quant
782 5107 1013 5153 transeat
1054 5112 1083 5149 a
1129 5106 1297 5149 morte
1334 5096 1399 5149 ad
1444 5094 1626 5149 vitam.

111 5188 223 5247 Ferri
244 5194 369 5250 enim
416 5201 609 5265 potest,
648 5191 786 5262 quod
815 5200 1088 5259 antequam
1116 5187 1413 5242 christianis
1451 5200 1628 5240 sacra-

112 5286 264 5341 mentis
288 5288 567 5352 imbuatur,
581 5284 770 5354 qua-rit
784 5282 849 5337 de
870 5280 1253 5336 resurrectione
1280 5288 1627 5332 mortuorum.

112 5369 460 5432 concedendum
488 5378 647 5431 etiam
676 5374 915 5427 fortassis
941 5371 1079 5441 quod
1108 5369 1173 5424 de
1197 5370 1409 5424 Christo
1442 5369 1631 5438 Â«Î¹Ï…Ï‰Îµá½·-

112 5462 180 5527 rit,
199 5481 281 5520 cur
299 5477 436 5523 tanto
462 5476 583 5539 post
603 5464 826 5523 venerit.
856 5463 935 5518 vel
958 5462 1000 5515 si
1023 5477 1139 5531 qua:
1167 5470 1287 5514 sunt
1313 5460 1429 5514 alite
1454 5476 1632 5529 pauca:

111 5562 351 5629 etutagtuc
389 5558 733 5631 qumstioues,
776 5555 964 5626 quibus
992 5563 1183 5608 caetera
1224 5552 1544 5606 inserviunt.
1576 5551 1631 5607 Si

158 5708 172 5739 â€˜
192 5714 285 5762 lis.
306 5724 471 5762 ornues
490 5725 501 5759 :
522 5704 783 5761 lucidius?
803 5715 958 5772 Neque
978 5700 1108 5758 enim
1126 5701 1171 5757 si
1191 5702 1363 5758 irrisus
1385 5711 1471 5756 est.
1497 5711 1632 5759 Forte

113 5772 427 5839 MNW
448 5773 588 5824 Î±á½Ï„Î·Î‡

1724 466 1897 508 autem
1929 456 2098 524 qualis
2136 466 2217 509 cst
2258 459 2363 521 illa,
2410 457 2474 511 In
2503 475 2599 526 qua
2628 475 2861 514 mensura
2894 460 3052 514 mensi
3078 461 3291 529 fueritis,

1723 544 1951 597 metiatur
1975 546 2127 608 vobis,
2160 547 2240 601 vel
2282 547 2450 615 qualis
2487 549 2582 602 ista
2618 549 2683 602 de
2723 549 2876 612 Jona,
2905 550 3064 604 etiam
3110 564 3298 605 omnes

1724 634 1860 689 tales
1898 647 2177 705 antequam
2219 638 2287 690 sit
2313 638 2628 692 Christianus
2669 640 2820 695 linire
2858 641 3071 709 cogitat,
3114 655 3299 711 perpa-

1725 740 1843 779 rum
1874 727 1890 757 â¸
1930 729 2125 795 cogitat
2151 728 2230 781 vel
2260 727 2613 783 conditionem
2644 730 2950 795 humanam,
2982 731 3065 785 vcl
3090 741 3299 786 aetatem

1720 816 1829 885 jam
1858 834 2026 871 suam.
2068 819 2202 874 Sunt
2237 821 2377 873 enim
2414 821 2847 888 innumerabiles,
2878 838 2994 893 qua:
3034 838 3142 877 non
3180 833 3301 878 sunt

1730 908 1973 963 ï¬niendae
2020 902 2144 966 ante
2182 912 2338 967 ï¬dem
2384 929 2451 968 tte
2494 915 2705 968 ï¬niatur
2739 916 2843 969 vita
2881 916 2996 969 sine
3036 915 3157 971 lide.
3196 915 3300 971 Sed

1727 999 1886 1067 plane
1926 1009 2128 1055 retenta
2155 1002 2264 1070 jam
2303 1004 2426 1065 lide.
2459 1004 2523 1057 ad
2575 1004 2930 1059 exercendam
2976 1005 3112 1074 piam
3158 1006 3301 1060 delo-

1726 1091 2011 1147 ctationem
2062 1096 2313 1148 mentium
2357 1094 2584 1149 fidelium
2612 1096 2997 1149 studiosissime
3026 1097 3301 1166 requiren-

1727 1181 1830 1247 dm,
1856 1192 1908 1237 et
1939 1185 2076 1254 quod
2111 1185 2159 1238 in
2188 1187 2265 1241 eis
2306 1186 2550 1251 eluserit,
2588 1189 2702 1242 sine
2739 1188 2902 1257 typho
2934 1190 2955 1220 Â³
2991 1190 3303 1259 arrogantia:

1726 1276 2254 1338 communicandum;
2294 1277 2434 1346 quod
2472 1286 2648 1331 autem
2689 1277 2919 1344 latuerit,
2962 1282 3077 1335 sine
3117 1279 3302 1335 salutis

1727 1361 2009 1432 dispendio
2033 1366 2381 1420 tolerandum.

2210 1476 2533 1531 EPISTOLA
2563 1477 2670 1532 Clll
2695 1482 2713 1501 Î¿
2748 1477 2843 1550 (Î±).

1729 1562 1970 1617 Nectario
1998 1567 2179 1635 petenti
2216 1567 2407 1619 veniam
2442 1568 2590 1620 tribui
2618 1568 2804 1621 civibus
2836 1570 2939 1622 suis
2984 1570 3304 1639 rescripserat

1799 1656 2105 1726 Augustinus
2132 1657 2183 1709 in
2220 1655 2383 1726 Epist.
2411 1658 2499 1719 97,
2532 1676 2629 1711 non
2668 1660 2839 1713 decere
2863 1662 3185 1715 christianam
3214 1662 3300 1715 be-

1799 1747 2146 1812 nevolentiam,
2168 1757 2222 1799 ut
2243 1749 2437 1818 insigne
2461 1749 2590 1801 illud
2614 1748 2981 1803 Calamensium
3011 1753 3173 1806 scelus
3208 1752 3305 1806 im-

1800 1838 2028 1908 punitum
2077 1839 2278 1892 omnino
2329 1841 2624 1892 dimittatur.
2689 1839 2821 1893 Iluic
2880 1859 3079 1896 rursum
3137 1844 3305 1897 scribit

1800 1924 2105 1993 Nectar-ius,
2150 1928 2407 1983 blandiens
2458 1946 2518 1982 ac
2565 1931 2855 1999 suppliciter
2898 1933 3111 1987 suadens
3153 1944 3208 1987 ut
3247 1934 3305 1989 iis

1801 2028 2038 2087 parcatur
2061 2025 2168 2072 sine
2192 2020 2297 2073 ulla
2324 2022 2630 2090 exceptione.

1731 2128 1954 2183 Domino
1976 2140 2118 2185 recte
2136 2147 2199 2185 ac
2220 2132 2407 2185 tnerito
2437 2132 2770 2200 suscipiendo
2791 2144 2842 2188 et
2863 2136 3109 2190 omnibus
3131 2138 3301 2193 modis

1802 2220 2111 2276 honorando
2138 2222 2282 2275 fratri
2313 2226 2632 2288 Accus'ruvo,
2655 2223 2975 2292 Necnmus,
3006 2226 3057 2281 in
3078 2228 3305 2285 Domino

1801 2312 2047 2367 salutem.

1802 2404 1852 2458 1.
1888 2404 2118 2475 Sumptis
2148 2405 2323 2459 litteris
2355 2405 2669 2460 Eximietatis
2698 2418 2816 2473 tum,
2852 2410 3026 2479 quibus
3054 2413 3303 2468 idolorum

1730 2499 1936 2564 cultum,
1956 2509 1999 2551 et
2025 2500 2324 2569 templorum
2348 2502 2639 2554 cerimonias
2660 2502 2970 2567 dcstruaisti,
2990 2505 3166 2558 audire
3186 2508 3307 2559 mihi

1730 2591 1862 2645 visus
1890 2609 1998 2644 sunt
2029 2592 2317 2661 philosophi
2341 2608 2527 2658 vocem,
2564 2610 2660 2646 non
2686 2595 2824 2646 illius
2849 2612 2992 2664 quem
3031 2598 3081 2649 in
3111 2598 3305 2652 Acade-

1731 2684 1845 2736 mia:
1874 2682 2037 2737 Licwo
2063 2693 2356 2748 memorant,
2387 2686 2655 2737 tenebrosis
2684 2686 2834 2739 humo
2857 2689 3058 2757 angulis
3085 2691 3307 2744 residen-

1731 2782 1848 2838 tem,
1880 2790 1942 2829 ÎµÎº
1972 2776 2224 2847 profunda
2249 2778 2468 2847 quadam
2493 2779 2790 2847 cogitatione
2820 2780 3122 2845 demersum,
3154 2782 3309 2836 redu-

1730 2868 1822 2920 ctis
1862 2867 1929 2920 ad
1958 2869 2172 2939 frontem
2214 2880 2361 2938 caput
2390 2869 2693 2939 implicuisse
2728 2872 2953 2940 genibus,
2998 2883 3050 2925 ut
3091 2874 3308 2927 aliorum

1732 2961 1979 3031 prteclara
2006 2962 2203 3014 inventa
2244 2962 2483 3015 doctrina:
2524 2980 2705 3033 egenus
2744 2964 2949 3031 quidam
2973 2967 3307 3021 calumniator

1731 3062 2003 3121 Oppugnet,
2028 3062 2309 3121 assertaque
2325 3054 2581 3123 prteclare,
2605 3070 2717 3106 cum
2738 3071 2882 3106 suum
2904 3056 3030 3109 nihil
3050 3057 3302 3125 defendat,

1731 3152 1973 3196 accuset:
1999 3143 2086 3196 sed
2126 3144 2274 3211 plane
2310 3144 2553 3197 excitatus
2588 3146 2812 3199 oratione
2853 3154 2941 3197 tua
2977 3157 3092 3199 ante
3138 3149 3307 3203 oculos

1730 3235 1860 3287 stetit
1891 3234 1947 3287 Îœ
1955 3275 1968 3288 .
1996 3234 2038 3287 Î¤
2043 3235 2195 3288 ullius
2223 3236 2523 3301 consularis,
2549 3237 2635 3307 qui
2657 3237 2930 3290 innumeris
2956 3238 3135 3291 civium
3161 3241 3307 3309 capi-

1732 3326 1862 3379 tibus
1888 3328 2207 3388 conservatis,
2241 3329 2452 3396 forensis
2484 3329 2646 3399 campi
2670 3329 2813 3399 signa
2850 3330 3069 3382 victricia
3099 3341 3309 3399 stupen-

1733 3417 1862 3471 tibus
1890 3417 2097 3472 Grarcia:
2118 3417 2302 3473 scholis
2325 3420 2578 3473 laureatas
2603 3422 2828 3491 inferret,
2861 3422 3127 3491 tubamque
3161 3423 3306 3476 illam

1733 3525 1931 3564 canora:
1960 3511 2091 3565 vocis
2118 3522 2162 3564 et
2188 3510 2392 3582 lingucc,
2423 3529 2570 3581 quant
2609 3513 2660 3565 in
2700 3512 2961 3564 criminum
2989 3528 3098 3566 reos
3127 3523 3172 3566 et
3211 3514 3308 3566 rei-

1734 3602 1946 3670 publicae
1985 3603 2284 3671 parricidas,
2315 3604 2492 3673 spiritu
2521 3604 2671 3668 iusta:
2712 3604 3073 3672 indignationis
3103 3606 3309 3675 iri/laveâ€”

1730 3700 1831 3754 rat,
1851 3690 2064 3744 anhelus
2089 3692 2366 3749 inverteret.
2389 3696 2822 3761 togamqueipsam
2849 3710 3087 3763 rugarum
3114 3697 3309 3766 paginis

1731 3784 1985 3848 resolutis,
2016 3782 2285 3853 palliorum
2314 3784 2534 3837 imitatus
2559 3785 2792 3853 speciem,
2818 3794 3138 3856 retorquet-et.

1802 3876 1859 3929 2.
1890 3876 2025 3947 Ergo
2043 3893 2157 3929 cum
2181 3893 2273 3929 nos
2300 3876 2367 3929 ad
2392 3877 2848 3946 cxsuperantissimi
2876 3876 2972 3929 Dei
3008 3878 3198 3931 cultant
3232 3896 3310 3934 re-

1735 3965 2067 4036 ligionemque
2093 3967 2432 4036 compelleris,
2467 3968 2670 4021 libenter
2694 3969 2894 4031 audivi;
2922 3987 3031 4021 cum
3068 3972 3311 4024 (mlestum

1735 4060 1947 4129 patrium
1972 4060 2261 4112 intuendam
2285 4076 2388 4112 esse
2406 4058 2665 4115 suaderes.
2691 4070 2949 4129 gratanter
2967 4065 3154 4129 accepi.
3186 4062 3307 4117 Non

1732 4150 1863 4202 enim
1884 4150 2023 4203 illam
2050 4150 2171 4202 mihi
2192 4151 2431 4203 civitatem
2462 4150 2624 4202 dicere
2648 4151 2890 4212 videbare,
2921 4168 3069 4219 quam
3101 4155 3309 4209 muralis

1733 4238 1915 4306 aliquis
1953 4256 2109 4310 gyras
2147 4250 2353 4305 coercet,
2396 4256 2483 4291 nec
2529 4240 2668 4292 illuni
2706 4257 2857 4312 quam
2899 4241 3306 4312 philosophorum

1735 4338 1976 4383 tractatus
2021 4329 2328 4382 mundanam
2386 4345 2667 4383 memorans
2722 4346 3033 4383 communem
3081 4332 3309 4387 omnibus

1735 4424 2025 4494 proï¬tetur;
2054 4422 2140 4475 sed
2168 4439 2316 4491 quam
2354 4438 2565 4491 ntagnus
2594 4420 2746 4488 Deus,
2784 4432 2831 4475 et
2862 4424 2981 4477 bene
3025 4425 3213 4478 incrin
3247 4426 3310 4480 de

1734 4530 1791 4567 eo
1820 4515 2002 4567 anima:
2045 4514 2269 4566 habitant
2312 4524 2458 4582 atque
2487 4513 2731 4576 incolunt,
2763 4530 2915 4579 quant
2954 4532 3125 4570 omnes
3176 4517 3308 4589 leges

1734 4606 1940 4659 diversis
1968 4606 2058 4659 viis
2083 4616 2126 4659 et
2156 4605 2433 4657 tramitibus
2462 4614 2721 4673 appetunt,
2761 4621 2912 4674 quam
2937 4606 3181 4674 loquendo
3213 4624 3304 4661 ea:-

1734 4697 1947 4768 primere
1975 4715 2073 4750 non
2102 4714 2385 4765 possumus,
2417 4696 2681 4764 cogitando
2706 4697 2917 4767 forsitan
2952 4698 3170 4752 invenire
3190 4717 3307 4765 pos-

1734 4807 1915 4844 semus.
1941 4788 2066 4843 llwc
2090 4806 2206 4859 ergo
2229 4790 2339 4841 licet
2363 4788 2703 4857 principaliter
2723 4805 2837 4857 app:
2853 4790 3001 4841 tenda
3024 4800 3171 4856 atque
3188 4791 3306 4843 dili-

1733 4882 1896 4950 genda
1937 4881 2018 4944 sit,
2060 4891 2224 4932 tanton
2267 4880 2407 4931 illam
2455 4896 2552 4932 non
2598 4880 2811 4932 arbitror
2855 4880 3197 4948 deserendum,
3252 4884 3303 4938 in

1734 4990 1833 5043 qua
1858 4975 1961 5026 nati
1987 4984 2031 5025 et
2059 4972 2209 5042 geniti
2243 4987 2411 5025 sumus
2436 4987 2453 5024 :
2490 4987 2601 5041 qua:
2629 4972 2791 5041 prima
2816 4971 2954 5025 nobis
2995 4990 3139 5027 usum
3181 4976 3307 5030 lucis

1735 5067 1883 5135 hujus
1906 5066 2107 5132 infudit,
2137 5081 2250 5133 qua:
2276 5065 2421 5120 aluit.
2462 5079 2575 5130 qua:
2610 5064 2853 5123 educavit,
2893 5074 2957 5125 et,
2990 5076 3043 5118 ut
3072 5067 3207 5135 quod
3244 5073 3311 5122 ad

1734 5176 1936 5213 causam
1962 5158 2162 5228 proprie
2188 5158 2394 5226 pertinet
2430 5156 2614 5219 dicam,
2647 5156 2708 5207 de
2730 5172 2827 5223 qua
2854 5156 2974 5210 bene
3016 5160 3200 5212 meritis
3231 5161 3309 5213 vi-

1801 5295 1816 5358 ?
1843 5300 1971 5349 lov.,
1998 5303 2269 5358 perperam.
2296 5290 2384 5358 Sed
2410 5288 2730 5358 melius_Mss.,
2755 5303 3032 5358 perpetrant.

1799 5357 1819 5387 Â¹
1841 5362 1967 5417 Mss,
1993 5351 2119 5417 typo.
2146 5354 2216 5401 sic
2241 5354 2409 5417 [assint
2452 5352 2674 5400 scribitur
2716 5351 2904 5401 sublata
2926 5351 3086 5403 littera
3108 5353 3157 5401 h.
3181 5354 3310 5412 Quod

1736 5416 1889 5466 semel
1913 5415 2199 5464 observasse
2221 5415 2439 5463 suiliciet.

1802 5501 1816 5515 '
1844 5498 2006 5560 Epistt.
2036 5504 2126 5560 titlt
2165 5503 2216 5543 et
2249 5495 2600 5560 (â€œincusum
2644 5496 2953 5559 quatsivimns
2997 5498 3042 5543 in
3064 5494 3311 5545 Gallicanis

1736 5564 1840 5609 MSS.
1869 5557 2137 5607 Ententlala:
2160 5564 2272 5605 sunt
2294 5557 2350 5619 ad
2378 5558 2647 5606 \aticaauut
2663 5557 2935 5619 exemplar,
2962 5572 3025 5605 ex
3048 5570 3143 5619 quo
3174 5566 3310 5606 aute-

1737 5622 1825 5670 hac
1849 5621 2121 5683 prodierant
2148 5621 2191 5666 itt
2217 5618 2472 5679 pugilicum.

1799 5704 1870 5765 (a)
1898 5701 2020 5751 Alias
2186 5701 2396 5765 secunda
2438 5716 2449 5747 :
2475 5708 2765 5765 (paeantem
2798 5700 2878 5749 103
2903 5708 3025 5762 erat,
3050 5712 3177 5753 nunc
3198 5700 3307 5757 2Î·.

1737 5762 1915 5832 Scripta
1937 5772 2050 5816 ante
2072 5762 2220 5814 tinent
2239 5762 2396 5813 ntartii
2417 5774 2497 5813 an.
2514 5762 2618 5812 409.
