3990 6386
583 332 680 393 591

587 447 726 500 nbus
753 441 993 513 plaudat;
1018 448 1176 507 atque
1201 438 1293 500 ita,
1316 434 1402 490 ubi
1431 435 1648 489 molesta
1677 433 1890 488 dilectio
1907 441 1992 488 est
2010 475 2022 497 ,
2045 433 2164 487 nul-

582 537 692 591 lutn
724 537 1017 588 memhrmn
1050 532 1277 593 laediznr,
1317 527 1451 580 unde
1471 536 1644 580 autem
1669 525 1926 588 deterret,
1954 526 2093 578 salus
2112 533 2165 580 et

583 629 690 683 vita
731 626 1072 697 periclitatur.
1113 621 1226 677 Non
1276 629 1401 672 tunc
1447 617 1667 672 bctielici
1701 633 1903 681 sumus,
1947 631 2066 670 cum
2112 613 2162 669 id

583 721 723 792 quod
747 735 776 774 a
801 718 950 772 nobis
968 718 1159 786 petitur
1178 712 1418 774 faciams,
1443 710 1537 765 sed
1560 725 1681 764 cmn
1701 710 1749 763 id
1778 710 1995 763 facimus
2019 706 2161 777 quod

580 831 684 869 tton
716 813 858 866 obsit
905 808 1222 880 petentibus.
1251 802 1381 859 Nam
1413 806 1660 874 pleraque
1699 819 1803 856 non
1827 800 2004 855 dando
2035 816 2161 869 pro-

578 922 782 971 suutus,
809 914 862 956 et
889 913 1202 956 nocet-emus
1231 899 1274 950 si
1305 897 1658 951 dedissemus.
1690 895 1840 950 Unde
1871 893 1999 948 illud
2034 908 2159 961 pro-

579 997 813 1052 verbium
846 1012 860 1050 :
893 994 998 1047 Nec
1019 1006 1182 1061 puero
1200 989 1450 1059 gladium.
1481 985 1557 1040 Tu
1587 1002 1720 1050 vero,
1751 986 1910 1055 inquit
1941 983 2155 1048 Tullius,

577 1105 639 1145 ite
663 1088 810 1141 unico
837 1085 1036 1157 quidem
1071 1081 1198 1150 ﬁlio.
1231 1081 1347 1147 Quo
1399 1078 1540 1133 enim
1567 1093 1886 1148 quemquam
1931 1075 2160 1129 maxime

575 1181 859 1250 diligimus,
881 1193 947 1232 eo
975 1176 1146 1229 minus
1172 1175 1219 1227 ei
1245 1171 1520 1231 debemus,
1546 1170 1596 1224 in
1628 1169 1820 1239 quibus
1851 1181 2041 1237 magno
2063 1181 2160 1237 pe-

577 1273 743 1328 riculo
769 1280 1036 1340 peccatur,
1069 1269 1423 1322 committere.
1453 1263 1520 1315 Et
1545 1261 1612 1315 de
1640 1260 1859 1327 divitiis,
1894 1259 1946 1312 ni
1977 1259 2148 1325 l‘allor,

573 1378 694 1419 cum
729 1363 842 1417 Ita'c
859 1369 1060 1431 ageret,
1091 1358 1423 1426 loquebatur.
1455 1351 1684 1408 Proinde
1713 1367 1831 1421 qua:
1863 1350 2160 1418 periculose

574 1458 715 1511 male
737 1453 1002 1507 utentibus
1023 1447 1444 1507 committuntur,
1465 1443 1746 1498 salubriter
1761 1442 1918 1496 etiam
1936 1441 2160 1510 plerum-

572 1562 677 1617 que
706 1542 1074 1598 detrahuntur.
1124 1536 1308 1592 Medici
1337 1552 1457 1590 cum
1485 1534 1664 1587 vident
1688 1532 1966 1587 secandam
1997 1546 2158 1584 uren-

575 1636 805 1706 damque
839 1631 1168 1701 putredinem
1189 1670 1202 1690 ,
1234 1643 1376 1696 sa‘pe
1405 1625 1659 1678 adversus
1682 1624 1872 1675 multas
1899 1621 2157 1691 lacrytnas

575 1723 993 1783 misericorditer
1019 1721 1424 1775 ohsurdescunt.
1480 1714 1536 1770 Si
1567 1716 1774 1784 quoties
1804 1712 2024 1782 parvuli,
2071 1711 2157 1766 vel

572 1821 730 1874 etiam
748 1814 1102 1889 graudiusculi
1131 1812 1336 1866 veniam
1368 1816 1648 1879 peccantes
1671 1805 2153 1874 deprecatisumus,

573 1913 736 1968 toties
761 1927 790 1963 a
821 1909 1127 1980 parentibus
1172 1905 1251 1959 vel
1293 1901 1558 1973 magistris
1602 1901 2011 1969 accepissemus.
2038 1899 2157 1968 quis

573 2013 814 2060 nostrum
859 1998 1164 2054 tolerandus
1193 1995 1487 2050 crevisset?
1517 1993 1634 2062 quis
1673 1991 1871 2061 aliquid
1907 1992 2033 2045 utile
2071 1990 2155 2045 di-

571 2095 822 2152 dicisset?
855 2091 1192 2162 providenter
1221 2090 1339 2144 ista.
1383 2103 1486 2142 non
1531 2085 1820 2140 crudeliter
1867 2085 2016 2138 liunt.
2047 2082 2144 2148 Ne,

571 2199 774 2256 quasso,
806 2186 859 2237 in
876 2183 973 2236 hac
993 2197 1150 2236 causa
1174 2179 1301 2233 nihil
1326 2176 1465 2231 aliud
1488 2177 1748 2236 intendas.
1773 2175 1871 2228 nisi
1892 2174 2146 2244 quemad-

571 2279 785 2334 modum
814 2275 950 2346 apud
985 2290 1081 2328 nos
1109 2273 1310 2327 el‘lieias
1335 2268 1474 2340 quod
1516 2268 1718 2338 rogaris
1742 2284 1770 2319 ιι
1802 2267 1904 2320 tuis
1935 2285 1948 2321 :
1977 2266 2155 2320 omnia

572 2385 699 2423 vero
743 2366 1021 2434 diligenter
1045 2362 1343 2418 considera.
1373 2361 1427 2413 Si
1472 2357 1738 2428 pra-.terita
1777 2356 2157 2426 ncgligis,qua:

572 2459 685 2513 ﬁeri
719 2458 821 2526 jam
868 2454 1063 2510 infecta
1111 2469 1213 2508 non
1249 2460 1486 2521 possunt,
1535 2449 1861 2515 aliquantum
1910 2447 2152 2515 prospice

574 2553 627 2607 in
656 2562 958 2621 posterum;
989 2563 1089 2601 non
1113 2545 1234 2616 quid
1253 2543 1588 2613 eupiant,qui
1619 2551 1670 2594 te
1689 2549 1891 2609 rogant,
1911 2539 2002 2592 sed
2031 2538 2152 2607 quid

571 2647 651 2698 eis
677 2643 923 2712 cvpediat
954 2657 1048 2709 pru
1072 2642 1236 2693 lentor
1257 2634 1487 2689 attende.
1518 2632 1629 2686 Non
1658 2649 1787 2685 sane
1818 2631 2044 2686 ﬁdeliter
2061 2643 2156 2684 eos

570 2753 748 2791 alnill't‘
771 2733 1154 2793 convincimur,
1188 2728 1232 2782 si
1279 2727 1379 2780 hoc
1410 2726 1579 2778 solum
1614 2724 1901 2787 intuemur,
1931 2737 2017 2786 ne,
2049 2735 2152 2774 non

572 2825 811 2880 inritando
854 2823 993 2894 quod
1040 2830 1284 2892 poscunt,
1335 2818 1602 2870 minuatur
1639 2813 1777 2882 quod
1817 2828 2058 2867 amamur
2086 2811 2155 2865 ab

574 2918 667 2973 eis.
701 2918 765 2970 Et
793 2915 878 2968 tibi
907 2925 1006 2974 est,
1047 2910 1185 2982 quod
1217 2923 1266 2964 et
1296 2921 1486 2962 vestra:
1517 2907 1708 2960 litterae
1756 2904 1901 2957 illum
1935 2901 2150 2956 laudant

579 3007 762 3078 patria!
813 3016 1074 3059 rei-torem
1107 3002 1196 3070 qui
1231 3001 1408 3069 populi
1457 2996 1678 3050 utilitate
1717 2995 1886 3064 magis
1915 2991 2156 3047 consulat

575 3117 734 3171 quam
766 3095 1062 3151 voluntati?

641 3189 866 3247 CAPUT
896 3187 978 3242 Ill.
1009 3217 1076 3226 —
1103 3186 1155 3240 8.
1193 3183 1338 3237 Nihil
1379 3184 1613 3242 interest,
1655 3177 1848 3248 inquis,
1895 3174 2043 3245 quale
2077 3173 2153 3227 vi-

567 3283 743 3337 drutur
809 3296 913 3334 esse
971 3285 1229 3348 peccatum
1289 3290 1404 3326 cum
1469 3269 1779 3339 indulgentia
1847 3268 2152 3338 postulatur.

573 3377 732 3432 Recte
765 3377 864 3428 hoc
889 3372 1095 3426 diceres
1124 3369 1166 3422 si
1194 3369 1259 3423 de
1288 3365 1585 3436 puniendis,
1617 3379 1719 3417 non
1742 3361 1807 3416 de
1828 3358 2156 3429 corrigendis

568 3468 869 3524 hominibus
916 3471 1178 3533 ageretur.
1223 3460 1374 3514 Absit
1410 3457 1550 3511 cuitu
1582 3473 1609 3507 ιι
1640 3453 1800 3508 corde
1827 3451 2152 3516 christiano,

568 3571 625 3614 ut
671 3559 885 3614 libidine
934 3552 1217 3608 ulciscendi
1267 3550 1331 3604 ad
1377 3564 1584 3619 pmnam
1616 3546 1868 3615 cujusque
1897 3547 2150 3614 rapiatur.

568 3651 719 3704 Altrll
751 3660 801 3701 ιιι
828 3650 877 3700 in
900 3643 1213 3700 dimitteodo
1238 3642 1427 3710 cuique
1456 3646 1753 3709 peccatum.
1783 3645 1870 3688 aut
1892 3650 1994 3687 non
2017 3648 2153 3702 prae-

569 3744 745 3798 Veniat
777 3756 962 3811 preces
994 3737 1228 3806 rogantis
1249 3778 1263 3800 ,
1296 3745 1386 3788 aut
1415 3744 1559 3787 certe
1586 3731 1836 3786 continuo
1861 3729 2154 3797 subsequa-

568 3843 651 3889 tur
702 3851 714 3885 :
765 3832 856 3885 sed
902 3831 999 3884 hoc
1042 3830 1221 3898 utique
1247 3843 1312 3882 ne
1334 3826 1504 3880 oderit
1533 3824 1831 3886 hominem,
1862 3838 1927 3876 ne
1959 3819 2152 3875 malum

568 3940 665 3996 pro
704 3925 843 3978 tnalo
881 3921 1135 3976 retribuat
1155 3962 1168 3984 ,
1201 3935 1266 3973 ne
1298 3917 1520 3972 nocendi
1548 3916 1902 3969 iullammetttr
1926 3913 2150 3978 ardore,

567 4034 632 4072 nc
682 4015 910 4070 vindicta
954 4015 1112 4068 etiam
1156 4012 1270 4081 lege
1308 4009 1481 4064 debita
1527 4008 1668 4076 pasci
1701 4006 2002 4070 desideret;
2048 4019 2152 4058 non

565 4122 739 4164 autem
791 4125 854 4160 ne
893 4105 1167 4166 co..sulat,
1216 4118 1283 4156 ne
1330 4100 1646 4170 prospiciat,
1694 4116 1759 4152 ne
1796 4107 2152 4166 compescata

565 4203 736 4256 malis.
769 4200 904 4254 Fieri
934 4199 1074 4253 enim
1105 4204 1277 4264 potest
1309 4206 1366 4247 ιιι
1394 4193 1758 4247 vehementius
1779 4187 2115 4244 adversando
2134 4229 2148 4255 ,

564 4291 989 4347 eInt-mlatiouem
1019 4291 1242 4354 quisque
1271 4285 1495 4351 negligat
1520 4281 1746 4336 hominis
1767 4297 1922 4347 quem
1941 4278 2153 4349 gravius

564 4382 695 4444 odit,
729 4389 782 4430 ct
810 4377 1059 4430 nonnulla
1087 4374 1325 4428 molestia
1344 4371 1836 4426 reddatcoereendo
1853 4370 2150 4434 meliorem,

565 4489 721 4543 quem
754 4485 979 4522 maxine
1007 4467 1194 4533 diligit.

633 4565 685 4620 9.
743 4561 870 4615 Nam
915 4573 959 4612 et
1010 4556 1329 4623 praitcutia,
1373 4555 1508 4607 sicut
1534 4552 1752 4617 scribis,
1803 4551 2036 4618 impetrat
2063 4565 2147 4603 ve-

568 4659 734 4718 niam,
783 4666 829 4708 et
871 4663 1047 4722 purgat
1077 4647 1352 4701 admissum
1409 4661 1426 4698 :
1477 4645 1568 4699 Stztl
1617 4645 1701 4697 illa
1758 4660 1874 4712 quae
1927 4643 1975 4696 in
2027 4657 2151 4697 vera

567 4751 817 4819 rcligione
858 4747 1061 4813 agitur,
1101 4756 1215 4811 qute
1253 4738 1485 4793 futurum
1509 4735 1766 4804 judicium
1799 4734 1886 4788 Dei
1917 4733 2148 4803 cogitat;

565 4862 668 4898 ttou
699 4845 782 4897 illa
811 4858 925 4910 qua:
947 4839 1010 4892 ad
1042 4837 1223 4889 horam
1253 4831 1586 4894 hominibus,
1620 4838 1709 4882 attt
1737 4828 2038 4893 exhilii-tur,
2061 4837 2152 4883 attt

567 4938 813 5005 tingitur,
845 4948 945 4987 non
977 4943 1079 4983 uta
1109 4927 1301 4982 delicto
1327 4924 1501 4978 anima
1531 4933 1777 4992 purgetur
1799 4922 1848 4976 itt
1871 4929 2147 4984 aeternum,

563 5029 654 5080 .scil
704 5039 756 5079 ut
806 5024 1014 5077 interim
1061 5038 1088 5074 a
1136 5018 1378 5088 pra'seuri
1426 5024 1568 5068 mctu
1616 5013 1869 5067 molestia:
1913 5015 2014 5065 vita
2044 5013 2151 5066 cito

568 5121 796 5188 peritura
829 5117 1096 5169 libi-retur.
1129 5113 1257 5166 Illuc
1289 5119 1364 5164 est
1397 5107 1536 5178 quod
1564 5106 1874 5160 Christianis
1895 5108 2153 5160 conllten-

566 5214 703 5264 tihus
735 5217 892 5278 atque
915 5203 1346 5272 ili-prcciintiluh,
1375 5201 1461 5269 qui
1493 5198 1687 5251 delicto
1715 5197 1802 5250 illo
1825 5195 2027 5250 fuerant
2049 5197 2150 5249 im-

567 5306 742 5374 plii-ati
771 5345 778 5359 ,
809 5301 888 5354 vel
920 5316 986 5350 no
1011 5320 1020 5348 ι
1053 5295 1407 5349 stu-currendo
1437 5308 1638 5345 arsura!
1668 5291 1909 5345 ecclesia-
1931 5333 1943 5352 ,
1975 5291 2054 5345 vel
2083 5290 2151 5346 de

564 5393 990 5449 sceleratissimis
1021 5390 1216 5456 rapinis
1242 5386 1435 5455 aliquid
1476 5384 1797 5445 auferendo,
1829 5383 2150 5450 inminentia:

566 5489 811 5541 dolorcm
851 5483 881 5537 1ἐ
900 5497 1172 5536 ιιυιιιιιιιιιιι
1203 5495 1319 5532 esse
1347 5478 1693 5539 credidimus,
1723 5476 1902 5542 eisllue
1931 5473 1994 5528 ad
2026 5489 2148 5528 cor-

570 5584 860 5633 tt'ttium-m
893 5574 1139 5628 sufﬁci-ie
1165 5572 1578 5622 cxi-tittiavimus
1599 5612 1611 5628 ,
1641 5570 1777 5637 quod
1810 5571 1941 5622 inest
1970 5568 2145 5623 cordi-

569 5670 666 5722 bus
688 5691 728 5715 οις
754 5686 866 5720 ι’·ιιιι
897 5671 1021 5718 ltili-5
1044 5707 1058 5726 ,
1095 5681 1192 5729 qua
1222 5662 1556 5712 consuli-rare
1587 5671 1795 5726 josSCut
1823 5661 1942 5727 quid
1973 5660 2040 5713 de
2065 5661 2172 5714 dio'

569 5760 690 5817 vino
734 5758 926 5829 judicio
971 5759 1249 5815 lormidare
1292 5754 1564 5809 debet-cut.
1607 5759 1733 5818 Qutc
1770 5765 1942 5808 autem
1976 5755 2144 5824 ιιωιιίοο

1189 5948 1213 5970 \

1744 325 1800 379 S.
1845 319 2210 380 AUGUSTINI
2249 318 2548 380 EPISCOPl
2572 384 2574 386 ,

2273 435 2436 489 tentia
2480 449 2670 489 sanare
2715 443 2888 504 potest
2930 450 3064 504 eos,
3105 436 3192 508 qui
3234 435 3433 493 fontem
3471 439 3642 510 ipsum
3682 442 3840 506 indul-

2271 529 2460 598 gentia:
2503 545 2604 582 non
2645 529 2814 584 solum
2841 545 3130 600 agnoscere
3159 532 3458 601 negligunt,
3493 548 3671 588 verum
3697 539 3838 596 etiam

2271 621 2492 676 iit-idere
2530 637 2592 676 ac
2633 622 3004 690 hlasphemare
3032 638 3136 677 non
3165 623 3453 680 desinunt?
3478 635 3532 680 et
3556 639 3734 683 contra
3755 631 3839 687 hos

2269 719 2445 766 tamen
2493 712 2795 766 inimicitias
2835 715 2885 768 itt
2924 713 3086 770 corde
3127 731 3229 769 non
3260 715 3586 782 retinemus,
3619 720 3752 788 quod
3776 722 3838 777 ili

2267 813 2413 873 patet
2439 819 2501 858 ac
2529 804 2726 857 nudum
2755 812 2838 858 est
2857 846 2870 862 .
2897 803 3049 874 cujus
3077 814 3131 859 et
3159 805 3211 860 in
3243 808 3488 874 ptaesenti
3515 819 3569 862 et
3602 808 3654 860 iu
3685 807 3838 866 futura

2266 899 2368 951 vita
2409 907 2463 952 ct
2489 899 2735 953 timemus
2755 897 3012 967 judicium
3032 940 3047 960 ,
3075 909 3128 953 ct
3150 913 3425 967 Speratnus
3450 900 3724 954 auxilium.
3747 902 3838 959 Sed

2265 988 2587 1043 arbitramur
2625 1003 2722 1042 nos
2759 990 2919 1043 etiant
2956 1004 3050 1058 pro
3077 991 3206 1059 ipsis
3227 989 3423 1059 aliquid
3456 990 3764 1060 providere,
3792 994 3831 1049 si

2266 1077 2510 1132 homines
2553 1079 2641 1149 qui
2665 1079 2828 1134 Deum
2862 1095 2967 1134 non
2999 1081 3186 1135 timent
3205 1123 3218 1142 ,
3247 1080 3442 1150 aliquid
3472 1082 3723 1148 timeant,
3748 1099 3837 1154 quo

2266 1184 2369 1223 non
2413 1186 2597 1224 eorum
2639 1170 2860 1225 laedatur
2894 1171 3127 1237 utilitas,
3169 1171 3262 1225 sed
3305 1172 3509 1226 vanitas
3531 1173 3837 1243 castigatur;

2265 1275 2332 1314 nc
2360 1261 2428 1314 ab
2454 1261 2531 1314 eis
2563 1262 2701 1315 Deus
2728 1261 2840 1330 ipse
2861 1279 3016 1332 quem
3043 1273 3293 1332 spernunt
3317 1303 3332 1328 ,
3364 1265 3521 1318 noxia
3546 1267 3836 1331 securitate,

2261 1351 2632 1406 audacioribns
2672 1351 2826 1406 factis
2863 1351 3075 1422 gravius
3111 1353 3441 1420 ollendatur,
3469 1364 3523 1408 ct
3549 1371 3623 1410 ne
3651 1357 3759 1410 aliis
3781 1357 3838 1413 ad

2265 1442 2610 1508 imitandum,
2653 1443 2839 1497 eadem
2880 1443 2989 1513 ipsa
3029 1446 3286 1498 securitas
3316 1445 3482 1499 multo
3509 1446 3839 1516 perniciosius

2265 1543 2607 1602 preponatur.
2648 1535 2882 1606 Denique
2921 1551 3016 1604 pro
3041 1536 3230 1606 quibus
3253 1536 3348 1591 abs
3375 1547 3425 1592 te
3455 1553 3727 1608 rogamur,
3758 1553 3840 1596 nos

2263 1639 2358 1693 pro
2382 1626 2485 1679 illis
2515 1627 2676 1681 Deum
2697 1643 2942 1697 rogamus
2959 1627 3037 1682 uti
3058 1644 3152 1683 eos
3175 1627 3240 1683 ad
3258 1644 3316 1684 se
3341 1639 3641 1695 convertat,
3677 1639 3729 1684 ut
3755 1631 3840 1686 ﬁde

2262 1716 2523 1770 ntundans
2551 1717 2710 1771 corda
2740 1733 2923 1772 eorum
2946 1759 2960 1785 ,
2995 1734 3238 1774 veracetn
3271 1735 3336 1774 ac
3377 1719 3658 1776 salubrem
3701 1735 3840 1792 agere

2263 1808 2627 1875 penitentiam
2651 1807 2861 1863 doceat.

2335 1899 2423 1952 10.
2472 1899 2608 1954 Ecce
2637 1911 2837 1970 quanto
2865 1916 2995 1968 eos,
3023 1901 3214 1971 quibus
3244 1916 3342 1957 nos
3369 1903 3655 1958 arbitraris
3684 1905 3836 1971 irasci,

2261 2006 2391 2060 pace
2421 2002 2507 2047 tua
2532 1992 2756 2048 dixerim
2773 2035 2790 2061 ,
2816 1993 3115 2048 ordinatius
3143 2009 3300 2063 quam
3323 2004 3374 2048 tu
3393 2035 3410 2059 ,
3433 1995 3722 2065 militisque
3739 1997 3839 2052 dili-

2260 2084 2432 2153 gimus
2450 2125 2465 2150 ,
2500 2100 2596 2154 pro
2625 2085 2817 2155 quibus
2845 2094 2899 2140 et
2927 2084 2993 2139 ad
3025 2085 3268 2140 evitanda
3301 2094 3447 2139 tanto
3469 2086 3681 2156 majora
3703 2087 3838 2152 mals,

2261 2187 2313 2230 et
2349 2177 2416 2230 ad
2454 2178 2829 2248 consequenda
2871 2187 3020 2233 tanto
3055 2178 3254 2246 majora
3285 2178 3459 2244 bona,
3487 2178 3836 2248 deprecantur.

2261 2267 2404 2334 Quos
2433 2269 2592 2323 etiam
2625 2278 2678 2322 tu
2699 2310 2715 2335 ,
2744 2271 2787 2323 si
2819 2284 2882 2325 ex
2915 2269 3005 2323 Dei
3036 2269 3236 2325 caelesti
3266 2285 3492 2324 munere
3523 2285 3631 2325 non
3665 2286 3728 2326 es
3757 2270 3839 2325 [to-

2261 2360 2463 2412 ntinum
2512 2368 2728 2413 terreno
2774 2376 2923 2413 tnore
2969 2359 3253 2429 diligeres,
3299 2359 3692 2432 Sinceriterque
3732 2361 3841 2420 mihi

2262 2449 2584 2503 rescriberes
2611 2449 2752 2520 quod
2783 2465 2902 2504 cum
2931 2459 2983 2504 te
3009 2450 3075 2504 ad
3107 2450 3598 2520 exsuperantissimi
3629 2452 3724 2506 Dei
3742 2451 3840 2507 cul-

2264 2551 2372 2594 tuut
2419 2542 2835 2612 religionemque
2871 2541 3287 2612 compellercm,
3333 2543 3560 2597 libenter
3585 2544 3838 2612 audieris,

2263 2650 2366 2689 non
2395 2637 2567 2690 solum
2601 2636 2712 2689 [nec
2733 2634 2812 2690 eis
2837 2644 3049 2704 optares
3068 2674 3084 2700 ,
3113 2638 3206 2689 sed
3244 2635 3323 2689 eis
3353 2635 3418 2690 ad
3450 2635 3562 2689 haac
3587 2649 3704 2707 ipse
3720 2651 3839 2708 pra-

2263 2725 2391 2779 ires.
2422 2725 2510 2780 Sic
2540 2741 2699 2781 omne
2726 2724 2866 2795 apud
2891 2741 2989 2780 nos
3015 2735 3118 2779 tua:
3145 2725 3416 2796 petitionis
3446 2728 3718 2796 negotium
3736 2741 3840 2783 cum

2263 2833 2454 2890 lnz'gno
2491 2829 2545 2874 et
2581 2836 2712 2872 sano
2750 2819 2940 2888 gatnlio
2979 2820 3235 2874 liniretur.
3273 2817 3362 2873 Sic
3402 2817 3548 2872 illam
3585 2820 3839 2876 caelestem

2263 2911 2518 2977 patriam,
2551 2926 2706 2979 quam
2734 2926 2854 2964 cum
2884 2909 3189 2964 intticndam
3209 2924 3328 2963 essu
3349 2909 3657 2974 suaderent,
3683 2910 3838 2966 libens

2263 3009 2314 3054 te
2340 3001 2606 3067 accepisse
2628 3001 2807 3055 dixisti
2829 3041 2843 3065 ,
2873 3017 2939 3056 ex
2971 3001 3126 3070 lmjus
3148 3001 3308 3056 etiatn
3329 3040 3345 3068 ,
3366 3017 3483 3070 qua:
3505 3010 3557 3056 te
3573 3001 3838 3057 carnaliter

2260 3095 2442 3163 genuit
2467 3135 2481 3156 ,
2525 3110 2646 3148 ιρι-ιι
2675 3105 2730 3149 et
2762 3093 2843 3163 pia
2871 3094 3157 3148 dilectione
3186 3094 3540 3164 protnereris;
3570 3109 3701 3149 vere
3722 3109 3838 3150 con-

2261 3185 2442 3238 sulens
2464 3185 2566 3237 tuis
2592 3201 2696 3238 non
2718 3185 2784 3238 ad
2807 3185 3089 3238 vanitatem
3115 3183 3308 3237 laetitia-
3336 3186 3641 3252 temporalis
3667 3184 3836 3242 necad

2262 3276 2626 3344 impunitatem
2675 3277 3172 3346 perniciosissimam
3219 3277 3472 3346 sceleris,
3504 3277 3601 3333 sed
3628 3277 3696 3332 ad
3723 3291 3836 3348 gra-

2263 3368 2386 3420 tiam
2419 3368 2757 3438 sempitcrune
2786 3368 3071 3422 felicitatis.

2332 3461 2418 3514 ll.
2472 3460 2645 3515 Ilabes
2690 3461 2963 3530 expositas
3009 3461 3059 3514 itt
3103 3459 3200 3514 hac
3238 3474 3395 3514 causa
3425 3461 3835 3531 cogitationeset

2261 3563 2380 3605 vota
2414 3554 2644 3621 pectoris
2675 3554 2800 3607 utei.
2831 3551 2966 3618 Quid
2998 3563 3172 3607 autent
3208 3554 3370 3607 lateat
3392 3553 3444 3607 iu
3474 3553 3697 3609 consilio
3722 3552 3830 3618 Dei,

2262 3641 2460 3706 lateor,
2495 3645 2654 3696 homo
2683 3660 2798 3698 sunt
2821 3685 2835 3706 ,
2869 3645 3050 3698 nescio
3081 3662 3095 3698 :
3130 3644 3380 3714 quidquid
3413 3643 3540 3698 illud
3559 3656 3674 3708 est,
3697 3645 3833 3699 idest

2255 3734 2451 3800 justius
2473 3774 2486 3794 ,
2537 3744 2694 3802 atque
2743 3734 3068 3803 sapientius,
3107 3742 3164 3786 ct
3191 3733 3492 3788 lirtnissinte
3519 3734 3828 3799 stabilitunt,

2260 3823 2658 3893 incomparabili
2704 3822 3016 3878 excellentia
3055 3839 3162 3892 pra:
3188 3823 3436 3877 omnibus
3460 3823 3719 3878 mentibus
3742 3821 3831 3878 ho-

2259 3916 2482 3970 minum.
2516 3913 2708 3968 Verum
2740 3925 2821 3970 cst
2857 3916 3051 3985 quippe
3087 3914 3227 3985 quod
3261 3916 3449 3986 legitur
3474 3917 3525 3970 itt
3551 3915 3719 3971 Libris
3740 3929 3828 3969 no-

2258 4009 2384 4062 stris
2401 4049 2416 4075 ,
2463 4007 2517 4061 Μ
2523 4008 2644 4061 ultre
2689 4008 3013 4077 cogitationes
3036 4017 3149 4062 sunt
3176 4008 3229 4060 iu
3259 4008 3409 4060 corde
3429 4007 3522 4062 viri
3538 4049 3555 4072 ,
3583 4005 3828 4062 consilium

2258 4111 2425 4153 autem
2441 4099 2647 4154 Domini
2659 4110 2823 4153 nutriet
2838 4101 2887 4153 iu
2903 4111 3141 4154 aeternum
3161 4097 3343 4170 (Prov.
3373 4099 3601 4174 11131).
3621 4099 3827 4155 Proinde

2257 4191 2380 4261 quid
2395 4203 2600 4260 tempus
2619 4192 2823 4254 allerat,
2839 4191 2959 4260 qttid
2975 4190 3127 4244 nobis
3146 4192 3402 4246 facultatis
3416 4201 3508 4245 aut
3524 4191 3826 4246 difﬁcultatis

2257 4285 2605 4352 o.-iatar,qnid
2625 4297 2894 4353 poSll'enIO
2914 4285 3194 4339 voluntatis
3206 4302 3270 4340 ex
3286 4302 3462 4342 rerum
3481 4286 3820 4358 prmsentium,

2258 4377 2337 4429 vel
2368 4381 2722 4438 currectione,
2750 4378 2828 4432 vel
2859 4389 2979 4446 Spe,
3004 4377 3176 4432 subito
3192 4378 3358 4448 possit
3384 4381 3634 4446 existere,
3660 4392 3820 4434 utru

2260 4467 2399 4522 Deus
2440 4469 2516 4520 sic
2556 4468 2859 4538 indignetur
2898 4471 2977 4525 his
3016 4471 3165 4524 factis
3189 4512 3202 4535 ,
3231 4481 3287 4525 ut
3311 4489 3370 4525 ea
3391 4513 3406 4535 ,
3436 4489 3592 4542 quam
3619 4481 3818 4544 petunt,

2257 4558 2568 4626 impunitate
2595 4561 2760 4630 magis
2780 4561 3120 4631 severiusque
3149 4563 3453 4632 puniantur,
3484 4577 3551 4617 an
3573 4564 3657 4618 illo
3676 4559 3818 4617 modo

2255 4664 2362 4719 quo
2385 4649 2537 4704 nobis
2571 4651 2740 4718 placet
2759 4651 3084 4706 coercendos
3108 4651 3739 4723 misericorditerjudicet,
3754 4668 3814 4707 an

2256 4740 2427 4810 aliqua
2451 4740 2664 4797 duriore
2683 4783 2697 4807 ,
2727 4742 2819 4796 sed
2845 4742 3138 4796 salubnore
3157 4758 3340 4796 eorum
3367 4745 3691 4811 pnnccdente
3707 4757 3813 4798 cor-

2256 4833 2506 4899 rectione,
2534 4850 2629 4890 uec
2648 4835 2712 4888 ad
2737 4834 3028 4896 hominum,
3051 4835 3141 4890 sed
3163 4835 3229 4889 ad
3253 4850 3403 4890 suam
3425 4837 3811 4894 miseritairdiam

2255 4926 2429 4979 veraci
2477 4928 2823 4981 conversione
2864 4925 3117 4998 quidquid
3153 4928 3375 4982 terroris
3410 4931 3809 5000 pra-parabatur,

2254 5027 2458 5070 avertat
2487 5029 2540 5071 et
2568 5029 2834 5072 convertat
2867 5019 2917 5072 itt
2947 5019 3228 5089 gaudium,
3255 5020 3364 5088 jam
3393 5022 3542 5076 novit
3565 5022 3671 5092 ipse
3690 5062 3704 5087 ,
3731 5033 3811 5075 nos

2254 5121 2428 5163 autem
2450 5110 2768 5178 ignoramus.
2784 5111 2916 5176 Quid
2938 5126 3064 5181 etgo
3082 5111 3168 5166 ltie
3187 5123 3308 5167 ante
3335 5123 3460 5182 tem;
3482 5129 3564 5181 u-,
3587 5115 3715 5170 inter
3731 5125 3808 5166 uos

2255 5216 2352 5270 ego
2394 5211 2442 5253 et
2488 5199 2583 5253 Pra
2604 5201 2792 5254 stantia
2826 5211 2910 5254 tua
2944 5202 3132 5256 frustra
3153 5204 3488 5261 laboremus?
3510 5205 3809 5276 Seponamus

2257 5290 2524 5359 paululum
2555 5305 2731 5342 curam
2761 5291 2909 5359 cujus
2940 5291 3068 5346 hora
3100 5309 3204 5346 non
3234 5304 3349 5356 est.
3379 5308 3435 5351 et
3457 5297 3597 5368 quod
3623 5305 3805 5364 semper

2257 5385 2444 5447 instat,
2486 5383 2529 5436 si
2568 5382 2770 5452 placet,
2807 5398 3044 5453 agamus.
3073 5385 3283 5442 Nuilum
3314 5389 3457 5444 enim
3487 5401 3686 5462 tempus
3709 5395 3801 5450 est,

2252 5493 2356 5547 quo
2387 5493 2490 5530 non
2522 5476 2705 5530 deceat
2733 5487 2785 5531 et
2811 5487 3054 5546 Oporteat
3081 5495 3269 5550 agere,
3305 5484 3447 5541 unde
3478 5488 3589 5540 Deo
3623 5486 3803 5556 placere

2257 5586 2289 5639 ιι
2312 5571 2550 5632 ussimus;
2593 5570 2731 5640 qttod
2775 5570 2825 5625 in
2856 5572 3085 5650 hac_vita
3117 5588 3283 5643 ttSqtte
3303 5576 3369 5630 ad
3397 5591 3516 5632 eam
3547 5577 3800 5647 perfectio-

2256 5678 2374 5716 ιιι-ιιι
2406 5663 2642 5731 impleri,
2693 5673 2749 5717 ιιι
2792 5663 2990 5718 uullutn
3033 5669 3250 5720 omnino
3295 5681 3563 5735 peceatum
3608 5669 3720 5723 insit
3753 5664 3797 5720 in

2253 5753 2467 5809 homine
2506 5765 2597 5808 aut
2637 5771 2742 5810 non
2786 5765 2990 5826 potest,
3030 5765 3112 5811 aut
3160 5757 3294 5814 forte
3325 5758 3794 5830 diﬂicilimuntest:
