3990 6386
200 524 310 581 unde
332 520 545 594 praecisis
567 516 804 574 omnibus
829 510 1168 572 dilationibus
1188 556 1204 578 ,
1235 514 1300 569 ait
1329 516 1468 569 illius
1489 515 1710 584 gratiam

197 612 547 685 conﬂigiendum
572 620 649 667 est
667 651 682 675 ,
706 610 787 665 cui
816 609 1093 663 verissime
1111 607 1212 661 dici
1241 616 1413 676 potest
1431 605 1569 676 quod
1591 622 1707 660 ear-

198 708 310 763 mine
329 701 602 760 adulatoria
636 702 813 756 neSeio
848 698 933 754 cui
958 698 1119 754 nobili
1144 698 1299 764 dixit,
1324 697 1412 767 qui
1440 706 1615 751 tamen
1640 710 1707 750 ex

196 799 369 854 CltltLTO
384 837 397 859 ,
425 805 657 866 tanquam
685 809 749 849 cs
771 792 1079 863 prophetico
1102 790 1338 846 carmine
1357 804 1415 845 se
1439 788 1707 858 accepisse

195 892 421 947 writessus
440 898 518 944 est
540 904 553 940 :

290 1030 341 1073 re
359 1021 490 1076 duce.
513 1022 553 1071 si
574 1034 665 1085 qua
686 1027 881 1072 manent
901 1020 1105 1073 sceleris
1124 1021 1328 1085 vestigia
1349 1022 1518 1080 nostri,

288 1105 404 1155 Irrita
424 1110 651 1168 [mp-ctua
672 1102 865 1155 solvent
887 1103 1138 1155 tortnidine
1162 1110 1335 1154 terras.

984 1185 1145 1252 (rirg.
1168 1186 1328 1250 Eclog.
1353 1185 1426 1249 4.)

193 1332 276 1388 lloc
298 1332 422 1387 enim
442 1330 588 1391 duce.
610 1331 795 1386 solutis
813 1330 1060 1386 omnibus
1079 1331 1415 1403 dimissisque
1444 1332 1670 1402 peccatis
1689 1373 1704 1398 ,

194 1424 267 1479 hac
292 1424 359 1477 via
382 1423 440 1475 ad
467 1423 734 1477 ca‘lcstem
768 1424 988 1493 patriam
1032 1427 1372 1494 pervenitur,
1417 1426 1567 1494 cujus
1618 1424 1710 1479 ba-

193 1515 397 1568 bitationc
431 1528 546 1568 enm
592 1528 709 1567 eam
758 1513 850 1567 tibi
895 1514 1172 1568 annnnlam
1198 1556 1214 1581 ,
1242 1526 1492 1585 quantum
1521 1515 1706 1585 potui,

190 1605 591 1668 conuuendaretn,
646 1605 931 1661 admodum
983 1606 1273 1663 di-leetatus
1296 1624 1375 1663 es.

243 1697 438 1753 (ΖΑΡΙῚΤ
464 1697 631 1750 l\".—
649 1697 733 1752 ti.
763 1697 867 1753 Sed
891 1701 1013 1768 quia
1039 1698 1214 1755 dixisti
1231 1700 1369 1766 quod
1386 1715 1569 1755 onmes
1592 1715 1709 1756 eam

190 1788 301 1859 leges
334 1787 544 1843 diversis
586 1788 686 1842 viis
720 1796 775 1842 et
804 1789 1101 1843 tramitibus
1126 1802 1406 1860 appetant;
1436 1807 1620 1847 vereor
1645 1806 1712 1846 ne

188 1879 322 1942 forte,
345 1895 452 1934 cum
482 1890 635 1950 putas
659 1881 815 1935 etiam
846 1880 985 1935 illam
1021 1883 1179 1945 viam,
1213 1883 1263 1937 in
1292 1900 1392 1953 qua
1419 1900 1557 1939 nunc
1577 1901 1709 1939 con-

186 1973 360 2027 slitnttts
384 1988 468 2038 es,
501 1987 566 2027 eo
596 1972 813 2028 tendere
833 2015 846 2036 ,
878 1974 1073 2043 pigrior
1097 1974 1171 2029 eis
1196 1975 1259 2029 ad
1287 1992 1404 2031 eam
1431 1978 1711 2033 tenendam

186 2079 277 2133 qua!
313 2066 421 2119 idne
444 2065 552 2119 sola
581 2065 837 2134 perducit.
866 2065 970 2121 Sed
998 2083 1179 2123 rursus
1204 2069 1419 2125 verbum
1446 2071 1584 2141 quod
1617 2086 1712 2140 po-

187 2155 303 2208 suisti
325 2155 594 2227 diligenter
619 2156 899 2211 attendens
922 2200 935 2219 ,
961 2158 1143 2213 videor
1165 2160 1292 2214 mihi
1327 2171 1466 2215 tuam
1490 2176 1593 2215 non
1617 2160 1714 2215 im-

189 2246 398 2314 pudenter
434 2248 644 2319 aperire
686 2248 1003 2302 sententiam
1048 2266 1062 2303 :
1112 2266 1282 2321 neque
1319 2252 1460 2306 enim
1500 2251 1709 2316 dixisti,

186 2353 308 2408 quam
350 2354 529 2395 oumes
572 2340 720 2410 leges
759 2340 986 2395 diversis
1027 2341 1125 2396 viis
1163 2351 1217 2398 et
1248 2344 1542 2397 tramitibus
1571 2357 1715 2398 asse-

185 2438 402 2497 quuntur,
443 2439 531 2484 ant
578 2430 903 2496 ostendunt,
945 2442 1035 2486 ant
1075 2433 1375 2498 inveniunt,
1418 2444 1507 2488 aut
1539 2435 1714 2505 ingre-

183 2520 385 2586 dinntnr,
426 2532 511 2576 aut
549 2523 827 2587 obtinent,
854 2534 943 2577 attt
971 2524 1166 2594 aliqmd
1194 2525 1484 2594 ejusmodi,
1515 2526 1607 2581 sed
1636 2526 1718 2580 di-

184 2613 351 2672 cendo.
376 2623 606 2684 appetunt
628 2654 646 2677 ,
676 2614 868 2668 librato
894 2614 1086 2675 verbo.
1116 2626 1275 2684 atque
1297 2631 1574 2687 permenso,
1609 2632 1714 2671 non

184 2702 467 2772 adeptionem
508 2706 819 2777 signiﬁcasti
839 2745 856 2771 ,
890 2707 982 2760 sed
1006 2706 1329 2778 adipiscendi
1353 2709 1713 2777 cupiditatem.

188 2792 249 2849 lta
275 2813 356 2851 nec
378 2799 506 2854 illam
534 2814 660 2870 qnze
692 2815 814 2854 vera
841 2808 921 2853 est
940 2840 956 2865 ,
986 2801 1286 2867 exclusisti,
1320 2817 1416 2856 nec
1444 2801 1574 2855 alias
1595 2816 1717 2873 qua:

186 2886 308 2941 falsa:
337 2902 437 2943 sum
455 2930 471 2954 ,
505 2890 806 2954 admisisti,
835 2899 890 2945 et
914 2890 999 2945 illa
1020 2876 1211 2961 quippe
1237 2894 1435 2963 appetit
1454 2909 1572 2963 qua:
1596 2909 1717 2962 per-

182 2977 323 3037 ducit.
347 2997 434 3035 nec
460 2980 699 3050 perducit
730 2980 903 3034 omnis
929 2998 1046 3051 qua:
1077 2980 1175 3037 boc
1198 2984 1430 3052 appetit;
1452 2984 1719 3053 quoquis-

182 3069 273 3139 qui~
298 3072 607 3139 perducitur,
633 3071 748 3124 sine
770 3070 873 3124 ulla
894 3070 1219 3127 dubitatione
1241 3076 1423 3127 beatus
1444 3084 1545 3129 est.
1572 3073 1719 3129 Beati

181 3168 323 3214 autem
348 3175 524 3217 omnes
549 3175 676 3216 esse
703 3159 977 3227 volumus,
1010 3162 1111 3217 hoc
1137 3173 1214 3217 est
1233 3204 1249 3230 ,
1277 3165 1593 3235 appetimns,
1622 3177 1720 3219 nec

184 3261 327 3308 tamen
357 3272 539 3312 onlnes
568 3256 659 3326 qni
692 3255 932 3311 volumus
958 3271 1241 3328 possumus
1259 3296 1273 3317 .
1306 3255 1403 3310 bne
1431 3265 1546 3321 est,
1578 3254 1718 3324 quod

182 3359 235 3414 ap
262 3346 437 3403 etinnts
475 3349 842 3418 adipiscimur.
877 3350 966 3405 Ille
991 3365 1117 3420 ergo
1140 3349 1445 3418 adipiscitur
1470 3346 1561 3419 qui
1583 3349 1719 3402 viam

183 3444 294 3491 tenet
327 3455 424 3495 non
456 3442 633 3496 solum
660 3457 761 3511 qua
791 3441 839 3495 id
861 3444 1054 3512 appetit
1077 3484 1093 3508 ,
1118 3442 1209 3497 sed
1235 3456 1334 3512 qua
1355 3442 1513 3497 etiam
1541 3456 1723 3510 perve-

182 3530 323 3597 nitur,
364 3535 672 3603 relinquens
710 3534 846 3588 alios
884 3534 935 3588 in
968 3532 1241 3589 itineribus
1266 3532 1575 3603 appetendi,
1609 3531 1725 3587 sine

182 3619 263 3675 line
284 3622 625 3694 adipiscendi.
652 3626 909 3693 Quoniam
940 3639 1039 3679 nec
1066 3639 1216 3678 error
1242 3631 1384 3679 esset
1405 3624 1447 3677 si
1477 3621 1604 3678 nihil
1626 3637 1724 3692 ap-

182 3723 441 3782 peteretar,
488 3733 593 3773 nec
641 3718 684 3771 si
724 3711 953 3789 appetita
979 3717 1174 3773 veritas
1202 3728 1487 3772 teneretur.
1513 3716 1569 3772 Si
1600 3731 1725 3772 vero

180 3806 382 3863 diversas
405 3810 517 3865 vias
544 3812 619 3865 ita
650 3809 846 3873 dixisti,
872 3818 929 3865 ut
953 3823 1056 3863 non
1080 3808 1430 3879 intelligamus
1450 3809 1723 3875 adversas,

180 3898 295 3953 sicut
328 3899 551 3957 dicimus
589 3900 799 3956 diversa
844 3910 1139 3970 praecepta,
1177 3916 1296 3973 qum
1336 3909 1509 3957 tamen
1549 3898 1726 3956 omnia

182 3986 342 4046 bouatn
365 3993 633 4048 :editicent
660 3992 855 4056 vitam,
886 3992 987 4045 alia
1017 3992 1084 4046 de
1112 3993 1353 4047 castitate
1374 4032 1390 4056 ,
1421 3992 1519 4044 alia
1545 3990 1613 4045 de
1634 4005 1727 4059 pa-

181 4082 367 4149 tientia,
407 4086 508 4140 atia
549 4083 624 4140 de
661 4085 791 4150 lide,
822 4083 922 4137 alia
950 4082 1017 4138 de
1042 4082 1432 4145 misericordia,
1461 4091 1516 4136 et
1542 4082 1584 4135 si
1610 4096 1728 4152 qua:

180 4182 286 4227 sum
329 4185 514 4230 cetera
540 4190 557 4241 ;
604 4190 710 4229 non
736 4174 907 4230 solum
937 4174 1202 4244 appetitur
1231 4173 1327 4226 viis
1354 4182 1408 4226 et
1432 4172 1730 4226 tramitibus

181 4260 237 4315 ita
257 4264 466 4321 diversis
493 4268 581 4321 illa
614 4266 776 4333 patria
793 4306 809 4329 ,
840 4280 1017 4319 vermn
1046 4263 1204 4319 etiam
1229 4263 1507 4334 reperitur.
1532 4261 1659 4318 Nam
1678 4271 1729 4317 et

182 4350 223 4404 in
261 4351 539 4425 Scriptnris
585 4356 785 4409 sanctis
828 4364 883 4409 et
911 4356 1008 4409 viae
1052 4355 1328 4425 leguntur,
1360 4364 1413 4409 et
1440 4355 1518 4408 via
1550 4372 1563 4408 :
1596 4354 1727 4419 viae,

182 4444 294 4498 sicut
335 4447 459 4501 illttd
501 4457 582 4502 est
606 4487 623 4511 ,
666 4444 864 4499 Docebo
899 4446 1097 4515 iniquos
1129 4446 1233 4500 vius
1258 4456 1399 4511 tuas,
1430 4454 1476 4499 et
1501 4444 1642 4513 impii
1665 4443 1734 4497 ad

183 4542 222 4586 te
250 4550 585 4594 convertentur
614 4537 787 4605 (Psal.
826 4554 883 4603 ι,
927 4540 1044 4609 15);
1078 4539 1193 4605 via,
1220 4541 1354 4593 sient
1382 4539 1527 4604 illud,
1562 4537 1734 4592 Deduc

182 4641 247 4681 tlte
272 4629 321 4683 in
353 4632 431 4685 sia
449 4643 539 4685 tua
555 4672 573 4697 ,
600 4641 648 4685 et
665 4629 929 4685 ambulabo
947 4631 999 4684 in
1018 4633 1321 4685 eeritatetua
1338 4630 1507 4700 (Psal.
1523 4645 1732 4696 Lxxxv,

186 4716 277 4789 ll).
314 4721 427 4777 Non
460 4725 605 4788 utne,
649 4721 785 4788 illm,
821 4722 921 4777 alia
956 4725 1083 4785 ista;
1123 4721 1215 4776 sed
1260 4738 1446 4776 otnncs
1485 4738 1585 4776 una
1610 4764 1625 4788 ,
1668 4721 1737 4777 de

183 4814 346 4883 Quibus
389 4816 499 4871 alio
538 4817 658 4871 loco
694 4814 878 4870 cadam
907 4824 1086 4870 saneni
1117 4814 1383 4881 Scriptura
1412 4813 1572 4877 dicit,
1605 4811 1736 4867 Uni-

186 4917 317 4960 tmc
330 4910 416 4961 vite
438 4906 648 4961 Domini
662 4906 1001 4960 misericordia
1013 4915 1058 4959 et
1070 4904 1247 4958 veritas
1262 4901 1385 4974 (ΡΜ
1394 4903 1429 4956 ι.
1445 4918 1591 4970 XXIV,
1616 4902 1702 4973 l0)
1721 4919 1734 4956 :

182 5010 282 5063 qua:
322 4999 365 5053 si
402 4998 691 5070 di'igenter
734 4998 1163 5062 considerantur,
1215 4999 1486 5066 copiosum
1532 4996 1742 5067 pariunt

186 5100 463 5146 senuenem
492 5130 513 5157 ,
559 5091 985 5159 intellectmnque
1043 5088 1455 5154 suavissimum;
1506 5088 1649 5158 quod
1692 5090 1741 5143 si

184 5193 301 5247 opus
332 5180 488 5237 fuerit
505 5224 522 5249 ,
556 5183 609 5237 in
637 5192 842 5251 tempus
867 5180 1008 5236 aliud
1035 5180 1296 5236 «litteram.

246 5270 327 5325 15.
357 5271 509 5327 Nunc
539 5283 714 5328 autem
735 5313 751 5338 ,
782 5273 922 5343 quod
953 5275 1082 5326 satis
1105 5287 1223 5326 esse
1250 5271 1478 5326 arbitrer
1503 5286 1595 5341 pro
1620 5285 1741 5326 sus-

185 5371 323 5429 cepto
361 5365 541 5421 oﬂicio
580 5364 901 5420 rescribendi
946 5364 1267 5419 l’ra-stantia:
1316 5375 1417 5418 tua:
1441 5404 1458 5428 ,
1493 5365 1741 5434 quoniam

188 5447 687 5528 Cbristusdm'tJfgo
699 5473 809 5511 sum
826 5456 905 5509 vin
918 5453 1348 5526 (loan.XIv,6).in
1363 5456 1450 5509 illo
1463 5456 1742 5527 quaerenda

188 5550 256 5595 est
280 5544 640 5625 misericordia
664 5558 717 5603 et
730 5548 941 5612 veritas;
958 5565 1021 5602 ne
1033 5548 1076 5601 si
1089 5549 1208 5602 alibi
1223 5550 1742 5619 qtaesierimuserre-

191 5647 326 5701 mus,
351 5648 595 5694 tenentes
617 5649 951 5711 appetentem
981 5640 1117 5694 viam
1138 5681 1151 5707 ,
1179 5644 1269 5695 sed
1300 5657 1403 5696 non
1430 5642 1588 5696 etiam
1621 5658 1742 5712 per-

187 5720 475 5783 dat-cutem.
512 5727 661 5785 Velut.
680 5731 722 5784 si
746 5730 883 5785 hanc
910 5732 1074 5800 ipsam
1103 5740 1284 5787 tenere
1310 5732 1584 5802 vellemus,
1608 5735 1745 5791 unde

190 5817 419 5890 quiddam
462 5824 920 5891 CltltllIIt’llltil'aSli,
965 5826 1141 5881 omnia
1184 5838 1392 5897 peccata
1419 5841 1537 5884 esse
1562 5827 1741 5899 paria;

456 5910 678 5991 Sutor.
724 5919 857 5980 Avo
988 5960 1001 5974 .
1038 5915 1115 5978 II.

1286 397 1760 459 EPISTOLARUM
1796 397 2068 457 CLASSIS
2103 394 2163 456 ll.

2608 348 2649 372 ι,

3283 399 3389 463 394

1822 526 1997 566 nonne
2033 512 2102 565 ab
2146 512 2231 567 illa
2272 514 2437 581 patria
2482 512 2721 569 veritatis
2743 512 3085 572 ctbcatitatis
3112 531 3209 572 nos
3234 518 3392 588 longe

1814 605 2023 660 exsules
2051 606 2322 660 mitteret?
2349 605 2485 673 Quid
2509 606 2649 662 enim
2678 606 2987 670 absurdius,
3010 609 3131 677 quid
3156 609 3391 668 insanius

1814 697 1913 752 dici
1952 708 2156 765 potest,
2186 713 2343 769 quam
2374 709 2428 752 ut
2457 699 2543 753 ille
2572 700 2660 770 qui
2701 699 2969 770 :tliqttanln
2996 702 3389 761 immoderatius

1813 788 2019 852 riserit,
2064 798 2116 843 et
2165 790 2252 844 ille
2292 789 2380 859 qui
2425 791 2644 858 patriam
2685 790 3030 846 truculentius
3057 792 3387 863 incenderit,

1815 893 2061 949 peccasse
2100 880 2402 948 judicentnr
2447 880 2760 951 a-qnaliter?
2799 881 2966 949 Quam
3002 883 3215 953 quidem
3244 894 3297 939 tu
3323 897 3389 945 ex

1814 972 2160 1041 quorumdam
2208 972 2635 1043 philosophorum
2680 974 2928 1043 opinione
2974 993 3078 1029 non
3121 976 3388 1035 diversam

1816 1062 1949 1116 viam
1969 1104 1985 1126 ,
2028 1078 2148 1132 qua:
2196 1073 2368 1118 tamen
2397 1062 2553 1118 ducat
2581 1064 2649 1118 ad
2674 1066 2948 1121 caelestem
2978 1066 3352 1124 habitationem
3382 1109 3399 1133 ,

1814 1152 1906 1207 scd
1940 1153 2094 1222 plane
2119 1168 2454 1223 perversam,
2486 1170 2603 1225 qua:
2621 1156 2764 1211 ducit
2789 1156 2855 1211 ad
2886 1159 3393 1226 perniciosissimum

1812 1258 2076 1309 errorem,
2127 1260 2229 1299 non
2276 1260 2370 1314 pro
2414 1254 2505 1301 tuo
2540 1261 2733 1312 sensu,
2770 1248 2863 1304 sed
2903 1265 2995 1317 pro
3018 1264 3175 1304 causa
3197 1251 3396 1310 civium

1816 1343 2022 1388 tuorum
2064 1333 2416 1391 adhibendam
2461 1338 2693 1407 putasti;
2737 1348 2793 1392 ιιι
2833 1341 2910 1394 sic
2948 1340 3280 1410 ignoscamus
3313 1343 3393 1400 eis

1814 1440 2037 1493 quorum
2080 1427 2411 1480 saevientium
2456 1427 2661 1499 ignibus
2704 1429 2833 1483 arsit
2872 1429 3104 1484 Ecclesia
3135 1470 3151 1497 ,
3202 1447 3391 1502 quem-

1813 1512 2095 1568 admodum
2131 1515 2526 1586 ignosceremus
2550 1558 2564 1582 ,
2610 1518 2655 1572 si
2684 1518 2752 1573 ab
2794 1518 2875 1575 eis
2916 1520 3091 1591 aliquo
3137 1523 3395 1590 petulanti

1813 1604 2053 1659 convicio
2078 1615 2467 1675 appetercmur.

1887 1699 1974 1753 14.
2020 1698 2124 1755 Sed
2161 1699 2605 1768 quemadmodum
2664 1700 2716 1756 id
2764 1701 3091 1759 adstrinxeris
3126 1703 3289 1760 vide:
3327 1704 3396 1761 Et

1814 1790 1860 1844 si
1898 1799 1953 1844 ut
1994 1792 2290 1860 quibusdam
2312 1831 2328 1857 ,
2388 1791 2597 1862 inquis,
2651 1793 2964 1863 philosophis
3004 1782 3196 1863 placet,
3223 1798 3393 1853 omnia

1819 1894 2019 1952 peccata
2063 1884 2207 1953 paria
2250 1894 2393 1949 sunt,
2438 1884 2750 1954 indulqentia
2789 1886 3017 1941 omnibus
3080 1888 3222 1944 debet
3288 1907 3396 1944 esss

1817 1976 2111 2030 communis.
2187 1974 2385 2031 Deinde
2448 1991 2567 2032 cum
2629 1978 2777 2047 quasi
2852 1980 3053 2033 moliris
3113 1982 3395 2037 ostendere

1817 2068 1994 2120 omnia
2053 2068 2196 2137 paria
2258 2082 2378 2122 esse
2424 2078 2634 2137 peccata
2658 2109 2673 2133 ,
2702 2068 2979 2139 subjungis
3003 2078 3055 2123 et
3076 2067 3209 2124 dicis
3239 2089 3252 2123 ε
3285 2068 3388 2124 Pe-

1819 2159 2060 2214 tulantius
2123 2160 2314 2214 locutus
2378 2168 2447 2215 est
2491 2160 2704 2228 aliquis,
2748 2160 2999 2230 peccavit;
3032 2160 3255 2215 convicia
3303 2171 3394 2215 aut

1818 2252 2030 2305 crimina
2087 2251 2338 2321 ingessit,
2387 2266 2527 2321 atque
2575 2251 2811 2319 peccarit.
2871 2250 2983 2306 lloc
3023 2266 3128 2305 non
3171 2260 3253 2306 est
3293 2251 3392 2306 do-

1818 2360 1968 2409 cere,
2007 2345 2099 2401 sed
2138 2345 2188 2399 id
2214 2344 2354 2414 quod
2387 2358 2633 2414 perverse
2659 2345 2885 2398 sentitur
2907 2386 2922 2411 ,
2952 2344 3070 2398 sine
3096 2343 3197 2399 ulla
3226 2343 3395 2399 docn-

1821 2445 2118 2490 mentorum
2153 2452 2181 2487 a
2216 2436 2476 2489 trnetionc
2501 2449 2816 2505 proponere.
2850 2434 2930 2489 Ad
2958 2434 3059 2489 hoc
3082 2436 3225 2490 enim
3253 2436 3397 2505 quod

1820 2527 1984 2591 dicis,
2033 2543 2174 2598 a'que
2217 2528 2470 2598 peccauit,
2524 2528 2628 2582 cito
2672 2528 3058 2595 respondetur,
3103 2546 3207 2583 tton
3243 2545 3397 2600 aeque

1821 2619 2077 2689 peccavit.
2124 2618 2301 2687 Exigis
2346 2617 2584 2671 fortassis
2619 2626 2674 2671 ut
2700 2617 2916 2686 probem
2947 2636 2960 2671 :
2990 2618 3111 2688 quid
3137 2620 3278 2673 enim
3310 2629 3398 2683 tu,

1820 2710 1960 2781 quod
2007 2724 2155 2778 teque
2199 2706 2526 2779 peccaverit,
2552 2710 2661 2777 jam
2692 2708 2961 2778 probasti?
2998 2710 3077 2764 An
3105 2710 3230 2763 illud
3256 2710 3401 2779 quod

1816 2801 1993 2871 jungis
2040 2800 2357 2856 audiendum
2402 2801 2526 2855 est?
2578 2801 2757 2854 Aliena
2781 2801 2988 2871 quisque
3014 2802 3404 2872 diripuit,inter

1829 2893 2010 2947 delicta
2058 2903 2364 2947 numeratur.
2413 2892 2508 2947 Hie
2565 2893 2723 2947 etiam
2778 2902 2831 2946 tu
2872 2894 2985 2960 ipse
3011 2893 3401 2949 verecundatus

1823 3000 1881 3038 es
1923 3002 1937 3038 :
1978 2984 2161 3055 puduit
2196 2983 2336 3037 enim
2374 2993 2424 3038 te
2464 2983 2641 3037 dicere
2665 2983 2804 3051 quod
2836 2984 3070 3052 peccavit
3095 2984 3399 3054 aequaliter;

1825 3076 1952 3140 sed,
2020 3078 2151 3130 inter
2189 3076 2372 3129 delicta
2404 3117 2417 3138 ,
2469 3075 2672 3145 inquis,
2722 3086 3030 3130 muneratur.
3083 3074 3195 3130 Non
3222 3085 3402 3132 autem

1826 3168 1895 3223 ibi
1923 3168 2145 3238 quaestio
2173 3178 2251 3222 est
2279 3177 2455 3221 utrntn
2482 3176 2547 3221 et
2565 3168 2664 3220 hoc
2693 3166 2827 3220 inter
2853 3166 3039 3220 delicta
3064 3178 3401 3233 numeretur,

1826 3259 1919 3313 sed
1952 3267 2125 3312 utrum
2159 3257 2257 3311 hoc
2286 3257 2357 3311 illi
2389 3257 2584 3312 delicto
2606 3255 2902 3325 :equalitate
2925 3256 3196 3326 jungatur.
3227 3259 3331 3312 Aut
3358 3259 3407 3313 si

1826 3359 2104 3420 propterea
2128 3358 2249 3403 sunt
2275 3350 2415 3419 paria
2433 3390 2448 3415 ,
2473 3349 2592 3419 quia
2615 3357 2835 3419 utraque
2854 3348 3040 3403 delicta
3062 3360 3203 3413 sunt,
3229 3365 3406 3406 mures

1827 3452 1880 3498 et
1905 3443 2170 3512 elephanti
2201 3457 2350 3511 pares
2376 3450 2534 3496 erunt
2552 3482 2567 3502 ,
2590 3443 2713 3511 quia
2740 3451 2956 3511 utraque
2976 3451 3099 3496 sunt
3121 3443 3405 3509 animalia;

1828 3547 2025 3587 musca:
2053 3543 2101 3587 et
2132 3531 2321 3601 aquila:
2339 3573 2354 3595 ,
2382 3532 2501 3601 quia
2526 3540 2747 3601 utraque
2770 3532 3015 3586 volatilia.

1899 3624 1986 3679 15.
2028 3621 2213 3678 Adhuc
2256 3624 2414 3677 etiam
2460 3622 2790 3692 progrederis
2840 3634 2889 3676 et
2931 3624 3198 3692 t-onjectas
3233 3623 3410 3681 :Loco

1830 3716 2045 3785 profana
2074 3729 2314 3783 sacraque
2337 3713 2554 3769 uiolauit.
2584 3730 2683 3766 non
2706 3723 2778 3766 est
2808 3712 2869 3767 ab
2899 3714 3211 3785 indulgentia
3243 3732 3409 3771 secer—

1830 3805 2041 3859 nendns.
2076 3805 2170 3859 llic
2193 3820 2321 3860 sane
2363 3804 2432 3859 de
2474 3805 2683 3860 violatis
2721 3806 2886 3859 sacris
2916 3806 3045 3861 totis
3093 3808 3157 3861 ad
3209 3808 3411 3864 facimts

1832 3908 2038 3953 tuorum
2055 3896 2247 3951 civium
2281 3896 2560 3965 pervenisti
2592 3915 2605 3950 :
2636 3912 2819 3951 verum
2859 3897 3105 3951 locutioni
3133 3900 3408 3966 petulanti,

1834 4003 1931 4043 nec
1949 3997 2001 4042 ιιι
2017 3987 2130 4056 ipse
2144 3988 2458 4056 comqnasti;
2479 3986 2839 4041 tantummodo
2854 3988 2930 4042 eis
2946 3988 3121 4058 petisti
3141 3990 3412 4057 indnlgen-

1835 4080 1982 4144 tiam,
2004 4095 2122 4149 qum
2148 4088 2291 4134 recte
2318 4080 2552 4147 petitura
2569 4078 2881 4133 Christianis
2897 4089 3111 4147 propter
3131 4080 3407 4135 abundan-

1836 4179 1939 4224 tem
1954 4169 2363 4233 miserationem,
2381 4182 2483 4221 nan
2500 4178 2712 4237 propter
2726 4179 3057 4236 peccatorum
3073 4168 3408 4237 parilitatem.

1840 4260 1951 4330 Ego
1995 4269 2168 4313 autem
2198 4274 2355 4327 supra
2384 4260 2534 4324 posui
2561 4258 2815 4327 scriptum
2845 4259 2894 4312 in
2935 4257 3145 4313 Litteris
3174 4261 3409 4316 nostris:

1842 4351 2098 4406 Universa:
2111 4350 2202 4402 via:
2224 4346 2426 4402 Domini
2452 4349 2789 4402 misericordia
2808 4359 2855 4402 et
2870 4349 3047 4402 ueritas
3065 4347 3237 4421 (Psal.
3260 4364 3411 4419 xstv,

1839 4444 1948 4515 10).
1968 4443 2367 4511 Consequentur
2383 4442 2556 4511 itaque
2572 4441 3006 4505 misericordiam,
3024 4442 3067 4495 si
3087 4458 3189 4496 non
3206 4444 3417 4499 oderint

1838 4540 2133 4589 veritatem.
2157 4534 2285 4599 Quae
2310 4548 2411 4586 non
2438 4532 2585 4602 quasi
2606 4547 2756 4601 a-qne
2773 4531 3127 4601 peccantibus,
3159 4548 3223 4587 ac
3250 4533 3294 4586 si
3325 4548 3417 4603 pe-

1840 4626 2090 4681 tulantius
2119 4622 2279 4678 locuti
2307 4624 2444 4687 sint;
2475 4623 2567 4678 sed
2595 4621 2663 4676 de
2695 4621 2897 4677 scelere
2926 4622 3304 4676 immanissima
3331 4632 3416 4677 at-

1840 4732 1944 4787 que
1964 4715 2126 4785 impio
2152 4724 2295 4769 recte
2325 4712 2698 4781 penitentibus
2722 4712 3008 4766 christiano
3027 4711 3148 4781 jure
3171 4713 3416 4769 debetur.

1842 4807 1923 4862 Tu
1958 4820 2106 4870 vero,
2147 4804 2228 4858 vir
2270 4802 2458 4857 merito
2506 4802 2802 4868 laudabilis,
2832 4819 2898 4856 ne
2922 4818 3101 4870 qumso
3130 4803 3227 4857 ista
3258 4816 3418 4873 para-

1842 4896 1978 4951 doxa
2018 4894 2316 4950 Stoicorum
2362 4892 2611 4947 sectanda
2640 4893 2832 4947 doceas
2871 4892 3199 4947 Paradoxum
3243 4902 3419 4962 tuum,

1844 5003 2000 5059 quem
2032 4986 2124 5041 tibi
2158 4996 2402 5055 Optamus
2431 5000 2554 5038 vera
2589 4984 2783 5055 pietate
2807 4998 2870 5036 ac
2903 4982 3148 5038 felicitate
3186 4985 3425 5055 grande-

1845 5095 2015 5135 scere.
2045 5078 2176 5134 Natn
2206 5076 2330 5148 quid
2349 5090 2636 5147 generosus
2648 5076 2955 5130 adolescens
2969 5089 3155 5146 sapere
3168 5077 3425 5147 iniquius,

1846 5182 1898 5228 et
1926 5172 2019 5227 tibi
2050 5171 2147 5240 ipsi
2177 5169 2520 5240 periculosius
2563 5177 2752 5236 potest,
2798 5182 2956 5236 quam
2994 5169 3040 5223 si
3076 5171 3314 5224 convicio
3364 5170 3423 5227 in

1846 5266 2129 5336 quemlibet
2155 5275 2460 5332 extraneum
2485 5261 2737 5329 jaculato,
2768 5276 2874 5315 non
2901 5262 3021 5317 dico
3060 5262 3418 5333 parricidium,

1849 5358 1941 5415 sed
1964 5360 2133 5428 ipsum
2164 5358 2214 5412 in
2238 5363 2438 5427 patrem
2454 5352 2747 5409 convicium
2775 5346 3164 5424 coaequaveritt

1920 5452 2005 5506 ili.
2033 5447 2421 5505 Convenienter
2463 5445 2637 5514 itaque
2672 5444 2810 5515 apud
2847 5459 2946 5500 nos
2975 5462 3070 5515 pro
3094 5444 3294 5500 civibus
3321 5445 3426 5503 tuis

1849 5545 1982 5615 agis,
2030 5540 2317 5613 ingerendo
2364 5539 2517 5594 nobis
2545 5539 2956 5594 misericordiam
2982 5537 3424 5608 Christianorum,

1850 5652 1955 5692 non
2003 5635 2248 5689 duritiam
2277 5632 2573 5686 Stoicorum
2604 5647 2617 5682 :
2647 5644 2765 5699 quae
2799 5643 2973 5683 causre
2997 5645 3028 5683 a
3058 5638 3109 5685 te
3145 5641 3427 5702 susceptae,

1851 5748 1955 5786 non
1974 5728 2130 5784 modo
2161 5726 2285 5781 nihil
2322 5723 2648 5792 sttll‘ragatur,
2679 5736 2860 5775 verum
2891 5722 3047 5777 etiam
3087 5723 3307 5778 multum
3335 5725 3430 5779 ad-

1852 5833 2113 5881 versatur.
2134 5819 2265 5878 Nam
2288 5820 2454 5891 ipsam
2480 5813 2917 5880 misericordiam,
2944 5831 3102 5885 quam
3132 5817 3176 5871 si
3202 5830 3308 5872 non
3328 5816 3426 5870 ba.

2778 5911 3083 5995 (Trcizeaj
