3990 6372
636 296 733 357 δειι

641 411 779 463 tibus
805 406 1045 478 plaudat;
1071 414 1229 473 atque
1255 404 1346 466 ita,
1370 402 1455 456 ubi
1484 402 1701 456 molesta
1732 402 1944 457 dilectio
1961 410 2046 458 est
2064 444 2076 464 ,
2099 403 2217 456 nul-

635 500 745 554 lum
777 501 1069 552 membrmn
1103 497 1330 560 laaliutr,
1370 496 1504 547 unde
1524 504 1697 547 autem
1722 494 1979 557 deterret,
2007 496 2146 548 salus
2164 503 2218 549 et

635 592 741 646 vita
784 590 1125 661 periclitatur.
1166 587 1279 643 Non
1330 596 1453 639 tunc
1498 586 1719 639 benelici
1754 601 1955 649 sumus,
1999 600 2118 639 cum
2164 583 2215 638 id

635 684 774 753 quod
800 699 827 737 a
853 682 1002 736 nobis
1020 684 1211 751 petitur
1230 679 1471 741 facimus,
1495 678 1588 733 sed
1613 693 1733 733 cum
1752 678 1801 731 id
1831 678 2047 731 facimus
2072 676 2213 747 quod

632 794 736 831 non
768 776 909 829 obsit
956 774 1274 845 petentibus.
1303 769 1433 825 Nam
1465 774 1711 841 pleraque
1752 787 1854 824 uou
1879 770 2055 824 dando
2088 786 2213 837 pro-

630 885 832 935 smnus,
860 878 913 920 et
940 880 1253 921 noceremus
1282 865 1325 916 si
1357 864 1709 917 dedissemus.
1742 863 1890 918 Unde
1923 862 2050 916 illud
2084 877 2210 930 pro-

630 960 864 1015 verbium
898 976 911 1014 :
943 960 1049 1011 Nec
1071 972 1232 1025 puero
1252 956 1501 1025 gladium.
1532 953 1608 1007 Tu
1638 970 1771 1018 vero,
1802 955 1961 1024 inquit
1992 952 2205 1017 Tullius,

628 1068 689 1108 ue
714 1052 860 1105 unico
888 1050 1087 1121 quidem
1121 1047 1249 1115 ﬁlio.
1281 1047 1398 1113 Quo
1450 1046 1591 1100 enim
1619 1062 1936 1115 quemquam
1982 1045 2210 1099 maxime

625 1143 909 1213 diligimus,
931 1157 997 1196 eo
1025 1141 1196 1194 utiuus
1222 1142 1269 1193 ei
1296 1138 1571 1197 debemus,
1596 1138 1647 1191 in
1679 1137 1869 1207 quibus
1900 1151 2091 1206 magno
2114 1151 2210 1207 pe-

627 1237 793 1291 riculo
819 1245 1086 1304 peccatur,
1119 1236 1473 1287 committere.
1503 1230 1569 1283 Et
1595 1229 1662 1282 de
1690 1228 1908 1295 divitiis,
1944 1229 1996 1282 ni
2026 1228 2197 1295 fallor,

623 1342 743 1382 cum
778 1327 1110 1395 ha'cagerct,
1141 1323 1473 1391 loquebatur.
1505 1319 1733 1374 Proinde
1763 1336 1881 1389 quae
1913 1320 2209 1387 periculose

624 1422 763 1474 male
785 1417 1052 1470 utentibus
1072 1413 1493 1473 cunnuittuntur,
1515 1410 1795 1464 salubriter
1809 1410 1967 1464 etiam
1985 1410 2209 1479 plerum-

621 1525 726 1579 que
755 1506 1123 1561 detralumtur.
1173 1502 1358 1557 Medici
1387 1519 1505 1556 cum
1533 1501 1713 1554 vident
1736 1500 2015 1555 secandam
2046 1516 2206 1554 uren-

622 1599 853 1669 damque
887 1597 1217 1665 putrcdiuem
1238 1635 1251 1656 ,
1283 1608 1424 1661 Sirpe
1453 1592 1707 1645 adversus
1730 1593 1920 1644 multas
1948 1590 2206 1661 lacrymas

623 1688 1041 1746 misericorditer
1066 1686 1472 1740 obsurdescuut.
1528 1681 1583 1737 Si
1616 1684 1822 1751 quoties
1852 1682 2072 1750 parvuli.
2120 1681 2205 1735 vel

619 1780 1151 1852 etiamgmndiusculi
1178 1778 1384 1831 veniam
1416 1783 1696 1845 peccantes
1718 1773 1983 1841 deprecati
2001 1788 2201 1837 sumus,

621 1877 782 1931 toties
808 1892 837 1927 a
868 1874 1173 1944 parentibus
1219 1872 1298 1924 vel
1341 1868 1605 1939 magiStris
1649 1870 2058 1937 accepissemus.
2086 1869 2204 1938 quis

619 1978 861 2023 nostrum
906 1964 1211 2020 tolerandos
1239 1961 1535 2016 crevisset?
1564 1961 1681 2029 quis
1720 1960 1917 2030 aliquid
1953 1962 2079 2014 utile
2117 1960 2201 2015 di-

618 2060 868 2115 dicisset?
902 2057 1238 2126 providenter
1267 2056 1385 2111 ista.
1430 2071 1533 2108 non
1578 2053 1866 2108 erudcliter
1914 2054 2062 2107 liunt.
2093 2052 2190 2117 Ne,

617 2164 819 2221 qnam),
852 2150 905 2203 in
923 2148 1019 2201 hac
1040 2163 1195 2201 causa
1220 2145 1346 2199 nihil
1372 2144 1511 2198 aliud
1534 2145 1794 2203 intendas,
1819 2144 1916 2197 nisi
1938 2145 2191 2213 quemad-

616 2243 829 2297 modmn
859 2240 995 2310 apud
1031 2256 1126 2293 nos
1154 2238 1355 2292 eflieias
1380 2236 1519 2306 quod
1562 2236 1764 2304 rogaris
1788 2253 1815 2287 ιι
1848 2236 1950 2288 mis
1981 2254 1994 2290 :
2024 2237 2200 2290 omnia

618 2349 744 2387 vero
788 2332 1066 2400 diligenter
1090 2327 1388 2383 considera.
1418 2327 1472 2380 Si
1518 2326 1783 2395 pra-terim
1823 2325 2201 2395 negligis,qua:

618 2423 728 2477 ﬁeri
764 2424 866 2490 iam
912 2420 1107 2475 infecta
1156 2434 1257 2472 nun
1294 2427 1530 2487 possunt,
1580 2416 1905 2483 aliquantum
1954 2417 2196 2484 prospice

618 2516 669 2570 iu
699 2526 1001 2585 posterum;
1032 2528 1133 2566 non
1158 2511 1279 2581 quid
1298 2510 1633 2579 eupiaut,qui
1664 2520 1714 2563 te
1734 2518 1935 2577 rogant,
1956 2507 2047 2561 sed
2075 2508 2196 2576 quid

615 2610 693 2662 eis
721 2607 966 2675 expediat
998 2622 1091 2674 pru
1117 2607 1280 2658 renter
1301 2601 1531 2655 attende.
1564 2600 1673 2653 Non
1703 2617 1831 2652 sane
1862 2599 2087 2655 fideliter
2106 2613 2200 2653 eos

612 2716 791 2754 amari-
813 2698 1197 2758 convincimur,
1232 2694 1274 2747 si
1322 2693 1423 2746 hoc.
1454 2692 1622 2745 sohun
1659 2692 1944 2755 intuemur,
1975 2706 2060 2755 ne,
2092 2705 2195 2744 non

614 2789 853 2844 faciendo
896 2787 1035 2858 quod
1082 2795 1327 2856 ptisﬂlni,
1379 2784 1645 2835 minuatur
1683 2781 1820 2849 quod
1860 2797 2102 2835 amamur
2129 2781 2198 2835 ab

616 2881 709 2936 eis.
744 2881 807 2934 Et
835 2880 919 2932 ubi
948 2890 1047 2939 est,
1090 2876 1227 2947 quod
1260 2888 1307 2929 et
1339 2887 1529 2927 vestrm
1560 2874 1751 2926 littera:
1800 2872 1944 2925 illum
1977 2870 2193 2924 laudant

620 2971 803 3041 patria!
856 2981 1116 3023 I‘Ct‘lOI'Ctlt
1149 2967 1238 3036 qui
1273 2966 1451 3035 populi
1500 2962 1721 3016 utilitate
1760 2964 1929 3031 magis
1958 2961 2199 3015 consulat

616 3080 775 3134 quam
807 3060 1103 3115 voluntati?

682 3154 907 3210 CAPUT
936 3152 1019 3206 lll.
1050 3182 1116 3191 —
1144 3151 1196 3205 8.
1234 3148 1379 3203 Nihil
1421 3150 1655 3208 interest,
1697 3146 1891 3215 inquis,
1938 3143 2085 3213 quale
2119 3143 2195 3196 vi-

608 3246 783 3299 deatur
849 3260 953 3297 esse
1011 3250 1269 3312 peccatum
1330 3256 1446 3292 cum
1510 3237 1821 3306 indulgentia
1889 3236 2193 3306 postulatur.

613 3340 773 3394 Recte
806 3340 903 3391 hoc
929 3336 1135 3390 diceres
1164 3335 1206 3386 si
1234 3333 1299 3387 de
1328 3332 1626 3401 puniendis.
1658 3329 1849 3384 nonde
1870 3328 2197 3397 corrigendis

608 3431 908 3487 hmninibus
955 3436 1218 3497 ageretur.
1263 3425 1414 3479 Absit
1451 3423 1590 3477 enim
1622 3440 1649 3474 ει
1681 3420 1841 3475 corde
1868 3421 2192 3485 christiano,

608 3534 665 3577 ut
711 3523 924 3577 libidine
972 3518 1256 3573 ulciscendi
1307 3516 1371 3569 ad
1417 3531 1625 3585 pinnam
1656 3513 1910 3581 cujusque
1939 3516 2191 3581 rapiatur.

607 3614 758 3667 Aluit
789 3624 839 3665 ut
867 3614 915 3664 in
939 3609 1251 3663 dimittendo
1277 3608 1466 3676 cuique
1496 3614 1793 3675 peccatum,
1824 3613 1910 3656 aut
1933 3618 2035 3656 non
2057 3618 2193 3670 pne-

608 3707 783 3761 vcniat
815 3720 1000 3775 preces
1033 3703 1265 3771 rogantis
1287 3744 1301 3765 ,
1335 3710 1424 3754 aut
1454 3710 1598 3753 certe
1626 3698 1876 3753 continuo
1901 3698 2193 3766 subsequa-

607 3806 690 3851 tur
740 3814 753 3848 :
803 3796 893 3849 sed
940 3795 1036 3849 hoc
1080 3795 1259 3863 utique
1285 3792 1543 3846 neodem
1572 3791 1871 3853 hominem,
1902 3807 1967 3844 ue
1999 3789 2192 3844 maltun

607 3904 702 3958 pro
742 3888 880 3941 malo
918 3886 1205 3949 retribuat,
1239 3901 1304 3938 ne
1336 3883 1558 3937 nocendi
1588 3882 1941 3936 iullamtuetttr
1966 3882 2189 3948 ardore,

605 3998 670 4034 ne
719 3979 947 4033 vimlicta
991 3979 1148 4033 etiam
1192 3978 1307 4047 lege
1345 3975 1518 4030 debita
1566 3975 1706 4043 pasci
1740 3974 2040 4038 desideret;
2088 3988 2189 4028 non

603 4085 776 4127 autem
828 4089 890 4125 ne
930 4072 1203 4131 co..sulat,
1253 4084 1319 4123 ne
1367 4068 1683 4136 prospiciat,
1732 4084 1797 4120 ne
1835 4077 2190 4134 compescata

602 4167 772 4219 malis.
806 4164 940 4219 Fieri
970 4164 1110 4218 enim
1141 4171 1313 4231 potest
1347 4173 1402 4213 ιιι
1431 4160 1796 4214 vehementius
1817 4157 2152 4213 adversando
2172 4199 2186 4223 ,

601 4256 1024 4309 eun-iulationem
1055 4257 1277 4321 quisque
1306 4252 1531 4319 negligat
1556 4248 1783 4303 hominis
1805 4265 1960 4315 quem
1978 4248 2190 4318 gravius

601 4345 732 4407 odit,
766 4353 817 4395 et
846 4344 1093 4394 nonnulla
1122 4342 1359 4394 molestia
1379 4340 2186 4405 reddatcoercendomeliot‘em,

602 4453 756 4506 quem
790 4450 1014 4486 maxine
1041 4433 1229 4499 diligit.

670 4529 719 4582 9.
779 4525 904 4579 Nam
950 4538 994 4577 ct
1044 4523 1362 4589 prniteutia,
1407 4522 1542 4575 sicut
1568 4520 1787 4586 scribis,
1840 4520 2072 4587 impetrat
2100 4534 2183 4573 ve-

605 4622 769 4682 niunt,
819 4630 863 4673 et
907 4628 1081 4687 purgat
1112 4614 1384 4667 admissum
1442 4629 1459 4666 :
1511 4614 1602 4666 Sed
1652 4614 1736 4665 illa
1794 4630 1910 4682 quae
1963 4613 2011 4665 in
2064 4627 2187 4667 vera

603 4715 851 4781 religione
893 4713 1095 4777 agitur,
1134 4722 1249 4776 quae
1287 4704 1518 4759 futurum
1543 4703 1799 4773 judicium
1834 4704 1922 4757 Ilei
1953 4703 2183 4772 cogitat;

601 4824 702 4860 non
734 4809 817 4861 illa
846 4823 958 4874 quas
981 4804 1044 4856 ad
1076 4802 1257 4854 horam
1287 4799 1620 4863 hominibus,
1654 4808 1742 4851 aut
1772 4798 2074 4863 cxhihctttr,
2095 4806 2186 4853 atll

602 4902 848 4967 lingitur,
879 4913 978 4951 non
1010 4908 1112 4948 uta
1142 4893 1334 4947 delicto
1361 4892 1534 4943 anima
1565 4902 1810 4960 purgetur
1832 4892 1881 4945 in
1905 4900 2180 4954 aeternum,

598 4992 688 5042 sed
739 5002 789 5041 ut
840 4990 1046 5041 interim
1094 5004 1121 5039 a
1169 4984 1411 5053 pru'seuti
1460 4992 1601 5035 metu
1650 4982 1901 5035 molestia:
1947 4985 2047 5035 vita
2077 4983 2183 5037 cito

602 5085 830 5151 peritura
863 5080 1128 5134 lihct'ctnr.
1161 5078 1291 5131 liiuc
1322 5086 1397 5130 est
1430 5074 1570 5144 quod
1598 5074 1906 5127 Christianis
1928 5076 2185 5129 conliten-

599 5176 736 5227 tibus
769 5182 923 5239 atque
947 5169 1379 5237 tit‘jtt't‘Célltliiith,
1408 5168 1493 5235 qui
1526 5165 1719 5218 delicto
1748 5165 1833 5216 illo
1857 5164 2059 5217 fuerant
2081 5166 2181 5218 itu-

599 5270 774 5338 plirati
804 5310 810 5322 .
842 5264 920 5316 vel
952 5281 1017 5314 uo
1043 5285 1051 5312 i
1085 5262 1439 5314 sul-currendo
1470 5275 1670 5311 arsurze
1700 5259 1941 5313 ecclesiw
1963 5302 1975 5321 ,
2008 5261 2086 5314 vel
2115 5260 2183 5315 de

596 5356 1020 5413 sceleratissimis
1053 5354 1247 5419 rapinis
1273 5352 1465 5419 aliquid
1507 5350 1828 5410 auferendo,
1862 5352 2181 5417 pusuitentitc

596 5453 840 5504 dolori-ui
881 5447 1203 5499 f.uetuo~mn
1234 5460 1349 5496 esse
1378 5444 1725 5504 credidimus,
1754 5443 1935 5509 eisque
1963 5442 2026 5496 ad
2058 5459 2179 5497 cor-

601 5550 890 5598 tcttéa-nem
923 5538 1169 5592 sul‘IIco-tc
1195 5538 1275 5588 ι·κὶ
1312 5538 1608 5589 mutavimus
1629 5578 1641 5595 ,
1672 5537 1809 5603 quod
1842 5538 1973 5589 itlt'Sl
2002 5537 2176 5591 cordi-

598 5635 694 5687 bus
716 5656 755 5679 ιιι
783 5650 895 5684 rum
928 5635 1008 5682 Ιιιει
1031 5648 1051 5681 5
1074 5672 1088 5691 ,
1125 5646 1222 5694 qua
1253 5628 1586 5679 consuli-rare
1617 5638 1826 5693 [essent
1856 5630 1973 5695 quid
2005 5628 2071 5682 de
2096 5630 2201 5682 di-'

596 5725 717 5780 vit-.0
762 5724 955 5793 judicio
1000 5724 1278 5777 lormidare
1321 5722 1593 5776 deberent.
1636 5726 1764 5787 Qum
1802 5733 1972 5776 autem
2006 5724 2173 5793 poeni-

1218 5913 1243 5934 Χ

1798 292 1854 347 s.
1899 288 2263 349 AUGUSTINI
2303 290 2601 352 ernscom
3737 326 3814 387 η,

2326 406 2488 459 tentia
2533 421 2722 462 sanare
2768 416 2941 477 potest
2983 424 3116 478 eos,
3158 412 3243 482 qui
3284 412 3467 471 fontem
3500 421 3648 491 ipsum
3681 429 3812 495 indui.

2323 500 2513 567 gentize
2555 516 2656 554 non
2697 503 2865 556 solum
2894 519 3183 574 agnoscere
3211 509 3491 578 negligunt,
3521 531 3672 573 verum
3694 528 3812 586 cum

2324 590 2544 647 irridere
2583 609 2644 648 ac
2685 594 3055 663 bIaSphemare
3084 613 3188 652 nou
3216 598 3487 659 desinunt?
3509 617 3557 661 et
3578 624 3725 669 contra
3744 619 3812 676 hos

2322 689 2497 737 tamen
2546 684 2846 739 inimicitias
2887 688 2937 741 in
2975 689 3137 745 corde
3178 706 3278 744 non
3308 694 3604 764 retinemus,
3631 706 3741 771 quod
3760 710 3811 765 itii

2318 784 2464 843 patet
2490 790 2552 830 ac
2581 776 2777 829 nudum
2807 787 2889 831 est
2908 820 2921 836 .
2949 778 3101 847 cujus
3128 789 3181 834 et
3211 781 3259 834 in
3292 787 3519 850 praesenti
3544 800 3590 842 et
3618 791 3660 843 in
3686 792 3813 853 futura

2318 870 2420 921 vita
2460 879 2514 923 ct
2540 871 2786 925 timemus
2806 871 3062 940 judicium
3084 915 3097 934 ,
3126 883 3179 927 ct
3201 889 3463 942 speramus
3487 881 3718 937 auxilium.
3738 887 3813 945 Sed

2316 959 2638 1015 arbitramur
2677 976 2773 1014 nos
2810 964 2969 1017 etiam
3007 978 3100 1032 pro
3127 965 3255 1033 ipsis
3276 966 3462 1035 aliquid
3493 971 3752 1041 providere,
3776 981 3808 1033 si

2317 1048 2560 1104 homines
2604 1051 2692 1121 qui
2717 1052 2878 1107 Deum
2912 1069 3016 1107 non
3049 1056 3266 1117 timent,
3294 1057 3480 1126 ahquid
3508 1060 3718 1131 timeant,
3739 1082 3813 1137 quo

2317 1155 2419 1194 non
2464 1157 2647 1195 eorum
2690 1142 2910 1197 laedatur
2944 1145 3176 1211 utilitas,
3218 1146 3308 1200 sed
3351 1149 3542 1203 vanitas
3562 1154 3814 1224 castigatur;

2315 1245 2381 1285 ne
2411 1232 2478 1285 ab
2504 1233 2581 1286 eis
2614 1234 2751 1287 Deus
2778 1234 2889 1303 ipse
2911 1252 3065 1305 quem
3092 1249 3338 1307 spernunt
3362 1280 3377 1303 ,
3407 1242 3553 1295 noxia
3575 1248 3813 1313 securitate,

2312 1322 2683 1377 audacioribns
2723 1323 2875 1379 factis
2912 1326 3124 1395 gravius
3160 1327 3480 1397 offendatur,
3506 1342 3555 1386 ct
3578 1350 3636 1389 ne
3659 1338 3750 1390 aliis
3768 1340 3816 1395 ad

2314 1414 2660 1479 imitandum,
2704 1416 2888 1470 eadem
2929 1417 3038 1487 ipso
3078 1422 3333 1474 securitas
3362 1421 3518 1476 multo
3542 1426 3816 1492 perniciosius

2314 1515 2656 1573 prepouatnr.
2697 1507 2931 1578 Denique
2970 1525 3064 1577 pro
3089 1511 3278 1580 quibus
3301 1512 3393 1566 abs
3418 1523 3465 1568 te
3494 1530 3723 1585 rogamur,
3749 1534 3818 1576 nos

2312 1610 2406 1663 pro
2431 1598 2533 1650 illis
2564 1598 2726 1652 Deum
2746 1616 2991 1670 rogamus
3007 1602 3084 1656 uti
3106 1618 3199 1657 eos
3221 1603 3287 1658 ad
3305 1620 3362 1659 se
3387 1616 3651 1672 convertat,
3680 1619 3725 1662 ut
3747 1610 3818 1665 fide

2311 1687 2571 1741 nutudans
2600 1690 2758 1743 corda
2789 1706 2971 1744 eorum
2994 1733 3008 1758 ,
3043 1708 3286 1748 veracem
3318 1710 3381 1749 ac
3421 1695 3665 1753 salubrem
3702 1714 3818 1769 agere

2311 1780 2675 1845 pmuitcntiam
2699 1780 2908 1835 doceat.

2383 1869 2470 1923 10.
2521 1870 2655 1925 Ecce
2685 1885 2884 1941 quanto
2914 1889 3042 1941 eos,
3070 1876 3261 1945 quibus
3292 1892 3388 1931 nos
3413 1878 3663 1934 arbitraris
3688 1881 3818 1947 irasci,

2308 1976 2439 2031 pace
2469 1974 2554 2018 tua
2580 1964 2836 2033 dixerim,
2864 1967 3160 2022 ordinatius
3190 1984 3347 2037 quam
3370 1980 3419 2023 tu
3437 2011 3452 2033 ,
3474 1972 3719 2040 militisque
3733 1974 3818 2029 diii-

2306 2054 2478 2123 giums
2497 2097 2511 2123 ,
2546 2072 2643 2125 pro
2672 2057 2864 2127 quibus
2892 2068 2946 2112 et
2974 2058 3039 2112 ad
3071 2059 3315 2113 evitanda
3348 2069 3487 2114 tutuo
3509 2061 3685 2131 majora
3704 2064 3817 2129 mala,

2307 2158 2359 2201 et
2396 2149 2462 2202 ad
2500 2151 2875 2220 consequeeda
2917 2161 3067 2205 tanto
3102 2152 3301 2220 majora
3332 2152 3499 2218 bona,
3526 2153 3816 2223 deprwaniur.

2307 2238 2450 2305 Quos
2479 2241 2638 2294 etiam
2671 2252 2723 2294 tu
2745 2283 2761 2307 ,
2790 2243 2833 2295 si
2864 2258 2928 2297 ex
2961 2243 3050 2296 Dei
3081 2243 3284 2298 cmicsti
3313 2259 3530 2299 munere
3559 2260 3651 2299 non
3675 2260 3726 2301 ex
3751 2244 3819 2300 [ιο-

2306 2331 2508 2383 miuum
2558 2340 2773 2386 terreno
2819 2349 2967 2386 more
3014 2333 3299 2402 diligeres,
3346 2333 3698 2406 Sinceriterque
3731 2336 3821 2393 inihi

2307 2420 2629 2474 rescriberes
2657 2422 2797 2491 quod
2828 2438 2946 2476 cum
2977 2432 3027 2477 te
3054 2424 3119 2477 ad
3152 2424 3624 2494 exsuperantissimi
3651 2426 3724 2481 Dei
3740 2425 3821 2481 cul-

2309 2521 2416 2565 tum
2464 2513 2879 2583 religionemque
2916 2515 3296 2584 cotnpellercm
3318 2558 3333 2581 ,
3380 2517 3593 2571 libenter
3615 2517 3821 2584 audieris,

2307 2620 2409 2659 nou
2439 2608 2611 2661 solum
2645 2608 2755 2661 haec
2777 2606 2855 2662 eis
2881 2618 3092 2677 optares
3112 2647 3127 2673 ,
3157 2612 3252 2663 sed
3291 2609 3369 2664 eis
3399 2610 3461 2663 ad
3493 2610 3595 2663 hrec
3616 2624 3710 2681 ipse
3723 2624 3823 2681 pre

2306 2695 2434 2750 ires.
2466 2696 2554 2750 Sic
2584 2713 2743 2752 omne
2769 2697 2909 2767 apud
2935 2714 3033 2752 nos
3058 2707 3161 2752 tua:
3188 2699 3461 2769 petitionis
3489 2702 3723 2770 negotium
3738 2714 3824 2754 cum

2306 2804 2496 2860 magno
2534 2800 2588 2844 et
2625 2808 2755 2844 sano
2793 2792 2982 2859 gaudio
3022 2792 3281 2846 tiuirctur.
3320 2792 3407 2848 Sic
3447 2792 3583 2847 illam
3615 2794 3824 2847 caelestem

2306 2883 2560 2947 patriam,
2593 2897 2748 2951 quam
2777 2899 2896 2936 cum
2926 2882 3232 2936 iuttieudam
3255 2898 3374 2938 esse
3395 2883 3675 2946 suaderem,
3696 2882 3823 2937 libens

2306 2979 2356 3024 te
2382 2973 2648 3038 accepisse
2670 2974 2849 3027 dixisti
2871 3014 2885 3038 ,
2914 2990 2980 3028 ex
3012 2973 3167 3043 hujus
3190 2975 3354 3029 etiam
3375 3015 3391 3041 ,
3412 2992 3523 3045 qua:
3544 2972 3824 3030 tecarnaliter

2302 3066 2522 3133 genuit,
2566 3082 2687 3119 vera
2717 3077 2771 3121 et
2804 3067 2884 3135 pia
2912 3067 3197 3122 dilectione
3229 3069 3578 3137 promereris;
3604 3083 3713 3122 vere
3729 3081 3825 3120 coa-

2302 3156 2483 3209 sulcns
2506 3158 2606 3209 tuis
2633 3173 2737 3210 non
2759 3157 2823 3210 ad
2848 3158 3130 3211 vanitatem
3157 3158 3354 3212 laetitia-
3382 3159 3665 3226 temporalis
3686 3153 3825 3212 necati

2303 3247 2666 3315 impunitatem
2715 3250 3212 3319 perniciosissimam
3262 3252 3515 3320 sceleris,
3545 3251 3631 3307 sed
3655 3249 3710 3304 ad
3733 3262 3824 3319 gra-

2304 3339 2426 3391 tiam
2460 3340 2796 3409 sempiterme
2825 3341 3110 3395 fechitatis.

2372 3432 2458 3485 11.
2512 3432 2684 3486 llabcs
2728 3434 3002 3501 expositas
3049 3435 3098 3486 in
3142 3432 3242 3489 hac
3281 3450 3440 3490 causa
3470 3434 3825 3506 cogitationeset

2301 3534 2419 3575 vota
2453 3526 2682 3592 pectoris
2713 3527 2839 3580 tnei.
2870 3526 3005 3591 Quid
3037 3536 3211 3581 autem
3249 3529 3414 3582 lateat
3438 3529 3488 3583 itt
3517 3526 3713 3581 oonsilio
3734 3523 3822 3587 Deli

2302 3612 2499 3676 fateor,
2535 3616 2693 3667 homo
2721 3632 2836 3669 sum
2859 3659 2873 3680 ,
2907 3618 3088 3672 nescio
3120 3637 3133 3672 :
3168 3620 3425 3689 quidquid
3458 3619 3577 3674 illud
3597 3616 3826 3679 est,idest

2294 3704 2490 3770 justius
2512 3745 2525 3765 ,
2575 3716 2732 3773 atque
2782 3708 3072 3775 sapientius
3091 3747 3106 3771 ,
3145 3716 3201 3761 et
3231 3710 3533 3763 tirmissime
3558 3707 3822 3766 stabilitutn.

2299 3793 2695 3863 iueomparabili
2742 3796 3053 3851 excellentia
3093 3813 3200 3866 pra:
3227 3799 3480 3853 inuuibus
3503 3797 3735 3853 mentibus
3755 3792 3827 3846 ho-

2297 3887 2520 3940 mimun.
2554 3884 2746 3940 Verum
2778 3898 2859 3942 est
2895 3890 3088 3958 quippe
3125 3890 3267 3959 quod
3302 3893 3492 3962 legitur
3516 3892 3564 3944 in
3588 3886 3736 3944 Libris
3755 3897 3825 3938 uo-

2296 3980 2422 4032 stris
2440 4021 2454 4045 ,
2502 3978 2554 4031 Μ
2561 3980 2681 4031 ultre
2727 3981 3050 4049 coyitutiones
3073 3992 3186 4036 sunt
3214 3983 3269 4036 iu
3300 3984 3452 4038 corde
3472 3982 3560 4037 viri
3576 4024 3591 4046 ,
3617 3975 3827 4034 consilium

2296 4081 2463 4124 autem
2478 4069 2683 4125 Domini
2696 4083 2861 4125 nutnet
2875 4074 2923 4125 in
2940 4084 3177 4127 a’ternunt
3198 4072 3386 4145 (Prov.
3416 4074 3633 4148 11131).
3651 4068 3827 4128 Ρῖοίυάο

2294 4162 2416 4231 quid
2433 4174 2637 4231 tempus
2656 4164 2861 4227 all'eral,
2875 4165 2996 4233 quid
3012 4164 3163 4218 nobis
3183 4167 3444 4221 facultatis
3458 4176 3546 4221 aut
3562 4159 3827 4220 difﬁcultatis

2293 4258 2641 4323 otiatarpluid
2662 4269 2930 4325 postremo
2951 4259 3231 4312 voluntatis
3244 4277 3309 4315 ex
3327 4278 3503 4316 rerum
3520 4258 3822 4331 pméseistium.

2295 4348 2373 4399 vel
2404 4353 2758 4411 correctione,
2787 4351 2864 4404 vel
2896 4363 3014 4419 spe,
3039 4351 3211 4405 subito
3229 4353 3399 4422 possit
3426 4355 3665 4417 existere,
3690 4361 3825 4404 unum

2296 4437 2435 4492 Deus
2475 4440 2551 4492 sic
2592 4440 2895 4510 indignetur
2934 4443 3011 4497 his
3051 4444 3200 4497 factis
3225 4485 3239 4509 ,
3269 4457 3326 4499 ιιι
3351 4464 3411 4500 ea
3431 4488 3445 4510 ,
3476 4462 3624 4516 quam
3649 4448 3823 4514 petunt.

2292 4529 2604 4596 inmunitate
2631 4533 2796 4601 magis
2816 4533 3154 4603 severiusque
3184 4539 3492 4604 puniantur,
3522 4551 3585 4590 an
3606 4535 3686 4590 illo
3704 4527 3826 4587 modo

2290 4635 2397 4689 quo
2420 4621 2571 4675 nobis
2606 4623 2775 4690 plai-ct
2795 4624 3118 4678 coercendos
3142 4626 3556 4681 misericorditer
3566 4626 3762 4695 judicct,
3775 4635 3823 4673 an

2290 4710 2461 4781 aliqua
2486 4712 2698 4768 duriore
2717 4754 2731 4779 ,
2760 4713 2853 4767 sed
2880 4714 3172 4769 salubr.ore
3191 4733 3378 4770 eorum
3406 4717 3717 4786 praecl-dente
3733 4726 3825 4767 eor-

2290 4804 2539 4869 rectione,
2568 4821 2662 4859 uec
2681 4806 2745 4859 ad
2770 4806 3062 4868 hominum,
3084 4809 3175 4862 sed
3197 4810 3263 4863 ad
3287 4824 3440 4865 suam
3462 4805 3824 4866 ntiserieordiatn

2289 4896 2462 4949 veraci
2509 4900 2856 4952 conversione
2898 4899 3150 4970 quidquid
3187 4903 3411 4957 terroris
3447 4901 3824 4973 praeparabant.

2288 4998 2491 5041 avertat
2520 5000 2572 5042 et
2601 5002 2867 5044 convertat
2900 4991 2950 5044 in
2980 4993 3262 5061 gaudium,
3288 4994 3401 5061 jam
3430 4996 3573 5049 novit
3597 4996 3726 5063 ipse,
3753 5001 3825 5042 nos

2286 5092 2459 5134 autem
2482 5081 2947 5150 ignormnus.Quid
2971 5100 3096 5153 ergo
3115 5084 3201 5140 hic
3221 5097 3344 5141 ante
3371 5098 3495 5158 tem;
3517 5103 3595 5153 ιιι,
3617 5086 3736 5141 inter
3753 5092 3825 5134 nos

2287 5187 2384 5240 ego
2427 5183 2473 5225 et
2520 5172 2615 5225 Pra
2636 5174 2824 5226 stantia
2858 5184 2942 5227 tua
2976 5175 3164 5229 frustra
3186 5178 3522 5234 laboremus?
3544 5178 3825 5247 Sepouamus

2290 5262 2556 5329 paululum
2586 5278 2763 5315 curam
2792 5264 2941 5332 cujus
2972 5264 3101 5319 hora
3133 5283 3236 5320 non
3266 5277 3349 5322 est
3368 5310 3384 5329 .
3415 5281 3470 5324 et
3492 5269 3627 5340 quod
3650 5274 3824 5332 Semper

2289 5355 2475 5418 instat,
2517 5356 2559 5407 si
2600 5355 2801 5424 placet,
2839 5373 3076 5427 agamus.
3105 5359 3314 5416 Nuilum
3347 5363 3491 5416 enim
3522 5373 3709 5431 tempus
3731 5363 3822 5417 est.

2284 5462 2387 5517 quo
2419 5464 2449 5500 n
2475 5466 2521 5500 ιιι
2553 5449 2736 5503 deccat
2764 5461 2816 5505 et
2843 5463 3085 5522 oporteat
3112 5472 3298 5527 agere,
3338 5457 3481 5514 unde
3513 5460 3618 5512 Deo
3651 5454 3825 5526 placere

2288 5556 2320 5609 p
2343 5542 2580 5603 ussimtts;
2624 5544 2762 5612 quod
2806 5544 2856 5598 iu
2888 5548 3115 5623 haevita
3148 5564 3311 5617 usque
3334 5551 3401 5603 ad
3430 5566 3548 5605 eam
3579 5544 3823 5619 perfectio-

2286 5648 2404 5685 nem
2436 5634 2673 5701 intplct‘i,
2724 5645 2779 5688 ιιι
2823 5636 3020 5690 nullum
3063 5643 3277 5693 omnino
3324 5655 3594 5708 peccatum
3636 5638 3744 5693 insit
3779 5632 3821 5686 in

2284 5722 2498 5778 homine
2537 5735 2627 5779 aut
2668 5742 2772 5781 non
2816 5738 3020 5799 potest,
3060 5740 3143 5785 aut
3191 5731 3322 5787 forte
3355 5731 3819 5802 diliieilimumeﬂi

3940 1706 3943 1747 l
