3990 6438
225 444 311 507 395

228 560 338 616 unde
361 555 573 628 pracisis
596 551 839 609 omnibus
864 545 1201 607 dilationibus
1221 591 1237 612 ,
1268 548 1332 604 ad
1361 550 1499 603 illius
1521 549 1742 618 gratiam

225 648 577 720 confugiemlum
601 656 679 702 est
697 686 713 711 ,
737 645 822 700 cui
852 644 1125 698 verissime
1143 641 1245 695 dici
1274 650 1445 711 potest
1464 640 1601 710 quod
1623 656 1738 695 ear-

227 742 340 799 mine
359 735 631 795 adulatoria
666 737 847 791 nescio
881 733 966 789 cui
991 732 1151 789 nobili
1177 732 1332 798 dixit,
1356 730 1444 801 qui
1472 740 1646 785 tamen
1672 744 1740 784 ex

224 834 398 890 Cumzeo
413 873 426 895 ,
454 841 688 901 tanquam
717 844 782 883 ex
805 827 1111 899 prophetico
1134 825 1371 880 carmine
1389 838 1448 880 se
1472 823 1739 892 accepisse

224 927 450 982 confessus
468 932 547 979 est
569 939 582 975 :

320 1064 370 1108 re
388 1057 519 1113 dulce.
541 1058 581 1106 si
601 1070 697 1120 qua
719 1062 914 1107 manent
934 1054 1138 1107 sceleris
1156 1055 1360 1119 vestigia
1382 1056 1550 1114 nostri,

317 1140 434 1190 Irrita
454 1146 683 1203 perpetua
704 1137 897 1189 solvent
920 1138 1171 1189 l'onnidine
1195 1145 1367 1188 terras.

1018 1219 1177 1286 (rirg.
1201 1220 1361 1285 Eclog.
1386 1219 1459 1283 4.)

222 1367 306 1424 liae
327 1367 451 1422 enim
471 1365 618 1426 duce.
640 1366 827 1420 solutis
846 1365 1093 1421 omnibus
1112 1366 1447 1437 dimissisque
1477 1366 1703 1436 peccatis
1722 1408 1738 1433 ,

223 1459 297 1514 hac
322 1459 387 1512 via
411 1459 469 1511 :nl
497 1458 766 1513 cmlestem
800 1459 1021 1527 patriam
1065 1462 1368 1529 pervenitur
1389 1501 1405 1526 ,
1450 1460 1601 1529 cujus
1650 1458 1742 1514 lia-

222 1549 426 1604 bitatiouc
460 1563 576 1603 cmn
623 1563 742 1603 eam
791 1548 883 1602 tibi
927 1549 1205 1603 amandam
1231 1591 1247 1616 ,
1276 1561 1525 1619 quantum
1554 1550 1739 1619 potui,

218 1640 622 1703 nominendarem,
678 1640 964 1696 admodum
1016 1642 1306 1698 delectatus
1329 1658 1409 1697 es.

272 1731 467 1787 CAPUT
494 1731 664 1785 ll’.—
681 1732 766 1786 li.
796 1732 899 1788 Sed
924 1736 1046 1803 quia
1072 1733 1248 1789 dixisti
1264 1735 1403 1801 quod
1419 1750 1602 1790 omnes
1625 1750 1742 1790 eam

218 1823 331 1893 leges
363 1821 575 1877 diversis
619 1823 719 1877 viis
753 1831 808 1877 et
836 1824 1134 1878 tramitibus
1159 1836 1440 1895 appetant;
1469 1841 1653 1881 vereor
1678 1840 1744 1881 ne

216 1913 351 1977 forte.
373 1929 482 1968 eum
512 1925 668 1985 putas
692 1916 848 1969 etiam
879 1915 1019 1969 illam
1055 1918 1212 1979 viam,
1246 1918 1296 1971 itt
1325 1935 1425 1987 qua
1452 1934 1590 1972 nunc
1610 1935 1741 1973 con-

214 2008 388 2061 slilttlus
413 2022 498 2072 es,
530 2022 599 2061 eo
630 2007 846 2063 tendere
867 2049 879 2070 ,
911 2008 1106 2077 pigrior
1130 2010 1204 2063 sis
1228 2010 1292 2063 ad
1321 2026 1437 2065 eam
1464 2012 1744 2067 tenendam

215 2113 305 2168 quae
341 2100 450 2154 i'.luc
473 2100 585 2154 sola
615 2100 870 2169 perducit.
900 2099 1004 2155 Sed
1032 2117 1212 2157 rursus
1237 2103 1453 2159 verbum
1479 2105 1618 2175 quod
1651 2120 1745 2174 po-

215 2191 331 2243 suisti
354 2190 629 2261 diligenter
653 2191 933 2245 attendens
956 2233 969 2254 ,
995 2192 1176 2246 videor
1198 2194 1326 2247 mihi
1361 2205 1499 2249 tuam
1524 2209 1626 2248 non
1650 2194 1748 2248 itn-

215 2280 426 2349 pudenter
462 2282 678 2353 aperire
720 2282 1036 2337 sententiam
1082 2300 1096 2337 :
1145 2300 1316 2354 neque
1353 2286 1494 2339 enim
1534 2285 1743 2351 dixisti,

213 2388 336 2443 quam
377 2389 559 2430 omnes
609 2374 755 2444 leges
793 2374 1019 2429 diversis
1061 2375 1159 2429 viis
1198 2385 1251 2431 et
1282 2377 1576 2431 tramitibus
1605 2392 1749 2432 asse-

212 2474 430 2532 quuntur,
472 2475 562 2518 aut
615 2465 937 2531 ostendunt,
979 2475 1069 2519 aut
1110 2467 1409 2532 inveniunt,
1452 2477 1541 2521 aut
1573 2469 1748 2540 ingre-

211 2555 413 2620 diuntur,
454 2566 540 2611 aut
584 2557 861 2621 obtinent,
888 2568 977 2611 aut
1005 2558 1199 2629 aliquid
1228 2558 1518 2629 ejusmodi,
1549 2560 1642 2615 sed
1670 2560 1752 2613 di-

211 2648 379 2708 cendo,
404 2658 642 2719 appetunt
664 2689 679 2711 ,
710 2647 903 2703 librato
928 2648 1119 2710 verbo.
1150 2660 1309 2719 atque.
1331 2665 1608 2722 perpenso,
1643 2666 1749 2705 non

210 2738 495 2808 adeptionem
537 2740 853 2811 signiﬁcasti
874 2780 890 2805 ,
924 2742 1016 2795 Sed
1040 2740 1363 2813 adipiscendi
1388 2744 1746 2812 cupiditatem.

215 2828 276 2885 lta
303 2848 384 2887 nec
405 2835 536 2889 illam
569 2849 695 2905 qme
726 2850 849 2889 vera
875 2842 990 2900 est,
1020 2836 1320 2901 exclusisti,
1354 2852 1450 2891 nec
1479 2835 1608 2890 alias
1629 2851 1751 2907 qua:

213 2923 335 2977 falsa:
365 2938 465 2979 sunt
484 2965 500 2989 ,
535 2925 841 2989 admisisti,
869 2934 924 2980 et
948 2925 1033 2980 illa
1054 2911 1245 2997 quippe
1271 2929 1470 2998 appetit
1489 2944 1607 2997 qua:
1630 2944 1751 2996 per-

208 3013 352 3073 ducit.
375 3032 464 3071 nec
489 3016 735 3085 perducit
765 3016 938 3069 omnis
963 3032 1080 3087 qua:
1111 3016 1211 3072 hoc
1233 3018 1465 3087 appetit;
1488 3034 1592 3086 quo
1611 3018 1754 3087 quis-

208 3106 301 3174 qui~
326 3108 644 3175 perdueitur,
668 3106 784 3159 sine
805 3105 908 3159 ulla
929 3105 1254 3161 dubitatione
1275 3111 1458 3162 beatus
1479 3118 1580 3164 est.
1606 3108 1753 3163 Beati

208 3205 352 3249 autem
377 3211 559 3252 Omnes
589 3210 712 3251 esse
738 3194 1011 3262 tolumus,
1045 3197 1146 3252 hoc
1172 3208 1249 3252 est
1267 3238 1283 3263 ,
1312 3200 1628 3270 appetimus,
1656 3212 1755 3253 nec

210 3298 355 3344 tamen
386 3307 577 3348 onmes
608 3291 696 3361 qui
727 3290 967 3346 volumus
993 3305 1275 3363 possumus
1294 3331 1308 3352 ,
1340 3290 1439 3344 hoc
1467 3299 1581 3356 est,
1613 3289 1753 3358 quod

208 3395 263 3450 ap
290 3382 467 3438 etinuis
506 3383 876 3453 adipiscimur.
911 3385 1001 3440 Ille
1026 3399 1151 3454 ergo
1174 3383 1481 3453 adipiscitur
1504 3380 1595 3452 qui
1618 3382 1754 3436 viam

208 3481 323 3527 tenet
356 3492 454 3531 non
486 3477 669 3531 solum
695 3492 796 3546 qua
826 3476 874 3531 id
895 3478 1089 3547 appetit
1112 3519 1127 3543 ,
1153 3477 1244 3532 sed
1270 3490 1369 3547 qua
1390 3476 1548 3531 etiam
1576 3490 1757 3544 perve-

209 3566 351 3632 nitur,
394 3570 708 3639 relinquens
746 3568 880 3622 alios
918 3568 970 3623 in
1002 3567 1275 3623 itincribus
1301 3566 1610 3637 appetendi,
1644 3566 1759 3622 sine

207 3655 291 3712 line
311 3658 662 3730 adipiscendi.
688 3660 945 3728 Quoniam
974 3674 1074 3714 nec
1100 3673 1250 3713 error
1276 3665 1419 3713 esset
1440 3657 1482 3711 si
1512 3655 1639 3712 nihil
1662 3671 1759 3726 ap-

208 3759 474 3819 peteretar,
521 3767 632 3807 nec
676 3753 720 3806 si
759 3745 987 3823 appetita
1014 3752 1208 3807 veritas
1237 3762 1522 3806 teneretur.
1549 3750 1604 3806 Si
1635 3765 1761 3805 vero

206 3842 413 3899 diversas
436 3846 553 3900 vias
585 3846 656 3899 ita
685 3844 881 3908 dixisti,
908 3853 963 3899 ut
988 3858 1091 3898 non
1115 3843 1465 3913 intelligamus
1485 3843 1758 3909 adversas,

207 3934 324 3989 sicut
357 3935 591 3992 dicimus
628 3934 833 3990 diversa
879 3944 1174 4005 praecepta,
1212 3951 1331 4007 quin
1371 3944 1544 3991 tamen
1584 3933 1761 3989 omnia

207 4023 373 4082 bonam
396 4028 668 4083 :edilieeut
695 4027 889 4092 vitam,
921 4026 1021 4080 alia
1052 4027 1119 4081 de
1147 4028 1388 4080 castitate
1409 4066 1425 4090 ,
1455 4026 1553 4078 alia
1580 4024 1648 4079 de
1669 4039 1762 4093 pa-

208 4118 365 4175 tientia
384 4163 399 4185 ,
440 4122 545 4176 alia
590 4118 660 4174 de
696 4119 826 4185 lide,
857 4118 956 4172 alia
985 4117 1052 4172 de
1078 4117 1467 4179 misericordia,
1495 4125 1551 4170 ct
1576 4117 1618 4169 si
1645 4130 1764 4185 qtne

208 4218 315 4263 mat
360 4220 552 4266 caetera
580 4225 598 4275 ;
641 4225 744 4264 non
771 4209 943 4265 solum
973 4208 1237 4279 appetitur
1266 4207 1362 4260 viis
1390 4216 1443 4260 et
1467 4207 1765 4260 tramitibus

209 4296 266 4352 ita
287 4300 502 4356 diversis
530 4302 620 4355 illa
649 4301 810 4368 patria
828 4340 843 4365 ,
875 4315 1053 4353 verum
1081 4298 1240 4353 etiam
1264 4298 1541 4368 reperilttr.
1567 4296 1694 4351 Nam
1713 4305 1765 4351 et

208 4387 253 4441 in
290 4387 579 4461 Seripturis
623 4390 819 4445 sanctis
863 4399 917 4445 et
946 4390 1043 4443 vim
1088 4389 1363 4459 leguntur,
1396 4398 1448 4444 et
1474 4389 1553 4442 via
1585 4407 1599 4442 :
1631 4388 1763 4454 viae,

209 4481 324 4534 sicut
367 4483 495 4537 illud
539 4491 659 4546 est,
701 4479 899 4534 Docebo
935 4480 1132 4549 iniquos
1164 4480 1268 4533 uias
1294 4489 1435 4545 luas,
1465 4489 1511 4533 et
1536 4478 1677 4547 impii
1701 4478 1769 4531 ad

210 4579 251 4624 lc
280 4584 623 4629 convertentur
650 4571 822 4641 (Paul.
861 4589 918 4637 ι,
962 4574 1079 4643 15);
1114 4573 1229 4639 via,
1255 4574 1390 4626 sicut
1418 4573 1562 4638 illud,
1598 4571 1770 4625 Dednc

209 4678 276 4717 tne
303 4665 352 4719 in
386 4668 467 4720 tia
487 4678 579 4720 tua
594 4707 611 4732 ,
637 4676 684 4720 et
700 4664 1034 4720 ambulabant
1053 4666 1257 4720 ueritate
1272 4675 1357 4718 tua
1374 4664 1542 4735 (Psol.
1559 4679 1767 4730 Lxxxv,

212 4754 308 4827 ll).
346 4757 463 4813 Non
498 4760 641 4822 aliae,
685 4756 820 4822 illm,
856 4756 956 4812 alia
991 4759 1118 4819 ista;
1158 4755 1251 4810 sed
1296 4772 1481 4810 (nilnes
1521 4772 1621 4809 una
1645 4798 1660 4822 ,
1704 4756 1773 4811 de

210 4851 380 4920 Quibus
424 4851 537 4906 alio
574 4852 693 4905 loco
729 4849 913 4905 cadam
942 4858 1121 4903 saneta
1153 4848 1420 4915 Scriptura
1448 4846 1607 4912 dicit,
1640 4845 1771 4901 Uni-

214 4953 350 4996 tmc
364 4946 453 4997 uia:
476 4941 683 4995 Domini
698 4940 1035 4995 misericordia
1047 4950 1093 4993 et
1105 4938 1283 4993 veritas
1298 4935 1464 5008 (Paul.
1481 4952 1627 5003 xxiv,
1651 4936 1737 5006 l0)
1756 4954 1770 4990 :

210 5046 315 5100 qua:
355 5035 401 5088 si
439 5034 726 5105 di'igentcr
768 5032 1199 5097 considerantur,
1250 5032 1522 5100 copiosum
1568 5029 1777 5101 pariunt

214 5136 503 5181 senaonem
530 5165 549 5191 ,
592 5126 1021 5194 intellectumque
1078 5122 1491 5188 suavissimum;
1542 5121 1686 5192 quod
1728 5124 1777 5177 si

212 5229 335 5283 opus
366 5215 557 5283 fuerit,
590 5218 643 5271 in
671 5226 878 5286 tempus
903 5215 1043 5270 aliud
1070 5215 1331 5271 dilferam.

278 5305 361 5361 15.
393 5306 545 5362 Nunc
573 5317 750 5362 autem
772 5347 786 5372 ,
818 5307 958 5377 quod
989 5310 1116 5361 satis
1140 5321 1259 5361 esse
1286 5305 1514 5360 arbitrer
1539 5320 1631 5375 pro
1656 5319 1777 5360 sus-

214 5406 358 5465 cepto
398 5400 574 5455 ul'liciu
614 5398 937 5454 rescribendi
980 5399 1302 5454 l’rwstantia:
1351 5409 1453 5453 tua:
1476 5439 1493 5463 ,
1529 5399 1778 5469 quoniam

216 5483 723 5562 Christusda'tJfgo
734 5507 846 5545 sum
863 5490 941 5543 via
953 5488 1383 5561 (Joun.xn',ti).iu
1399 5490 1486 5544 illo
1498 5490 1779 5561 quaerenda

217 5587 287 5632 est
313 5580 675 5660 misericordia
700 5593 755 5637 et
767 5582 977 5645 veritas;
993 5599 1057 5637 ne
1068 5583 1111 5636 si
1125 5583 1244 5636 alibi
1258 5583 1779 5652 qua-sierimuserre-

220 5684 362 5737 uias,
388 5682 628 5729 tenentes
652 5683 986 5746 appetentem
1016 5674 1151 5729 viam
1172 5715 1187 5741 ,
1214 5678 1305 5729 ενι]
1336 5692 1439 5730 non
1466 5677 1623 5730 etiam
1656 5692 1779 5746 per-

215 5756 515 5818 ducentem.
546 5763 698 5819 Velut
718 5765 760 5818 si
784 5764 919 5819 hanc
946 5766 1109 5834 ipsam
1139 5775 1319 5821 tenere
1346 5766 1618 5836 vellemus,
1643 5769 1781 5824 unde

218 5852 462 5927 ‘uiddam
504 5858 956 5926 eoinmmnorasti,
1001 5860 1176 5915 omnia
1219 5872 1428 5931 peccata
1455 5875 1573 5918 esse
1598 5862 1777 5933 paria;

499 5945 715 6025 διηςτ.
762 5952 894 6014 Avo
1024 5994 1037 6009 .
1074 5950 1150 6013 11.

1319 431 1792 493 ερῐετοιέιιιυιι
1829 430 2100 491 CLASSIS
2135 426 2195 489 ll.

2641 381 2665 405 ῃ
3316 432 3422 496 stu

1854 560 2030 600 nonne
2066 545 2134 599 ab
2178 545 2263 600 illa
2304 547 2469 615 patria
2514 546 2753 602 veritatis
2775 555 2829 602 et
2851 546 3118 605 beatitatis
3145 564 3242 605 nos
3266 551 3424 621 longe

1846 639 2055 694 exsules
2083 639 2313 693 mitteret
2330 640 2355 691 ?
2381 638 2517 707 Quid
2541 640 2682 695 enim
2711 639 3021 703 absurdius,
3043 642 3165 711 qttid
3189 642 3424 701 insanius

1846 731 1945 787 diei
1985 741 2156 799 potest
2175 774 2188 793 ,
2219 746 2375 802 quam
2406 742 2461 785 ιιι
2489 732 2575 786 ille
2604 732 2693 803 qui
2733 732 3002 804 aliquanto
3030 734 3422 793 immoderatius

1845 821 2051 885 riserit,
2096 832 2149 876 et
2198 823 2284 878 ille
2324 824 2412 893 qui
2458 824 2677 891 patriam
2717 824 3063 880 truculentius
3090 825 3420 895 incenderit,

1848 927 2094 983 peccasse
2133 914 2434 982 judicentnr
2479 914 2793 984 aiqnaliter?
2832 914 2999 981 Quam
3035 916 3248 985 quidem
3277 926 3331 972 tu
3356 929 3421 977 ex

1847 1005 2192 1075 quorumdam
2241 1006 2668 1075 philosophorum
2713 1007 2961 1077 opinione
3007 1024 3111 1062 non
3154 1009 3421 1067 diversam

1848 1097 1981 1150 viam
2002 1138 2017 1160 ,
2061 1112 2181 1166 qmc
2228 1107 2401 1151 tamen
2430 1096 2586 1151 ducat
2614 1097 2681 1151 ad
2706 1099 2980 1153 t'mlestem
3011 1099 3385 1156 habitationem
3414 1141 3432 1166 ,

1845 1186 1938 1241 sed
1972 1186 2126 1256 plane
2151 1202 2451 1257 perversam
2472 1230 2487 1252 ,
2519 1204 2636 1258 qua:
2654 1189 2797 1245 ducit
2822 1189 2888 1244 ad
2919 1192 3425 1259 perniciosissimum

1845 1292 2109 1343 errorem,
2159 1295 2262 1333 non
2309 1294 2403 1348 pro
2447 1288 2537 1334 tuo
2573 1294 2765 1345 sensu,
2803 1281 2896 1337 sed
2936 1297 3028 1350 pro
3051 1297 3207 1337 causa
3229 1283 3428 1342 civium

1848 1377 2055 1422 tuormn
2096 1367 2449 1424 adhibendam
2494 1372 2726 1440 putasti;
2770 1382 2825 1425 ιιι
2866 1374 2943 1427 sic
2981 1373 3313 1443 ignoscamus
3346 1375 3426 1432 eis

1847 1474 2069 1527 quorum
2112 1461 2445 1514 Sil!\'il'ltlilllll
2490 1460 2695 1532 ignibus
2736 1462 2867 1516 arsit
2905 1462 3137 1517 Ecclesia
3167 1503 3185 1529 ,
3235 1479 3425 1535 quem-

1846 1547 2128 1601 admodum
2163 1548 2559 1619 ignosceremus
2583 1592 2597 1615 ,
2644 1552 2688 1605 si
2717 1551 2785 1605 ab
2828 1551 2907 1608 eis
2948 1553 3124 1623 aliqtto
3169 1556 3428 1623 petulanti

1847 1639 2086 1693 convicio
2112 1648 2501 1708 appeteremur.

1920 1733 2006 1787 14.
2052 1733 2156 1789 Sed
2193 1732 2639 1802 quemadmodum
2696 1733 2749 1789 id
2797 1734 3124 1791 adstruxeris
3160 1736 3280 1793 vide
3310 1755 3323 1792 :
3360 1737 3429 1794 Et

1847 1824 1893 1878 si
1932 1834 1986 1878 ut
2027 1826 2361 1894 quibusdam,
2421 1825 2629 1895 inquis,
2684 1826 2997 1897 pliilosoiiliis
3038 1816 3229 1897 placet,
3256 1831 3426 1885 omnia

1852 1928 2052 1986 peccata
2096 1918 2239 1988 paria
2282 1928 2425 1983 sunt,
2471 1918 2784 1988 indulgentia
2822 1920 3050 1975 omnibus
3113 1921 3256 1977 debet
3322 1940 3429 1978 esse

1850 2011 2144 2064 communis.
2219 2008 2418 2065 Deinde
2481 2026 2600 2066 cum
2661 2012 2810 2081 quasi
2885 2014 3087 2067 moliris
3146 2015 3429 2070 ostendere

1851 2102 2027 2155 omnia
2086 2102 2229 2171 paria
2291 2117 2411 2157 esse
2457 2112 2668 2171 peccata
2691 2143 2706 2167 ,
2736 2101 3012 2173 subjungis
3037 2112 3089 2157 ct
3110 2101 3242 2157 dicis
3273 2122 3285 2157 :
3319 2102 3422 2158 Pe-

1853 2194 2093 2248 tnlantins
2156 2194 2347 2248 locutus
2411 2203 2481 2249 est
2524 2194 2738 2261 aliquis,
2783 2194 3033 2265 peccavit;
3066 2194 3289 2249 conuicia
3336 2205 3427 2249 aut

1852 2286 2063 2339 crimina
2120 2284 2371 2355 ingessit,
2421 2301 2560 2355 atque
2608 2285 2845 2353 peccarit.
2906 2284 3016 2340 lluc
3057 2300 3162 2339 non
3204 2294 3287 2340 est
3326 2285 3426 2340 do—

1852 2395 2002 2443 cere,
2041 2379 2133 2435 sed
2171 2378 2221 2433 id
2247 2378 2387 2448 quod
2421 2393 2667 2448 perverse
2693 2378 2919 2432 sentitur
2940 2419 2956 2443 ,
2986 2378 3104 2431 siue
3129 2377 3230 2432 ulla
3260 2377 3429 2433 docn-

1855 2479 2151 2524 mentorum
2187 2486 2215 2521 a
2249 2470 2509 2523 tructione
2534 2483 2851 2539 proponere.
2884 2467 2963 2522 Ad
2992 2468 3094 2522 hoc
3117 2468 3258 2523 enim
3287 2470 3432 2538 quod

1854 2561 2018 2626 dicis,
2066 2578 2207 2632 irque
2251 2562 2504 2632 peccavit,
2557 2561 2663 2616 cito
2706 2561 3092 2629 reSpondetur,
3136 2578 3241 2616 non
3277 2578 3431 2633 aeque

1856 2653 2111 2723 peccavit.
2158 2652 2335 2721 Exigis
2380 2651 2618 2706 fortassis
2653 2660 2708 2705 ut
2733 2651 2949 2720 probent
2981 2669 2994 2705 :
3023 2651 3145 2721 quid
3171 2653 3312 2707 enim
3344 2662 3398 2708 tu
3418 2695 3432 2716 .

1855 2744 1994 2815 quod
2041 2759 2189 2812 atque
2234 2740 2560 2813 peccaverit,
2586 2743 2694 2812 jam
2726 2742 2995 2811 probasti?
3032 2743 3111 2796 An
3139 2743 3265 2797 illud
3290 2743 3435 2813 quod

1850 2835 2027 2905 jungis
2074 2834 2391 2890 audiendum
2436 2835 2560 2888 est?
2612 2834 2790 2887 Aliena
2814 2833 3022 2904 quisque
3048 2835 3437 2905 diripuit,inter

1863 2928 2045 2982 delicta
2092 2936 2399 2981 numeratur.
2448 2925 2542 2980 Hic
2599 2926 2757 2980 etiam
2813 2935 2866 2980 tu
2906 2927 3019 2994 ipse
3045 2927 3435 2982 verecundatus

1857 3034 1916 3073 es
1957 3036 1972 3072 :
2012 3018 2196 3089 puduit
2230 3016 2371 3071 enim
2408 3026 2458 3072 te
2498 3016 2675 3071 dicere
2699 3016 2838 3084 quod
2870 3018 3105 3086 peccavit
3130 3018 3433 3088 a-qualiter;

1859 3111 1987 3175 sed,
2055 3112 2185 3164 inter
2223 3110 2407 3164 delicta
2438 3151 2452 3173 ,
2504 3108 2706 3180 inquis,
2757 3121 3065 3164 numeratur.
3119 3108 3230 3163 Non
3257 3118 3438 3165 autem

1860 3202 1930 3257 ibi
1957 3202 2180 3272 qumstio
2207 3213 2285 3256 est
2314 3211 2489 3254 utrutn
2517 3210 2571 3254 et
2600 3202 2699 3254 hoc
2727 3200 2862 3255 inter
2888 3200 3074 3254 delicta
3098 3211 3436 3266 muneretur,

1861 3293 1954 3347 sed
1987 3301 2160 3346 utrum
2194 3291 2292 3345 hoc
2320 3292 2391 3345 illi
2423 3291 2618 3346 delicto
2641 3289 2936 3359 :equalitate
2960 3290 3231 3360 jungatur.
3262 3292 3366 3345 Aut
3392 3292 3442 3347 si

1861 3394 2139 3453 propterea
2162 3392 2283 3437 sunt
2311 3383 2450 3452 paria
2468 3424 2483 3448 ,
2508 3382 2627 3452 quia
2650 3391 2871 3452 utraque
2889 3382 3074 3436 delicta
3097 3393 3238 3446 sunt,
3264 3398 3442 3440 nmres

1861 3486 1915 3531 et
1940 3477 2204 3545 elephanti
2235 3491 2385 3544 pares
2411 3483 2569 3529 erunt
2588 3516 2602 3537 ,
2624 3476 2747 3544 quia
2775 3485 2991 3544 utraque
3011 3485 3134 3530 sunt
3156 3476 3440 3541 animalia;

1863 3581 2059 3621 musca:
2087 3577 2137 3621 et
2166 3565 2356 3635 aquilze
2374 3608 2389 3629 ,
2417 3566 2537 3634 quia
2561 3574 2782 3634 utraque
2806 3565 3051 3620 \olatilia.

1934 3658 2020 3712 15.
2063 3656 2247 3712 Adhuc
2291 3657 2450 3711 etiam
2495 3656 2825 3726 progrederis
2875 3667 2924 3709 et
2966 3657 3232 3725 conjectas
3268 3656 3445 3713 :Loco

1864 3750 2080 3818 profana
2109 3763 2349 3816 sacraque
2373 3746 2589 3804 riolavit.
2619 3763 2718 3799 non
2741 3756 2813 3800 est
2842 3745 2904 3801 ab
2935 3747 3246 3818 indulgentia
3277 3766 3444 3803 secer-

1865 3839 2076 3893 nendus.
2111 3838 2203 3892 llic
2228 3853 2357 3893 sane
2398 3837 2467 3893 de
2510 3838 2718 3894 violatis
2757 3839 2921 3893 sacris
2952 3840 3080 3894 locis
3128 3841 3193 3894 ad
3244 3841 3446 3897 facinus

1867 3941 2073 3986 tuurmn
2090 3929 2282 3985 civium
2316 3929 2596 3998 pervenisti
2628 3948 2640 3984 :
2672 3945 2854 3984 verum
2895 3930 3139 3985 locutioui
3167 3933 3443 3999 petulanti,

1868 4037 1966 4076 nec
1983 4032 2036 4076 tu
2053 4021 2166 4090 ipse
2180 4022 2494 4090 comqnasti;
2515 4020 2874 4074 tantummodo
2890 4021 2966 4075 eis
2982 4022 3156 4091 petisti
3177 4022 3448 4090 indulgen-

1870 4115 2018 4179 tiam,
2039 4130 2158 4183 quae
2183 4122 2326 4168 recte
2354 4114 2588 4181 petitura
2605 4111 2917 4167 Christianis
2933 4122 3147 4181 propter
3166 4112 3443 4168 abundan-

1872 4213 1975 4259 tem
1989 4203 2399 4266 miserationem,
2417 4216 2519 4255 non
2536 4211 2748 4271 propter
2761 4212 3092 4270 peccatorum
3108 4202 3444 4271 parilitatem.

1876 4295 1986 4365 Ego
2031 4303 2203 4347 autem
2234 4308 2391 4363 supra
2421 4293 2570 4358 posui
2596 4292 2851 4361 scriptum
2881 4293 2930 4345 in
2970 4291 3181 4347 Litteris
3210 4294 3444 4349 nostris:

1878 4385 2134 4440 Uuiverso:
2146 4384 2237 4436 via:
2259 4381 2462 4436 Domini
2488 4382 2825 4436 misericordia
2843 4392 2890 4435 et
2906 4382 3083 4435 veritas
3101 4380 3272 4453 (Psal.
3296 4397 3446 4451 XXIV,

1875 4478 1984 4549 10).
2004 4478 2403 4545 Consequentur
2420 4476 2592 4544 itaque
2608 4474 3042 4538 misericordiam,
3060 4476 3103 4528 si
3123 4491 3225 4529 nun
3241 4476 3452 4531 oderint

1875 4572 2170 4623 veritatem.
2193 4567 2320 4632 Quae
2346 4581 2447 4619 non
2474 4566 2621 4635 quasi
2642 4580 2792 4634 a-que
2809 4564 3163 4634 peccantibus,
3195 4580 3259 4620 ac
3286 4566 3329 4619 si
3360 4581 3452 4636 pe-

1876 4660 2127 4714 tulantius
2154 4656 2315 4712 locuti
2343 4657 2480 4719 sint;
2511 4656 2603 4710 sed
2631 4654 2698 4709 de
2731 4654 2933 4709 scelere
2961 4655 3339 4708 imntanissimo
3366 4665 3451 4709 at-

1876 4766 1979 4821 que
2001 4749 2162 4818 impio
2189 4757 2330 4802 recte
2360 4745 2735 4815 penitentibus
2758 4744 3044 4798 christiano
3063 4744 3184 4813 jure
3207 4745 3451 4801 debetur.

1877 4840 1958 4895 Tu
1994 4854 2143 4903 vero,
2183 4837 2264 4891 vir
2306 4836 2494 4890 merito
2542 4834 2839 4901 laudabilis,
2868 4850 2933 4889 ne
2957 4850 3137 4902 qttteso
3166 4835 3263 4889 ista
3294 4849 3454 4905 para-

1878 4930 2014 4985 doxa
2054 4928 2353 4983 Stoicorum
2398 4924 2646 4980 sectanda
2675 4926 2867 4979 doceas
2908 4924 3236 4978 Paradoxum
3279 4934 3455 4995 tuum,

1880 5037 2035 5093 quem
2068 5019 2161 5074 tibi
2194 5028 2437 5087 Optamus
2467 5032 2590 5071 vera
2624 5017 2818 5087 pietate
2842 5030 2905 5068 ac
2939 5014 3184 5070 felicitate
3222 5018 3461 5087 grande-

1881 5129 2051 5169 scere.
2080 5111 2212 5167 Nam
2241 5109 2366 5180 quid
2386 5123 2672 5179 generosus
2684 5108 2991 5163 adolemus
3005 5122 3192 5179 sapere
3205 5110 3462 5181 iniquius,

1882 5216 1934 5261 et
1962 5206 2055 5260 tibi
2084 5204 2182 5273 ipsi
2213 5202 2556 5273 periculosius
2598 5210 2787 5269 potest,
2834 5215 2992 5270 quam
3030 5202 3076 5256 si
3112 5204 3351 5258 convicio
3401 5204 3459 5260 in

1883 5299 2165 5370 quemlibet
2191 5308 2497 5353 extraneum
2523 5294 2772 5362 jacnlato,
2804 5310 2909 5349 non
2937 5295 3058 5351 dico
3097 5296 3455 5366 parﬁcidium,

1885 5392 1977 5449 sed
1999 5394 2168 5461 ipsum
2199 5390 2250 5445 in
2275 5397 2475 5460 patrem
2491 5385 2783 5441 convicium
2811 5380 3201 5458 coa‘quaverit?

1957 5485 2041 5539 tti.
2069 5480 2458 5538 Convenienter
2501 5479 2673 5547 itaque
2708 5478 2846 5549 apud
2883 5493 2982 5534 nos
3011 5496 3106 5549 pro
3131 5477 3330 5533 civibus
3358 5478 3463 5535 tuis

1886 5578 2018 5648 agis,
2067 5573 2354 5646 ingerendo
2402 5572 2554 5627 nobis
2581 5573 2992 5628 misericordiam
3018 5571 3461 5641 Christianorum,

1886 5685 1991 5725 non
2040 5668 2285 5722 duritiam
2314 5664 2611 5719 Stoicorum
2641 5681 2654 5715 :
2683 5678 2802 5732 qua:
2835 5677 3009 5715 cause
3034 5677 3063 5715 a
3094 5671 3145 5717 te
3181 5674 3464 5734 susceptae,

1888 5781 1992 5820 nou
2010 5761 2168 5817 modo
2198 5760 2322 5814 nihil
2359 5757 2685 5825 sulfragatur,
2716 5769 2897 5808 verum
2928 5754 3084 5809 etiam
3123 5756 3344 5811 multum
3371 5758 3466 5812 ad-

1888 5866 2150 5914 versatur.
2171 5852 2303 5911 Nam
2325 5853 2490 5923 ipsam
2517 5845 2953 5912 misericordiam,
2981 5864 3138 5919 quam
3168 5849 3213 5905 si
3239 5864 3344 5905 non
3365 5849 3463 5903 ha.

2814 5945 3120 6027 (Troius)
