3990 6396
562 546 616 594 et
643 533 948 606 Abdenago,
979 532 1030 587 in
1059 531 1326 588 interitum
1355 528 1512 594 irent,
1559 534 1613 581 et
1650 523 1838 579 domus
1871 537 2054 578 eorum
2082 520 2134 573 in

561 625 1121 698 dispersiottettt(l)an.
1147 641 1222 687 ιιι,
1259 624 1361 694 96)
1395 641 1406 674 :
1441 632 1491 675 et
1521 636 1624 673 non
1651 619 1804 672 vultis
1836 628 1891 671 ιιι
1917 617 2014 670 tale
2039 615 2138 668 ali-

563 722 692 792 quid
720 732 902 775 contra
948 736 1040 772 vos
1065 718 1285 786 jubeant
1309 716 1658 782 imperatores
1683 709 1989 773 Christiani,
2016 723 2136 760 cum

562 814 733 869 sciant
758 831 786 865 τι
821 812 989 875 vobis,
1023 811 1071 863 in
1098 811 1176 864 eis
1199 822 1332 877 quos
1370 803 1732 872 rebaptizatis,
1757 802 2021 856 Christtnn
2047 815 2139 853 ex-

562 903 761 958 sulilari
784 904 807 955 ’ἒ
832 903 887 955 Si
928 899 1193 970 jttssianes
1221 913 1401 967 regum
1432 912 1534 949 noti
1570 895 1830 964 pertinent
1856 893 1918 944 ad
1950 889 2137 960 pra-di-

560 993 785 1047 candam
811 991 1114 1060 religionem
1147 996 1199 1042 et
1219 987 1488 1055 sacrilegia
1519 983 1860 1054 prohibenda,
1888 995 2050 1051 quare
2072 978 2137 1032 ad

566 1085 792 1140 edictum
825 1083 962 1151 regis
989 1080 1107 1133 talia
1148 1079 1383 1146 jubentis
1417 1077 1576 1131 etiam
1609 1075 1705 1145 ipsi
1751 1088 1847 1127 vos
1883 1069 2138 1141 signatis?

562 1176 643 1229 Au
682 1175 932 1244 ignoratis
961 1171 1117 1224 verba
1156 1171 1297 1239 regis
1325 1183 1444 1222 esse
1468 1169 1481 1198 ¹
1517 1185 1529 1219 :
1559 1165 1717 1236 Signa
1740 1175 1788 1218 et
1813 1173 2002 1216 ostenta
2026 1175 2138 1231 quae

561 1265 678 1335 fecit
707 1265 826 1316 milii
855 1262 1097 1316 Dominus
1138 1260 1269 1314 Deus
1291 1262 1530 1320 excelsus,
1562 1257 1747 1325 placuit
1776 1254 1896 1307 mihi
1934 1253 1984 1306 in
2012 1269 2137 1305 con-

558 1365 727 1423 specta
758 1370 867 1406 meo
901 1353 1221 1416 annuutiare,
1259 1366 1407 1420 quant
1434 1363 1671 1415 maguum
1695 1355 1742 1398 et
1768 1355 1939 1412 potens
1967 1344 2029 1396 sit
2055 1359 2136 1396 re-

560 1460 714 1514 gnum
743 1444 872 1512 ejus,
897 1458 1104 1511 regnum
1130 1440 1484 1510 sempiternum
1515 1447 1558 1490 et
1588 1447 1802 1505 potestas
1831 1439 1938 1505 ejus
1965 1435 2016 1487 in
2045 1449 2138 1486 sw-

559 1535 678 1586 cula
707 1533 1004 1585 sa'culorum
1036 1530 1205 1602 (Dan.
1250 1545 1328 1594 ιιι,
1358 1529 1445 1592 99,
1480 1527 1642 1596 I00)?
1670 1528 1749 1579 An
1777 1541 1895 1579 cuin
1925 1525 2022 1577 hoc
2047 1539 2140 1577 au-

561 1625 800 1686 diet-nis,
851 1638 954 1674 non
999 1619 1361 1689 respondetis,
1397 1619 1593 1681 Amen;
1627 1627 1680 1670 et
1711 1617 1808 1670 hoc
1837 1617 1978 1669 dicto
1999 1616 2138 1669 clara

558 1731 685 1772 voce
727 1715 789 1768 ad
823 1715 1049 1768 edictum
1082 1713 1250 1782 regis,
1279 1726 1373 1765 vos
1404 1712 1453 1764 ιιι
1490 1720 1668 1765 sancta
1701 1709 2032 1763 solemnitate
2070 1708 2138 1761 si-

560 1810 732 1874 gnatis
783 1804 1034 1874 (a)?Sed
1084 1802 1240 1854 modo
1279 1802 1398 1871 quia
1442 1799 1570 1853 nihil
1613 1797 1750 1868 apttd
1791 1799 2140 1868 Imperatores

565 1896 804 1965 potestis,
844 1895 997 1948 nobis
1028 1892 1147 1947 inde
1178 1893 1336 1946 vultis
1365 1891 1534 1946 facere
1574 1890 1841 1943 invidiam.
1871 1889 1925 1942 Si
1963 1899 2138 1942 autem

565 1985 758 2053 aliquid
794 1986 1039 2053 possetis,
1070 1993 1264 2053 quanta
1297 1983 1568 2046 faceretis;
1597 1981 1808 2050 quando
1835 1980 1960 2034 nihil
1993 1989 2138 2049 pole-

561 2075 678 2141 stis,
707 2087 760 2129 et
787 2093 889 2128 non
917 2075 1136 2129 cessatis
1160 2076 1172 2129 I

635 2169 688 2223 8.
722 2171 920 2224 Scitote
939 2169 1078 2238 quod
1107 2169 1260 2238 primi
1293 2167 1520 2237 majores
1541 2167 1701 2222 vestri
1730 2182 1939 2221 causam
1969 2164 2139 2220 Czcci-

566 2261 691 2314 Iiaui
721 2263 783 2312 :td
817 2261 1186 2327 imperatorem
1231 2260 1628 2313 Constantinum
1667 2258 1986 2312 detulerunt.
2019 2257 2142 2311 Exi-

561 2351 670 2418 gite
695 2352 792 2404 hoc
812 2366 840 2402 a
874 2351 1043 2416 nobis,
1071 2350 1352 2419 probemus
1383 2349 1568 2414 vobis;
1603 2348 1719 2402 etsi
1751 2365 1852 2402 noa
1883 2350 2141 2418 probave-

566 2442 763 2502 rimus,
801 2440 954 2493 facile
991 2441 1056 2494 de
1097 2440 1249 2493 nobis
1277 2440 1526 2509 quidquid
1558 2440 1848 2507 potueritis.
1886 2440 1986 2493 Sed
2018 2440 2143 2508 quia

563 2532 944 2586 Constantinus
968 2548 1070 2586 non
1091 2542 1173 2587 est
1191 2547 1351 2586 ausus
1369 2531 1436 2585 de
1459 2547 1615 2585 causa
1636 2533 1865 2600 episcopi
1882 2532 2141 2601 judicare,

565 2638 685 2677 eam
719 2622 1100 2677 discutiendam
1142 2633 1300 2693 atque
1327 2622 1608 2676 liniendatn
1631 2624 1892 2693 episcopis
1929 2623 2142 2694 delega-

565 2715 658 2768 vit.
710 2714 859 2780 Quod
903 2723 958 2768 et
1006 2715 1194 2768 factum
1243 2723 1326 2769 est
1371 2716 1421 2769 itt
1439 2716 1567 2769 urbe
1611 2714 1776 2768 ltoma
1831 2715 2149 2783 przesidentc

567 2806 858 2860 lt-Ielcltiade
880 2807 1130 2877 cpiscolio
1153 2807 1287 2860 illius
1313 2807 1565 2862 Ecclesia:
1589 2821 1708 2861 cum
1732 2808 1906 2861 multis
1931 2807 2148 2877 collegis

567 2899 696 2952 suis.
713 2899 810 2966 Qui
832 2913 953 2952 cum
976 2900 1310 2953 (Ia-cilianum
1334 2900 1668 2954 iunoccntent
1698 2901 2145 2969 pronuntiassent,

567 2999 622 3043 et
665 2989 922 3044 Donatum
956 2990 1028 3062 (ὁ)
1055 2992 1142 3060 qui
1184 2991 1413 3045 scltisma
1442 2992 1744 3062 Carthagini
1776 2991 1989 3058 fecerat,
2027 3007 2150 3046 sen-

571 3083 735 3133 tentia
779 3082 1196 3149 percussissem,
1244 3083 1428 3138 iterum
1467 3085 1624 3138 vestri
1671 3084 1736 3138 ad
1779 3083 2149 3154 Imperatorem

570 3181 849 3232 venerunt,
869 3171 935 3224 de
955 3171 1154 3240 judicio
1180 3173 1568 3242 episcoporum,
1594 3175 1642 3227 itt
1658 3189 1762 3244 quo
1780 3175 1900 3228 victi
1925 3173 2148 3238 fuerant,

573 3273 989 3316 murmurarunt.
1039 3263 1315 3328 Quomodo
1369 3265 1507 3317 ettitn
1557 3273 1730 3333 potest
1770 3265 1939 3318 malus
1977 3265 2150 3333 litiga-

573 3365 657 3406 tor
700 3352 916 3407 laudare
948 3353 1182 3421 judices,
1219 3353 1409 3422 quibus
1445 3354 1800 3422 judicantibus
1831 3357 1998 3408 victus
2040 3357 2153 3409 est?

575 3443 769 3498 Iterum
803 3451 977 3497 tanien
1003 3443 1446 3498 clementissimus
1476 3443 1766 3511 Imperator
1791 3443 1922 3497 alios
1947 3444 2150 3512 judices

575 3539 854 3606 episcopos
894 3536 1039 3591 dedit
1079 3536 1218 3606 apud
1259 3536 1524 3590 Arelatem
1575 3535 1743 3606 galliae
1769 3536 2056 3602 civitatem,
2102 3545 2156 3592 et

575 3629 643 3682 ab
694 3629 822 3696 ipsis
857 3629 1017 3682 vestri
1056 3627 1120 3680 ad
1168 3627 1338 3696 ipsum
1374 3626 1750 3697 Imperatorem
1791 3628 2153 3695 appellarunt,

579 3717 748 3771 donec
786 3718 944 3770 etiam
985 3717 1096 3785 ipse
1138 3732 1350 3771 causam
1407 3726 1781 3786 cognosceret,
1830 3725 1884 3770 et
1923 3716 2158 3772 Carcilia-

603 3826 705 3863 tum
733 3810 1090 3872 innocentem,
1123 3809 1239 3862 illos
1265 3809 1620 3862 calumniosos
1647 3811 2023 3878 pronuntiaret.
2050 3811 2158 3867 Nec

577 3903 657 3956 sic
705 3900 860 3954 toties
907 3900 1028 3954 victi
1067 3901 1408 3969 quieverunt,
1449 3899 1543 3954 sed
1582 3900 1648 3954 de
1697 3901 1872 3955 Felice
1912 3902 2159 3971 Aptungi-

582 4004 725 4061 tano,
755 4009 847 4064 per
871 4008 1026 4064 quem
1054 3994 1366 4047 Caecilianus
1388 3992 1555 4047 fuerat
1580 3994 1872 4056 ordinatus,
1900 3996 2160 4065 quotidia-

580 4089 663 4142 nis
685 4087 1194 4158 interpellationibus
1218 4088 1314 4156 ipsi
1338 4086 1640 4156 Imperatori
1667 4087 1876 4141 tmdium
1902 4090 2156 4153 fecerunt,

581 4182 818 4234 dicentes
858 4195 978 4234 eum
1008 4195 1128 4235 esse
1172 4178 1480 4234 traditoretn
1523 4199 1534 4234 :
1572 4189 1625 4233 et
1663 4180 1781 4234 ideo
1823 4180 2158 4234 Caecilianum

582 4272 885 4339 episcopum
914 4285 1034 4324 esse
1063 4286 1165 4323 non
1189 4285 1363 4339 posse,
1387 4270 1526 4340 quod
1555 4287 1585 4325 a
1615 4271 1865 4325 traditore
1896 4270 2051 4325 fuerit
2076 4287 2163 4325 or-

587 4362 799 4416 dinatus
825 4379 838 4424 ;
867 4361 1034 4415 donec
1069 4371 1121 4415 et
1150 4363 1260 4430 ipse
1299 4361 1445 4416 Felix
1467 4363 1616 4429 jussu
1645 4362 1979 4431 Imperatoris
2003 4379 2160 4417 causa

589 4454 796 4523 cognita
827 4456 894 4507 ab
938 4453 1150 4507 Eliano
1183 4454 1494 4521 proconsule
1538 4453 1792 4506 innocens
1827 4455 2158 4521 probaretur.

661 4547 713 4600 9.
749 4545 895 4599 Tunc
930 4544 1302 4599 Conscttttinus
1335 4544 1477 4612 prior
1517 4553 1698 4596 contra
1730 4553 1934 4612 partetn
1978 4545 2162 4599 Donati

590 4639 979 4694 severissimam
1002 4637 1172 4705 legem
1197 4635 1359 4690 dedit.
1389 4635 1536 4690 Ihmc
1558 4635 1740 4688 imitati
1771 4635 1858 4687 lilii
1881 4637 2015 4704 ejus,
2041 4635 2163 4688 talia

595 4739 976 4800 ιινςιξςριιριιιιιι.
1039 4728 1239 4794 Quibus
1290 4726 1578 4781 succedens
1636 4725 1874 4780 Julianus
1927 4727 2167 4781 desertor

594 4823 786 4877 Clu-isti
817 4831 870 4877 et
909 4821 1174 4883 inimicus,
1217 4817 1628 4888 supplicantibus
1659 4818 1848 4871 vestris
1877 4817 2167 4888 Rogatiano

554 4905 574 4996 ζ
598 4922 648 4965 et
693 4912 902 4976 Pontio,
936 4911 1233 4965 libertatem
1265 4907 1572 4978 perditionis
1621 4907 1753 4976 parti
1781 4909 1800 4938 ³
1831 4908 2016 4962 Donati
2047 4923 2166 4972 per-

589 5002 738 5072 misit
757 5019 769 5054 :
786 5002 1011 5071 denique
1028 5011 1151 5054 tttttc
1169 4998 1392 5054 reddidit
1409 4998 1651 5053 basilicas
1667 4997 1946 5065 Inereticis,
1960 4999 2170 5069 quando

549 5057 796 5162 ³ιιειιιιιιει
824 5091 1130 5157 daemoniis,
1166 5107 1230 5146 eo
1260 5090 1418 5145 modo
1463 5101 1651 5160 putans
1687 5089 2028 5144 christianum
2072 5107 2168 5145 no-

1805 409 1864 466 8.
1902 392 2266 465 AUGUSTINI
2305 387 2606 458 EPISCOPI

3675 403 3759 464 ιοι

2242 515 2463 585 justitia,
2495 529 2650 584 quam
2673 510 3031 583 supplicantes
3057 509 3375 582 Rogatianus
3399 520 3448 568 et
3466 511 3658 571 Pontius
3677 518 3759 575 ιω

2250 610 2527 676 daverunt,
2559 609 2796 664 dicentes
2828 609 3023 663 homini
3063 618 3331 680 apostatzu,
3360 612 3492 678 qmid
3527 615 3647 683 apud
3671 632 3761 672 ειιιιι

2250 705 2359 757 sola
2376 704 2579 774 justitiu
2618 703 2816 756 haberet
2842 702 3027 756 locant.
3063 701 3193 755 Iluic
3220 705 3462 757 successit
3495 703 3762 772 Jovianus’,

2249 796 2336 864 qui
2379 796 2626 865 quoniam
2652 796 2759 850 cito
2786 803 3021 848 mortuus
3050 803 3153 858 est,
3192 793 3316 847 nihil
3345 793 3410 848 de
3435 795 3580 850 rebus
3609 798 3764 854 talibus

2244 889 2418 958 jussit.
2469 888 2669 942 Deinde
2704 887 3128 949 Valentinianus;
3167 886 3320 954 legite
3359 903 3471 955 qua:
3497 899 3659 941 contra
3692 904 3767 944 vos

2245 979 2482 1048 jusserit.
2513 979 2638 1032 Inde
2658 977 2938 1032 Gratianus
2966 989 3017 1030 et
3039 976 3400 1039 Theodosius;
3430 977 3572 1047 legite
3593 980 3767 1047 quando

2253 1069 2429 1133 vultis,
2457 1085 2574 1137 qute
2603 1067 2670 1121 de
2699 1068 2848 1121 vobis
2871 1068 3262 1122 constituerint.
3294 1067 3426 1131 Quid
3452 1082 3568 1136 ergo
3589 1068 3648 1122 de
3674 1069 3769 1124 lilii:

2249 1161 2536 1216 Theodosii
2580 1160 2868 1223 miramini,
2901 1161 3050 1230 quasi
3080 1157 3219 1212 aliud
3258 1158 3309 1212 itt
3350 1157 3443 1212 hac
3473 1174 3615 1211 causa
3651 1161 3768 1229 sequi

2253 1251 2572 1315 debuerint,
2603 1266 2760 1319 quant
2799 1250 3129 1305 Constantini
3164 1249 3413 1318 judiciqu
3442 1264 3531 1318 per
3556 1258 3624 1303 tot
3655 1250 3768 1305 chri-

2247 1343 2450 1397 stianos
2481 1343 2826 1412 imperatores
2856 1342 3156 1396 lirirtissime
3180 1341 3522 1395 custoditum?

2321 1436 2406 1490 I0.
2447 1435 2526 1490 Ad
2556 1435 2957 1490 Constantimun
2990 1446 3194 1498 autem,
3233 1433 3369 1487 sicut
3393 1432 3632 1496 diximus,
3667 1433 3774 1490 sicut

2247 1528 2399 1582 vobis
2427 1527 2636 1597 quando
2665 1527 2841 1591 vultis,
2876 1526 2918 1579 si
2947 1534 3121 1579 tamen
3162 1524 3431 1594 ignoratis,
3462 1523 3770 1587 ostendimus,

2251 1619 2481 1687 majores
2535 1619 2694 1672 vestri
2741 1632 2957 1670 causam
3009 1615 3278 1670 Cteciliani
3321 1616 3460 1669 ultro
3503 1615 3771 1669 detulerunt.

2251 1711 2541 1765 Defunctus
2569 1721 2648 1764 est
2677 1709 3051 1764 Constantinus
3070 1750 3083 1771 ,
3113 1708 3203 1762 sed
3225 1707 3474 1778 judicium
3495 1708 3774 1763 Constantini

2249 1817 2429 1856 contra
2461 1817 2555 1855 vos
2587 1801 2713 1855 vivit
2739 1843 2754 1866 ,
2783 1817 2888 1870 qtto
2929 1800 3086 1855 vestri
3122 1814 3334 1853 causam
3369 1801 3640 1864 miserunt,
3667 1799 3774 1869 apud

2255 1912 2411 1965 quem
2437 1895 2646 1962 judiees
2689 1894 2966 1962 episcopos
3005 1891 3478 1961 reprehenderunt,
3505 1890 3566 1944 ad
3593 1906 3724 1959 quem
3753 1905 3776 1942 ιι

2247 1987 2513 2057 judicibns
2537 1986 2801 2056 episcOpis
2829 1985 3246 2054 appellaverunt.
3280 1999 3434 2054 quem
3463 1983 3774 2038 taediosissime

2259 2080 2326 2134 de
2355 2079 2529 2134 Felice
2557 2079 2912 2148 Aptuugitano
2953 2077 3415 2146 interpellaverunt
3434 2118 3447 2141 ,
3477 2091 3503 2127 a
3531 2090 3625 2144 quo
3658 2075 3776 2128 toties

2255 2169 2481 2224 convicti
2514 2178 2567 2222 et
2595 2167 2799 2222 confusi
2830 2165 3122 2228 redierunt,
3157 2175 3208 2220 et
3240 2181 3268 2218 a
3301 2165 3525 2235 pernicie
3559 2164 3720 2218 luroris
3739 2173 3780 2218 et

2252 2261 2602 2315 animositatis
2631 2277 2740 2314 stne
2772 2275 2877 2313 non
2902 2268 3260 2323 recesserunt;
3288 2274 3506 2328 eamque
3528 2259 3657 2312 vobis
3675 2269 3780 2328 post.

2255 2354 2362 2406 eris
2394 2353 2502 2407 suis
2533 2351 2921 2405 Itatreditariam
2952 2352 3300 2420 reliqtterunt,
3345 2361 3399 2404 ιιι
3427 2361 3526 2404 tam
3556 2350 3782 2420 impuden-

2254 2451 2338 2498 ter
2364 2444 2429 2496 de
2455 2442 2779 2511 jttssiouihns
2805 2441 3211 2495 cltristiauorutu
3237 2441 3600 2510 imperatorum
3622 2438 3782 2493 faciatis

2260 2533 2533 2597 invidiam,
2562 2549 2680 2586 cunt
2713 2533 2754 2586 si
2786 2532 2934 2584 Vobis
2961 2532 3161 2595 liceret,
3187 2546 3294 2584 non
3321 2531 3528 2600 quidem
3549 2531 3647 2599 jam
3670 2528 3780 2583 Cott-

2261 2625 2550 2678 stautinutn
2580 2623 2943 2686 christianum,
2980 2623 3100 2691 quia
3128 2622 3338 2674 veritati
3363 2621 3501 2686 favit,
3527 2633 3687 2674 contra
3710 2633 3782 2672 nos

2258 2717 2689 2784 interpellaretis,
2715 2714 2806 2768 sed
2830 2722 3124 2783 apostatam
3151 2713 3421 2767 Juliamttn
3446 2714 3511 2766 ab
3535 2711 3691 2765 inieris
3711 2724 3782 2764 ex-

2257 2809 2526 2872 citaretis;
2553 2808 2701 2877 quasi
2737 2823 2864 2860 vero
2893 2807 2936 2860 si
2963 2806 3156 2876 aliqttid
3188 2807 3294 2860 tale
3331 2808 3655 2874 contingeret,
3679 2809 3784 2856 esset

2257 2916 2506 2969 magnum
2529 2899 2723 2952 malum
2763 2898 2862 2952 nisi
2888 2898 3058 2951 vobis.
3090 2897 3220 2962 Qua:
3245 2907 3334 2953 est
3357 2898 3495 2952 enim
3522 2896 3654 2966 pejor
3675 2905 3784 2947 mors

2257 2994 2471 3055 animm,
2501 3008 2658 3061 quatn
2687 2991 2903 3045 libertas
2929 2991 3159 3046 erroris?

2327 3081 2554 3138 CAPUT
2583 3080 2666 3134 Ill.
2689 3111 2759 3121 -
2789 3082 2868 3135 Η.
2901 3081 3006 3134 Sed
3033 3082 3140 3148 jattt
3174 3080 3424 3135 tollamus
3450 3080 3540 3134 ista
3567 3077 3715 3132 omnia
3736 3072 3784 3128 de

2259 3176 2466 3240 medio;
2495 3189 2732 3229 atnemus
2761 3189 2964 3242 pacem,
2990 3189 3146 3241 quatn
3170 3175 3345 3226 omnis
3378 3172 3557 3226 doctus
3579 3178 3627 3224 et
3649 3166 3784 3221 indoc-

2263 3277 2345 3321 tus
2374 3266 2618 3337 iutelligit
2644 3264 3055 3336 pra-ponendam
3085 3278 3203 3317 esse
3229 3263 3533 3328 discordia‘,
3559 3262 3785 3330 diligamus

2264 3367 2318 3414 et
2343 3371 2619 3414 teneamus
2649 3361 2923 3411 unitatem.
2956 3357 3065 3411 lloc
3089 3355 3283 3425 jnbcut
3321 3357 3660 3425 imperatores,
3679 3346 3785 3420 quod

2259 3452 2408 3520 jubet
2431 3460 2485 3506 et
2513 3449 2782 3514 Christus;
2823 3451 2942 3519 quia
2979 3465 3098 3503 cum
3134 3449 3335 3502 botttttu
3357 3448 3555 3516 jubent,
3591 3461 3672 3516 per
3701 3443 3786 3497 illo:

2263 3558 2368 3596 non
2391 3541 2540 3610 jubet
2577 3541 2676 3595 nisi
2706 3539 2966 3594 CInistns.
3007 3540 3071 3593 Et
3101 3554 3196 3592 nos
3225 3540 3388 3593 etiam
3422 3553 3510 3608 ler
3535 3534 3784 3605 Apostolttm

2265 3634 2529 3695 obsecrat,
2571 3642 2628 3686 ttt
2669 3631 2893 3700 idipsum
2924 3630 3162 3684 dicamus
3197 3645 3406 3693 omnes,
3445 3639 3498 3684 et
3531 3643 3624 3682 non
3647 3622 3786 3679 siutin

2264 3724 2418 3778 nobis
2454 3723 2739 3777 schismata
2766 3763 2780 3784 ,
2827 3737 2998 3791 neque
3023 3720 3262 3775 dicamus
3287 3763 3302 3787 ,
3345 3721 3455 3790 Ego
3492 3719 3680 3790 quidem
3700 3729 3785 3770 sum

2265 3816 2436 3880 Pauli,
2461 3831 2558 3884 ego
2585 3825 2760 3868 autetn
2796 3813 3004 3882 Apollo,
3029 3829 3126 3882 ego
3151 3829 3282 3868 vero
3304 3815 3517 3884 Ceplta',
3545 3827 3633 3883 ego
3652 3818 3785 3864 autem

2265 3908 2496 3972 Christi;
2530 3907 2621 3962 sed
2652 3907 2808 3962 simul
2832 3923 3017 3961 omnes
3041 3923 3144 3961 non
3176 3908 3348 3962 simus
3374 3909 3469 3962 nisi
3490 3906 3681 3968 Christi,
3699 3901 3788 3971 quia

2267 4017 2365 4056 nec
2404 4001 2605 4055 divisus
2648 4012 2726 4055 est
2756 4000 3025 4065 Christus,
3073 4015 3168 4054 nec
3211 4000 3412 4055 Paulus
3451 3999 3702 4055 cruciﬁxus
3729 3999 3789 4048 est

2266 4107 2364 4162 pro
2413 4093 2598 4157 nobis;
2642 4101 2838 4160 quanto
2887 4092 3060 4145 minus
3100 4091 3375 4146 Donatus?
3410 4105 3504 4146 nec
3537 4089 3584 4142 in
3625 4083 3788 4140 nomine

2271 4185 2415 4239 Pauli
2447 4185 2691 4254 baptizati
2721 4198 2900 4236 sumus
2927 4181 2977 4250 (Ι
3006 4180 3122 4236 Cor.
3149 4197 3185 4246 ι,
3207 4182 3276 4236 10
3314 4181 3430 4253 I5);
3453 4188 3634 4251 quanto
3658 4174 3789 4229 minus

2269 4276 2321 4330 itt
2339 4277 2548 4330 Donati?
2566 4276 2676 4330 Iloc
2692 4274 2876 4327 dicunt
2891 4281 2943 4327 et
2957 4271 3333 4342 Imperatores,
3349 4275 3468 4343 quia
3487 4265 3722 4325 christiani
3733 4276 3791 4324 ca.

2271 4369 2448 4424 tholici
2468 4377 2608 4430 sunt,
2632 4382 2736 4421 non
2757 4366 3012 4420 idolorum
3038 4366 3198 4427 servi,
3224 4367 3364 4421 sicut
3390 4375 3555 4419 vester
3573 4361 3788 4417 Julianus;

2270 4479 2375 4518 non
2395 4462 2646 4524 lttcretici,
2665 4461 2801 4515 sicut
2821 4460 3034 4530 quidam
3062 4459 3348 4516 fueruntet
3371 4461 3644 4518 Ecclesium
3657 4452 3792 4510 catho-

2271 4553 2426 4608 licam
2462 4552 2721 4623 persecuti
2755 4559 2896 4616 sunt,
2927 4552 3138 4620 quando
3165 4554 3278 4606 veri
3319 4552 3584 4608 christiani
3608 4562 3694 4603 non
3722 4554 3791 4614 pro

2273 4645 2523 4700 haaretico
2547 4660 2728 4699 errore
2750 4658 2934 4714 paruas
2964 4644 3286 4712 justissimas
3307 4646 3444 4700 sicut
3470 4661 3584 4706 vos.
3619 4639 3698 4695 sed
3724 4648 3793 4704 pro

2272 4735 2526 4791 catholica
2545 4733 2763 4790 veritate
2785 4736 3057 4805 passiones
3075 4736 3484 4806 gloriosissimas
3500 4735 3788 4807 pertulerunt.

2346 4827 2432 4882 19..
2464 4825 2731 4881 Attendite
2763 4842 2920 4896 quam
2949 4827 3374 4880 tttttttttestissinttt
3400 4830 3606 4883 veritate
3626 4838 3704 4895 per
3721 4832 3791 4873 cor

2274 4921 2434 4990 regis,
2464 4918 2600 4988 quod
2627 4917 2678 4972 itt
2709 4933 2865 4972 manu
2893 4918 2982 4972 Dei
3010 4927 3110 4983 est,
3137 4918 3248 4986 ipse
3282 4921 3420 4972 lletts
3440 4917 3618 4973 dixerit
3642 4915 3685 4967 in
3719 4910 3790 4963 istJ

2278 5011 2390 5080 ipsa
2417 5011 2530 5078 lege
2554 5023 2708 5078 quam
2729 5020 2911 5063 contra
2930 5023 3020 5062 vos
3044 5008 3301 5076 prolatam
3323 5009 3522 5071 dicitis;
3545 5014 3620 5062 est
3638 5009 3786 5057 autent.

2277 5103 2322 5156 si
2362 5100 2686 5169 intelligatis,
2738 5099 2936 5169 prolata
2971 5115 3064 5167 pro
3104 5101 3274 5154 vobis.
3305 5099 3568 5156 Attendite
3591 5094 3696 5166 quid
3723 5091 3789 5142 Ita-

604 5199 726 5240 men
756 5198 912 5254 posse
939 5183 1110 5252 perire
1137 5181 1201 5236 dc
1229 5181 1404 5246 terris,
1431 5181 1474 5233 si
1504 5179 1686 5234 unitati
1711 5179 1959 5236 Ecclesia:
1978 5181 2045 5235 de
2070 5197 2171 5252 qua

550 5277 571 5288 "
604 5280 779 5347 lapsus
810 5275 998 5338 fuerat,
1029 5274 1306 5337 invideret,
1337 5282 1389 5327 et
1416 5273 1696 5342 sacrilegas
1729 5273 2086 5328 dissensiones
2114 5274 2174 5327 li-

555 5364 558 5383 ²
605 5372 761 5425 heras
816 5382 933 5421 esse
984 5367 1328 5435 permitteret.
1373 5364 1494 5418 ΙΙωο
1536 5374 1650 5418 erat
1689 5367 1806 5434 ejus
1845 5364 2174 5433 praedicanda

559 5453 576 5467 ⁶
667 5463 683 5494 ι
711 5465 843 5516 Lov.,
867 5456 1007 5508 verba
1032 5455 1157 5518 regis
1179 5467 1279 5504 esse
1303 5453 1738 5518 Nabuchodonosor.
1766 5452 1923 5516 rigua,
1953 5463 2172 5518 etcum,

606 5523 714 5572 ωδ.
741 5514 840 5575 tan,
861 5520 999 5570 verba
1023 5531 1065 5587 rt
1078 5514 1151 5580 ge
1174 5530 1273 5566 esse
1298 5529 1327 5583 :0
1344 5515 1445 5579 regi
1469 5514 1890 5587 subite/todano'sor
1907 5514 2105 5576 ostendi,
2117 5515 2179 5566 si-

601 5596 711 5648 gna.
739 5592 792 5648 At
814 5591 939 5648 Mss,
965 5586 1089 5645 regis
1281 5589 1438 5648 signi.
1468 5586 1560 5648 etc.
1883 5635 1893 5646 θ
2011 5636 2041 5648 μ’

667 5648 685 5675 ³
710 5647 779 5692 sic
802 5638 1037 5691 meliores
1050 5649 1156 5689 Mss.
1186 5647 1238 5688 Αι
1259 5638 1390 5701 vuig.
1417 5641 1614 5696 habent,
1639 5638 1893 5700 perditioni
1914 5638 2080 5700 partis.

669 5705 740 5764 (α)
765 5712 811 5751 Ι.ι
835 5705 1026 5752 ιλιιιιωο
1048 5705 1203 5753 otticio
1219 5704 1501 5750 dicebantur
1520 5704 1621 5750 haec
1641 5701 1688 5748 in
1705 5707 1903 5749 sabbato
1920 5708 2106 5761 sancto,
2130 5708 2182 5752 et

607 5766 1000 5821 reswndebatur,
1025 5777 1179 5813 autem.

669 5825 742 5886 (ὸ)
765 5826 1036 5886 κρὶςωμιιιι
1059 5838 1085 5871 a
1107 5826 1234 5872 casis
1255 5825 1420 5882 Nigris

2280 5192 2439 5246 beant
2466 5191 2621 5244 verba
2651 5189 2899 5258 principis
2935 5208 2945 5242 :
2982 5187 3118 5242 Nam
3139 5192 3183 5244 si
3203 5192 3253 5244 iu
3281 5192 3353 5245 eis
3381 5195 3464 5262 qui
3491 5190 3638 5260 primo
3655 5181 3791 5238 initiati

2280 5291 2415 5343 sunt,
2439 5281 2625 5332 idcirco
2653 5279 2826 5350 religio
2849 5276 3174 5347 Baptismatis
3187 5281 3452 5350 judicatur
3472 5279 3675 5347 inﬁrma,
3696 5265 3794 5340 quod

2282 5372 2318 5425 ii
2343 5388 2374 5424 α
2403 5371 2580 5439 quibus
2603 5371 2847 5438 accipitur
2877 5378 3156 5438 peccatores
3185 5381 3440 5440 putentur,
3465 5370 3600 5424 to:ier
3621 5355 3794 5418 renovari

2285 5481 2478 5518 necesse
2507 5464 2596 5517 erit
2639 5465 2877 5516 traditum
2928 5464 3334 5526 Sacrameutum,
3383 5467 3565 5533 quoties
3607 5456 3795 5524 indigi!”

2288 5559 2437 5629 fuerit
2465 5559 2689 5609 inretitus
2707 5557 2874 5610 collati
2905 5556 3230 5626 Baptisnmtis
3249 5558 3630 5616 administrator,
3650 5561 3688 5603 rt
3704 5545 3796 5614 lide

2288 5662 2455 5704 nostra
2483 5668 2582 5703 nou
2610 5667 2670 5703 ex.
2701 5662 2883 5704 nostra!
2907 5652 3171 5706 voluntati;
3197 5653 3424 5712 arbitrio,
3453 5666 3597 5718 neque
3617 5661 3668 5697 ex
3685 5635 3797 5693 dtt‘tlll

2327 5764 2367 5831 ,ί
2395 5761 2524 5823 apud
2549 5773 2648 5811 Am.
2668 5761 2781 5831 ‘Bad.
2809 5769 2880 5812 Er.
2910 5773 2958 5814 et
2980 5771 3084 5815 t.=ss.
3126 5773 3226 5815 tres
3249 5777 3294 5812 v.
3333 5773 3383 5814 et
3514 5759 3724 5814 scribitur,
3742 5755 3797 5796 π’·

2291 5825 2522 5874 ritum.
2549 5825 2677 5884 Apud
2702 5837 2770 5873 cc.
2801 5833 2847 5873 et
2872 5842 2932 5886 s.,
2950 5837 3237 5880 .Im'uttzmus.

3777 5999 3806 6014 ρ
