3990 6382
236 378 316 440 ιω

229 493 423 552 snserit
456 490 634 564 gratia,
652 488 748 545 sed
767 503 831 544 ω
851 485 1038 542 meritis
1062 483 1381 540 sacerdotum
1403 492 1451 538 et
1475 482 1775 537 clericorum

226 586 440 657 qualitate
460 580 685 652 pendebit
713 578 813 653 (a).
839 577 1060 635 Faciant
1096 577 1242 632 mille
1270 574 1495 631 concilia
1539 574 1776 647 episcopi

228 676 388 741 vestri,
415 672 533 729 huic
577 671 664 727 uni
695 668 970 726 sententia:
1010 666 1388 740 respondeant,
1443 676 1498 722 et
1538 666 1604 721 ad
1634 665 1779 738 quod

227 764 474 821 volueritis
494 759 856 818 consentimus
882 759 1053 814 vobis.
1084 757 1272 813 Videte
1299 756 1441 813 enim
1468 772 1625 827 quam
1654 771 1781 827 pcr-

228 872 361 914 verse
403 865 455 911 et
502 854 660 924 impie
688 852 914 919 dicatur,
941 851 1083 923 quod
1114 850 1293 907 dicere
1337 850 1541 914 soletis,
1582 849 1705 920 quia
1734 850 1781 905 si

227 950 376 1006 bonus
398 947 464 1001 sit
485 945 665 1011 homo,
715 944 828 1013 ipse
856 942 1151 998 sanctiﬁcat
1180 956 1301 996 eum
1329 956 1487 1011 quem
1515 940 1779 1010 baptizat;

228 1040 437 1096 siautem
466 1037 633 1091 malus
655 1035 743 1096 sit,
772 1043 827 1090 et
851 1034 1053 1089 nesciat
1080 1034 1168 1087 ille
1188 1033 1277 1104 qui
1304 1032 1624 1103 baptizatur,
1655 1040 1781 1086 tunc

229 1132 347 1188 Deus
370 1128 673 1183 sanctificat.
714 1125 826 1182 lloc
869 1125 915 1181 si
955 1140 1138 1181 verum
1167 1132 1270 1188 est.
1322 1134 1505 1193 optare
1530 1138 1658 1195 ergo
1684 1121 1783 1177 de-

227 1223 330 1278 bent
358 1218 614 1285 homines,
643 1227 745 1273 uta
774 1216 929 1273 malis
950 1217 1203 1287 ignoratis
1228 1215 1579 1285 baptizentur,
1609 1213 1786 1284 potius

227 1330 361 1386 quam
386 1328 414 1367 ιι
458 1312 598 1367 ιιοιίε
623 1311 795 1376 bouis,
830 1320 888 1364 ut
914 1310 1081 1380 magis
1103 1325 1135 1364 a
1164 1309 1272 1363 Deo
1296 1324 1452 1379 quam
1479 1308 1547 1362 ab
1573 1307 1787 1362 homine

227 1405 406 1476 [mssiut
429 1402 742 1458 sanctilicari
784 1420 797 1455 :
826 1401 921 1457 sed
945 1402 1085 1455 absit
1115 1416 1144 1453 a
1172 1399 1325 1456 nobis
1355 1399 1451 1453 ista
1496 1397 1785 1456 dementia.

226 1496 377 1564 Quare
415 1509 541 1565 ergo
572 1508 677 1548 non
708 1507 894 1547 verum
940 1491 1188 1556 dicimus,
1235 1498 1286 1545 et
1340 1498 1484 1544 recte
1526 1489 1785 1557 sapimus,

227 1589 328 1655 quia
354 1602 562 1657 semper
600 1585 694 1641 Dei
731 1594 814 1640 est
841 1584 926 1639 illa
950 1585 1116 1655 gratia
1144 1591 1199 1638 et
1238 1582 1331 1639 Dei
1359 1582 1786 1648 Sacramentum,

226 1680 428 1735 hominis
454 1688 632 1733 autem
670 1678 840 1732 solmu
872 1676 1259 1737 ministerium;
1287 1675 1376 1745 qui
1410 1675 1453 1728 si
1487 1674 1660 1729 bonus
1683 1682 1786 1740 εει,

224 1772 432 1827 adlucret
453 1771 583 1833 Deo.
612 1779 668 1827 et
688 1778 942 1837 operatur
980 1783 1100 1823 eum
1148 1768 1291 1830 Deo;
1318 1768 1362 1822 si
1392 1776 1569 1822 autem
1619 1767 1791 1821 malus

224 1872 311 1927 est,
346 1871 592 1931 operatur
632 1876 727 1931 per
772 1860 920 1915 illum
968 1859 1108 1915 Deus
1150 1857 1412 1912 visibilem
1460 1856 1790 1912 Sacrameuti

224 1953 441 2013 formam.
476 1954 591 2022 ipse
616 1962 792 2007 autem
819 1951 980 2006 donat
1019 1950 1337 2005 invisibilem
1385 1949 1627 2020 gratiam.
1680 1947 1793 2003 Hoc

224 2046 459 2117 sapiamus
485 2060 696 2111 omnes,
722 2054 777 2098 et
805 2059 911 2098 non
946 2042 1054 2098 sint
1075 2043 1126 2097 in
1159 2042 1311 2097 nobis
1339 2042 1645 2096 scismata.

282 2138 489 2196 CAPUT
534 2138 625 2193 IV.
653 2168 725 2180 —-
754 2139 840 2193 15.
872 2135 1203 2192 Concordatc
1234 2134 1531 2197 nobiscum,
1567 2132 1788 2197 lratres;

224 2231 460 2301 diligimus
489 2246 610 2293 vos,
655 2231 757 2286 hoc
799 2228 951 2283 vobis
978 2228 1227 2282 volumus
1255 2226 1397 2297 quod
1442 2235 1496 2280 ct
1533 2224 1704 2280 nobis.
1734 2223 1793 2280 Si

225 2332 471 2395 propterea
503 2336 607 2375 nos
630 2320 843 2391 gravius
867 2317 1073 2382 odistis,
1107 2317 1228 2388 quia
1260 2331 1439 2372 errare
1487 2330 1583 2367 vos
1613 2322 1668 2369 et
1696 2329 1793 2384 pe-

224 2414 314 2469 rirc
335 2428 428 2467 non
455 2411 842 2481 permittimus,
874 2410 979 2466 hoc
1000 2409 1109 2464 Deo
1134 2408 1313 2466 dicite.
1356 2423 1513 2477 quem
1539 2406 1793 2460 timemus

224 2503 482 2558 minantem
515 2502 673 2557 malis
700 2501 1017 2571 pastoribus,
1049 2508 1103 2553 et
1142 2499 1404 2553 dicentem
1434 2515 1448 2549 :
1479 2496 1629 2562 Quod
1650 2513 1791 2550 erra-

226 2602 359 2655 verat,
387 2610 481 2646 non
535 2591 824 2655 revocastis,
868 2588 1074 2659 etquod
1120 2589 1353 2658 perierat,
1384 2604 1482 2640 non
1522 2586 1794 2653 iaquisistis

232 2682 413 2752 (Emit.
436 2698 628 2743 xxxuv.
662 2680 739 2753 4).
775 2682 884 2736 lloc
911 2679 1061 2735 vobis
1083 2695 1178 2750 per
1206 2693 1303 2732 nos
1334 2678 1473 2733 Dens
1499 2677 1613 2745 ipse
1648 2677 1789 2740 lat-it,

232 2789 325 2827 sive
344 2772 687 2834 obsecrando,
713 2771 826 2826 sive
853 2769 1127 2834 minando,
1156 2769 1267 2823 sive
1286 2765 1648 2836 corripiendo,
1680 2766 1795 2823 sive

232 2867 424 2932 damnis,
450 2868 577 2923 sive
605 2866 893 2931 laboribus,
924 2865 1039 2919 sive
1067 2880 1162 2933 per
1191 2879 1314 2916 suas
1335 2861 1573 2916 occultas
1602 2859 1793 2915 admo-

228 2960 425 3015 nitiones
456 2959 550 3015 vel
578 2959 907 3013 visitationes
926 2997 939 3019 ,
970 2956 1084 3011 sive
1113 2970 1207 3025 per
1239 2963 1559 3024 potestatum
1586 2961 1793 3022 tempo-

224 3053 389 3109 ralium
411 3054 581 3123 leges.
610 3050 891 3121 intelligizc
918 3048 1043 3119 quid
1073 3046 1348 3101 vobiscum
1371 3054 1587 3116 agatur;
1621 3044 1796 3113 perire

226 3160 305 3199 vos
328 3161 427 3200 non
457 3144 576 3199 vult
613 3143 753 3198 Deus
789 3141 841 3195 iu
889 3140 1143 3208 sacrilega
1190 3136 1454 3193 discordia
1474 3136 1735 3189 alienatos
1764 3150 1795 3188 a

222 3246 554 3295 matrevestra
577 3234 869 3290 Catholica.
895 3231 1035 3287 Nihil
1059 3232 1110 3285 in
1139 3245 1237 3283 nos
1258 3227 1542 3298 aliquando
1569 3227 1797 3297 probare

225 3330 488 3401 potuistis;
520 3327 684 3383 vestri
711 3324 945 3396 episc0pi
966 3322 1215 3379 conventi
1244 3336 1273 3375 a
1306 3320 1481 3381 nobis,
1526 3334 1793 3389 nunquam

222 3426 473 3482 nobiscum
487 3420 708 3493 paciﬁca
737 3418 984 3474 conferre
1006 3418 1306 3473 voluerunt.
1343 3414 1491 3484 quasi
1534 3412 1795 3483 fugientes

220 3532 325 3573 cum
348 3511 718 3589 peccatoribus
739 3509 904 3579 loqui.
934 3507 1063 3575 Quis
1098 3507 1233 3561 ferat
1273 3505 1427 3558 istam
1463 3502 1792 3573 superbiam?

222 3607 349 3672 quasi
372 3606 568 3662 Paulus
582 3601 856 3671 apostolus
891 3615 997 3654 non
1036 3597 1324 3653 contulerit
1345 3613 1464 3652 cum
1498 3596 1794 3666 peccatori-

221 3696 365 3753 busrt
382 3712 506 3753 cum
520 3694 675 3749 valde
696 3691 966 3762 sacrilegis
986 3710 999 3746 :
1019 3691 1176 3761 legite
1203 3691 1363 3744 Actus
1394 3689 1791 3758 Apostolorum,

222 3796 268 3846 et
289 3789 469 3846 videte.
501 3786 663 3854 Quasi
695 3785 809 3854 ipse
838 3782 1094 3837 Dominus
1123 3797 1227 3835 non
1244 3796 1363 3835 cum
1385 3780 1606 3842 ludatis,
1627 3796 1655 3834 a
1679 3781 1795 3850 qui-

220 3876 306 3933 bus
324 3877 608 3935 cruciﬁxus
632 3884 734 3936 est.
762 3888 1037 3929 sermones
1068 3871 1135 3927 de
1161 3872 1302 3942 Lege
1326 3871 1588 3936 habuerit,
1612 3872 1795 3941 eisque

218 3978 555 4042 congruenter
596 3965 952 4037 responderit.
978 3965 1257 4020 Postremo
1299 3963 1540 4017 diabolus
1575 3973 1657 4017 est
1684 3963 1795 4031 pri-

219 4061 569 4116 musomnium
585 4066 942 4128 peccaturum,
957 4054 1043 4126 qui
1062 4054 1297 4109 converti
1316 4053 1379 4107 ad
1396 4052 1653 4123 justitiam
1670 4067 1798 4107 nun‘

221 4165 360 4219 quam
381 4150 596 4222 poterit.
615 4159 668 4204 ct
688 4160 863 4203 tanton
882 4162 980 4202 nec
1002 4147 1115 4216 ipse
1142 4146 1399 4201 Dominus
1417 4145 1482 4199 de
1506 4146 1642 4214 Lege
1655 4144 1799 4199 dedi-

220 4252 394 4312 gnatus
408 4252 492 4298 est
510 4244 560 4297 ei
581 4240 927 4311 respondere;
946 4248 1003 4293 ut
1023 4238 1325 4308 intelligatis
1347 4237 1478 4292 istos
1492 4236 1610 4291 ideo
1629 4237 1800 4291 nobis-

220 4346 329 4390 cum
341 4334 481 4391 nolle
496 4332 764 4395 conferre,
779 4329 904 4400 quia
914 4344 1127 4382 catlsam
1142 4343 1290 4379 suam
1307 4325 1565 4397 perditam
1582 4335 1793 4381 norunt.

283 4425 364 4481 14.
394 4424 503 4481 Nos
532 4425 550 4456 ⁸
583 4423 888 4493 ignoramus
912 4421 1036 4491 quid
1053 4420 1307 4476 adversus
1325 4419 1531 4488 seipsos
1553 4417 1799 4475 homines

219 4514 438 4584 iactent,
484 4518 575 4587 qui
617 4514 963 4572 Calumniosis
990 4512 1411 4568 dissensionibus
1457 4511 1706 4581 gaudent.
1741 4513 1797 4568 In

222 4604 490 4679 Scripturis
513 4607 769 4662 discimus
792 4605 1097 4670 Christum,
1132 4605 1182 4658 in
1220 4603 1509 4671 Scripturis
1545 4602 1800 4659 discimus

224 4694 528 4754 Ecclesiam.
591 4698 697 4752 llas
746 4697 1048 4765 scripturas
1100 4695 1451 4750 communiter
1497 4695 1753 4751 habemus
1781 4738 1795 4761 ,

224 4803 374 4858 quare
397 4808 501 4846 non
528 4792 580 4846 in
603 4789 682 4845 eis
700 4797 755 4846 et
772 4788 1039 4844 Christum
1060 4796 1113 4843 et
1137 4787 1425 4842 Ecclesium
1446 4789 1801 4845 communiter

226 4882 543 4938 retinemus?
570 4882 679 4936 Nos
704 4881 791 4936 ubi
815 4879 1128 4951 agnovimus
1154 4894 1276 4933 eum
1300 4878 1367 4932 de
1387 4893 1493 4948 quo
1512 4878 1639 4933 dicit
1660 4880 1801 4948 Apo-

227 4974 404 5037 status.
434 4975 649 5030 Abralue
671 4974 818 5027 dictae
835 4983 953 5027 sunt
982 4972 1337 5043 promissiones
1374 4981 1422 5024 et
1453 4972 1628 5025 semini
1658 4972 1801 5043 ejus;

232 5079 321 5118 non
346 5066 479 5129 dicit,
522 5062 591 5119 Et
627 5063 916 5127 seminibus,
959 5072 1194 5133 tanquam
1234 5063 1287 5115 in
1318 5061 1642 5123 multis;sed
1681 5072 1800 5116 tan-

232 5172 367 5225 quam
393 5157 441 5211 in
460 5173 581 5219 uno,
616 5155 680 5209 Et
705 5155 883 5210 semini
904 5164 1009 5216 tuo,
1046 5153 1180 5224 quod
1202 5163 1273 5208 est
1300 5153 1527 5208 iltristus
1548 5151 1691 5222 (Gal.
1722 5169 1795 5217 ιιι,

235 5246 316 5313 16)
340 5264 354 5309 ;
385 5249 451 5303 ibi
480 5246 793 5319 agnovimus
820 5245 1133 5309 Ecclesium,
1177 5243 1244 5299 de
1271 5260 1372 5313 qua
1402 5243 1529 5297 dicit
1569 5243 1706 5298 Deus
1734 5243 1800 5299 ad

232 5336 504 5404 Abraham,
553 5337 618 5392 In
664 5337 852 5392 semine
894 5347 978 5389 tuo
1029 5334 1380 5389 benedicentur
1426 5351 1597 5387 omnes
1635 5344 1804 5405 gentes

236 5425 379 5495 (Gen.
408 5446 500 5494 xu,
528 5430 606 5501 5).
636 5428 734 5486 Ubi
757 5429 1067 5498 agnovimus
1104 5425 1374 5482 Christum
1407 5428 1457 5481 in
1502 5427 1712 5481 l’saltuo
1735 5428 1803 5484 de

240 5534 292 5581 ιε
314 5527 727 5597 prophetantem,
757 5523 1005 5578 Dominus
1031 5524 1157 5577 dixit
1187 5523 1253 5576 ad
1274 5540 1369 5587 me,
1400 5522 1563 5576 Filius
1590 5539 1727 5576 meus
1752 5540 1804 5577 es

296 5640 314 5672 ⁸
336 5646 454 5692 Unus
474 5656 503 5692 ε
524 5642 671 5691 \‘atic.
694 5645 825 5699 Mss,
850 5647 946 5688 non
967 5637 1258 5703 ignoramus.
1285 5643 1484 5685 Fortean
1506 5634 1698 5685 melius.

297 5721 366 5785 (a)
387 5727 530 5775 verba
568 5725 734 5774 istth
754 5730 860 5771 sunt
901 5721 1029 5770 illius
1072 5719 1446 5785 forsitan_legis,
1471 5719 1801 5785 Constantini,

242 5781 478 5845 Constantii
500 5796 551 5837 et
570 5795 589 5832 \
602 5785 899 5840 alentiaiaai,
915 5786 1049 5845 cujus
1066 5782 1247 5845 mentio
1259 5782 1374 5845 [itm
1390 5782 1499 5845 Cod.
1517 5789 1540 5828 Ἰ
1551 5781 1695 5831 beod.
1719 5781 1802 5829 lib.

250 5842 323 5905 “is
342 5852 399 5900 LI.
432 5850 477 5908 ιε,
500 5859 564 5901 se
586 5853 802 5898 sanctum
822 5842 1055 5909 imptum
1076 5842 1291 5907 iteretur,
1316 5842 1416 5906 leg.
1436 5842 1482 5891 ‘3.

1395 361 1881 422 EPISTOLARUM
1916 362 2197 420 CLASSIS
2232 362 2297 420 11.

2414 277 2483 309 «κδ

1890 491 1978 541 tu:
1999 496 2091 552 ego
2113 480 2262 535 hodie
2278 481 2428 551 genui
2446 489 2527 546 te;
2555 480 2628 536 ibi
2653 484 2965 554 agnovimus
2983 485 3295 557 Ecclesiam,
3326 492 3380 546 in
3408 507 3478 548 eo

1888 572 2026 645 quod
2058 573 2315 643 sequitur,
2347 572 2557 630 Postulo
2577 592 2610 629 a
2628 592 2726 641 me,
2755 586 2801 631 et
2830 577 2960 632 dabo
3001 579 3090 634 tibi
3112 591 3282 652 gentes
3311 585 3470 641 Iurre-
3520 572 3579 643 NF

1888 666 2095 720 ditatem
2143 674 2302 731 tuam,
2361 677 2407 720 et
2455 668 2819 738 possessionem
2861 680 3001 725 tuam
3051 673 3285 729 terminos
3331 685 3483 733 teme

1892 757 2063 831 (Psal.
2099 774 2154 823 ιι,
2185 758 2238 825 7,
2261 757 2339 831 8).
2388 757 2489 814 Ubi
2536 761 2846 830 agnOvimus
2871 760 3140 818 Christum
3172 765 3223 819 in
3245 781 3311 821 eo
3337 771 3477 838 quod

1890 849 2144 920 soriptum
2197 856 2299 914 est,
2361 849 2497 905 Deus
2525 850 2733 906 deorum
2762 852 3012 911 Dominus
3045 855 3243 912 locutus
3268 869 3371 922 est;
3407 860 3477 917 ibi

1888 939 2205 1012 agnovimus
2219 948 2273 995 ct
2299 940 2588 997 Ecclesium
2613 943 2663 997 in
2684 959 2748 998 eo
2770 944 2910 1012 quod
2929 948 3187 1017 sequitur,
3207 949 3270 1003 Et
3290 958 3475 1006 vocavi.

1889 1041 2079 1087 terram
2108 1050 2141 1087 a
2168 1033 2290 1088 solis
2310 1043 2423 1088 ortu
2453 1051 2609 1107 usque
2639 1036 2707 1089 ad
2727 1052 2957 1092 occasum
2989 1039 3006 1111 (
3030 1038 3173 1095 Psal.
3203 1058 3353 1105 xux,
3386 1045 3409 1099 1
3439 1045 3480 1115 ).

1891 1123 1991 1179 Ubi
2035 1126 2348 1196 agnovimus
2376 1127 2643 1182 Christbm
2691 1129 2743 1182 in
2788 1144 2855 1183 eo
2907 1130 3047 1201 quod
3087 1132 3347 1201 scriptum
3376 1144 3480 1203 est,

1892 1218 1960 1273 Et
2003 1220 2112 1290 ipse
2141 1228 2381 1292 tauquam
2423 1237 2639 1289 sponsus
2684 1222 2958 1291 procedens
3000 1223 3062 1277 de
3100 1224 3323 1280 thalamo
3365 1244 3478 1294 suo,

1892 1312 2160 1365 exsultavit
2184 1322 2237 1365 ut
2265 1312 2408 1384 gigas
2437 1313 2505 1367 ad
2530 1315 2831 1367 currendum
2858 1316 3024 1381 riam;
3069 1317 3137 1371 ibi
3171 1321 3475 1389 agnovimus

1893 1411 1945 1457 et
1978 1402 2278 1458 Ecclesiam
2319 1403 2371 1457 in
2399 1419 2465 1457 eo
2493 1404 2634 1474 quod
2667 1406 2821 1475 paulo
2872 1409 3116 1479 superius
3154 1410 3366 1470 dicitur.
3414 1410 3483 1466 In

1894 1508 2088 1547 omnem
2102 1502 2287 1549 terram
2302 1494 2451 1548 exivit
2474 1511 2629 1549 sonus
2657 1512 2849 1563 comm,
2881 1509 2926 1552 et
2955 1499 3006 1551 in
3033 1501 3158 1568 ﬁnes
3183 1502 3315 1557 orbis
3337 1515 3485 1560 terra:

1894 1583 2043 1636 rerba
2069 1600 2259 1638 eorum.
2292 1583 2359 1638 lu
2385 1586 2489 1640 sole
2514 1588 2682 1656 posuit
2706 1586 3081 1644 tabernaculum
3116 1610 3261 1648 suum
3293 1593 3311 1663 (
3337 1595 3481 1651 Psal.

1894 1690 2045 1737 xvm,
2077 1675 2132 1741 5,
2164 1675 2242 1746 6).
2277 1675 2392 1746 ipsa
2422 1687 2503 1731 est
2540 1676 2778 1734 Erelesia
2808 1680 2859 1734 in
2904 1682 3019 1737 sole
3051 1684 3239 1753 posita.
3270 1685 3370 1739 hoe
3402 1696 3487 1742 est

1897 1764 1950 1820 in
1995 1766 2416 1824 manifestatioue
2442 1770 2688 1825 omnibus
2730 1782 2873 1839 nota,
2918 1790 3087 1845 usque
3120 1776 3187 1831 ad
3229 1760 3487 1835 terminos

1901 1867 2076 1915 terrae.
2116 1859 2214 1916 Ubi
2241 1862 2555 1931 agnovimus
2583 1864 2852 1921 Christum
2880 1868 2932 1922 in
2963 1884 3029 1924 eo
3054 1871 3194 1939 quod
3227 1874 3483 1944 scriptum

1898 1962 2000 2015 εει,
2040 1951 2299 2007 Foderunt
2330 1971 2510 2009 manus
2554 1973 2711 2020 meas,
2754 1968 2799 2013 et
2836 1960 3006 2031 pedes,
3047 1963 3489 2020 dinumeraverunt

1898 2045 2068 2098 omnia
2093 2062 2207 2100 ossa
2234 2064 2375 2113 mea;
2402 2050 2499 2119 ipsi
2522 2066 2637 2105 vero
2656 2052 3095 2107 consideraveruut
3116 2066 3162 2107 et
3183 2068 3488 2125 aspexerant

1900 2155 1994 2199 me.
2028 2139 2301 2194 diviserunt
2337 2142 2431 2196 sibi
2460 2144 2750 2199 vestimenta
2777 2163 2909 2213 mea,
2948 2158 2995 2201 et
3030 2165 3182 2219 super
3219 2153 3478 2207 vestimen-

1900 2237 2005 2282 tum
2036 2246 2200 2285 meum
2226 2232 2467 2286 miserunt
2494 2244 2712 2300 sortem;
2753 2236 2822 2290 ibi
2854 2238 3162 2307 agnovimus
3206 2250 3259 2295 et
3298 2241 3457 2297 Ercle

1900 2320 2033 2403 siam
2064 2321 2114 2375 in
2156 2337 2221 2376 eo
2262 2324 2401 2393 quod
2437 2325 2595 2393 paulo
2624 2336 2743 2395 post
2794 2328 2843 2381 iu
2875 2329 3076 2397 psalmo
3124 2333 3240 2398 it‘So
3268 2332 3484 2398 dicitur,

1899 2409 2437 2469 Commemorubuntur
2489 2426 2534 2469 et
2583 2429 2932 2474 convertentur
2970 2422 3038 2473 ad
3080 2421 3351 2477 Dominum
3376 2427 3489 2479 uni-

1900 2504 2030 2556 uersi
2044 2504 2170 2571 ﬁnes
2192 2516 2356 2569 terrm,
2387 2516 2433 2560 et
2453 2508 2735 2563 adorabunt
2755 2512 2805 2564 in
2832 2521 3097 2582 conspectu
3114 2515 3226 2584 ejus
3250 2516 3491 2571 nnirersa:

1902 2596 2082 2662 patria:
2132 2598 2355 2664 gentium
2382 2614 2402 2652 :
2446 2600 2681 2668 quoniam
2712 2600 2916 2656 Domini
2959 2616 3029 2657 est
3056 2622 3279 2674 regnum.
3312 2622 3358 2659 et
3384 2609 3492 2673 ipse

1900 2687 2241 2743 dominabitur
2264 2692 2484 2759 gentium
2509 2692 2525 2759 (
2548 2690 2690 2747 Psal.
2730 2710 2844 2756 χιιι,
2893 2696 2979 2759 17,
3024 2696 3109 2760 18,
3144 2696 3227 2761 19,
3255 2696 3345 2760 28,
3373 2697 3484 2769 29)

1903 2779 2001 2835 Ubi
2024 2782 2333 2851 agnovimus
2371 2781 2640 2838 Christum
2690 2785 2743 2839 in
2786 2802 2852 2841 co
2894 2787 3033 2856 quod
3080 2788 3335 2857 scriptum
3386 2798 3487 2856 est,

1902 2873 2148 2926 Exultare
2186 2890 2337 2944 super
2366 2875 2535 2937 cwlos,
2571 2874 2737 2940 Deus;
2783 2877 2849 2930 ibi
2881 2877 3192 2947 agnovimus
3222 2888 3274 2931 ct
3306 2878 3491 2937 Eccle-

1902 2964 2034 3018 siam
2069 2966 2119 3018 in
2147 2980 2213 3019 eo
2242 2966 2382 3035 quod
2412 2966 2667 3035 sequitur,
2696 2977 2741 3021 et
2766 2985 2918 3037 super
2943 2986 3139 3024 omnem
3167 2979 3350 3024 terram
3380 2972 3493 3042 glo-

1903 3057 1982 3109 ria
2006 3068 2090 3110 tua
2114 3058 2279 3131 (Psal.
2317 3076 2424 3122 LVI,
2469 3061 2544 3128 (i).
2587 3060 2686 3117 Ubi
2714 3064 3021 3130 agnovimus
3047 3064 3314 3118 Christum
3345 3067 3393 3120 in
3428 3079 3495 3121 eo

1902 3149 2042 3218 quod
2075 3152 2328 3222 scriptum
2359 3163 2460 3217 est,
2504 3153 2664 3219 Deus,
2694 3156 2943 3227 judicium
2971 3167 3112 3212 tuum
3160 3162 3263 3231 regi
3306 3162 3393 3228 da,
3442 3171 3498 3217 et

1888 3241 2146 3311 justitiam
2175 3254 2313 3297 tuam
2344 3246 2451 3313 [ilio
2472 3249 2632 3317 regis;
2680 3247 2747 3302 ibi
2778 3250 3087 3315 agnovimus
3118 3261 3168 3305 et
3200 3252 3493 3309 Eeclesiam

1904 3336 1957 3390 in
1982 3352 2046 3388 eo
2075 3337 2215 3405 quod
2237 3336 2304 3392 de
2331 3339 2421 3392 illo
2447 3339 2496 3392 in
2529 3340 2734 3408 psalmo
2767 3342 2881 3410 ipso
2911 3341 3123 3408 dicitur,
3163 3343 3225 3397 Et
3256 3344 3492 3399 (taurina-

1904 3431 2039 3484 bitur
2064 3447 2095 3483 a
2125 3431 2251 3484 mari
2291 3448 2445 3501 usque
2472 3432 2539 3486 ad
2566 3450 2721 3499 utare,
2750 3444 2795 3486 et
2821 3451 2851 3487 a
2878 3435 3085 3504 ﬂumine
3114 3452 3267 3505 usque
3293 3438 3362 3489 ad
3390 3447 3495 3491 ter-

1904 3524 2067 3577 minos
2097 3522 2229 3578 orbis
2265 3533 2532 3577 terrarum.
2571 3524 2753 3580 Coram
2798 3526 2885 3579 illo
2913 3527 3171 3596 precidem
3196 3526 3490 3596 ίΕΙΙιὶορεε,

1903 3626 1953 3670 et
1981 3618 2170 3670 inimici
2209 3618 2319 3687 ejus
2360 3628 2542 3671 terram
2572 3620 2776 3689 litigent.
2812 3620 2968 3691 Reges
3002 3620 3212 3677 Tharsis
3239 3632 3284 3676 et
3314 3623 3496 3678 insuit:

1905 3725 2116 3763 ntunera
2141 3710 2385 3776 o/ferent;
2408 3729 2546 3782 reges
2568 3711 2787 3766 Arabum
2817 3724 2860 3767 et
2894 3712 3031 3768 Saba
3059 3714 3193 3768 dona
3220 3715 3493 3780 add::cent;

1904 3813 1954 3856 et
1983 3802 2264 3857 adorabunt
2290 3821 2401 3858 eum
2432 3821 2601 3859 omnes
2630 3823 2768 3875 reges
2802 3816 2966 3865 terrm.
2993 3823 3163 3862 omnes
3189 3820 3357 3877 gentes
3385 3824 3496 3863 ser-

1906 3893 2037 3947 vient
2064 3894 2141 3946 illi
2167 3894 2336 3963 (l'sal.
2370 3912 2513 3960 LXXI,
2541 3895 2595 3956 2.
2628 3897 2681 3961 8,
2712 3896 2766 3961 9,
2804 3898 2888 3963 10,
2923 3898 3034 3967 11).

1979 3985 2066 4038 15.
2092 3983 2191 4039 Ubi
2224 3986 2536 4055 agnovimus
2558 3984 2823 4040 Christum
2854 3989 2904 4042 in
2945 4003 3011 4042 co
3049 3989 3187 4059 quod
3236 3992 3494 4061 scriptum

1906 4085 2007 4139 est,
2040 4076 2268 4144 lapidem
2297 4077 2363 4131 de
2394 4087 2572 4132 monte
2610 4078 2725 4131 sine
2776 4079 3019 4133 manilms
3051 4081 3349 4147 pra-uisum,
3383 4084 3494 4140 fre-

1905 4170 2047 4238 gisse
2075 4169 2250 4223 onmia
2281 4184 2445 4239 regna
2487 4179 2767 4231 terrarum,
2799 4172 2979 4239 utique
3019 4172 3100 4225 illa
3129 4187 3246 4241 qua:
3284 4172 3350 4227 de
3379 4169 3498 4230 cul-

1906 4261 2042 4315 turis
2064 4261 2367 4315 darmouum
2395 4259 2815 4331 praesumebant;
2842 4261 2911 4316 ibi
2940 4263 3251 4332 agnovimus
3294 4274 3349 4319 et
3386 4264 3493 4321 Ec-

1905 4356 2123 4411 elesiam
2155 4355 2205 4409 in
2250 4370 2317 4409 eo
2344 4354 2484 4425 quod
2513 4354 2711 4408 dictum
2741 4362 2855 4416 est.
2887 4354 3115 4425 lapidem
3162 4357 3333 4425 ipsum
3373 4372 3495 4413 ere-

1906 4449 2088 4513 visse,
2147 4458 2203 4503 et
2247 4446 2441 4502 factum
2491 4455 2724 4501 montem
2779 4462 3048 4516 magnum,
3103 4458 3156 4502 ct
3208 4449 3495 4518 replevisse

1906 4557 2119 4596 omnem
2150 4549 2347 4596 terram
2399 4538 2580 4612 (Dan.
2623 4555 2679 4604 ιι,
2720 4539 2810 4602 54,
2862 4540 2991 4612 55).
3037 4540 3136 4596 Ubi
3184 4543 3497 4609 agnovimus

1906 4632 2177 4687 Christum
2208 4632 2259 4685 in
2286 4647 2351 4686 co
2389 4630 2531 4701 quod
2572 4630 2826 4700 scriptum
2853 4640 2955 4693 est,
2992 4630 3291 4686 I’rarvaltbit
3320 4632 3481 4687 Domi-

1906 4742 2003 4779 nus
2028 4727 2265 4779 adversus
2310 4741 2413 4786 eos.
2457 4733 2505 4778 et
2541 4723 2888 4777 exterminabit
2929 4740 3099 4778 omnes
3128 4725 3246 4778 deos
3272 4726 3488 4797 gentium

1906 4827 2087 4881 terraa;
2113 4816 2181 4869 ibi
2212 4816 2523 4885 agnovimus
2551 4824 2605 4869 et
2630 4815 2923 4871 Ecclesium
2951 4815 3001 4868 in
3023 4830 3089 4869 eo
3113 4816 3253 4885 quod
3285 4817 3389 4874 illic
3409 4833 3491 4875 sc-

1906 4909 2107 4980 quitur,
2137 4905 2203 4961 Et
2225 4907 2508 4962 adorabunt
2534 4909 2587 4962 in
2626 4918 2893 4977 conspectu
2922 4908 3032 4975 eius
3059 4910 3396 4979 unusquisque
3435 4912 3496 4964 de

1908 5001 2018 5057 loco
2037 5019 2132 5057 suo
2159 5018 2330 5054 ontnes
2372 5002 2553 5056 insula:
2588 5004 2810 5071 gentium
2851 4998 3107 5071 (Saplton.
3144 5018 3202 5068 ιι,
3244 5000 3354 5077 11).
3394 5002 3494 5061 Ubi

1905 5095 2218 5166 agnovimus
2239 5093 2507 5150 Christum
2541 5093 2591 5147 in
2628 5108 2693 5148 eo
2730 5092 2871 5163 quod
2910 5093 3166 5163 scriptum
3207 5106 3310 5163 est,
3358 5094 3497 5149 Deus

1905 5187 1969 5239 ab
2000 5186 2172 5257 Africo
2192 5186 2371 5249 veniet,
2409 5194 2455 5238 et
2488 5194 2690 5237 sanctus
2717 5182 2779 5236 de
2808 5193 2973 5238 monte
3001 5184 3269 5249 umbroso;
3308 5185 3497 5255 aperiet

1910 5278 2059 5333 catos
2086 5279 2239 5331 virtus
2269 5277 2413 5348 ejus;
2441 5274 2512 5329 ibi
2536 5275 2849 5345 agnovimus
2876 5275 3167 5332 Ecclesium
3192 5277 3240 5329 in
3271 5292 3334 5330 eo
3354 5276 3493 5345 quod

1910 5371 2169 5440 sequitur,
2196 5367 2263 5421 Et
2294 5368 2458 5422 laudis
2490 5367 2599 5438 ejus
2629 5366 2780 5438 plena
2805 5377 2878 5420 cst
2905 5366 3278 5435 terra(llabac.
3313 5384 3387 5427 ttt.
3412 5368 3493 5437 3).

1910 5463 1993 5518 Ab
2028 5462 2204 5518 Africo
2247 5462 2390 5515 enim
2434 5462 2600 5529 posita
2637 5470 2719 5515 est
2763 5460 3082 5519 Jerusalem.
3125 5460 3264 5512 sicut
3306 5459 3498 5528 legitur

1912 5556 1962 5609 in
1995 5555 2130 5609 libro
2158 5552 2283 5607 Jcsn
2310 5550 2453 5606 Nave
2485 5551 2683 5623 (Josua:
2710 5566 2801 5617 xv,
2820 5549 2899 5619 8).
2920 5549 3057 5601 unde
3080 5564 3274 5602 nomen
3300 5550 3496 5606 Christi

1908 5647 2156 5701 dill'nsum
2187 5654 2268 5700 est
2288 5665 2301 5709 ;
2331 5654 2384 5699 ct
2411 5645 2481 5699 ibi
2506 5653 2589 5698 est
2612 5656 2764 5697 mons
2784 5640 3085 5705 umbrosus,
3105 5655 3258 5696 mons
3280 5643 3492 5711 Oliveti,

1909 5739 2054 5793 unde
2083 5738 2322 5792 ascendit
2368 5738 2419 5791 in
2451 5737 2641 5792 cwlum
2686 5743 2744 5787 ut
2784 5734 3081 5802 coeperiret
3130 5736 3297 5791 caelos
3331 5739 3495 5793 virtus

1912 5832 2046 5899 ejus,
2082 5839 2137 5885 et
2168 5828 2475 5899 impleretur
2498 5826 2733 5884 Ecclesia
2762 5840 2859 5897 per
2878 5840 3090 5884 onmem
3113 5836 3307 5885 terram
3328 5830 3497 5887 laudis

3510 472 3531 505 ιῗ

3524 560 3580 594 MT:
