3990 6396
551 375 652 437 ιοι

550 488 693 557 apud
718 502 816 543 vos
837 494 1137 558 acceperat,
1177 486 1272 543 sed
1312 492 1367 540 et
1392 498 1549 549 quem
1574 480 1694 536 aliis
1727 489 1875 533 extra
1916 491 1999 531 .os
2036 474 2137 533 de-

549 592 728 639 set-tor
752 581 996 637 infixerat
1019 622 1035 647 ,
1067 581 1183 652 ipso
1216 585 1458 634 correcta
1486 574 1685 630 violare
1707 589 1810 627 nott
1849 569 1963 625 ausi
1990 577 2133 634 sunt,

550 677 675 746 quia
708 675 910 744 regium
948 679 1329 745 cognoverunt.
1369 668 1446 724 De
1486 666 1588 723 hoc
1630 680 1816 721 eorum
1856 663 1995 719 facto
2032 671 2139 717 tam

549 766 697 823 bono
717 765 960 835 judicare
992 779 1096 820 non
1124 764 1223 825 vis,
1270 760 1361 817 ubi
1405 775 1501 815 eos
1536 758 1761 813 deberes
1806 753 2142 811 laudabiliter

551 857 772 922 imitari,
804 868 858 913 et
884 857 1122 928 sequeris
1142 853 1401 925 judicium
1427 867 1637 917 eorum,
1661 851 1714 905 in
1738 864 1844 920 quo
1868 858 2141 904 merentur

551 949 621 1005 ab
649 950 898 1005 omnibus
934 947 1205 1003 detestari.
1242 944 1424 1001 Times
1462 944 1530 999 de
1571 942 1841 998 Primiauo
1876 940 2138 1008 judicare,

552 1056 621 1097 nc
659 1040 868 1110 cogaris
905 1037 1089 1093 audire
1124 1035 1267 1109 quod
1307 1035 1491 1107 culpes
1526 1052 1539 1088 :
1574 1034 1681 1088 imo
1707 1047 1835 1087 vero
1858 1031 2059 1099 judica,
2088 1038 2143 1086 ct

554 1132 667 1188 illic
710 1131 878 1201 magis
906 1131 1107 1202 poteris
1141 1129 1380 1183 invenire
1413 1126 1554 1198 quod
1595 1124 1796 1180 Iaudes.
1838 1122 1953 1180 Non
1996 1122 2140 1177 enim

554 1221 695 1293 quod
724 1222 859 1276 male
889 1221 1011 1276 fecit
1041 1220 1339 1275 l‘rimianns
1360 1227 1411 1273 te
1432 1219 1675 1271 volmnns
1701 1228 2022 1277 memorare,
2046 1211 2141 1268 sed

552 1316 693 1388 quod
732 1317 934 1387 Optime
976 1313 1147 1369 fecit:
1192 1313 1279 1384 qui
1334 1312 1387 1366 in
1440 1310 1796 1381 suscipiendis
1842 1322 1977 1378 quos
2026 1306 2143 1375 ejus

552 1407 835 1465 danmator
863 1406 915 1462 in
946 1406 1280 1475 separatione.
1309 1403 1720 1460 sceleratissima
1750 1400 2141 1471 baptizaverat,

552 1514 793 1559 errorem
823 1499 1095 1554 hominum
1123 1497 1387 1558 correxit,
1423 1509 1528 1550 non
1560 1493 1651 1549 Dei
1675 1492 2017 1549 Stcramenta
2045 1490 2140 1545 dc-

555 1592 773 1647 struxit.
831 1588 1032 1643 Botmm
1084 1585 1279 1643 Citriin
1332 1594 1385 1639 et
1438 1584 1489 1639 in
1546 1582 1851 1639 hominibus
1900 1581 2144 1652 malignis

554 1683 809 1754 agnovit;
839 1683 1034 1736 malmn
1055 1690 1232 1735 autem
1263 1677 1560 1743 hominum,
1588 1690 1693 1731 non
1722 1674 1921 1729 τίοιιιιι
1949 1673 2143 1730 Christi

554 1773 732 1841 bono,
773 1773 1093 1828 emendavit.
1125 1774 1230 1827 Aut
1263 1770 1307 1826 si
1352 1769 1453 1823 hoc
1493 1768 1687 1824 factmn
1737 1766 1981 1837 displictt
2028 1764 2141 1827 tibi.

556 1866 687 1922 illud
720 1863 909 1920 saltem
939 1861 1156 1918 attende
1179 1903 1194 1925 ,
1230 1860 1356 1915 illud
1387 1876 1483 1931 pro
1503 1859 1644 1914 bono
1671 1868 1761 1913 tuo
1788 1857 1998 1928 ingenio
2020 1872 2145 1927 pru-

555 1955 749 2012 denter
796 1952 1017 2009 adverte
1041 1995 1056 2015 ,
1088 1958 1208 2021 quia
1255 1967 1417 2005 unmn
1449 1950 1772 2006 Primianum
1806 1966 1910 2003 non
1937 1948 2146 2017 judicas

559 2046 629 2103 de
650 2046 801 2101 factis
826 2045 990 2115 ipsius
1013 2043 1283 2105 Primiani,
1299 2052 1351 2097 et
1375 2042 1559 2097 urbem
1575 2041 1920 2097 christianum
1935 2038 2144 2109 jndicas

553 2137 625 2194 de
664 2137 816 2193 lactis
854 2135 1137 2191 tia-ciliani.
1169 2134 1347 2190 Times
1380 2150 1446 2190 ne
1489 2146 1538 2189 te
1580 2134 1795 2204 polluat,
1844 2133 1887 2187 si
1933 2132 2145 2189 noveris

556 2230 700 2303 quod
751 2229 1024 2285 vindicare
1071 2243 1175 2283 non
1228 2227 1470 2282 audeas:
1503 2227 1720 2281 absolve
1767 2240 1895 2295 ergo
1936 2234 2140 2295 gentes,

553 2341 676 2399 qua:
697 2338 796 2380 nec
822 2338 982 2380 nosse
1006 2330 1249 2391 poterant
1274 2321 1412 2392 quod
1442 2334 1679 2376 accnSas.

630 2418 683 2473 5.
726 2416 834 2472 Nec
876 2424 1053 2471 tamen
1098 2414 1225 2470 illud
1278 2414 1433 2469 nnins
1475 2411 1724 2467 Primiani
1765 2409 1959 2466 factum
2014 2418 2139 2465 est:

554 2509 661 2565 scis
678 2549 694 2573 ,
723 2506 774 2561 in
801 2515 1052 2577 quantum
1083 2505 1275 2573 opinor
1292 2544 1305 2565 ,
1329 2511 1383 2558 ct
1406 2511 1481 2563 tu,
1505 2511 1717 2557 centum
1748 2503 1915 2556 l'crmc
1938 2501 2145 2570 episco-

558 2597 614 2670 pi
643 2598 801 2652 vestri
842 2596 1067 2651 factione
1100 2594 1385 2649 damnabili
1424 2608 1544 2649 cum
1577 2592 1894 2648 Maximiano
1927 2593 2144 2663 conspi~

555 2698 758 2755 rantes,
778 2688 891 2743 ausi
913 2688 1305 2743 suntdanmare
1324 2686 1644 2742 Primiannm
1672 2703 1688 2749 ;
1714 2696 1762 2739 et
1784 2694 2143 2742 trecentorum

552 2782 739 2838 decem
782 2781 1057 2853 \‘agaiensi
1102 2780 1352 2845 concilio,
1381 2780 1517 2835 sicut
1566 2779 1766 2835 decreti
1818 2780 1935 2848 ejus
1984 2779 2143 2834 verba

555 2886 845 2947 personant
876 2890 888 2925 :
921 2872 1293 2927 Maximiauum
1318 2871 1437 2938 ﬁdei
1460 2871 1721 2931 tumulum,
1746 2870 1967 2924 veritatis
1988 2871 2143 2923 adul-

560 2978 745 3031 terum,
799 2963 1042 3019 Ecclesiae
1094 2965 1269 3019 matris
1322 2965 1602 3028 inimicum,
1662 2962 1886 3023 Dat/tan,
1917 2961 2066 3028 Core,
2098 2974 2144 3016 ct

557 3056 746 3112 Abirou
792 3056 1112 3117 ministrum,
1144 3054 1207 3110 de
1248 3054 1387 3123 pacis
1421 3055 1610 3126 gremio
1652 3054 1908 3107 sententia:
1951 3054 2145 3124 fulmen

557 3149 794 3204 excussit.
843 3148 976 3203 lline.
1010 3148 1098 3200 alii
1148 3145 1426 3202 duodecim
1455 3189 1469 3207 ,
1513 3147 1602 3216 qui
1638 3145 1754 3216 ejus
1800 3146 2142 3211 ordinationi,

558 3238 775 3311 quando
804 3249 988 3291 contra
1028 3237 1349 3292 Primiannm
1392 3238 1596 3291 levatus
1624 3249 1698 3289 est
1724 3280 1740 3301 ,
1770 3238 2144 3303 interfuerant,

559 3347 668 3388 non
691 3331 850 3386 dilata
876 3329 1216 3384 damnatione
1235 3329 1503 3398 conjuncti
1526 3338 1646 3384 sunt
1676 3345 1690 3381 :
1717 3331 1925 3383 caeteris
1944 3338 2144 3392 autem,

558 3436 629 3477 ne
649 3421 807 3477 nimia
835 3420 1079 3490 pm‘eisio
1109 3419 1279 3485 fieret,
1311 3420 1604 3489 prmstitnto
1629 3419 1747 3481 die,
1781 3419 2036 3474 redeundi
2066 3428 2149 3474 est

559 3528 813 3569 Concessa
841 3512 1047 3574 dilatio,
1077 3512 1238 3566 salvis
1264 3512 1372 3565 suis
1399 3511 1708 3575 honoribus,
1732 3512 1776 3566 si
1806 3511 1939 3565 intra
1964 3512 2147 3566 termi-

561 3619 692 3660 num
725 3610 982 3675 temporis
1006 3611 1351 3658 remeassem.
1382 3601 1490 3657 Nec
1531 3602 1818 3656 titttttet'ttnt
1843 3604 2063 3657 trecenti
2095 3613 2150 3659 et

563 3695 751 3750 decem
781 3696 845 3747 ad
868 3709 1021 3749 smnn
1047 3695 1327 3760 collegium
1370 3707 1625 3748 revocare
1667 3702 1812 3747 tattto
1849 3693 2148 3749 Maximiani

565 3788 844 3848 sacrilegio
884 3796 1198 3850 accusatos,
1232 3788 1498 3842 intuentes
1538 3786 1675 3841 forte
1712 3788 1852 3857 quod
1895 3790 2149 3858 scriptum

565 3891 649 3936 est
678 3898 690 3934 :
719 3879 951 3937 Charitas
972 3882 1190 3950 cooperit
1217 3880 1587 3934 multitudinem
1618 3890 1935 3949 peccatorum
1961 3882 2001 3951 (I
2032 3879 2149 3937 Pet.

563 3990 648 4038 tv,
680 3972 773 4046 8).
821 3973 1024 4040 Quibus
1063 3984 1239 4028 autem
1281 3981 1364 4026 est
1398 3972 1714 4042 permissum
1760 3973 1775 4003 ¹
1822 3985 2032 4041 tempus
2073 3972 2156 4028 di-

566 4066 799 4131 lationis,
852 4066 981 4121 foris
1022 4081 1051 4118 a
1092 4076 1265 4121 vestra
1315 4065 1690 4120 communione
1732 4064 2150 4133 baptiraverunt,

565 4172 934 4229 quoscumque
978 4157 1247 4227 baptizare
1284 4166 1584 4227 potuerunt.
1626 4154 1809 4226 Neque
1856 4157 1997 4211 enim
2049 4156 2152 4211 nisi

566 4250 698 4306 foris
725 4252 964 4314 fuissent,
1003 4252 1257 4308 dilatione
1284 4267 1536 4307 concessa
1571 4250 1782 4305 invitari
1825 4259 2069 4322 poterant
2098 4259 2155 4305 ut

565 4342 820 4397 redirent.
868 4341 1068 4395 Deinde
1112 4354 1166 4397 ct
1214 4351 1497 4411 antequam
1551 4341 1733 4396 diEatio
1790 4343 2051 4406 tiniretnr,
2102 4351 2159 4396 ct

566 4443 914 4503 posteaquam
943 4432 1083 4484 finita
1120 4442 1223 4495 est,
1261 4431 1335 4485 illi
1375 4432 1657 4486 duodecim
1691 4448 1810 4487 cum
1838 4432 2157 4487 Maximiano

571 4525 830 4587 damnati,
855 4524 993 4593 apud
1029 4535 1135 4579 tres
1159 4531 1249 4577 aut
1281 4525 1510 4594 amplius
1538 4525 1883 4592 proconsules
1924 4527 2157 4583 accusati

569 4624 727 4681 sunt,
760 4624 817 4670 ut
841 4631 871 4670 e
899 4614 1115 4670 sedibus
1139 4615 1251 4669 suis
1274 4615 1557 4684 jndiciario
1589 4616 1768 4687 vigore
1795 4617 2153 4686 pellerentur:

571 4708 715 4766 inter
741 4722 873 4779 quos
914 4716 1029 4763 crat
1058 4706 1359 4762 Felicianus
1388 4706 1708 4765 MuStitanus
1730 4750 1744 4772 ,
1772 4710 1839 4763 de
1867 4724 1972 4781 quo
2003 4725 2106 4765 non
2135 4713 2156 4745 '

570 4813 693 4869 ago,
723 4807 778 4854 et
809 4798 1157 4853 l’ra2t-2xtatus
1183 4799 1527 4854 Assuritanns
1562 4816 1730 4871 nuper
1763 4800 2066 4870 defunctus,
2103 4803 2156 4859 in

569 4890 723 4960 cujus
754 4891 987 4946 damnati
1025 4891 1142 4945 loco
1175 4890 1310 4944 alter
1336 4889 1448 4959 jam
1478 4889 1651 4948 fuerat
1682 4894 1977 4950 ordinatus.
2012 4897 2158 4966 Quos

572 4980 709 5035 duos
738 4996 841 5035 non
870 4996 1004 5037 unus
1024 4981 1345 5045 Primianus,
1373 4981 1465 5036 sed
1485 4983 1632 5037 multi
1649 4987 1947 5056 coepiscOpi
1970 4989 2154 5058 vestri,

572 5086 693 5128 cum
758 5071 1182 5144 frequentissima
1250 5074 1634 5149 numerositate
1702 5076 2159 5151 Thamugadensis

572 5166 749 5237 Optati
779 5164 802 5197 ³
834 5167 1065 5221 natalitia
1096 5166 1463 5234 celebrarent,
1496 5176 1613 5238 post
1640 5183 1825 5225 eorum
1865 5173 1981 5228 sine
2017 5173 2156 5230 dila-

636 5255 651 5286 ¹
679 5263 812 5313 tom,
835 5253 951 5318 quia
971 5263 1125 5307 nam
1147 5262 1194 5306 et
1216 5256 1538 5319 pemtittstur.

681 5327 780 5368 tina
800 5332 837 5387 _e
856 5327 1052 5387 recent.
1071 5318 1225 5387 raris;
1246 5321 1361 5387 adit.
1388 5318 1530 5383 iegit,
1553 5330 1970 5387 tymc,_cot_'rupte.
2034 5330 2095 5376 ιι.

637 5387 658 5418 ³
681 5380 819 5446 Apud
824 5386 954 5436 t.ov.,
974 5385 1132 5446 optata
1155 5380 1403 5446 natalitia;
1428 5380 1521 5446 rice
1534 5380 1678 5446 aliter
1701 5380 1884 5446 legitur
1907 5386 1955 5435 in
1976 5393 2059 5437 Ms.
2075 5397 2158 5440 va.

568 5456 654 5499 uc.
692 5441 1011 5517 q:uod_unun_i
1051 5441 1527 5517 hactenuseristola;
1550 5444 1695 5517 hujus
1730 5441 1893 5517 exemi
1912 5447 1982 5517 lar
2005 5447 2159 5512 potui:

570 5504 796 5571 reperiri.
823 5504 1072 5554 Emendari
1094 5515 1140 5565 οι
1158 5505 1307 5553 ortuit
1328 5505 1454 5554 hunc
1477 5514 1525 5571 et
1562 5504 1683 5571 alios
1702 5504 1932 5571 quosdam
1954 5504 2085 5562 lxcns
2104 5521 2161 5565 ut

570 5568 748 5635 sensus
770 5574 1031 5635 mttstaret,
1052 5573 1245 5635 servata
1291 5573 1458 5635 tamen
1474 5568 1524 5635 in
1550 5568 1851 5635 Yariaatigus
1868 5572 2063 5635 antiqua
2088 5571 2160 5624 le-

570 5632 751 5692 ctione.
777 5630 934 5692 tsthne
957 5642 1076 5692 vero
1099 5631 1313 5690 pertinet
1333 5626 1654 5692 quodlegitur
1679 5632 1725 5679 in
1752 5629 1833 5679 lib.
1858 5630 1889 5681 '3
1910 5626 2036 5684 colit.
2066 5635 2155 5687 litt.

574 5690 788 5755 Petiliani
813 5704 855 5755 e.
882 5691 959 5748 τις,
992 5714 1011 5737 ιι
1030 5691 1163 5741 ιΙΣιιιιι
1186 5705 1223 5755 οῖ
1245 5690 1527 5749 mmemoro,
1553 5692 1632 5754 qui
1659 5694 1853 5742 ι·ιι.νίδειι
1874 5710 1901 5743 ιι
1919 5696 2051 5755 vixit,
2077 5711 2159 5747 cu-

579 5751 701 5811 ejus
732 5751 940 5822 natalitia
979 5762 1106 5803 tanta
1150 5754 1482 5822 celebratione
1506 5751 1906 5822 ti-equeuutzatis,
1928 5759 2004 5807 cui
2030 5751 2158 5822 pacis

578 5826 607 5859 ς
624 5810 845 5863 osculum
868 5815 993 5863 inter
1015 5824 1313 5868 sacramenta
1336 5810 1670 5878 copulaoauso
1696 5828 1813 5879 αις..
1837 5810 1921 5874 ιιέὶ
1941 5810 2158 5875 natantia

1750 363 1805 421 S.
1846 358 2143 421 AUGUSTI

2254 358 2361 412 ΕῬῐ
2370 354 2557 412 SCOPI
3715 358 3798 420 ιω

2246 470 2390 525 tione
2405 468 2826 536 damnationem,
2847 475 2966 541 post
2990 467 3327 524 terminatam
3347 483 3466 539 qme
3477 470 3689 524 caeteris
3702 469 3799 529 dats

2245 563 2414 620 fuerat
2457 564 2785 627 dilationem,
2839 573 2957 634 post
2999 562 3327 632 divulgatum
3368 563 3383 596 ⁸
3425 562 3631 618 lorensi
3673 562 3802 623 etiam

2244 657 2468 728 strepitu
2496 654 2636 724 apud
2678 664 2755 711 tot
2782 654 3036 709 consules
3074 653 3490 719 accusationem,
3520 654 3572 708 in
3621 652 3803 711 honori-

2245 745 2345 802 bus
2370 748 2587 816 integris
2614 752 2989 817 suscepcrnnt,
3013 753 3070 800 et
3104 752 3225 814 post
3256 758 3353 800 eos
3371 744 3574 800 nullum
3610 744 3806 815 baptiza-

2247 847 2453 897 verunt.
2486 838 2543 894 Si
2570 838 2693 894 huic
2707 838 2991 894 assertioni
3014 836 3301 898 resistitur,
3324 836 3407 891 vel
3425 836 3621 892 iturum
3644 837 3804 907 aliquid

2246 932 2291 987 si
2334 942 2576 1001 negatur,
2619 930 2855 1003 periculo
2890 930 3229 1002 episcopatus
3269 929 3374 986 mei
3402 929 3586 1001 exigar
3618 922 3819 1002 probae

2246 1022 2390 1094 quod
2416 1024 2625 1094 qunor.

2319 1114 2372 1169 6.
2417 1114 2587 1170 Finita
2612 1123 2876 1170 estcausa
2896 1155 2910 1178 ,
2940 1112 3104 1169 frater
3122 1111 3351 1169 Macrohi
3376 1130 3389 1166 :
3414 1111 3553 1169 Deus
3581 1112 3686 1167 hoc
3704 1113 3806 1183 egit,

2250 1205 2390 1260 Deus
2420 1205 2521 1261 hoc
2544 1206 2743 1267 voluit;
2775 1204 2998 1260 occulta:
3028 1205 3170 1259 illius
3200 1203 3545 1275 previdentia:
3574 1204 3675 1259 fuit
3699 1214 3746 1259 nt
3768 1206 3808 1261 in

2247 1312 2405 1353 causa
2442 1296 2743 1353 Maximiani
2769 1297 3043 1367 specnlmn
3090 1296 3240 1351 vobis
3265 1297 3619 1353 eurrcctionis
3645 1312 3808 1368 propo-

2249 1397 2489 1454 ncretur,
2521 1397 2574 1442 nt
2602 1388 2775 1443 omnis
2803 1387 3089 1443 adversum
3116 1402 3233 1450 nos,
3266 1388 3374 1442 intu
3398 1387 3667 1443 adversus
3689 1388 3811 1443 (Liui-

2248 1483 2314 1538 sti
2341 1481 2627 1537 Ecclesium
2661 1492 2771 1536 toto
2796 1483 2927 1539 orbe
2945 1484 2965 1516 '
2987 1494 3341 1550 crescentem,
3364 1496 3469 1539 non
3496 1483 3625 1538 dico
3646 1496 3810 1553 vestra,

2249 1588 2317 1629 ne
2338 1574 2388 1628 in
2415 1573 2647 1629 tevidear
2675 1573 3112 1633 contumeliosus,
3134 1574 3227 1629 sed
3247 1582 3396 1630 certe
3414 1584 3713 1631 vestrorum
3732 1576 3815 1632 cri-

2250 1668 2454 1723 minosa
2476 1669 2739 1725 calumnia
2758 1669 3017 1724 finiretur.
3037 1667 3175 1724 Nihil
3188 1670 3330 1724 enim
3350 1670 3605 1727 remansit
3622 1670 3813 1728 ιιιιιιιίηο

2250 1776 2437 1817 eorum
2459 1777 2577 1832 qna.-
2601 1774 2785 1818 con‘ra
2805 1777 2922 1825 nos,
2942 1773 3191 1833 tanquam
3204 1762 3269 1817 de
3287 1759 3579 1831 Scriptnris
3592 1764 3666 1816 ab
3682 1761 3815 1819 homi-

2251 1855 2404 1910 nibus
2422 1872 2525 1910 non
2545 1854 2963 1927 intelligentibus
2982 1856 3207 1926 proferri
3229 1855 3422 1911 Solent.
3447 1852 3580 1915 Nam
3611 1854 3723 1910 lucc
3741 1854 3815 1911 hac

2250 1944 2377 2001 bere
2416 1947 2467 2001 in
2506 1960 2600 2002 ore
2625 1958 3013 2003 consueverunt
3056 1965 3069 2001 :
3102 1947 3176 2002 Ab
3209 1964 3341 2012 aqua
3370 1947 3536 2002 aliena
3565 1946 3753 2002 abstine
3780 1956 3817 2004 te

2251 2038 2431 2113 (Prov.
2458 2057 2532 2106 ιιι,
2562 2039 2670 2115 ιδ).
2696 2041 2800 2096 Sed
2833 2041 3215 2111 respondetur:
3236 2039 3451 2096 None-t
3476 2055 3616 2111 aqua
3646 2040 3815 2103 aliena.

2249 2134 2490 2204 quamvis
2517 2134 2587 2190 sit
2626 2136 2677 2190 in
2708 2135 2927 2199 alienis;
2960 2135 3094 2189 sicut
3131 2149 3229 2190 nec
3255 2150 3389 2204 aqua
3421 2135 3510 2190 illa
3538 2132 3816 2190 Maximiani

2250 2224 2367 2291 fuit,
2393 2226 2534 2281 nmle
2554 2242 2649 2281 Vos
2675 2241 2778 2281 non
2800 2226 3151 2282 abstinuistis.
3178 2226 3307 2281 Item
3326 2226 3641 2296 proponitur
3653 2225 3815 2281 litabis:

2250 2314 2403 2371 Facti
2419 2328 2538 2372 sunt
2567 2318 2692 2371 mihi
2722 2319 2851 2372 sicut
2884 2334 3019 2388 aqua
3051 2317 3290 2384 mendax,
3323 2334 3423 2371 non
3465 2315 3652 2373 habens
3696 2317 3818 2387 [idem

2250 2409 2386 2477 (Jer.
2423 2427 2488 2465 xv
2514 2452 2529 2475 ,
2569 2411 2681 2480 l8).
2711 2409 2818 2466 S.-d
2852 2410 3203 2481 rcsmmdctur
3232 2426 3250 2463 :
3296 2408 3406 2464 lloc
3430 2408 3629 2463 dictum
3675 2407 3819 2464 estde

2251 2499 2388 2557 ﬁctis
2422 2500 2724 2557 hominibus
2753 2542 2767 2566 ,
2816 2518 2920 2556 non
2974 2501 3359 2572 pertinentibus
3396 2500 3463 2555 ad
3516 2500 3609 2555 Dei
3657 2497 3821 2556 Sacra-

2251 2603 2449 2655 menta,
2490 2609 2609 2665 qum
2650 2609 2748 2649 nec
2786 2594 2839 2648 ιιι
2879 2594 3223 2649 mendacibus
3265 2600 3493 2666 possunt
3534 2607 3661 2648 esse
3692 2608 3819 2647 ntea-

2249 2684 2419 2740 dacia.
2447 2683 2578 2740 Nim
2610 2686 2793 2755 utique
2823 2684 3108 2741 mendaces
3137 2684 3348 2741 fuerunt
3372 2685 3460 2755 qui
3493 2684 3818 2750 Primiantnn,

2250 2776 2389 2830 sicut
2422 2774 2521 2846 ipsi
2547 2776 2857 2845 perhibetis,
2892 2777 3038 2831 falsis
3062 2775 3375 2832 criminibus
3415 2775 3817 2839 damnaverunt;

2253 2881 2352 2922 nec
2376 2876 2551 2922 tamen
2583 2883 2718 2937 aqua
2746 2866 2971 2923 mendax
3000 2866 3116 2929 fuit,
3141 2868 3193 2921 in
3222 2882 3322 2936 qua
3347 2867 3579 2936 separati
3607 2883 3636 2920 a
3669 2866 3819 2934 vobis,

2251 2974 2383 3028 quos
2412 2966 2727 3027 potuerunt,
2759 2958 3180 3028 baptizivernnt.
3220 2956 3350 3013 Nam
3383 2958 3601 3027 quando
3630 2973 3747 3014 eam
3779 2957 3822 3014 in

2254 3050 2370 3113 itis,
2411 3066 2545 3121 quos
2574 3048 2875 3105 Felicianus
2902 3060 2958 3105 et
2984 3049 3331 3105 Plant-status
3371 3048 3500 3105 furis
3541 3050 3822 3122 impliqu-

2252 3151 2396 3205 t'tmt,
2440 3141 2769 3211 suscepistis,
2799 3151 2856 3196 et
2904 3140 2956 3196 in
3009 3140 3355 3198 mendacibus
3394 3157 3639 3198 veraccm
3684 3142 3824 3199 fuisse

2254 3233 2517 3288 sensisns.
2548 3233 2867 3303 Proponitur
2905 3233 3079 3296 nobis,
3113 3232 3216 3300 Qui
3241 3233 3526 3303 baptizatur
3558 3250 3592 3287 η
3626 3243 3821 3297 mortua,

2252 3326 2375 3395 quid
2392 3327 2590 3393 prodest
2604 3326 2625 3357 ³
2645 3327 2901 3381 lavacrum
2918 3327 3027 3398 ejus
3044 3325 3232 3397 (Eucti.
3251 3342 3430 3389 sunt,
3455 3327 3581 3398 ων
3608 3326 3824 3399 Respon-

2255 3419 2412 3475 detur
2443 3438 2456 3474 :
2480 3418 2535 3475 Si
2567 3418 2589 3451 ⁸
2616 3420 2718 3475 hoc
2745 3419 2813 3476 de
2844 3419 3108 3489 baptismo
3128 3418 3381 3490 scriptum
3412 3429 3514 3483 est,
3540 3436 3648 3487 quo
3676 3418 3823 3492 bapti-

2257 3518 2376 3564 zant
2421 3509 2494 3564 illi
2524 3525 2658 3579 quos
2698 3519 2948 3581 tanquattt
2980 3522 3219 3565 mortuos
3255 3510 3407 3579 cjccit
3441 3510 3674 3566 Brclesia
3695 3554 3710 3573 ,
3736 3526 3824 3566 non

2257 3597 2384 3655 dixit
2416 3600 2515 3655 hoc
2536 3601 2805 3657 lavacrum
2830 3618 2934 3657 non
2956 3616 3096 3667 εδει»,
3120 3602 3214 3659 sed
3238 3603 3368 3657 nihil
3393 3602 3681 3672 prodesse;
3702 3602 3823 3674 quod

2258 3701 2314 3747 et
2334 3708 2432 3747 nos
2459 3691 2708 3746 dicimus.
2740 3692 3115 3749 Verumtamen
3141 3692 3355 3765 quando
3379 3708 3504 3750 cum
3533 3694 3622 3749 illo
3645 3694 3710 3748 ad
3743 3694 3825 3748 Εε-

2258 3784 2473 3839 clesiam
2515 3785 2748 3849 venerit,
2792 3786 2933 3856 quod
2971 3785 3101 3841 foris
3134 3786 3340 3849 uberat.
3398 3786 3542 3843 intus
3580 3787 3821 3857 prenderit;

2260 3894 2365 3932 non
2395 3894 2514 3933 cum
2543 3877 2657 3948 ip~e
2678 3879 2936 3949 repetitur
2964 3880 3286 3949 Itaptismus,
3308 3880 3401 3935 sed
3420 3894 3538 3934 cutr
3564 3878 3826 3951 corrigitur

2261 3970 2573 4040 baptizatus.
2606 3970 2757 4027 Sicut
2783 3971 3158 4027 Maximiannm
3181 3982 3235 4048 et
3254 3973 3428 4029 socios
3442 3988 3493 4043 ej
3514 3990 3579 4038 ts,
3607 3987 3822 4043 unquam

2261 4072 2499 4117 mortuos
2521 4080 2550 4117 a
2579 4072 2754 4119 vestra
2779 4063 3210 4133 congregatione,
3233 4064 3625 4120 eommumunis
3651 4071 3823 4119 rectos

2260 4155 2495 4226 loquitur
2521 4155 2808 4225 Vagaiense
2825 4156 3105 4210 concilium
3136 4173 3150 4209 :
3184 4154 3436 4218 Veridico.
3468 4156 3653 4228 inquit,
3683 4156 3820 4219 unde,

2262 4245 2315 4299 iu
2345 4262 2549 4316 asperos
2568 4252 2802 4313 scopulos
2829 4245 3185 4300 nonnullorum
3213 4248 3466 4319 naufraga
3491 4248 3709 4319 projecta
3721 4254 3825 4301 sunt

2263 4337 2485 4392 membra
2494 4380 2507 4391 .
2531 4336 2896 4407 Az'gyptiorum
2910 4339 3128 4409 quodam
3135 4338 3283 4391 modo
3294 4341 3526 4410 exemplo
3536 4339 3822 4411 pereuntium

2265 4428 2527 4499 funeribus
2554 4427 2704 4498 plena
2736 4440 2852 4482 sunt
2873 4429 3062 4490 littora,
3084 4428 3262 4499 quibus
3294 4430 3345 4483 iu
3376 4430 3490 4501 ipsa
3510 4440 3666 4485 morte
3682 4428 3826 4499 Major

2265 4530 2338 4576 est
2368 4537 2535 4590 pwua,
2561 4520 2695 4586 quod
2722 4530 2832 4589 post
2851 4530 3096 4575 extortam
3128 4523 3270 4591 aquis
3297 4522 3558 4579 ultricibus
3579 4524 3601 4556 '
3627 4524 3823 4577 anima

2268 4626 2358 4665 uec
2400 4611 2566 4680 ipsum
2603 4610 2861 4664 iureuiunt
2908 4612 3219 4682 sepulturam
3269 4612 3369 4681 (α).
3412 4612 3493 4668 lix
3549 4613 3646 4669 hac
3691 4612 3825 4667 turba

2265 4714 2621 4769 mortuorum,
2652 4703 2802 4774 quasi
2852 4704 3230 4759 reviviscentes
3273 4702 3597 4761 Felicianum
3631 4714 3680 4761 et
3702 4703 3825 4759 Ρκιξυ

2265 4803 2526 4850 testatum
2556 4796 2606 4849 itt
2641 4795 2755 4850 suis
2790 4794 3081 4852 honoribus
3120 4796 3448 4866 suscepistis,
3487 4806 3543 4852 ct
3584 4796 3649 4851 ab
3678 4795 3746 4849 eis
3773 4792 3806 4848 it

2264 4887 2354 4944 illa
2395 4897 2567 4942 utorte
2597 4888 2896 4958 baptizatos
2929 4904 3037 4943 non
3072 4888 3479 4959 rebaptizastis;
3507 4889 3624 4961 quia
3653 4884 3809 4957 baptis

2264 4996 2409 5037 mum
2437 4980 2635 5035 Christi
2670 4979 2799 5035 foris
2833 4979 3016 5035 datum
3048 4996 3143 5050 per
3171 4989 3411 5036 mortuos
3431 5023 3447 5049 ,
3477 4980 3691 5037 mortuis
3728 4991 3810 5033 nos

2266 5073 2545 5145 prodesse,
2576 5072 2823 5129 emndcm
2857 5084 3036 5131 tamen
3064 5074 3237 5144 ipsum
3266 5073 3523 5145 prodesse
3546 5075 3678 5130 intus
3699 5068 3815 5127 revi-

2264 5163 2587 5219 viscentibus
2607 5164 2915 5232 agnovistis.
2944 5164 3265 5232 Pmponftur
3294 5165 3450 5221 nobis
3478 5183 3492 5220 :
3524 5163 3693 5222 Oleum
3713 5175 3815 5231 pec-

2264 5258 2448 5311 catoris
2481 5270 2582 5309 non
2628 5254 2905 5326 impinguet
2946 5266 3098 5328 caput
3135 5272 3303 5312 meum
3335 5254 3356 5328 (
3406 5254 3552 5311 Psal.
3582 5270 3704 5318 cn,
3735 5250 3813 5319 5).

2266 5388 2398 5463 sedis
2413 5424 2428 5447 ,
2453 5387 2499 5438 id
2525 5395 2603 5439 est
2624 5387 2756 5437 diem
2777 5388 2980 5440 ordinati
3024 5390 3074 5441 in
3099 5390 3380 5455 episcopum
3401 5390 3556 5455 aptati
3576 5379 3823 5440 sabinum-

2266 5464 2443 5517 guttus.

2328 5514 2347 5581 ξ
2372 5519 2500 5571 t.ov.,
2524 5508 2781 5581 diuulgata.

2328 5577 2349 5608 ι
2373 5582 2505 5633 t.ov.,
2528 5573 2676 5624 orbis:

2331 5638 2352 5670 ³
2375 5643 2507 5694 t.ov.,
2530 5644 2599 5686 est
2616 5647 2720 5694 per.

2330 5698 2352 5729 ⁸
2386 5704 2514 5756 t.ov.,
2540 5698 2643 5747 sed.

2329 5761 2350 5793 ⁸
2377 5766 2503 5819 Ima,
2528 5766 2728 5822 electam
2742 5758 2880 5822 aquis
2903 5758 3168 5811 ultricibus.

2330 5821 2404 5879 (α)
2427 5821 2646 5874 videtin.
2667 5821 2698 5870 4
2718 5821 2845 5875 ωσι.
2864 5826 3191 5881 (sescentum.
3211 5833 3256 5873 c.
3274 5822 3333 5874 5t
3356 5831 3410 5875 et
3429 5822 3501 5876 ια.
