3990 6358
190 384 280 438 409
676 324 684 333 ”
714 321 735 337 Α.
1361 370 1734 431 ιςιδιδτοωιιι

1879 370 2152 431 CLASSIS
2190 372 2252 429 ll.

191 495 559 562 Respondetur.
583 494 680 547 line
708 493 965 562 scriptum
988 491 1055 548 de
1075 490 1434 549 assentatione
1460 490 1564 545 leni
1586 499 1749 561 atque

187 589 335 644 laltact
372 584 551 640 blandi
588 584 883 647 adulatoris
905 582 1150 653 intelligi,
1181 597 1283 650 qua
1312 580 1526 652 ungitur
1549 590 1603 635 et
1625 596 1745 635 cre-

186 678 269 735 scit
295 678 369 731 eis
392 685 571 746 caput,
591 691 714 729 cum
744 674 1025 729 laudantur
1053 683 1357 743 peccatores
1385 672 1439 726 in
1467 671 1747 726 desideriis

182 768 351 825 animae
370 782 501 831 sum,
527 774 578 821 et
597 764 686 837 qui
710 766 885 836 iniqua
906 764 1131 835 egerint,
1153 754 1561 818 benedicuntur.
1593 760 1745 830 Quod

180 877 234 918 ex
261 859 426 930 priore
449 873 603 913 versu
622 858 752 912 satis
777 865 996 928 apparet
1016 871 1030 919 ;
1054 856 1130 910 sic
1157 855 1299 909 enim
1330 854 1499 925 posita
1524 861 1609 908 est
1636 860 1743 907 tota

181 951 415 1009 sententia
447 968 463 1005 :
492 947 799 1004 Emendabit
824 965 904 1003 me
913 949 1088 1020 justus
1113 947 1166 999 in
1188 944 1532 1000 misericordia
1555 985 1572 1010 ,
1597 953 1643 998 et
1667 960 1747 997 ar-

180 1054 280 1116 guet
296 1058 399 1107 tne;
424 1040 591 1096 oleum
616 1050 784 1094 autem
805 1039 1081 1111 peccatoris
1110 1055 1209 1092 non
1231 1035 1568 1108 impiuguubit
1592 1045 1746 1106 caput

181 1152 342 1192 mm.
383 1133 539 1189 Malle
573 1149 632 1189 se
658 1133 799 1188 dixit
831 1132 1003 1187 veraci
1045 1129 1404 1185 misericordis
1434 1128 1743 1183 austeritate

182 1226 354 1284 contui
379 1226 420 1291 ί,
452 1241 610 1296 qttam
638 1223 944 1293 deceptoria
975 1221 1129 1278 laude
1157 1221 1385 1275 fallentis
1405 1219 1606 1274 extolli.
1635 1217 1742 1274 Sed

178 1318 551 1391 quomodolibet
572 1317 901 1387 intelligatis.
930 1324 1074 1371 certe
1106 1316 1157 1369 in
1186 1314 1266 1368 eis
1285 1329 1419 1384 quos
1441 1313 1492 1367 in
1522 1311 1743 1367 sacrile-

176 1409 545 1484 giotlaximiani
562 1408 864 1465 Felieianns
879 1416 933 1461 et
952 1407 1299 1461 l’rzrtcxtatns
1319 1404 1738 1474 baptizaverunt,

176 1513 255 1559 aut
286 1514 614 1574 peccatorum
645 1502 821 1557 oleum
865 1500 1202 1570 suscepistis,
1233 1508 1323 1553 aut
1349 1501 1507 1553 etiam
1550 1504 1741 1568 peccaa

177 1597 355 1652 toribus
382 1596 402 1628 '
425 1595 853 1650 ministrantibus
877 1594 1059 1649 datum
1086 1592 1280 1647 Clu-isd
1307 1605 1426 1646 esse
1455 1591 1629 1646 oleum
1651 1606 1742 1646 eoo

174 1689 425 1764 gnovistis.
451 1688 633 1759 Neque
659 1688 801 1743 enim
831 1701 936 1741 non
977 1695 1130 1740 erant
1160 1694 1495 1755 peccatores,
1525 1683 1742 1753 quando

173 1785 231 1840 dc
259 1782 350 1837 illis
381 1783 433 1836 in
464 1781 740 1852 Vagaiensi
786 1779 1013 1834 concilio
1046 1777 1322 1833 dicc'ltatnr
1352 1794 1365 1832 :
1400 1775 1609 1831 Fumosi
1641 1777 1741 1830 cri-

173 1876 300 1930 minis
322 1890 430 1930 reos
448 1917 463 1939 ,
491 1874 576 1945 qui
606 1875 805 1945 [intexto
824 1888 975 1943 opere
1000 1871 1291 1936 perditionis
1312 1913 1326 1935 ,
1364 1888 1450 1927 ras
1477 1874 1739 1927 sordidum

170 1971 355 2024 collecta
378 1965 668 2037 [wenleutia
691 1966 1003 2037 glutinarunt
1033 1962 1078 2031 ³,
1111 1965 1376 2020 damnatos
1411 1982 1519 2020 esse
1551 1982 1739 2035 cogno-

170 2062 290 2117 scite.

230 2148 441 2207 CAPUT
478 2148 564 2205 Ill.
591 2177 661 2190 -
685 2149 739 2204 7.
781 2148 882 2203 ista
927 2147 992 2202 de
1028 2147 1300 2216 Baptismo
1341 2147 1538 2202 dixisse
1577 2146 1737 2202 suffe-

168 2242 300 2299 cerit.
335 2240 504 2297 Causa
544 2256 673 2295 vero
713 2238 1067 2310 separatiouis
1103 2248 1295 2293 vestne
1340 2238 1422 2292 liis
1458 2239 1591 2293 solet
1630 2255 1735 2293 non

171 2335 425 2392 intellectis
462 2333 780 2388 testimoniis
804 2331 1050 2386 colorari.
1082 2332 1346 2398 Scriptum
1368 2339 1483 2387 cst:
1510 2330 1590 2385 Ne
1602 2349 1739 2385 com-

170 2428 363 2482 munire:
399 2426 617 2497 peccatis
650 2424 830 2479 alienis
884 2422 925 2495 (l
955 2422 1088 2476 Tim.
1119 2440 1149 2475 v
1170 2465 1186 2487 ,
1215 2422 1330 2493 22).
1371 2421 1475 2477 Sed
1518 2438 1739 2488 respua-

169 2518 318 2579 detnr,
347 2534 466 2573 eum
495 2516 894 2571 communicare
917 2515 1147 2585 peccatis
1167 2515 1376 2580 alienis,
1400 2515 1487 2584 qui
1506 2530 1736 2569 consen-

171 2611 221 2664 tit
241 2609 381 2664 malis
407 2608 589 2673 factis;
621 2625 726 2661 non
757 2623 913 2673 eum,
946 2608 1033 2678 qui
1071 2622 1191 2661 cum
1225 2606 1339 2676 ipse
1378 2607 1446 2659 sit
1482 2606 1733 2669 triticum,

170 2701 307 2757 simul
344 2711 512 2756 tamen
548 2716 672 2754 cum
717 2699 887 2764 talea,
926 2697 1176 2769 qttamniu
1205 2713 1327 2751 area
1377 2698 1733 2763 l'cll‘llttt'alttl‘,

171 2791 344 2847 divinis
367 2793 721 2847 conmumicat
750 2790 1128 2846 5λςιτιιιιυιιιίδ.
1165 2788 1433 2857 Scriptum
1467 2798 1544 2842 est
1567 2788 1733 2854 enim,

169 2882 306 2939 Exite
332 2885 459 2946 inde,
489 2894 536 2937 et
564 2882 883 2936 immundum
910 2897 973 2935 ne
1002 2880 1301 2951 tetigeritis;
1330 2890 1377 2935 et
1404 2922 1418 2945 ,
1446 2881 1546 2945 Qui
1566 2882 1738 2952 litige-

168 2974 223 3029 tit
264 2977 532 3043 pollutum,
564 2976 788 3045 pollutus
839 2984 909 3029 est
962 2972 1120 3043 (Isai.
1177 2989 1279 3039 LII,
1317 2974 1551 3043 Il);sed
1603 2990 1734 3027 con-

168 3068 386 3122 sensione
424 3067 719 3121 voluntatis
752 3108 766 3130 ,
813 3082 915 3136 qua
969 3064 1227 3133 deceptus
1277 3071 1360 3118 est
1404 3064 1565 3119 homo
1629 3066 1735 3135 pri-

170 3171 287 3223 mus,
317 3175 417 3213 non
447 3157 859 3212 conversatione
886 3156 1147 3225 corporis,
1179 3171 1282 3224 qua
1311 3163 1367 3209 et
1392 3154 1555 3210 ludas
1580 3170 1737 3209 oscu-

168 3248 285 3305 latus
311 3263 391 3306 est
417 3250 712 3305 Clu-istum.
752 3250 934 3305 Pisces
967 3249 1162 3320 quippe
1199 3248 1293 3311 illi,
1337 3247 1403 3303 de
1446 3248 1637 3318 quibus
1682 3247 1734 3302 in

168 3341 426 3415 Evangelio
444 3344 699 3398 Dominus
721 3342 974 3412 loquitur,
1002 3340 1124 3394 boni
1152 3349 1206 3394 et
1227 3339 1349 3394 tnali
1375 3339 1515 3393 intra
1544 3338 1732 3395 eadem

168 3435 294 3498 retia,
319 3435 510 3506 quibus
530 3434 960 3505 ceugregationis
994 3441 1209 3502 coaptat
1236 3431 1492 3485 ttnitatcm
1514 3472 1529 3495 ,
1567 3446 1733 3501 nsque

168 3524 219 3579 ad
247 3526 395 3581 liuent
437 3525 642 3584 sa'cnli.
682 3524 823 3594 quod
868 3524 1060 3578 littoris
1104 3524 1319 3578 nomine
1366 3524 1735 3593 prtuligtll'altll’

172 3616 357 3687 (llattli.
382 3634 495 3684 xm,
511 3617 698 3689 48,49)
722 3617 916 3687 pariter
938 3616 1620 3686 uatautcorporibusmisti,
1638 3616 1732 3671 sed

167 3711 378 3767 moribus
420 3710 674 3781 Separati.
716 3708 982 3778 Scriptum
1021 3719 1102 3763 est
1130 3708 1274 3762 enim
1300 3750 1313 3771 ,
1347 3707 1605 3761 Modicum
1630 3711 1731 3780 fer-

167 3812 360 3856 mentum
397 3813 552 3856 totam
596 3818 815 3856 ntassam
855 3800 1240 3873 corrumpit((l
1288 3799 1406 3854 Cor.
1438 3818 1464 3850 v
1489 3843 1502 3865 ,
1526 3800 1613 3871 6),
1637 3801 1730 3856 sed

168 3906 326 3949 eorum
360 3895 445 3966 qui
467 3894 807 3951 consentiunt
847 3894 983 3947 mala
1017 3891 1365 3957 facientibus,
1401 3907 1502 3944 non
1545 3908 1728 3946 eorum

166 3984 241 4052 qui
280 3986 569 4041 secundum
630 3983 940 4054 prophetam
997 3980 1369 4047 Ezeeltielem,
1408 3992 1647 4052 gemunt,
1677 3994 1733 4038 et

168 4086 370 4132 mcerent
396 4077 465 4129 ob
488 4076 794 4146 iniquitates
820 4074 1001 4145 populi
1024 4074 1140 4141 Dei,
1171 4090 1289 4143 qua:
1317 4076 1449 4128 fiunt
1476 4075 1525 4127 iit
1555 4074 1731 4130 medio

169 4182 330 4227 eorum
378 4171 599 4244 (Eucti.
622 4186 695 4234 ιχ,
724 4170 800 4231 4).

223 4260 442 4317 8.lstam
491 4261 752 4315 malorum
793 4259 1199 4330 permixtionem
1244 4258 1405 4329 gemit
1448 4267 1501 4313 et
1547 4258 1728 4313 Daniel

171 4343 306 4417 (Dan.
330 4366 418 4417 ix,
450 4349 605 4423 5-16)
632 4369 643 4405 :
677 4360 783 4405 tres
808 4365 1017 4423 quoque
1040 4350 1139 4405 viri
1166 4359 1482 4421 gemuerunt
1507 4345 1621 4415 (Id.
1648 4363 1725 4414 ιιι,

168 4440 366 4514 28-51);
396 4444 483 4501 ille
510 4443 611 4498 hoc
637 4444 689 4497 in
716 4444 977 4509 oratione,
1004 4442 1081 4497 illi
1108 4442 1161 4497 in
1190 4441 1405 4497 fornace
1430 4450 1727 4496 testantur:

168 4545 248 4590 nec
274 4543 447 4593 tamen
477 4551 537 4590 se
564 4535 634 4590 ab
660 4535 862 4590 unitate
890 4534 1106 4604 populi,
1136 4534 1288 4605 cujus
1314 4542 1525 4605 peccata
1556 4531 1725 4587 conli—

170 4625 388 4683 telnntur
409 4669 424 4695 ,
456 4627 725 4698 corporali
764 4624 1119 4696 disiunctione
1144 4633 1545 4695 separaverunt.
1595 4624 1725 4679 Pro-

170 4714 316 4786 pheta:
340 4733 530 4776 omnes
556 4719 609 4774 in
635 4716 884 4774 eumdem
916 4717 1165 4789 populum
1192 4717 1242 4771 in
1272 4733 1377 4786 quo
1406 4724 1579 4783 erant,
1608 4732 1727 4788 qua:

169 4817 212 4865 et
231 4820 411 4881 quanta
436 4811 724 4867 dixerunt!
755 4824 851 4865 nec
881 4808 983 4863 sibi
1014 4817 1193 4863 tamen
1219 4808 1446 4862 alterum
1472 4809 1725 4877 populum

153 4902 210 5001 ⁸ἱιι
234 4920 329 4976 quo
351 4912 534 4962 essent
554 4944 570 4968 ,
601 4901 931 4960 discessione
955 4900 1215 4970 corporali
1246 4901 1326 4955 vel
1365 4898 1729 4970 segregatione

154 4988 487 5064 fqutesierunt.
521 4994 625 5066 Ipsi
671 4993 908 5064 Apostoli
953 4992 1273 5064 permixtum
1315 4990 1414 5045 sibi
1456 4988 1727 5044 diabolum

173 5081 332 5142 ludam
356 5100 525 5157 usque
551 5086 604 5140 in
636 5082 819 5147 linem,
845 5097 951 5152 quo
978 5097 1037 5137 se
1066 5081 1180 5152 ipse
1204 5081 1363 5135 etiam
1394 5079 1582 5149 laqueo
1610 5093 1731 5149 per-

155 5173 298 5246 .tlidit,
323 5179 439 5235 sine
465 5176 573 5233 ulla
600 5176 683 5231 sui
718 5174 1169 5232 contaminatioue
1197 5173 1491 5229 tolerarunt
1513 5212 1527 5233 ,
1569 5172 1640 5226 ita
1671 5180 1729 5226 ut

176 5260 342 5326 diceret
363 5271 443 5328 eis
470 5267 760 5334 Dominus,
793 5276 1010 5339 propter
1042 5266 1182 5321 illius
1206 5266 1345 5321 inter
1375 5279 1469 5321 eos
1495 5278 1730 5335 praesen-

174 5357 274 5415 tiam
299 5378 314 5415 :
344 5360 408 5417 Et
431 5376 519 5417 vos
544 5359 721 5414 mundi
749 5358 867 5414 estis
885 5399 902 5426 ,
946 5357 1036 5412 sed
1059 5374 1159 5413 non
1187 5373 1356 5412 omnes
1390 5355 1565 5427 (Joau.
1595 5372 1689 5411 xm
1708 5397 1725 5423 ,

178 5450 267 5523 l0).
290 5452 391 5511 Nec
418 5454 489 5510 ob
515 5453 659 5509 illius
685 5451 1096 5519 immunditiam,
1121 5460 1370 5521 tanquam
1396 5450 1656 5507 fermento
1675 5451 1725 5506 in

175 5542 576 5602 cisdissimilium
605 5559 813 5601 morum
839 5558 1012 5601 massa
1042 5530 1287 5614 corrupta
1318 5552 1418 5600 est.
1450 5543 1559 5599 Nec
1583 5554 1728 5599 recte

178 5633 396 5695 altirmari
438 5646 614 5708 potest
641 5637 781 5709 quod
806 5653 899 5695 cos
930 5637 1071 5693 illius
1101 5637 1295 5694 latebat
1326 5639 1558 5711 nequitia
1580 5680 1594 5705 ,
1626 5639 1724 5695 nisi

224 5728 238 5762 ι
257 5735 589 5790 tov.,cousen.

224 5791 384 5855 μοι,
406 5798 724 5855 νᾳεωοναπι.

224 5850 245 5884 ⁸
262 5850 385 5913 hom,
404 5850 708 5917 placatior-ton.

3351 384 3458 445 “0

1868 486 2007 545 forte
2025 505 2129 561 qua
2158 489 2325 546 fuerat
2348 492 2507 548 etiam
2530 491 2812 550 Dominum
2839 493 3170 553 traditurus:
3202 514 3325 556 nam
3353 501 3452 573 ipsi

1862 582 1931 639 de
1961 583 2050 639 illo
2078 584 2406 655 scripserunt
2432 585 2573 654 quod
2604 587 2687 640 fur
2715 597 2833 643 erat
2855 629 2871 647 .
2899 598 2953 643 ct
2978 590 3152 644 omnia
3178 607 3297 663 quae
3328 596 3451 649 mit-

1860 678 2106 733 tebantur
2124 679 2193 734 de
2216 679 2497 735 dominicis
2520 681 2704 735 loculis
2728 683 2998 737 auferebat
3036 683 3215 752 (Joau.
3246 702 3339 749 xu,
3371 688 3447 754 (ἶ).

1860 767 1975 824 Non
2005 772 2083 825 eis
2108 770 2387 840 quisquam
2418 771 2838 826 calumniabatur
2872 773 2963 827 illo
2993 775 3327 843 testimonio,
3368 776 3453 831 Vi-

1858 861 2048 917 debatis
2069 863 2254 931 furem,
2279 874 2324 917 et
2346 865 2714 917 concurrebatis
2737 882 2850 917 cum
2869 882 2925 919 eo
2952 865 3121 937 (Psal.
3146 884 3291 933 xux,
3320 870 3409 940 18)
3436 889 3449 927 :

1855 961 1911 1007 et
1940 952 2096 1009 factis
2137 956 2278 1009 enim
2317 956 2614 1021 tualorttm,
2657 973 2760 1010 non
2793 957 3258 1015 Sacratnetttornm
3299 979 3448 1017 cotti-

1860 1046 2148 1110 muaione,
2180 1047 2271 1102 sed
2303 1048 2610 1103 eorumdem
2640 1049 2893 1103 factorum
2936 1056 3290 1107 consensione
3318 1069 3448 1108 con-

1854 1139 2107 1193 curritur.
2137 1141 2421 1209 Apostolus
2443 1142 2637 1196 Paulus
2657 1151 2908 1206 quantum
2937 1142 3004 1196 de
3031 1142 3173 1196 falsis
3199 1144 3448 1203 fratribus

1852 1233 2199 1301 conqueritur
2226 1232 2288 1303 (ll
2318 1232 2431 1286 Cor.
2459 1248 2537 1293 XI,
2570 1232 2698 1301 26)!
2727 1248 2949 1301 qttorum
2979 1242 3154 1287 tauzen
3181 1236 3447 1304 ciirporali

1852 1324 2207 1394 permixtione
2239 1341 2343 1378 non
2375 1325 2758 1387 maculabatur,
2788 1325 2965 1379 cordis
2991 1327 3107 1394 ruri
3141 1327 3447 1384 diversitate

1851 1417 2146 1481 sejtmctus.
2182 1416 2312 1470 Nam
2353 1432 2383 1471 a
2411 1416 2726 1487 quibusdam
2757 1433 2892 1487 quos
2938 1418 3146 1472 invidos
3190 1431 3441 1487 noverat,

1850 1506 2329 1575 gatnletCltristmu
2352 1507 2549 1577 pariter
2562 1506 2838 1579 pra-dicari
2867 1506 3121 1580 (Philipp.
3149 1525 3186 1576 t,
3220 1511 3286 1565 15
3316 1511 3402 1583 18)
3422 1528 3443 1577 ς

1850 1605 1906 1653 et
1932 1599 2111 1669 tttiqttc
2143 1599 2338 1653 invidia
2368 1599 2690 1654 dialmlicum
2718 1600 2901 1654 vitittttt
2930 1610 3030 1656 cst.

1924 1690 1978 1747 9.
2028 1691 2306 1747 Postremo
2348 1694 2631 1762 cpiscoints
2669 1692 2965 1762 Cyprianus
2991 1735 3007 1757 ,
3053 1692 3164 1762 jam
3208 1693 3445 1752 Ecclesia

1847 1784 2117 1852 copiosius
2145 1784 2394 1849 dilatata,
2437 1784 2661 1838 vicinior
2692 1784 3018 1853 temporibus
3050 1786 3264 1848 nostris,
3295 1787 3446 1857 cujus

1847 1874 2165 1929 auctoritate
2205 1875 2488 1945 aliquando
2529 1875 2900 1947 repetitionem
2951 1875 3207 1945 Baptismi
3244 1879 3444 1931 eunti-r-

1849 1981 1995 2019 mare
2036 1966 2299 2020 conamini
2329 2008 2343 2027 ,
2393 1982 2514 2019 cum
2564 1966 2688 2019 illud
2729 1965 3015 2021 concilium
3060 1967 3177 2034 (α),
3225 1969 3307 2022 vel
3356 1969 3443 2024 illa

1848 2056 2064 2124 scripta,
2084 2056 2128 2111 si
2152 2071 2274 2110 vere
2296 2056 2463 2125 ipsius
2492 2066 2636 2122 sunt,
2658 2066 2711 2109 et
2733 2071 2859 2117 non,
2878 2057 3015 2111 sicut
3040 2058 3200 2128 aliqui
3234 2068 3440 2128 putattt,

1847 2146 1946 2200 sub
1971 2148 2087 2215 ejus
2114 2146 2327 2201 nomine
2348 2147 2646 2216 conscripta
2672 2158 2834 2218 atque
2854 2148 3102 2214 conficta,
3131 2159 3443 2206 contineant

1846 2249 2101 2306 quantum
2132 2237 2383 2292 dilexerit
2412 2239 2667 2292 unitatem
2692 2278 2706 2299 ,
2737 2240 3005 2305 quomodo
3034 2241 3084 2293 in
3115 2256 3176 2296 ca
3207 2242 3441 2296 toleran—

1845 2328 1977 2389 dos.
2007 2331 2165 2385 etiam
2201 2341 2384 2384 contra
2425 2344 2558 2400 quos
2604 2330 2715 2399 ipse
2756 2331 3059 2394 sentiebat,
3106 2334 3441 2401 apertissima

1846 2420 2216 2476 exhortatione
2245 2422 2651 2487 consuluerit‘,
2687 2440 2751 2476 ne
2793 2424 2938 2492 pacis
2980 2426 3247 2479 vinculum
3289 2442 3435 2482 rum--

1847 2522 2060 2581 peretur
2090 2512 2173 2568 :id
2195 2515 2525 2582 potissimum
2555 2513 2837 2569 atzeudens
2857 2556 2871 2578 ,
2904 2517 3024 2584 quia
3052 2516 3095 2569 si
3124 2517 3242 2585 quis
3268 2518 3433 2573 alter

1845 2606 2000 2664 utris.
2042 2606 2233 2674 quibus
2291 2606 2431 2660 aliud
2462 2606 2669 2661 videtur
2698 2624 2859 2676 qnam
2892 2608 3086 2661 veritas
3119 2608 3305 2665 liabet.
3340 2609 3445 2663 ltu-

1846 2713 2035 2753 maaus
2061 2714 2216 2752 error
2246 2698 2517 2767 irrepserit
2537 2740 2551 2761 ,
2595 2698 2824 2752 fraterna
2857 2698 3141 2752 concordia
3179 2699 3441 2754 custodita

1844 2788 2077 2843 cliaritas
2121 2789 2281 2843 etiam
2337 2789 2577 2859 cooperit
2634 2790 3024 2844 multitudinem
3083 2803 3438 2859 peccatorum.

1846 2880 1997 2935 llauc
2023 2881 2111 2935 ille.
2137 2882 2214 2935 sic
2247 2881 2437 2944 tenuit,
2465 2882 2539 2935 sic
2566 2881 2781 2942 amavit,
2809 2890 2865 2934 ιιι
2890 2883 2934 2935 si
2958 2881 3081 2951 quid
3110 2882 3263 2936 aliter
3281 2898 3440 2952 quam

1844 2987 1933 3027 res
1958 2982 2059 3036 est,
2089 2972 2159 3027 de
2189 2973 2442 3042 Baptismi
2470 2982 2809 3026 sacramento
2836 2984 3080 3041 sapiterat
3106 3014 3120 3035 ,
3151 2973 3200 3025 id
3228 2989 3439 3043 quoque

1846 3064 1987 3119 Dens
2030 3065 2105 3119 illi
2139 3065 2399 3119 revelaret
2425 3106 2440 3130 ,
2469 3065 2604 3119 sicut
2642 3064 2930 3134 Apostolus
2958 3064 3205 3119 fratribus
3234 3065 3284 3119 in
3314 3066 3440 3120 cita.

1843 3156 2003 3211 ritate
2030 3157 2425 3211 atttlutlatttilins
2451 3156 2580 3211 dicit
2610 3173 2623 3210 :
2659 3157 2911 3226 Quotquot
2942 3174 3058 3227 ergo
3087 3161 3316 3229 perfecti,
3345 3160 3441 3215 hoc

1841 3250 2138 3318 sapiamus;
2165 3259 2210 3303 et
2239 3248 2281 3303 si
2302 3251 2423 3321 quid
2454 3251 2601 3303 aliter
2623 3251 2822 3314 sapitis,
2846 3250 2899 3303 id
2921 3267 3119 3321 quoque
3145 3251 3279 3305 rubis
3298 3253 3438 3309 Deus

1842 3342 2096 3395 revelabit.
2139 3340 2488 3396 Verumtamen
2519 3344 2570 3396 in
2598 3344 2733 3414 quod
2762 3344 3103 3413 pervenimus,
3141 3346 3194 3399 iu
3230 3363 3287 3400 eo
3326 3364 3440 3402 mtt-

1842 3434 2068 3488 bulciuus
2098 3434 2208 3507 (Id.
2241 3451 2329 3500 ttt,
2362 3437 2427 3492 15
2448 3478 2463 3500 ,
2502 3436 2611 3508 l6).
2647 3436 2759 3491 lluc
2784 3438 2984 3492 accedit
3016 3439 3264 3508 quoniam
3291 3440 3438 3497 fruc-

1847 3533 2058 3578 tuosmn
2105 3537 2453 3592 sarmentum,
2496 3527 2540 3581 si
2585 3527 2782 3597 aliquid
2825 3527 3053 3582 habebat
3096 3529 3266 3584 adhuc
3309 3547 3438 3601 pur-

1840 3614 2094 3684 gamlttm,
2130 3616 2360 3685 gloriosa
2394 3616 2637 3687 martyrii
2682 3616 2816 3671 falce
2859 3628 3133 3687 purgatum
3162 3628 3245 3674 est
3276 3639 3289 3674 :
3330 3636 3437 3678 non

1841 3706 1964 3776 quia
2009 3722 2105 3776 pro
2142 3708 2340 3763 Christi
2388 3709 2601 3764 nomine
2648 3710 2857 3764 occisus
2895 3720 2995 3775 est,
3037 3711 3130 3765 sed
3174 3713 3296 3783 quia
3343 3731 3439 3783 pro

1840 3798 2035 3853 Christi
2080 3800 2295 3855 nomine
2336 3803 2385 3854 ιιι
2434 3802 2640 3871 gremio
2680 3803 2895 3856 unitatis
2924 3804 3132 3858 occisus
3157 3816 3258 3860 est.
3302 3806 3437 3863 Nam

1841 3888 1956 3958 ipsc
1981 3891 2226 3961 scripsit,
2259 3901 2312 3946 et
2355 3892 2703 3948 fidentissime
2744 3896 2974 3962 asserit,
3019 3911 3114 3950 eos
3155 3899 3244 3967 qtti
3284 3908 3436 3956 extra

1841 3982 2124 4042 unitatem,
2170 3983 2377 4037 etiamsi
2420 4000 2515 4054 pro
2543 3985 2632 4039 illo
2662 3986 2876 4040 nomine
2907 3988 3234 4052 moriantur,
3263 3990 3435 4047 occidi

1841 4085 2017 4140 posse,
2062 4087 2164 4127 non
2195 4089 2351 4143 posse
2378 4077 2624 4129 coronati
2659 4076 2793 4147 (Lib.
2821 4078 2884 4130 de
2909 4078 3035 4131 nuit.
3073 4078 3259 4145 Καί).
3294 4080 3436 4137 Tan-

1841 4170 1951 4215 tum
1982 4163 2118 4217 valet
2144 4163 2257 4217 sive
2281 4165 2345 4217 ad
2376 4165 2631 4230 delenda,
2679 4166 2790 4221 sive
2817 4166 2883 4221 ad
2914 4170 3273 4224 confirmanda
3302 4187 3433 4244 pec-

1837 4261 1976 4315 cata,
2007 4252 2091 4306 vel
2120 4253 2409 4321 custodita,
2441 4255 2521 4308 vel
2550 4255 2744 4310 violata
2773 4257 3007 4311 eltaritas
3036 4258 3271 4315 unitatis.

1911 4343 2147 4416 10.1pse
2187 4360 2317 4416 etgo
2361 4346 2447 4401 ille
2490 4346 2808 4418 Cyprianus,
2850 4366 2971 4403 eum
3014 4367 3108 4420 per
3149 4352 3430 4423 impiorum

1836 4435 2124 4492 Gentilium
2150 4439 2571 4509 persecutionem
2591 4449 2790 4495 vastata
2816 4441 3048 4496 Beclesia
3069 4444 3262 4500 multos
3281 4445 3433 4516 plau-

1835 4538 1984 4599 geret
2013 4529 2213 4601 lapsos,
2248 4531 2401 4584 malis
2431 4529 2533 4585 lioe
2562 4531 2798 4587 moribus
2827 4532 3066 4589 tribuens
3090 4550 3275 4590 eorum
3294 4577 3311 4603 ,
3339 4539 3432 4609 qui

1836 4619 1891 4673 in
1918 4620 2030 4690 ipsa
2054 4621 2291 4675 Ecclesia
2321 4620 2606 4677 damnabili
2636 4625 3043 4680 conversatione
3073 4626 3338 4693 vivebant,
3364 4628 3432 4686 dc

1834 4711 2159 4783 collegarum
2187 4726 2404 4767 suorum
2449 4713 2687 4767 moribus
2719 4715 2918 4785 gemit,
2961 4730 3057 4770 nec
3083 4731 3237 4772 suum
3265 4720 3430 4789 gemi-

1835 4810 1948 4858 tum
1977 4803 2191 4858 silentio
2220 4804 2389 4875 tegit;
2420 4804 2513 4859 sed
2554 4805 2681 4859 dicit
2707 4822 2800 4860 eos
2841 4806 2893 4861 in
2933 4817 3130 4862 tantam
3167 4810 3431 4879 cupidita-

1835 4902 1945 4950 tem
1973 4894 2135 4949 fuisse
2157 4908 2485 4963 progressos,
2510 4904 2569 4949 ut
2586 4896 2963 4960 esurientibus,
2985 4896 3146 4952 etiam
3175 4900 3225 4953 iu
3251 4900 3307 4955 Et
3323 4902 3432 4957 cle-

1834 4986 1913 5040 sia
1939 4984 2207 5051 fratribus,
2233 4984 2429 5041 habere
2453 4996 2730 5056 argentum
2754 4987 2972 5057 largiter
2995 4988 3213 5055 vellent,
3238 4990 3431 5050 fundos

1834 5078 2105 5134 insidiosis
2143 5079 2415 5134 fraudibus
2441 5089 2724 5151 raperent,
2754 5082 2929 5136 usuris
2957 5083 3430 5155 multiplicantibul

1835 5168 1989 5223 fenus
2013 5182 2269 5239 augerent
2296 5171 2488 5243 (Serm.
2518 5172 2581 5225 de
2596 5172 2770 5243 lapsis,
2798 5188 2926 5229 om.
2954 5172 3111 5247 iuit.).
3133 5177 3269 5233 Puto
3296 5180 3427 5236 isto-

1835 5277 1952 5316 rum
1980 5263 2220 5329 avaritia,
2252 5264 2446 5329 fundis,
2477 5272 2532 5319 ct
2560 5263 2745 5322 fenore
2771 5266 3097 5340 Cyprianum
3127 5287 3234 5327 non
3263 5273 3428 5330 fuisse

1834 5357 2186 5425 maculatum;
2223 5374 2322 5415 nec
2361 5368 2536 5413 tamen
2577 5359 2644 5414 ab
2680 5361 2758 5417 eis
2799 5377 2857 5417 se
2891 5364 3154 5434 corporali
3182 5379 3426 5437 segrega-

1836 5447 2001 5516 tione,
2032 5450 2127 5505 sed
2153 5451 2276 5505 vita:
2295 5450 2724 5509 dissimilitudine
2745 5454 2907 5510 fuisse
2931 5456 3271 5524 disiunctum.
3291 5458 3423 5515 Cum

1835 5541 1913 5596 eis
1938 5541 2105 5598 altare
2148 5543 2351 5613 tetigit;
2387 5543 2481 5598 sed
2525 5545 2849 5601 immundam
2898 5546 3109 5601 illorum
3146 5547 3305 5604 vitam
3333 5550 3423 5609 ille

1836 5650 1946 5691 non
1976 5637 2170 5708 tetigit,
2198 5637 2409 5708 quando
2433 5638 2511 5694 sic
2537 5642 2767 5711 culpavit
2798 5648 2955 5709 atque
2982 5639 3267 5712 redarguit.
3298 5644 3423 5703 Pla-

1902 5774 1916 5804 ¹
1943 5778 2074 5830 Ima,
2100 5778 2264 5823 (mitra
2286 5786 2527 5839 quoque...
2552 5774 2799 5826 consuluit.

1899 5853 1973 5916 (ιι)
1993 5854 2365 5918 Carthagiuense
2384 5859 2494 5908 anni
2512 5858 2603 5910 356
2618 5892 2632 5917 ,
2651 5858 2714 5909 de
2732 5859 3082 5922 rebaptizandis
3097 5863 3355 5923 haereticis.
