3990 6386
738 529 964 588 CAPUT
988 529 1075 585 γι.
1091 559 1163 572 -
1187 529 1271 586 l6.
1292 530 1490 586 Verum
1521 539 1599 598 tu,
1630 530 1810 597 frater,
1830 547 1951 587 cum
1977 548 2083 600 quo
2109 548 2250 588 nunc

667 636 789 694 ago.
814 622 958 678 etde
993 639 1101 693 quo
1126 623 1177 676 in
1206 621 1439 688 Christo,
1483 624 1621 678 sicut
1661 624 1773 693 ipse
1810 625 1973 689 novit,
2019 626 2250 694 gaudere

667 713 934 778 desidero,
962 714 1006 768 si
1048 714 1210 783 partis
1241 714 1424 769 Donati
1450 714 1812 771 defensiOnem
1844 718 1895 772 in
1938 717 2036 772 hac
2078 717 2249 772 Maxi-

669 806 829 860 miani
856 820 1016 862 causa
1041 806 1173 861 velis
1195 822 1289 875 per
1309 807 1503 877 ingenii
1541 807 1614 862 tui
1641 816 1696 863 ct
1723 808 1919 879 eloquii
1946 808 2249 865 facultatem

669 895 959 965 suscipere,
991 910 1089 951 nec
1117 895 1443 952 mendaciter
1470 912 1647 968 agerc,
1677 898 1928 969 quoniam
1955 914 2143 954 recens
2168 907 2252 954 est

672 987 925 1041 memoria
963 986 1146 1056 ipsius,
1187 986 1493 1043 hominibus
1528 989 1580 1043 in
1619 1004 1752 1058 quos
1782 989 1896 1045 bzec
1922 1000 2067 1061 gesta
2104 999 2248 1059 sunt,

668 1075 839 1130 adhuc
861 1076 912 1130 in
932 1090 1156 1145 corpore
1182 1077 1505 1146 constitutis,
1525 1086 1597 1134 tot
1612 1080 1770 1134 etiam
1790 1080 2253 1150 proconsularibus

669 1177 726 1223 ει
751 1168 1158 1237 municipalibus
1185 1169 1384 1235 Gcstis,
1415 1171 1501 1227 ubi
1531 1171 1784 1228 adversus
1811 1187 1907 1228 vos
1931 1187 2145 1242 semper
2162 1188 2255 1228 ca-

669 1259 862 1315 tbolica
892 1259 1131 1317 Ecclesia
1157 1261 1478 1317 commonita
1505 1272 1587 1318 est
1607 1280 1621 1314 :
1645 1272 1703 1317 ut
1729 1278 1827 1317 nec
1856 1262 1981 1317 illud
2018 1263 2083 1318 de
2116 1277 2252 1333 aqua

667 1352 859 1419 aliena,
900 1360 954 1407 et
978 1351 1046 1407 de
1075 1368 1211 1421 aqua
1256 1353 1537 1419 mendacii,
1562 1364 1615 1409 ει
1651 1354 1862 1409 lavacro
1889 1355 2102 1418 mortui,
2129 1354 2253 1410 etsi

665 1459 769 1515 qua
796 1444 897 1499 alia
928 1453 1050 1498 sunt
1075 1443 1405 1513 lnijusntodi,
1438 1445 1574 1500 sicut
1598 1446 1803 1513 soletis,
1830 1445 2165 1516 intelligenda
2186 1446 2257 1501 fa-

668 1535 858 1599 tearis;
894 1534 986 1589 sed
1012 1549 1078 1589 eo
1104 1536 1278 1604 potius
1318 1536 1496 1603 modo,
1538 1545 1595 1591 ut
1634 1537 1927 1607 baptismus
1953 1538 2150 1593 Christi
2184 1538 2253 1593 ad

670 1624 1129 1694 participationem
1168 1625 1355 1681 salutis
1391 1638 1603 1681 aeterna:
1647 1627 1802 1683 datus
1839 1629 2111 1695 Ecclesim,
2157 1645 2256 1685 nec

674 1724 821 1771 extra
848 1716 1140 1772 Ecclesiam
1157 1716 1422 1787 iudicetur
1442 1727 1746 1785 extraneas,
1770 1735 1867 1776 nec
1888 1720 1939 1775 in
1960 1721 2150 1776 alienis
2169 1721 2256 1777 de-

671 1814 887 1877 putetur
910 1808 1136 1870 alienus,
1164 1808 1257 1863 sed
1278 1810 1545 1864 extraneis
1567 1819 1621 1865 et
1647 1811 1834 1866 alienis
1856 1812 2027 1867 valeat
2042 1811 2109 1868 ad
2130 1828 2255 1884 per-

673 1897 889 1963 niciem,
930 1897 1041 1952 suis
1079 1908 1256 1954 autem
1294 1908 1348 1953 et
1380 1901 1601 1970 propriis
1628 1899 1695 1955 ad
1722 1902 1978 1967 salutem;
2010 1911 2169 1974 atque
2200 1904 2253 1959 in

673 1988 806 2054 illis,
851 2003 970 2043 cum
1010 1988 1076 2043 ad
1123 2004 1306 2058 pacem
1350 1990 1603 2046 Ecclesia:
1646 2000 2060 2059 convertuntur,
2105 2009 2257 2049 error

672 2077 1003 2142 emendetur,
1035 2094 1138 2134 non
1167 2078 1563 2135 8.ιει“ιιιηειιιιιιιι
1594 2096 1831 2136 errorem
1870 2084 2136 2151 puniendo
2162 2084 2255 2140 de-

671 2179 926 2237 struatur,
966 2180 1127 2242 utque
1157 2172 1207 2226 id
1245 2172 1387 2243 quod
1425 2172 1611 2227 eberat
1639 2172 1770 2229 foris
1809 2189 2082 2244 perverso,
2114 2177 2255 2232 intus

674 2260 893 2330 incipiat
939 2260 1196 2331 prodesse
1238 2273 1634 2317 correcto:nec
1681 2264 1767 2316 illa
1812 2279 1996 2319 rursus
2034 2265 2102 2319 de
2144 2282 2252 2321 non

674 2353 1118 2408 cmmnunieaudo
1149 2355 1377 2424 peccatis
1402 2353 1611 2418 alienis,
1635 2353 1701 2408 de
1727 2356 2064 2423 separatione
2088 2371 2117 2409 a
2140 2373 2255 2411 ma-

672 2442 760 2508 lis,
787 2442 855 2497 de
882 2458 986 2497 non
1029 2443 1290 2513 tangendo
1316 2444 1587 2497 innnundo
1624 2453 1781 2515 atque
1819 2445 2040 2515 polluto,
2064 2447 2132 2501 de
2159 2463 2252 2502 ca-

674 2537 843 2591 venda
885 2537 1078 2591 modici
1124 2536 1367 2592 fermenti
1410 2538 1769 2607 corruptione,
1800 2547 1855 2592 et
1887 2547 2078 2593 Caetera
2110 2540 2253 2607 talia,

674 2627 813 2683 sicut
834 2626 1016 2681 soletis
1043 2634 1358 2695 accepturus
1377 2642 1454 2691 es,
1484 2644 1550 2682 ne
1577 2640 1670 2681 vos
1700 2628 1750 2680 in
1776 2626 2074 2685 Maximiani
2096 2644 2255 2684 causa

674 2720 1111 2789 interplimbiliter
1136 2719 1435 2789 implicetis.
1459 2718 1565 2774 Sed
1589 2719 1659 2774 ita
1674 2720 1887 2790 sapiens
1906 2720 2007 2775 hoc
2026 2736 2256 2788 asseres,

674 2812 778 2868 hoc
818 2812 1044 2879 tenebis,
1078 2811 1218 2882 quod
1261 2825 1387 2867 sana
1426 2811 1666 2868 doctrina
1710 2813 2067 2878 commendat,
2117 2814 2258 2891 quod

678 2920 801 2961 vera
830 2905 1007 2975 regula
1025 2903 1282 2974 exemplis
1304 2903 1626 2974 propheticis
1643 2913 1800 2973 atque
1820 2906 2122 2973 apostolicis
2139 2921 2261 2975 pro-

676 2996 789 3062 bat,
820 2994 988 3050 malos
1016 3009 1137 3050 esse
1163 2994 1338 3065 potius
1355 2994 1680 3061 tolerandos,
1699 3010 1764 3050 ne
1779 2994 2095 3051 deserantur
2112 2998 2256 3061 boni,

676 3102 833 3157 quam
861 3087 1029 3141 bonos
1048 3085 1391 3151 deserendos,
1416 3096 1472 3141 ut
1491 3097 1802 3157 separentur
1823 3089 1945 3144 mali
1966 3090 2003 3141 ί.
2033 3089 2259 3145 Tantum

676 3186 736 3230 ut
761 3174 829 3229 ab
858 3175 1169 3240 imitatione,
1195 3191 1225 3229 a
1251 3177 1625 3241 consensione,
1658 3192 1685 3229 a
1714 3177 1835 3231 vite
1865 3193 1927 3233 ac
1956 3194 2163 3234 morum
2183 3180 2260 3234 si-

675 3266 972 3323 militudine
1011 3266 1220 3336 reprobi
1248 3265 1611 3337 sejungantur,
1640 3268 1795 3322 simul
1837 3281 2158 3334 crescentes.
2185 3270 2261 3325 si~

674 3358 785 3415 Inui
815 3358 865 3412 in
896 3357 1230 3412 tribulatione
1259 3358 1527 3428 permixti,
1573 3358 1727 3413 simul
1772 3359 1905 3413 intra
1952 3363 2083 3415 retia
2128 3377 2261 3417 enn-

676 3450 878 3521 gregati
907 3464 1073 3519 usque
1116 3449 1181 3504 ad
1216 3460 1424 3519 tempus
1449 3450 1655 3514 messis,
1686 3452 2061 3517 ventilationis,
2090 3466 2143 3508 et
2172 3454 2259 3508 lit-

679 3545 830 3598 toris.
859 3542 931 3598 De
954 3543 1321 3613 persecutione
1342 3550 1539 3608 autem,
1559 3541 1811 3612 quidquid
1832 3542 1898 3597 ad
1920 3544 2261 3612 expellendus

676 3644 734 3690 et
770 3635 984 3690 sedibus
1027 3634 1414 3704 perturbandos
1453 3635 1863 3691 Maxiinianistas
1888 3652 1919 3691 a
1949 3638 2139 3692 vestris
2169 3653 2263 3707 per

673 3727 882 3799 iudices
906 3737 1079 3783 aetum
1108 3736 1210 3794 est,
1236 3728 1503 3799 quomodo
1540 3726 1858 3785 defensurus
1897 3746 1976 3796 es,
2019 3731 2119 3786 nisi
2158 3731 2261 3787 hoc

679 3821 1049 3895 prudentiores
1073 3834 1281 3880 vestros
1307 3826 1607 3896 corrigendi
1646 3830 1845 3891 animo,
1888 3844 1991 3881 non
2035 3825 2259 3881 nocendi

678 3913 953 3987 moderato
976 3923 1179 3971 terrore
1205 3916 1392 3973 fecisse
1412 3934 1425 3969 :
1452 3917 1495 3971 si
1521 3917 1609 3988 qui
1637 3926 1811 3972 autem
1835 3918 2121 3972 humanum
2146 3931 2262 3970 mo-

676 4004 803 4059 dum
834 4014 1197 4070 exccsserunt,
1225 4007 1362 4062 sicut
1387 4007 1437 4062 in
1471 4007 1553 4061 bis
1580 4024 1698 4078 qua:
1719 4006 1953 4063 Salvium
1975 4007 2263 4064 Meinbres-

677 4095 907 4151 silanum
930 4110 1048 4151 esse
1072 4111 1377 4168 perpessum
1400 4098 1585 4153 civitas
1606 4100 1715 4169 ipsa
1736 4107 1978 4163 testatur,
2000 4114 2103 4153 non
2126 4114 2265 4170 pra:-

678 4188 913 4244 seribere
938 4189 1168 4254 caeteris,
1201 4198 1448 4262 tanquam
1472 4191 1623 4261 palea
1644 4207 1763 4246 cum
1788 4192 2063 4248 frumentis
2086 4193 2136 4246 in
2160 4207 2262 4246 una

682 4280 1146 4337 Sacramentorum
1179 4285 1553 4340 communione
1583 4285 1906 4351 constitutis,
1939 4287 2056 4340 vita:
2084 4294 2262 4340 autem

684 4370 1109 4427 dissimilitudine
1129 4375 1422 4442 separatis?

756 4463 844 4518 l7.
883 4462 1012 4530 Qum
1034 4479 1154 4518 cum
1170 4465 1241 4518 ita
1267 4467 1392 4533 sint,
1416 4466 1707 4536 amplector
1726 4467 1878 4522 istam
1899 4466 2261 4523 defensionem

685 4564 850 4611 tuam.
882 4555 984 4611 Ista
1009 4558 1203 4628 quippe
1232 4560 1351 4623 erit,
1388 4561 1431 4615 si
1474 4575 1632 4615 verax
1659 4562 1791 4626 erit;
1822 4570 1877 4615 et
1903 4562 2123 4616 veritate
2149 4563 2265 4616 vin-

681 4657 848 4713 cetur,
882 4647 928 4703 si
958 4648 1054 4703 ista
1082 4664 1187 4704 non
1216 4651 1337 4706 erit.
1370 4651 1694 4721 Amplector,
1724 4654 1957 4723 inquam,
1989 4652 2260 4708 defensio-

683 4730 807 4797 nem
849 4748 1020 4805 tuam;
1056 4740 1149 4796 sed
1181 4741 1315 4797 banc
1345 4758 1463 4798 esse
1494 4744 1670 4799 cernis
1693 4754 1746 4799 et
1774 4760 1967 4800 meam.
2009 4741 2114 4799 Cur
2155 4760 2260 4799 non

682 4848 809 4905 ergo
838 4834 889 4889 in
917 4834 1117 4889 unitate
1144 4849 1284 4890 ιιι-εει
1310 4834 1587 4890 dominica:
1617 4836 1772 4890 simul
1804 4836 2121 4892 frumentum
2143 4852 2264 4893 esse

684 4924 1007 4991 laboremus,
1035 4924 1192 4980 simul
1219 4925 1424 4997 paleam
1452 4926 1777 4982 toleramus?
1814 4942 1907 4981 cur
1948 4944 2072 4992 non,
2103 4928 2261 4984 obse-

682 5031 777 5070 cro
802 5024 872 5080 te,
900 5033 1018 5087 qua:
1043 5032 1224 5082 causa,
1253 5019 1339 5073 cui
1364 5018 1524 5082 bono,
1554 5020 1623 5073 ob
1656 5036 1812 5090 quam
1845 5021 2146 5087 utilitatem,
2178 5020 2265 5076 die

684 5107 849 5165 mihi?
879 5106 1097 5179 Fugitur
1123 5109 1317 5176 unitas,
1365 5119 1422 5165 ut
1460 5111 1590 5179 Agni
1620 5110 1757 5164 unici
1786 5112 2039 5179 sanguine
2085 5111 2261 5180 populi

683 5200 996 5270 comparati,
1024 5199 1280 5256 adversus
1301 5201 1524 5256 invicem
1549 5200 1735 5255 studiis
1759 5202 2039 5255 contrariis
2067 5200 2265 5256 inflam-

683 5302 920 5358 mentur,
950 5301 1003 5346 et
1030 5290 1331 5346 dividantur
1369 5307 1516 5356 oves,
1557 5292 1706 5363 quasi
1746 5300 1939 5345 nostra:
1978 5293 2117 5347 inter
2144 5309 2259 5359 nos,

686 5380 1080 5454 patrisfamilias
1108 5381 1250 5437 illius
1274 5381 1363 5451 qni
1401 5397 1557 5438 servo
1592 5381 1744 5445 dixit,
1793 5380 1952 5436 Pasce
1989 5398 2102 5437 ores
2129 5400 2263 5437 meas

604 5535 610 5541 ,
686 5475 869 5544 (loan.
896 5490 1015 5541 xxi,
1062 5474 1174 5543 l7),
1215 5489 1343 5539 non,
1377 5476 1539 5530 Pasce
1568 5490 1696 5530 oves
1739 5484 1883 5540 tuas;
1911 5484 1963 5529 et
1986 5475 2053 5529 de
2075 5477 2264 5545 quibus

590 5601 597 5607 -
688 5566 887 5620 dictum
913 5574 1016 5629 est,
1047 5562 1117 5621 Ut
1134 5565 1197 5618 sit
1212 5582 1341 5619 unus
1356 5582 1496 5636 grex,
1520 5577 1564 5620 et
1582 5584 1711 5622 unus
1738 5576 1909 5637 pastor
1936 5565 2045 5639 (Id.
2070 5582 2125 5634 κ,
2151 5567 2262 5639 16);

647 5724 657 5737 ε
689 5658 779 5727 qui
807 5658 1001 5712 clamat
1026 5657 1079 5712 in
1116 5658 1417 5727 Evangelio,
1451 5656 1516 5711 In
1543 5659 1637 5712 hoc
1660 5660 1813 5712 scient
1847 5674 2017 5712 omnes
2042 5659 2160 5726 quia
2188 5658 2267 5711 di-

585 5770 603 5779 ί
692 5748 870 5817 scipali
897 5747 993 5801 mei
1014 5749 1149 5814 estis,
1175 5749 1218 5802 si
1249 5765 1412 5802 verum
1440 5749 1753 5805 dilectionem
1772 5750 2042 5805 habueritis
2062 5750 2113 5804 in
2133 5749 2269 5805 vobis

758 5857 774 5888 '
810 5861 941 5918 ιον..
964 5853 1086 5906 boni.

1902 419 1961 475 S.
1992 417 2363 478 AUGUSTINI
2408 420 2712 478 EPISCOPI

3756 451 3829 513 616

2364 533 2472 605 (Id.
2500 552 2615 601 xm,
2645 536 2769 606 35);
2790 547 2865 603 et,
2889 538 3054 593 Sinite
3079 555 3293 597 crescere
3310 553 3503 616 utraque
3518 566 3652 625 usque
3669 560 3722 613 ad
3736 580 3830 623 ηια.

2357 640 2482 687 sein,
2516 643 2578 681 ne
2605 628 2736 697 forte
2760 645 2874 683 cum
2906 630 3053 684 vultis
3077 631 3309 703 colligere
3331 637 3526 703 zizania,
3552 648 3762 707 eradicetis
3780 660 3830 711 si.

2359 719 2755 773 mulettrilicum
2783 720 2994 789 (Matth.
3024 738 3143 789 xm,
3168 724 3281 795 30).
3306 726 3508 798 Fugitur
3525 737 3688 802 unitas,
3707 746 3833 804 uitiae

2358 810 2598 874 maritus,
2630 811 2752 866 illnc
2788 829 2919 868 uxor
2947 815 3258 870 conveniat:
3288 818 3419 873 dicat
3444 822 3541 889 ille,
3567 825 3730 885 Mecum
3750 844 3834 894 lene

2360 900 2637 964 unitatem,
2677 903 2798 970 quia
2824 918 2925 973 ego
2952 918 3069 959 sum
3096 906 3176 960 vir
3201 915 3346 973 tuus;
3377 916 3660 981 respondeat
3681 922 3761 985 illa,
3782 924 3838 981 lb':

2360 990 2581 1056 morior,
2614 991 2701 1045 ubi
2730 1003 2812 1047 est
2844 1003 2993 1062 pater
3022 1010 3205 1049 meus:
3230 1007 3285 1051 ut
3314 998 3362 1053 in
3390 1016 3488 1055 uno
3512 1002 3632 1059 lecto
3661 1008 3837 1070 dividam

2359 1079 2650 1148 Christum,
2682 1100 2814 1153 quos
2840 1084 3165 1140 detestamur
3198 1088 3241 1140 si
3270 1088 3494 1144 dividant
3521 1092 3700 1150 lectum.
3726 1099 3832 1171 Fugi-

2362 1179 2447 1225 tnr
2476 1173 2667 1235 unitas,
2700 1182 2757 1227 ut
2796 1175 3097 1245 propinqui,
3123 1185 3179 1230 et
3199 1177 3361 1241 cives,
3389 1190 3441 1233 et
3461 1182 3619 1249 amici,
3642 1196 3685 1239 et
3705 1186 3837 1257 Iittspi.

2360 1270 2461 1328 tes,
2488 1270 2543 1317 et
2562 1263 2880 1333 quicumque
2900 1264 2998 1319 sibi
3025 1268 3251 1321 bumana
3273 1270 3634 1328 necessitudine
3651 1277 3836 1347 colligati,

2361 1352 2571 1423 utrique
2595 1353 2902 1420 Christiani,
2932 1356 2985 1409 in
3008 1357 3264 1410 conviviis
3289 1358 3538 1425 ineundis,
3569 1362 3613 1415 iu
3638 1369 3837 1422 matrimo-

2362 1443 2464 1497 niis
2491 1443 2761 1498 tradendis
2787 1454 2840 1499 et
2867 1447 3208 1517 accipiendis,
3233 1448 3283 1503 in
3303 1450 3518 1505 emendo
3538 1467 3594 1507 ac
3617 1456 3838 1523 vendendo,

2363 1534 2414 1588 in
2440 1534 2608 1605 pactis
2634 1544 2688 1589 et
2714 1535 2939 1605 placitis,
2970 1537 3021 1591 in
3046 1539 3461 1603 salutationibus,
3490 1541 3536 1596 in
3562 1548 3841 1600 consensioni-

2360 1623 2481 1690 bus,
2512 1625 2564 1679 in
2594 1626 3052 1693 collocutionibus,
3096 1628 3145 1682 in
3174 1629 3416 1685 omnibus
3441 1632 3543 1686 suis
3578 1634 3708 1689 rebus
3728 1651 3841 1707 uego-

2362 1715 2554 1785 tiisque
2580 1717 2871 1772 concordes
2891 1719 3016 1783 sint,
3041 1730 3096 1775 et
3122 1720 3189 1775 ad
3219 1721 3309 1776 Dei
3337 1722 3496 1778 altare
3516 1722 3758 1781 discordes.
3773 1731 3840 1796 Qui

2361 1807 2501 1861 enim
2532 1809 2913 1878 quantamlibet
2953 1810 3165 1867 aliunde
3192 1824 3516 1883 conceptam,
3544 1814 3636 1869 illic
3657 1815 3842 1871 deberent

2362 1898 2516 1954 finire
2556 1899 2895 1968 discordiam,
2936 1910 2991 1956 et
3030 1904 3321 1957 secundum
3359 1914 3653 1974 prmeeptum
3676 1905 3841 1973 Domini,

2362 1995 2508 2061 prius
2531 1993 2861 2047 reconciliari
2891 1993 3141 2050 fratribus
3162 1996 3293 2060 suis,
3323 2006 3373 2051 et
3396 2005 3513 2051 tunc
3528 1996 3692 2051 offerre
3712 2012 3842 2053 munus

2361 2083 2541 2137 altaris
2565 2081 2673 2154 (Id.
2699 2099 2754 2145 ν,
2776 2083 2890 2155 ει),
2919 2085 3041 2139 alibi
3068 2085 3381 2147 concordes,
3406 2086 3471 2140 ibi
3499 2086 3769 2141 discordant.

2434 2175 2522 2229 l8.
2555 2174 2773 2244 Fugitur
2817 2175 3026 2240 unitas,
3073 2185 3130 2229 ιιι
3185 2191 3284 2231 nos
3341 2175 3583 2231 adversus
3620 2187 3841 2232 vestrorum

2363 2264 2513 2335 (nolo
2563 2267 2703 2320 enim
2752 2276 2953 2321 vestras
2995 2266 3195 2338 dicere)
3240 2268 3589 2339 improbitatcs
3627 2287 3845 2340 quaeramus

2363 2355 2603 2424 publicas
2633 2356 2795 2426 leges,
2826 2368 2877 2411 et
2906 2356 3163 2413 adversus
3193 2358 3338 2429 ipsas
3367 2360 3507 2430 leges
3529 2372 3756 2415 armentur
3771 2362 3847 2415 Cir.

2362 2446 2757 2508 cumeelliones,
2785 2462 2918 2515 quas
2959 2463 3025 2504 eo
3071 2450 3185 2520 ipso
3232 2452 3409 2505 furore
3446 2461 3846 2521 routemnant,quo

2364 2537 2416 2591 in
2441 2554 2534 2592 vos
2561 2554 2651 2593 cas
2671 2555 2790 2592 cum
2817 2538 3053 2595 furerent
3079 2543 3396 2597 excitarunt.
3425 2542 3628 2613 Fugitur
3649 2543 3794 2603 unitas.
3813 2552 3848 2597 ut

2362 2641 2547 2684 contra
2592 2646 2928 2701 possessores
2972 2648 3097 2687 suos
3136 2634 3404 2690 rusticana
3440 2635 3652 2706 erigatur
3676 2634 3847 2691 audacia.

2362 2731 2417 2777 et
2443 2722 2641 2794 fugitivi
2675 2724 2814 2778 servi
2853 2734 3039 2780 contra
3076 2727 3421 2794 apostolicam
3456 2728 3759 2798 disciplinam.
3778 2741 3848 2779 non

2363 2813 2535 2867 solum
2583 2829 2611 2866 a
2660 2813 2890 2869 dominis
2926 2816 3245 2881 alienentur,
3290 2834 3472 2873 verum
3511 2818 3653 2872 etiam
3688 2816 3849 2871 dominis

2364 2905 2783 2969 committentur;
2815 2923 2913 2960 nec
2936 2907 3107 2961 Solum
3129 2910 3536 2975 comminemur,
3557 2908 3638 2963 sed
3656 2916 3701 2962 et
3720 2906 3851 2960 violen-

2366 2995 3056 3065 tissimis‘aggressionibus
3100 2999 3493 3068 depnedentur,
3540 2998 3789 3053 auctoribus
3817 3004 3852 3050 et

2365 3084 2603 3149 ducibus,
2624 3095 2677 3141 et
2701 3087 2751 3141 in
2776 3087 2889 3156 ipso
2917 3089 3118 3143 scelere
3142 3090 3467 3160 principibus
3490 3088 3750 3160 agonisticis
3765 3099 3851 3140 con-

2367 3176 2658 3233 fessoribus
2679 3177 2891 3241 vestris,
2919 3179 3007 3248 qui
3034 3178 3099 3233 ad
3132 3179 3222 3234 Dei
3254 3180 3438 3235 laudes
3462 3188 3639 3236 ornant
3669 3179 3849 3231 honorem

2365 3278 2624 3335 vestrum,
2647 3270 2736 3338 qni
2761 3268 2826 3323 ad
2864 3269 2957 3323 Dei
2988 3269 3170 3324 laudes
3196 3270 3423 3325 fundunt
3464 3269 3735 3339 sanguinem
3764 3265 3853 3318 alie-

2367 3375 2519 3424 nntn,
2546 3370 2603 3413 nt
2628 3375 2721 3412 vos
2748 3370 2961 3429 propter
2996 3359 3270 3415 hominum
3316 3362 3557 3415 invidiam
3581 3358 3775 3415 collocas
3795 3370 3852 3410 ve-

2366 3451 2509 3513 stris,
2533 3458 2691 3519 atqne
2716 3450 2971 3504 discursis
2999 3451 3319 3519 promittatis
3347 3453 3547 3522 przedas
3570 3449 3657 3513 eis,
3679 3465 3701 3500 a
3722 3446 3853 3517 quibus

2366 3542 2554 3595 ablata:
2585 3552 2726 3606 sunt,
2757 3542 3078 3597 reddituros.
3115 3542 3223 3597 Nec
3258 3553 3435 3598 tamen
3462 3554 3514 3598 ct
3539 3543 3629 3596 boc
3652 3540 3797 3598 velitis,
3818 3543 3854 3589 ut

2366 3634 2585 3689 valeatis
2612 3634 2853 3702 implere,
2878 3649 2945 3687 ne
2969 3635 3176 3687 illorum
3203 3634 3503 3697 audaciam,
3534 3648 3674 3704 quam
3695 3629 3769 3683 sibi
3793 3642 3854 3698 pn-

2368 3724 2608 3780 taveruiit
2632 3727 2792 3780 vestri
2821 3726 3115 3795 presbyteri
3144 3728 3496 3781 necessariam
3534 3724 3723 3779 nimium
3746 3732 3855 3787 enga-

2346 3819 2495 3873 ‘rnini
2522 3817 2810 3873 offendere.
2838 3817 3047 3871 lactant
3091 3818 3230 3872 enim
3279 3815 3620 3887 praecedentia
3650 3814 3761 3868 circa
3796 3822 3856 3859 ws

2368 3910 2556 3965 merita
2607 3923 2701 3963 sua
2727 3949 2741 3971 ,
2781 3908 3244 3971 denumstrautes,
3294 3918 3349 3962 et
3396 3914 3737 3961 enumerantes
3776 3906 3856 3952 ante

2368 4003 2520 4057 istaut
2554 4000 2744 4071 legem,
2777 4016 2876 4069 qua
2902 3999 3141 4069 gaudetis
3166 3999 3317 4054 Vobis
3348 3998 3599 4053 redditam
3637 3996 3857 4049 libertatem

2372 4092 2469 4164 (ιι),
2499 4091 2640 4163 quod
2687 4093 2800 4145 loca
2839 4099 2893 4145 et
2937 4090 3177 4143 ba~ilicas
3219 4104 3314 4159 per
3347 4104 3440 4144 eos
3467 4083 3730 4159 presbyteri
3750 4077 3856 4137 vestri

2369 4184 2584 4237 vastatis
2625 4190 2820 4236 nostris
2865 4181 3158 4251 fugatisque
3199 4190 3519 4244 tenuerunt,
3559 4191 3609 4233 ut
3650 4176 3689 4232 si
3727 4174 3767 4228 in
3798 4182 3859 4225 eos

2368 4276 2641 4332 volueritis
2664 4291 2782 4331 esse
2804 4274 2997 4339 severi,
3029 4272 3297 4328 beneficiis
3324 4288 3506 4329 eorum
3534 4265 3785 4341 appareatis
3804 4261 3857 4315 in-

2366 4370 2523 4441 grati.

2440 4461 2526 4515 l9.
2556 4459 2775 4529 Fugitur
2802 4459 2993 4522 unitas,
3026 4466 3081 4513 ut
3121 4460 3443 4531 quicumque
3478 4455 3610 4529 apud
3653 4466 3734 4509 nos
3765 4448 3860 4504 ferre

2367 4550 2777 4605 detrectaverint
2794 4549 3142 4618 disciplinam,
3157 4548 3223 4604 ad
3244 4550 3364 4604 illos
3388 4551 3583 4620 fugiant
3598 4534 3859 4601 defendendi,

2370 4651 2430 4696 ut
2457 4640 2605 4695 vobis
2644 4638 2933 4694 offerantur
2976 4640 3355 4710 rebaptizandi.
3386 4638 3534 4694 Sicut
3571 4637 3661 4690 iste
3693 4631 3747 4685 dc
3775 4638 3861 4695 ³8το
3944 4694 3945 4721 1

2434 4756 2451 4789 ι
2486 4759 2618 4811 tom,
2637 4750 2988 4804 ridentisstmzs.

2432 4816 2504 4880 (a)
2534 4802 2745 4865 uncus.
2761 4814 3012 4880 _[)0tt_a'.is.is
3023 4810 3307 4880 jampridem
3321 4808 3669 4880 reddit.anth
3686 4802 3863 4880 ηεξ·

2368 4856 2512 4943 1ίαῖῧῖ
2518 4856 2905 4943 6ἧῖἔὲτὶξᾷτέἀῖ
2911 4856 3012 4938 liii
3023 4856 3223 4943 mea
3229 4856 3319 4943 ιὲιῖὲ
3325 4856 3713 4943 ίίῖιῖῇὶίξιῖίοδιςῖ
3728 4856 3861 4943 ξιξ,ίέ

2368 4922 3087 4993 gaesa";missusa-gem
3098 4922 3270 5000 causa
3291 4922 3342 4983 et
3376 4922 3606 4989 iuﬁnicus,
3625 4922 3863 5000 giliitljfﬂ;

2376 4984 2705 5051 Susiani;
2713 4984 2969 5061 negando
2981 5005 3032 5046 et
3049 4996 3225 5054 Pontio,
3242 4984 3793 5061 libertatemperdili—dltiﬁl
3802 4984 3863 5061 “
3944 5018 3945 5049 1

2377 5083 2400 5110 α
2419 5064 2583 5113 Donati
2618 5061 2752 5109 dedit
2769 5060 2801 5117 ;’
2817 5060 3030 5121 denique
3065 5066 3179 5107 tunc
3210 5060 3418 5121 reddidit
3435 5060 3736 5121 basilicasle

2376 5102 2400 5171 ε
2419 5102 2609 5187 ξιῑειῑῑίο
2621 5102 3342 5187 agragianas;egens
3354 5102 3518 5187 nisu.
3538 5107 3773 5187 uitatusig
3780 5102 3865 5187 13:53

2368 5186 2400 5235 2
2421 5178 2482 5234 ;’‹‹
2499 5184 2688 5239 Eadem,
2708 5178 2877 5245 inquit,
2891 5195 3016 5245 voce
3037 5180 3170 5229 vobis
3185 5178 3383 5245 libertas
3405 5185 3480 5228 est
3496 5178 3684 5245 reddita.

2377 5224 3054 5325 ξέαδῇῑιῖίιῖίνξιῖῖεῑιέἒξ.ἰῐιὲἐει’
3070 5224 3555 5325 sesesese
3584 5224 3728 5325 θεοδὲἱι
3742 5224 3865 5325 Ἥ

2369 5282 3649 5373 amatura:animum,latissimae
3676 5282 3871 5373 £31331
3944 5322 3945 5373 ;

2370 5354 2611 5433 Midea
2624 5354 2820 5417 circiter
2838 5365 2982 5415 liuent
2999 5366 3107 5414 anni
3128 5364 3236 5423 409,
3255 5364 3418 5434 datum
3436 5370 3509 5413 est
3527 5354 3586 5410 ab
3606 5354 3785 5430 ,Βοωῆο
3810 5354 3871 5404 l‘“

2372 5430 2620 5455 πηιηιιοιςο
2643 5430 2848 5455 muni...“
2897 5441 2993 5455 mm
3010 5425 3189 5455 Mittam
3210 5424 3402 5455 amt-alue
3458 5442 3477 5455 .
3497 5431 3547 5455 ιιι
3584 5419 3719 5455 Imm
3746 5402 3867 5455 ῗοιυίὶο

2371 5419 2624 5480 bouausus
2642 5430 2877 5486 edictum,
2896 5441 2993 5490 quo
3009 5419 3433 5490 scilicetindulsit,
3458 5442 3480 5469 ι
3497 5431 3550 5473 ιιι
3584 5419 3719 5490 linere
3740 5419 3810 5490 ,νὲ

2378 5469 2851 5569 ἕῖεῖὲῖιίὶῖεῖάἰέιῖῶ
2858 5469 3236 5569 Weiss???
3257 5469 3869 5569 esirérern‘ﬁisiﬁtlii‘ll’

2372 5540 2640 5603 inconcilio
2656 5551 2937 5613 carthagine
2957 5549 3118 5613 habito
3131 5547 3317 5613 Mjunii
3331 5580 3348 5605 ,
3367 5540 3445 5595 an.
3464 5540 3579 5603 sio;
3597 5540 3854 5613 exneuittfffg

2371 5595 3037 5678 ἕίίᾗᾉξὰῖἑιὸὶῖὲζῗςὸἱιί
3054 5595 3868 5678 eumdeminiperatorétpf

2372 5719 2693 5813 iéﬁ’ﬁi‘iii'uq
2709 5719 2923 5813 edictum:
2935 5719 3268 5813 rescinderet;
3287 5719 3413 5813 quod
3434 5719 3874 5813 [nauli

2375 5806 2573 5858 aptaret
2599 5810 2657 5845 ex
2682 5794 2793 5856 lege
2812 5796 2868 5858 ad
2890 5793 3217 5858 lteracliauum
3238 5796 3284 5843 in
3304 5793 3452 5840 Amica
3486 5795 3720 5838 ωιιιιιεωο

2375 5856 2564 5921 augusti
2582 5893 2596 5919 ,
2615 5870 2740 5906 anno
2759 5856 2932 5907 eodem
2954 5856 3045 5904 410

3001 5072 3030 5107 e
3065 5066 3179 5107 tunc
3210 5050 3418 5105 reddidit
3435 5050 3643 5103 basilicas
3657 5050 3863 5113 harenae,
3944 5094 3945 5113 η

3614 5175 3684 5229 ita,
3699 5170 3865 5231 qua???
3944 5190 3945 5213 ι
