3990 6384
112 361 193 424 lli
1286 350 1764 417 EPISTOLARUM
1800 354 2075 417 CLASSIS
2111 359 2176 417 11.

116 480 434 539 subdiaconus
459 466 846 537 Rusticianus‘,
862 469 1013 543 cujus
1031 486 1193 529 causa
1225 472 1341 530 haec
1368 475 1434 530 ad
1462 485 1512 531 te
1528 480 1661 532 scri-

118 577 218 631 bere
242 588 421 639 magno
441 586 555 624 sum
583 568 770 625 dolore
793 583 858 624 ac
884 569 1073 623 timore
1093 569 1422 637 compulsus,
1444 579 1659 639 propter

115 666 334 736 repntbos
356 674 408 718 et
436 677 713 734 perversos
757 675 931 716 mores
955 660 1447 717 excommunicatus
1474 678 1501 714 a
1538 678 1659 732 pre-

117 758 297 828 sbytero
320 770 434 819 suo,
466 756 750 809 multorum
790 754 949 808 etiam
1000 754 1052 807 in
1088 752 1175 807 illa
1212 754 1430 823 regione
1450 753 1659 808 debitor

117 851 274 911 lactus,
308 857 358 900 ct
403 856 585 899 contra
626 845 1043 900 ecclesiasticum
1083 845 1343 913 vigorem,
1376 857 1439 900 ct'
1472 853 1658 901 contra

114 940 364 996 creditores
387 952 529 1000 suos,
553 936 695 989 aliud
726 935 1026 1004 pra-sidiam
1051 951 1158 989 non
1186 937 1449 1005 quaesivit,
1483 937 1583 991 nisi
1602 947 1659 992 ut

114 1033 189 1085 abs
212 1040 255 1085 te
282 1031 461 1083 iterum
490 1028 819 1097 plagaretur,
852 1036 904 1081 et
928 1026 998 1079 ab
1025 1025 1157 1096 ipsis
1183 1025 1335 1095 quasi
1367 1026 1659 1080 mundissi-

116 1140 210 1181 mus
237 1122 547 1180 attulretur’.
578 1121 696 1175 .lam
745 1121 901 1175 talem
955 1119 1235 1173 diaconum
1288 1129 1561 1181 nostrum,
1605 1127 1662 1174 et

117 1221 252 1287 ipsum
267 1231 293 1268 a
313 1231 407 1268 suo
425 1212 736 1283 presbytero
751 1210 1287 1271 exeommuuicatum,
1309 1208 1563 1264 decessor
1581 1208 1655 1282 (a)

118 1318 209 1363 tuus
230 1301 579 1373 rebaptizavit.
607 1310 663 1356 et
685 1310 922 1355 vestrum
949 1299 1232 1354 diaconum
1261 1299 1404 1365 fecit,
1434 1299 1524 1369 qui
1552 1314 1660 1353 non

118 1408 210 1469 post
226 1396 407 1450 multos
428 1395 563 1457 dies,
587 1391 897 1447 eorumdem
932 1390 1256 1461 perditorum
1286 1391 1423 1444 sicut
1450 1389 1661 1445 deside-

116 1490 223 1545 rarit
244 1487 547 1542 commixtus
572 1482 832 1549 audaciae,
850 1491 905 1537 et
926 1482 976 1535 in
1010 1491 1271 1535 nocturna
1294 1481 1657 1550 aggressione,

114 1580 155 1634 in
178 1578 327 1631 medio
369 1572 647 1628 latrocinio
695 1581 855 1641 atque
908 1571 1154 1626 inccndio
1180 1585 1298 1632 suo,
1336 1569 1659 1624 subvenieno

116 1672 167 1727 tis
186 1666 514 1724 multitudinis
540 1680 826 1729 concursu,
850 1672 1163 1734 peremptus
1189 1672 1289 1717 est.
1315 1662 1376 1716 lli
1401 1671 1524 1716 sunt
1544 1661 1656 1716 fru-

113 1772 206 1819 ctus
227 1760 484 1814 divisionis
515 1757 676 1826 lmjus
699 1771 857 1826 quam
886 1770 1077 1809 sanare
1105 1770 1209 1808 non
1242 1754 1419 1819 vultis,
1469 1754 1545 1808 sic
1570 1752 1659 1807 l'u-

113 1854 269 1926 gieudo
293 1851 565 1915 unitatem,
596 1847 1045 1920 quemadmodum
1093 1846 1266 1902 fuerat
1313 1848 1425 1916 ipsa
1470 1846 1662 1902 divisio

112 1943 347 2015 fugienda;
376 1957 493 2011 qum
533 1956 628 2011 per
670 1940 900 2010 seipsam
945 1937 1083 1993 {teda
1133 1948 1236 2002 est,
1267 1949 1320 1993 et
1345 1938 1661 1996 damnabilis

112 2035 216 2096 Deo,
240 2036 329 2089 etsi
354 2042 576 2103 propter
612 2031 781 2100 ipsam
818 2029 933 2084 lucc
972 2040 1025 2085 ct
1059 2030 1158 2084 alia
1188 2040 1291 2084 tam
1319 2028 1581 2099 horrenda
1605 2038 1661 2084 et

113 2127 300 2183 nefanda
330 2142 433 2180 non
457 2127 665 2180 lierent.

168 2216 367 2273 CAl’U'l‘
390 2215 561 2270 V'll.—
577 2214 666 2269 20.
694 2217 1057 2284 Agnoscamns
1083 2228 1230 2283 ergo,
1265 2213 1443 2280 frater,
1476 2228 1661 2283 pacem

114 2312 290 2373 Christi,
312 2311 611 2381 pariterque
639 2317 935 2368 teneamus.
962 2315 1018 2363 et
1034 2318 1286 2378 quantum
1321 2307 1457 2361 Deus
1477 2307 1659 2371 donat,

114 2408 241 2462 simul
265 2405 379 2461 boin
407 2418 528 2459 esSe
554 2401 883 2462 stmleanms,
905 2410 959 2455 ct
988 2399 1143 2453 simul
1172 2401 1339 2452 malos
1368 2400 1509 2453 salva
1544 2400 1659 2453 titti-

116 2510 218 2563 tate,
264 2505 446 2567 quanta
499 2508 783 2564 possmnus
835 2490 1114 2561 disciplina
1169 2489 1548 2569 cmendcmus,
1608 2498 1665 2544 et

113 2602 296 2661 prepter
329 2590 491 2659 ipsam
537 2584 814 2650 unitatem,
840 2592 1034 2654 quanta
1083 2597 1365 2651 possumus
1410 2581 1662 2651 patientia

114 2686 397 2741 toleremus:
424 2696 512 2744 ne,
541 2678 681 2733 sicut
722 2675 965 2730 Christus
1007 2674 1302 2739 admonuit,
1345 2689 1467 2728 cum
1514 2673 1663 2726 volu-

113 2790 217 2829 mus
250 2782 359 2827 ante
399 2783 609 2841 tempus
646 2768 896 2838 colligere
944 2765 1162 2851 zizania,
1193 2781 1310 2835 qme
1348 2765 1531 2819 beatus
1554 2763 1661 2835 Cy-

113 2866 301 2935 prianus
327 2878 422 2917 non
448 2872 617 2925 extra,
659 2859 750 2914 sed
775 2860 824 2912 iu
858 2857 1097 2912 Ecclesia
1121 2856 1285 2910 videri
1312 2856 1563 2926 cernique
1586 2864 1666 2910 te-

115 2967 255 3011 status
280 2964 375 3017 est,
405 2954 739 3009 eradieemus
762 2949 918 3005 simul
949 2958 1002 3004 et
1031 2949 1281 3003 triticum.
1312 2947 1495 3019 Neque
1520 2949 1662 3003 enim

116 3065 266 3104 revera
301 3064 391 3101 vos
415 3046 623 3102 habetis
655 3046 864 3115 propria
891 3041 1132 3113 quaedam
1166 3041 1437 3113 privilegia
1468 3042 1665 3097 sancti-

116 3143 231 3205 tatis,
255 3149 303 3193 ut
332 3155 430 3193 nos
460 3138 703 3209 polluant
731 3136 852 3190 mali
886 3135 1074 3197 nostri,
1102 3144 1157 3189 et
1178 3148 1272 3187 vos
1299 3150 1401 3187 non
1427 3133 1664 3203 polluant

116 3232 212 3285 mali
236 3231 419 3295 vestri;
449 3243 506 3285 ut
547 3243 645 3283 nos
680 3228 895 3296 antiqua
925 3226 1271 3289 contaminet,
1304 3240 1461 3295 quam
1492 3225 1665 3279 nesci-

117 3337 227 3388 mus,
272 3321 522 3376 timiditas
570 3319 905 3382 traditormn,
943 3327 997 3371 ct
1040 3332 1135 3371 vos
1179 3333 1282 3370 non
1339 3317 1665 3372 contaminet

117 3428 335 3484 pauens,
360 3428 515 3482 quam
537 3409 749 3475 videtis,
776 3407 992 3462 audacia
1024 3407 1366 3476 perditorum.
1392 3407 1663 3478 Agnosca-

118 3521 211 3560 mus
234 3520 404 3560 arcam
436 3505 578 3558 illam
607 3518 726 3573 qua:
769 3500 1123 3571 prmliguravit
1158 3499 1449 3553 Ecclesiam
1471 3517 1482 3551 :
1506 3498 1665 3553 simul

118 3595 202 3651 illic
220 3597 403 3651 munda
424 3594 672 3650 animalia
698 3594 893 3657 simus;
930 3606 1028 3646 nec
1054 3592 1105 3644 in
1127 3606 1187 3644 ea
1212 3590 1483 3644 nobiscum
1505 3589 1665 3645 etiam

118 3687 353 3743 immunda
385 3686 582 3758 portari
614 3700 781 3754 usque
809 3684 859 3737 in
908 3683 1066 3736 linem
1111 3681 1292 3735 diluvii
1338 3696 1663 3759 recusantis.

118 3779 257 3834 Simul
284 3782 334 3835 in
361 3794 480 3834 arca
514 3777 744 3841 fuerunt,
775 3772 867 3829 sed
892 3788 995 3827 non
1013 3772 1170 3826 simul
1201 3771 1421 3826 Domino
1448 3770 1500 3825 in
1531 3772 1667 3827 odo-

118 3887 208 3925 rem
231 3871 463 3926 sacriﬁcii
488 3870 556 3923 de
579 3866 864 3922 immundis
890 3862 1207 3918 obtulitNoe
1234 3860 1382 3933 (Gen.
1409 3877 1500 3926 vn,
1526 3863 1662 3931 vni).

119 3964 207 4020 Nec
231 3966 342 4021 ideo
369 3975 543 4019 tamen
565 3978 595 4016 a
626 3960 835 4015 mundis
861 3959 1125 4029 aliquibus
1154 3972 1276 4012 arca
1303 3967 1427 4011 ante
1459 3966 1668 4027 tempus

120 4067 305 4127 propter
346 4052 613 4109 iunnunda
650 4051 860 4106 deserta
892 4056 993 4103 est.
1024 4046 1227 4102 Corvus
1268 4055 1469 4101 tantum
1507 4046 1667 4101 dese-

123 4147 224 4210 ruit,
250 4157 299 4202 et
324 4162 380 4201 se
419 4158 543 4199 ante
587 4152 795 4211 tempus
833 4138 900 4193 ab
945 4138 1085 4192 illius
1126 4151 1265 4191 arca:
1292 4134 1671 4189 communione

122 4240 381 4306 separavit;
409 4237 503 4291 sed
546 4235 613 4290 de
658 4233 798 4287 binis
842 4228 1150 4293 immundis,
1186 4246 1288 4283 non
1327 4227 1396 4282 de
1435 4228 1669 4295 septenis

124 4330 303 4385 mundis
327 4330 456 4385 luit:
487 4327 641 4397 hujus
684 4322 1035 4395 separatiunis
1081 4317 1469 4374 itnmunditiam
1522 4316 1671 4372 dete-

126 4430 310 4475 stenmr.
334 4420 461 4476 Nam
492 4419 814 4489 quicumque
857 4412 1051 4467 talibus
1095 4410 1331 4464 moribus
1382 4406 1671 4463 laudabiles

130 4514 380 4579 sunt,l.ueit
419 4528 518 4568 eos
563 4509 676 4564 sola
713 4506 979 4577 separatio
1022 4504 1118 4558 ista
1158 4500 1486 4557 damnabiles
1511 4515 1524 4552 :
1548 4499 1671 4569 quia

133 4603 243 4660 [ilius
268 4606 426 4660 malus
450 4606 567 4674 ipse
595 4616 652 4656 se
672 4600 873 4669 justum
903 4595 1049 4659 dicit,
1080 4594 1278 4648 exitum
1304 4600 1481 4645 autem
1513 4605 1670 4644 suum

132 4711 215 4750 non
234 4697 420 4760 abluit;
456 4692 697 4765 quamvis
726 4690 1015 4743 insolenter
1045 4686 1213 4739 elatus
1247 4692 1299 4736 et
1325 4682 1436 4751 ipse
1465 4696 1562 4734 suo
1591 4688 1675 4733 tu-

132 4802 253 4843 more
269 4797 489 4843 matus
504 4785 697 4839 audeat
712 4782 908 4842 dicere,
933 4776 1073 4848 quod
1095 4773 1353 4843 Propheta
1378 4770 1674 4841 priet-idene.

132 4881 384 4936 detestatus
398 4889 513 4937 est:
541 4875 668 4931 Noli
688 4891 764 4928 me
781 4882 1006 4943 tangere.
1024 4868 1262 4938 quoniam
1288 4863 1502 4917 mundus
1540 4877 1669 4915 sum.

133 4969 260 5042 (lini.
278 4970 456 5044 m,5)
472 4966 723 5037 Quisquis
751 4979 879 5035 ergo
904 4969 1027 5015 ante
1058 4970 1263 5026 tempus
1291 4955 1433 5007 velut
1461 4961 1677 5021 prapter

135 5065 439 5131 attat-nautam
453 5058 863 5118 immunditiam,
878 5049 1339 5123 congregationem
1359 5045 1513 5115 hujus
1525 5044 1680 5098 dese-

138 5153 193 5207 rit
216 5155 427 5223 unitatis,
456 5162 704 5223 tanquam
744 5161 919 5201 arcatn
953 5144 1004 5198 in
1030 5140 1250 5203 diluvio,
1290 5137 1483 5193 nmnda
1519 5146 1679 5205 atque

141 5242 368 5303 immunda
414 5254 731 5317 portantem,
749 5236 978 5295 ostendit
1001 5249 1059 5290 se
1084 5233 1259 5304 potius
1280 5230 1381 5283 hoc
1406 5243 1523 5284 esse
1539 5226 1679 5297 quod

143 5334 271 5409 fugit.
292 5339 399 5396 lloc
421 5338 589 5393 voluit.
616 5332 888 5395 Dominus,
921 5336 978 5383 ut
1004 5336 1058 5382 et
1087 5326 1138 5380 in
1167 5323 1266 5378 bac
1292 5320 1506 5376 civitate
1531 5317 1681 5389 plebs

146 5436 221 5483 tua
243 5444 323 5499 per
339 5447 398 5485 os
419 5427 810 5498 cujusdam.....

197 5518 219 5613 ἶ
1033 5579 1100 5647 ηρ
1122 5559 1682 5647 eteeaerltineeriz

148 5623 721 5713 atramenta»?
734 5623 881 5713 vim
1021 5623 1684 5713 eaeaeae-5.2m

149 5697 292 5767 Feriis.
310 5706 375 5757 uti
392 5716 447 5755 au
469 5708 591 5756 hanc
611 5700 864 5767 epistolam
886 5697 1200 5747 observamus
1237 5697 1285 5741 in
1318 5697 1597 5752 “(elatione
1632 5699 1684 5735 tn

148 5760 451 5819 humatum.

202 5824 267 5893 (α)
284 5829 613 5885 "Mucianus.

3249 374 3353 438 “8

1769 477 1932 541 (vacat
1951 481 2159 542 spatium
2189 492 2323 553 xsvn
2357 491 2588 553 versuum
2626 482 2676 553 in
2699 488 2779 553 Ms.
2806 485 3074 553 exemplari
3102 491 3352 553 Vaticano.

2155 543 2285 592 unde
2310 552 2450 593 eruta
2475 554 2551 593 est
2574 544 2776 607 epistola
2796 550 2953 611 cvm).

2255 648 2581 705 EPISTULA
2622 650 2781 705 ClX.‘
2813 653 2887 725 (a)

1770 754 2007 821 Severus,
2040 755 2362 813 Milevitanus
2405 762 2640 826 antistes,
2672 766 2945 820 maximam
2980 768 3357 828 delectationem

1839 848 2157 919 fructumque
2175 866 2237 905 ex
2264 851 2530 922 Augustini
2561 853 2774 909 lectione
2793 872 2974 926 capere
2992 876 3046 913 se
3072 864 3353 931 profitetur,

1837 940 2045 992 summis
2060 940 2293 995 laudibus
2312 943 2479 1010 ipsum
2508 942 2741 1011 eﬂ'crens,
2770 962 2830 1000 ac
2850 947 3050 1003 demum
3079 968 3358 1021 provocans

1837 1031 1906 1083 ad
1935 1031 2329 1087 rescribendum.

1767 1121 2066 1179 Venerabili
2094 1142 2155 1181 ac
2194 1126 2533 1184 desiderabili
2562 1139 2614 1184 et
2644 1140 2753 1185 toto
2790 1133 2907 1187 sinu
2939 1135 3216 1191 cbaritatis
3240 1153 3357 1193 am-

1966 1218 2243 1286 plectando
2271 1221 2521 1290 episeopo
2549 1227 2872 1287 Accusrmo.
2897 1224 3156 1281 SEVEBUS.

1840 1308 1890 1361 1.
1922 1305 2032 1361 Deo
2058 1310 2280 1379 gratias,
2311 1314 2470 1381 frater
2508 1314 2818 1382 Augustine,
2865 1317 3010 1385 cujus
3050 1319 3237 1373 donum
3287 1332 3359 1375 est

1766 1398 2010 1467 quidquid
2040 1399 2091 1453 in
2122 1399 2262 1455 nobis
2286 1401 2529 1456 bonorum
2549 1406 2851 1474 gaudiorum
2874 1418 2966 1461 est.
3000 1407 3208 1477 Fateor,
3237 1411 3360 1468 bene

1767 1488 1894 1540 mihi
1919 1499 2080 1541 tecum
2111 1499 2179 1544 est
2194 1505 2214 1553 ;
2242 1493 2455 1544 multum
2487 1502 2533 1546 te
2563 1494 2672 1565 lego
2698 1510 2716 1549 :
2739 1496 2919 1549 mimm
2948 1498 3134 1560 dicam,
3162 1501 3250 1554 sed
3274 1517 3358 1556 ve-

1768 1594 1880 1632 rum
1912 1579 2079 1649 plane,
2113 1597 2260 1650 quam
2294 1582 2416 1635 milii
2442 1583 2617 1638 absens
2647 1586 2773 1638 solet
2802 1602 2909 1641 esse
2938 1590 3228 1657 prtesentia,
3257 1601 3361 1645 tam

1768 1688 1989 1743 prwsens
2012 1677 2147 1746 facta
2178 1687 2251 1729 est
2277 1676 2499 1731 absentia
2530 1681 2621 1732 tui.
2654 1679 2827 1734 Nulla:
2866 1699 2919 1735 se
2958 1684 3098 1737 nobis
3137 1685 3359 1754 ἰητῆρο-

1769 1773 1894 1817 nunt
1920 1766 2219 1820 turbulenta:
2240 1770 2460 1822 actiones
2482 1773 2835 1840 temporalium
2862 1790 3048 1827 rerum.
3075 1775 3183 1845 Ago
3201 1792 3362 1845 quan-

1771 1866 1874 1908 tunt
1917 1874 2140 1926 possunt,
2174 1861 2264 1913 etsi
2303 1878 2403 1913 non
2450 1871 2643 1915 tantum
2690 1880 2894 1931 possunt
2941 1876 3184 1935 quantum
3213 1866 3364 1923 volo:

1768 1948 1891 2015 quid
1914 1964 2004 2018 ego
2025 1949 2212 2014 dicam,
2241 1962 2482 2020 quantum
2509 1955 2659 2008 volo?
2682 1953 2831 2009 Nosti
2856 1958 3044 2026 Optime
3066 1974 3219 2027 quant
3243 1975 3364 2012 ava-

1768 2057 1858 2094 rus
1877 2042 1970 2095 sim
2000 2043 2074 2094 tui
2097 2058 2115 2095 :
2137 2060 2224 2097 nec
2254 2054 2418 2099 tamen
2450 2064 2729 2112 murmuro,
2760 2050 2877 2119 quia
2908 2065 3007 2102 non
3040 2059 3235 2103 tantum
3263 2067 3362 2120 ago

1769 2142 2008 2199 quantum
2037 2132 2167 2200 volo,
2199 2136 2434 2204 quoniam
2464 2154 2637 2191 rursus
2668 2155 2768 2192 non
2799 2139 2964 2193 minus
2995 2156 3091 2211 ago
3119 2153 3362 2211 quantum

1772 2240 1995 2292 possum.
2031 2224 2133 2278 Deo
2170 2242 2287 2296 ergo
2324 2229 2535 2298 gratias,
2568 2230 2726 2297 frater
2754 2231 3061 2296 dulcissime,
3091 2233 3213 2289 bene
3240 2236 3363 2289 mihi

1770 2323 1929 2368 tecum
1943 2326 2034 2378 est,
2061 2318 2256 2386 gaudeo
2282 2328 2443 2372 tecum
2465 2322 2651 2375 arctius
2669 2324 2969 2392 conjunctus
2993 2342 3009 2387 ,'
3036 2336 3084 2379 et
3111 2338 3162 2379 ut
3188 2328 3259 2380 ita
3279 2327 3362 2380 di-

1770 2423 1901 2466 cam,
1933 2408 2171 2468 unissime
2190 2418 2427 2478 quantum
2457 2421 2612 2481 potest
2642 2412 2906 2466 adluvreus
2935 2415 3041 2481 tibi,
3067 2416 3362 2470 redundan-

1770 2497 1893 2549 timn
1911 2496 2113 2550 uberum
2142 2508 2340 2552 tuorum
2369 2502 2649 2572 suscipiens
2671 2503 2797 2557 vires
2821 2522 3078 2575 comparo,
3105 2508 3151 2560 si
3175 2509 3365 2576 possim

1771 2587 1982 2641 idoneus
2019 2590 2144 2659 effici
2172 2591 2238 2643 ad
2261 2606 2319 2644 ea
2345 2595 2673 2647 concutienda
2698 2606 2743 2648 ct
2765 2599 3112 2665 exprimenda,
3142 2610 3191 2652 ut
3211 2602 3362 2670 quid-

1769 2680 1893 2750 quid
1914 2683 2149 2736 secretius
2169 2694 2213 2734 et
2230 2683 2455 2747 interius,
2471 2686 2698 2738 clausum
2718 2690 3008 2741 custodiunt
3033 2691 3235 2743 remotis
3256 2693 3366 2762 pel-

1771 2771 1903 2824 libus
1936 2788 2061 2841 quas
2090 2773 2257 2825 adhuc
2285 2775 2486 2828 lactenti
2508 2777 2761 2846 sugendas
2791 2779 3045 2845 inserunt,
3088 2782 3199 2851 ipsa
3238 2784 3363 2838 mihi

1770 2862 1962 2915 viscera
1987 2863 2031 2915 si
2055 2864 2291 2935 possibile
2318 2877 2408 2931 est,
2439 2868 2705 2937 dignentur
2725 2868 3001 2935 e/fundere.
3035 2869 3259 2939 Viscera,
3282 2875 3363 2929 in-

1771 2968 1950 3022 quam,
1975 2955 2100 3007 milii
2142 2966 2197 3008 ut
2228 2959 2563 3028 refundantur
2602 2959 2748 3028 cupio
2770 2975 2788 3013 :
2812 2960 3000 3013 viscera
3038 2972 3144 3027 tua,
3173 2964 3365 3019 viscera

1770 3048 1981 3118 pinguia
2008 3048 2185 3119 sagina
2214 3050 2421 3114 caelesti,
2447 3060 2492 3103 ct
2519 3052 2719 3104 condita
2744 3053 2878 3105 onmi
2919 3053 3184 3108 dulcedine
3209 3056 3364 3126 spiri-

1773 3141 1937 3205 tuali;
1967 3141 2153 3193 viscera
2184 3152 2291 3202 tua,
2320 3142 2507 3196 viscera
2534 3160 2683 3212 pura,
2724 3145 2912 3198 viscera
2955 3147 3225 3216 simplicia,
3268 3148 3364 3202 nisi

1770 3230 1909 3299 quod
1933 3230 2123 3300 duplici
2155 3243 2270 3285 sunt
2310 3234 2508 3287 vinculo
2549 3235 2779 3288 redimita
2820 3238 3032 3305 gemina:
3071 3238 3364 3305 cbaritatis;

1773 3322 1960 3374 viscera
1987 3331 2094 3388 tua,
2120 3323 2304 3376 viscera
2331 3324 2535 3394 perfusa
2562 3325 2749 3380 lumine
2769 3329 3008 3388 veritatis.
3039 3340 3084 3382 et
3110 3330 3363 3402 refulgen-

1772 3411 1847 3465 tia
1874 3414 2147 3467 veritatem.
2181 3414 2376 3469 Horum
2402 3433 2482 3469 me
2502 3419 2779 3471 manationi
2805 3421 2880 3474 vel
2905 3422 3223 3476 rcsultationi
3248 3422 3365 3477 sub-

1762 3506 1914 3576 jicio,
1942 3524 2040 3577 quo
2070 3525 2173 3562 no.1:
2199 3526 2306 3562 mea
2336 3509 2387 3563 in
2415 3510 2604 3564 lumine
2642 3522 2727 3565 tuo
2764 3512 2965 3582 deﬁciat
2990 3554 3002 3575 ,
3050 3524 3102 3566 ut
3137 3515 3189 3568 in
3232 3516 3362 3569 diei‘

1774 3598 2003 3653 claritate
2045 3599 2197 3653 simul
2234 3601 2493 3654 ambulare
2531 3603 2800 3672 possimus.
2850 3605 2894 3656 0
2939 3620 3048 3659 vere
3088 3607 3366 3672 artificiosa

1773 3691 1887 3760 apis
1925 3689 2041 3756 Dei,
2070 3702 2358 3746 construens
2396 3696 2537 3763 favos
2579 3694 2733 3748 divini
2776 3697 2989 3750 nectaris
3031 3695 3224 3765 plenos,
3256 3715 3363 3752 ma-
3454 3690 3457 3693 λ

1776 3792 1953 3835 nantes
1990 3784 2382 3837 misericordiam
2421 3794 2466 3837 et
2505 3786 2775 3849 veritatem,
2812 3802 2900 3856 per
2927 3803 3050 3855 quos
3081 3789 3367 3844 discurrens

1776 3872 2043 3927 deliciatur
2066 3876 2237 3927 anima
2262 3892 2391 3940 mea,
2421 3885 2468 3928 et
2500 3875 2638 3929 vitali
2664 3886 2808 3944 pastu
2832 3877 3074 3948 quidquid
3098 3880 3148 3931 in
3177 3896 3230 3932 se
3256 3880 3363 3933 mi-

1776 3981 1872 4018 nus
1902 3966 2105 4029 int-cuit,
2130 3976 2216 4019 aut
2242 3966 2545 4019 imbecillum
2568 3967 2735 4031 sentit,
2760 3970 3002 4021 resarcire
3027 3979 3071 4021 et
3102 3968 3368 4035 suffulcire

1778 4057 2001 4109 molitur.

1846 4145 1900 4199 2.
1920 4145 2239 4199 Benedicitur
2260 4145 2510 4200 Dominus
2531 4163 2619 4215 per
2645 4148 2953 4215 prtecouium
2978 4147 3080 4199 oris
3100 4147 3195 4213 tui,
3223 4156 3272 4203 et
3299 4148 3366 4217 fi-

1778 4238 1890 4291 dele
1914 4238 2244 4291 miuistrrium
2265 4254 2283 4291 :
2307 4237 2444 4308 quod
2474 4238 2544 4292 sic
2560 4238 2821 4292 concinere
2843 4250 2888 4291 ct
2911 4239 3211 4308 respondere
3238 4241 3368 4311 facis

1778 4329 1978 4383 canenti
2004 4327 2091 4381 tibi
2120 4326 2340 4383 Domino
2358 4370 2374 4393 ,
2402 4339 2455 4382 ut
2480 4329 2721 4399 quidquid
2740 4330 2801 4382 de
2820 4330 2930 4400 ejus
2964 4329 3275 4397 plenitudine
3299 4330 3367 4384 ad

1779 4437 1871 4475 nos
1905 4437 2061 4491 usque
2085 4421 2363 4486 redundat,
2393 4422 2676 4491 jucundius
2709 4422 2951 4491 efficiatur
2975 4432 3021 4476 et
3052 4424 3252 4491 gratius
3277 4440 3367 4493 per

1780 4523 1922 4566 tuum
1938 4514 2211 4584 elegantem
2237 4513 2561 4584 famulatum,
2581 4523 2629 4567 et
2657 4514 2961 4568 succinctam
2988 4515 3307 4579 munditiam,
3324 4525 3371 4570 et

1779 4608 1931 4676 ﬁdele
1978 4624 2038 4661 ac
2076 4618 2267 4661 castum
2304 4605 2616 4677 simplexque
2652 4607 2981 4661 ministerium
3029 4622 3048 4661 :
3092 4608 3229 4678 quod
3293 4608 3365 4661 ita

1779 4700 2097 4771 resplendere
2124 4701 2251 4770 facis
2282 4715 2369 4767 per
2392 4699 2617 4770 argutias
2651 4708 2763 4752 tuas
2783 4710 2829 4752 et
2865 4699 3176 4766 vigilantiam
3204 4708 3366 4759 tuam,

1782 4801 1837 4844 ut
1859 4794 2158 4862 perstringat
2180 4792 2371 4853 oculos,
2397 4801 2443 4845 et
2468 4792 2517 4843 in
2539 4806 2592 4844 se
2616 4792 2817 4862 rapiat;
2849 4792 2943 4845 nisi
2963 4802 3013 4844 tu
3030 4791 3161 4844 idem
3184 4791 3370 4847 innuas

1783 4882 2081 4948 Dominum,
2109 4894 2163 4936 ut
2188 4882 2433 4953 quidquid
2458 4882 2508 4935 in
2538 4892 2585 4935 te
2610 4882 2899 4935 delectabile
2922 4884 3071 4945 lueet,
3100 4885 3371 4952 referentes

1783 4994 1876 5032 nos
1901 4977 1967 5030 ad
1995 4976 2157 5037 illum,
2186 4976 2348 5045 ipsius
2377 4991 2484 5028 esse
2515 4989 2848 5045 agnoscamus
2887 4972 2949 5026 de
2984 4973 3126 5042 cujus
3153 4975 3318 5027 bonita
3344 4992 3371 5027 e

1784 5081 1887 5124 tam
1914 5070 2072 5123 bonus
2095 5085 2167 5133 es,
2192 5078 2237 5121 et
2263 5067 2325 5121 de
2352 5069 2496 5137 cujus
2524 5069 2738 5139 puritate
2763 5076 2807 5119 et
2833 5064 3151 5134 simplicitate
3170 5083 3230 5121 ac
3256 5069 3371 5137 pul-

1783 5161 2067 5216 chritudine
2106 5178 2283 5231 purus,
2318 5159 2534 5229 simplex
2577 5168 2622 5212 ct
2660 5157 2867 5227 pulcher
2893 5170 3050 5221 cs;et
3076 5159 3150 5212 illi
3172 5170 3373 5229 agentes

1784 5258 1973 5327 gratias
1994 5253 2057 5307 de
2088 5254 2215 5308 bono
2245 5263 2351 5318 tuo,
2383 5253 2515 5304 dono
2539 5266 2632 5304 suo
2660 5250 2928 5320 dignetur’
2952 5268 3043 5305 nos
3070 5252 3155 5305 tibi
3185 5251 3370 5321 adjun-

1849 5392 1866 5424 ί
1904 5398 2009 5440 Mss.
2031 5389 2180 5438 \‘atic.
2204 5394 2425 5450 quatuor,
2457 5382 2560 5436 Dei.

1850 5454 1870 5485 ³
1904 5453 1977 5502 sic
2000 5460 2102 5500 Vss.
2123 5443 2392 5500 sexdecim.
2414 5443 2476 5496 Μ
2513 5446 2622 5509 ωδ.
2648 5445 2873 5509 habent;
2890 5452 2934 5496 et
2955 5443 3030 5495 illi
3048 5448 3235 5508 agentes
3253 5456 3370 5509 gra-

1786 5514 1877 5566 tias
1900 5514 1961 5564 de
1983 5512 2101 5563 bono
2121 5519 2201 5563 tuo
2226 5510 2437 5567 Lomiuo,
2465 5522 2511 5573 q:
2530 5508 2548 5559 i
2570 5510 2696 5560 dono
2714 5522 2800 5560 suo
2821 5506 3045 5572 dignatus
3065 5506 3152 5564 est,
3190 5506 3286 5555 etc.

1850 5600 1869 5617 '
1906 5595 2166 5660 neeognita
2186 5603 2259 5644 est
2276 5594 2335 5660 ad
2359 5607 2405 5642 a.
2427 5595 2510 5656 bg.
2533 5594 2599 5660 Ll.
2620 5594 2702 5641 bn.
2727 5606 2771 5641 c.
2790 5591 2939 5660 ll‘.
2960 5603 3009 5651 g.
3035 5590 3167 5651 gv.j.
3197 5588 3228 5637 l.
3256 5602 3306 5637 n.
3325 5602 3369 5639 r.

1788 5673 1831 5712 s.
1854 5660 1931 5710 sit.
1952 5666 1989 5708 ι.
2011 5654 2086 5707 ὦ.
2112 5658 2190 5706 vd.
2215 5657 2432 5718 quinque
2459 5654 2503 5705 ἦ.
2523 5656 2580 5704 ad
2607 5665 2704 5702 Ant.
2731 5654 2836 5701 uad.
2865 5659 2937 5699 tzr.
2982 5660 3089 5699 Lov.

1788 5740 2069 5856 “5%“25
2083 5739 2142 5789 37
2163 5752 2177 5788 :
2200 5750 2308 5801 qua:
2327 5744 2492 5787 autem
2514 5735 2601 5787 t09
2619 5743 2743 5795 erat,
2764 5746 2889 5784 nunc
2904 5733 2958 5783 21
2970 5734 3012 5783 l.
3041 5734 3222 5799 Scripta
3248 5732 3371 5789 forte

3142 5960 3193 5994 μδ
