3990 6390
643 325 751 386 ηδ

644 444 917 504 celeritate
945 436 1294 511 Evangelium
1334 431 1687 505 prmdicatur,
1732 435 1919 483 etnon
1958 424 2241 481 attetnlnnt

647 545 842 609 quanta
872 532 1225 606 perversitate
1249 526 1625 582 conti-mnitnr.
1651 520 1802 577 Servi
1830 529 2005 574 autem
2030 517 2123 571 Dei
2142 516 2241 571 Im-

649 629 805 684 mites
837 636 895 682 εξ
932 623 1101 682 sancti
1124 664 1138 686 ,
1182 619 1271 691 qui
1311 616 1594 687 dupliciter
1623 614 1758 669 mala
1803 611 2112 680 temporalia
2141 624 2237 679 pa-

648 722 869 784 tittntur,
894 720 1015 790 quia
1035 727 1085 773 et
1112 716 1180 769 ab
1200 713 1328 784 ipsis
1352 709 1549 782 impiis,
1578 702 1767 764 etcum
1788 707 1917 775 ipsis
1941 705 2234 774 patiuntur,

649 811 849 866 habent
895 807 1283 863 consolationes
1329 819 1480 865 snas,
1528 810 1585 856 et
1626 816 1775 871 spem
1829 798 1989 853 futuri
2033 797 2234 862 seculi;

648 904 789 959 unde
824 900 953 955 dicit
994 898 1278 968 ApoStolus
1307 912 1320 948 :
1353 893 1470 947 Non
1513 902 1631 947 sunt
1664 891 1933 961 condigna:
1975 890 2236 956 passiones

647 996 801 1066 lmjas
826 992 1063 1063 temporis
1095 992 1163 1042 ad
1190 991 1412 1060 futuram
1437 986 1685 1057 gloriam,
1715 999 1832 1056 qua:
1855 982 2157 1037 revelabitur
2179 981 2233 1037 in

647 1088 788 1143 nobis
815 1085 986 1157 (Rom.
1024 1099 1139 1147 sm.
1170 1081 1279 1151 18).

716 1181 769 1236 5.
795 1178 1025 1235 Proinde
1048 1220 1064 1240 ,
1103 1175 1447 1239 Ciltlt'l~’5ime,
1492 1172 1651 1227 ctiam
1681 1171 1789 1227 illis
1815 1184 2042 1241 quorum
2075 1167 2233 1225 verba

645 1271 777 1329 dicis
808 1281 859 1325 te
887 1270 1027 1325 ferre
1052 1284 1155 1322 non
1192 1281 1369 1336 posse,
1392 1266 1642 1335 quoniam
1670 1265 1874 1328 dietml,
1903 1263 1959 1317 Si
1988 1277 2085 1317 nos
2111 1276 2237 1332 pec-

644 1373 856 1420 catores
882 1363 978 1415 ista
1003 1360 1312 1420 meruimus,
1338 1371 1502 1426 quare
1527 1363 1581 1409 et
1604 1355 1743 1409 servi
1771 1353 1863 1408 Dei
1887 1353 2232 1408 barbarorum

645 1456 788 1512 ferro
829 1469 1030 1526 parum;
1053 1452 1089 1506 ti
1136 1460 1297 1515 sunt,
1342 1458 1396 1503 et
1433 1448 1643 1502 ancillze
1675 1447 1765 1502 Dei
1806 1447 2033 1515 captivm
2059 1446 2234 1501 ducta:

644 1545 806 1604 sunt?
837 1545 1106 1600 humiliter
1133 1553 1185 1597 et
1224 1540 1486 1595 veraciter
1518 1548 1572 1594 et
1608 1538 1692 1609 pie
1718 1536 1981 1608 responde
2006 1556 2020 1591 :
2050 1536 2233 1606 Quian-

647 1639 888 1695 tamlibct
909 1636 1050 1692 enim
1086 1634 1341 1703 justitiam
1385 1645 1691 1695 servemus,
1722 1628 2107 1699 quantumlibet
2133 1627 2236 1682 Do-

648 1733 793 1787 mino
843 1727 1200 1786 obedientiam
1245 1724 1635 1788 exbibeamus,
1687 1720 1941 1791 numquid
1984 1720 2234 1775 siieliores

646 1837 765 1878 csse
789 1834 1073 1891 possumus
1101 1818 1204 1872 illis
1230 1817 1398 1870 tribus
1430 1815 1575 1875 viris,
1607 1814 1696 1883 qui
1726 1813 1776 1866 iu
1804 1812 2073 1865 caminum
2098 1810 2234 1881 ignis

646 1914 886 1970 ardentis
923 1928 1019 1982 pro
1050 1908 1414 1965 conservanda
1447 1910 1561 1978 lcge
1593 1906 1684 1961 Dei
1727 1903 1950 1975 projecti
1982 1903 2139 1959 sunt?
2169 1903 2235 1958 Et

648 2013 821 2059 tamen
848 2004 963 2073 lege
1000 2000 1125 2071 quid
1167 2000 1273 2055 illic
1316 1999 1458 2053 dicat
1488 1996 1744 2059 Marias,
1793 2010 1930 2049 unus
1955 2010 2020 2049 ex
2065 1994 2233 2049 tribus

644 2097 733 2168 qui
759 2096 1006 2165 aperiens
1025 2110 1086 2147 os
1106 2110 1259 2147 suum
1286 2091 1338 2145 in
1361 2088 1536 2144 medio
1557 2089 1713 2157 ignis.
1735 2086 1863 2141 dixit
1890 2101 1904 2139 :
1934 2085 2233 2139 Benedictus

643 2202 698 2240 es
717 2227 732 2250 ,
767 2182 978 2239 Domine
1008 2182 1144 2237 Deus
1172 2193 1374 2253 patrum
1410 2188 1735 2242 nostrorum,
1762 2186 1809 2230 et
1849 2175 2153 2241 laudabilis;
2185 2184 2232 2229 et

645 2280 920 2350 gloriosum
947 2292 1124 2330 nomen
1156 2285 1293 2328 tuum
1319 2274 1371 2325 in
1395 2269 1584 2325 sa'cula
1613 2285 1630 2324 :
1655 2269 1893 2339 quoniam
1906 2269 2080 2340 justus
2104 2284 2155 2322 es
2180 2268 2232 2322 in

646 2368 877 2424 omnibus
903 2383 1015 2437 qua:
1041 2365 1203 2439 fecisti
1232 2363 1372 2418 nobis
1394 2404 1409 2424 ,
1438 2372 1483 2416 et
1510 2360 1679 2415 onmia
1707 2376 1861 2428 opera
1894 2369 1980 2413 tua
2003 2375 2117 2415 vera
2138 2400 2153 2421 ,
2185 2368 2233 2414 et

644 2470 793 2515 recta:
819 2459 913 2512 via:
950 2468 1078 2519 tate,
1110 2466 1157 2509 et
1182 2455 1351 2509 onmia
1378 2454 1577 2525 judicia
1606 2463 1693 2506 tua
1730 2452 1927 2516 veritas,
1962 2461 2008 2506 et
2031 2451 2233 2522 judicia

645 2550 865 2604 veritatis
895 2548 1054 2617 fecisti
1084 2563 1173 2617 per
1197 2545 1366 2600 omnia
1392 2560 1504 2615 qua:
1526 2543 1741 2597 intulisti
1770 2542 1910 2597 nobis
1932 2583 1946 2602 .
1974 2552 2019 2596 et
2043 2540 2232 2595 civitati

642 2651 832 2696 sanctw
856 2651 1056 2710 patrum
1088 2648 1371 2692 nostrorum
1398 2634 1716 2697 Jerusalem;
1759 2634 1995 2704 quoniam
2024 2634 2075 2687 in
2101 2633 2201 2688 veri
2212 2663 2229 2673 -

643 2746 746 2790 tate
771 2746 815 2788 et
824 2733 1024 2806 judicio
1055 2732 1267 2787 intulisti
1287 2729 1428 2784 nobis
1452 2730 1621 2783 omnia
1648 2729 1775 2791 liceo,
1800 2738 2007 2799 propter
2024 2736 2231 2799 peccata

642 2838 853 2890 nostra;
899 2826 1138 2889 quoniam
1170 2824 1484 2894 peccat-imus
1505 2864 1519 2884 .
1552 2831 1599 2875 et
1639 2820 1761 2893 Legi
1791 2832 1892 2875 tuae
1917 2834 2017 2875 non
2051 2819 2227 2890 parui-

643 2936 752 2975 mus
773 2960 787 2985 ,
818 2926 861 2973 et
892 2917 1144 2971 mamlatis
1174 2916 1270 2969 tuis
1300 2932 1398 2969 non
1426 2912 1774 2969 obaudivimus
1793 2955 1809 2977 ,
1848 2922 1900 2966 ut
1940 2913 2063 2967 bene
2087 2910 2229 2966 nobis

643 3020 801 3071 esset;
846 3020 892 3061 et
920 3008 1089 3061 omnia
1117 3023 1231 3077 qua:
1256 3006 1470 3061 intulisti
1498 3005 1639 3059 nobis
1657 3048 1671 3068 ,
1705 3005 1757 3059 in
1785 3004 1985 3076 judicio
2010 3020 2122 3059 vero
2150 3005 2232 3059 itt-

644 3101 824 3154 tulisti.
876 3098 939 3152 Et
970 3099 1225 3153 tradidisti
1255 3114 1344 3153 nos
1373 3098 1425 3151 in
1456 3114 1638 3152 manus
1666 3096 1953 3159 iniquorum
1980 3097 2227 3152 inimicis-

641 3195 885 3249 simorum
914 3197 1291 3263 transfugarum
1313 3233 1327 3257 ,
1354 3200 1401 3245 et
1427 3191 1530 3262 regi
1555 3190 1746 3261 injusto
1772 3201 1819 3245 et
1850 3192 2064 3263 pessimo
2092 3190 2229 3245 ultra

641 3286 923 3341 universam
951 3294 1156 3339 terram.
1200 3285 1263 3338 Iit
1292 3301 1427 3338 nunc
1450 3301 1549 3337 non
1570 3294 1641 3338 est
1666 3294 1719 3338 at
1748 3285 1995 3355 possimus
2032 3285 2231 3353 aperire

639 3395 697 3432 os
729 3392 748 3431 :
774 3392 885 3431 rere
909 3376 1141 3446 confusio
1161 3384 1208 3430 et
1234 3374 1557 3447 opprobrium
1589 3376 1711 3447 facti
1731 3392 1905 3429 smnus
1925 3376 2080 3430 servis
2106 3377 2224 3443 tuis,

635 3480 684 3524 et
725 3469 796 3523 eis
832 3468 919 3539 qui
962 3479 1010 3522 te
1039 3469 1228 3522 colunt.
1275 3465 1358 3521 Ne
1394 3466 1661 3521 tradideris
1699 3484 1790 3522 nos
1833 3468 1887 3521 in
1932 3477 2227 3539 perpetuum

640 3570 847 3632 propter
883 3577 1063 3615 nomen
1090 3573 1231 3613 tuam
1254 3601 1270 3627 ,
1306 3557 1549 3624 Domine,
1592 3568 1640 3613 et
1665 3576 1727 3613 ne
1756 3558 2047 3629 despexeris
2069 3570 2227 3615 testa-

638 3662 861 3705 mentum
890 3663 1066 3719 tuum,
1109 3662 1156 3705 et
1186 3668 1248 3705 ne
1285 3650 1550 3707 abstrderis
1578 3650 1976 3707 misericordiam
2018 3662 2160 3708 tuam
2192 3669 2226 3707 a

637 3744 802 3809 nobis,
831 3754 1038 3814 propter
1062 3743 1320 3798 Abraham
1343 3744 1430 3815 qui
1453 3760 1485 3796 a
1511 3753 1559 3799 te
1585 3744 1799 3799 dilectus
1823 3755 1916 3812 est,
1944 3755 1992 3799 et
2020 3750 2227 3818 prapter

636 3834 788 3892 Isaac
828 3852 1025 3891 servum
1050 3846 1189 3889 tuum
1212 3877 1225 3897 ,
1274 3844 1321 3889 ct
1362 3832 1526 3889 Israel
1562 3846 1791 3891 sanctum
1819 3846 1961 3891 tuum
1984 3879 2000 3904 ,
2047 3836 2225 3909 quibus

634 3930 833 3985 loeutus
859 3946 912 3983 es
937 3926 1390 4000 multiplicatarum
1418 3938 1465 3982 te
1490 3944 1655 3983 semen
1676 3945 1847 3984 eorum
1874 3941 1927 3983 ut
1952 3941 2092 3986 astra
2110 3931 2225 3986 ctuti

632 4034 680 4077 et
701 4040 909 4076 arenam
934 4022 1090 4077 maris
1112 4038 1131 4076 :
1155 4022 1414 4093 quoniam,
1443 4020 1673 4087 Domine,
1692 4024 1889 4077 minimi
1908 4024 2029 4095 facti
2048 4041 2222 4080 sumus

632 4130 741 4187 pra:
785 4114 1017 4169 omnibus
1056 4114 1341 4169 nationibus
1365 4156 1381 4180 ,
1428 4123 1475 4169 et
1510 4131 1686 4170 sumus
1732 4116 1945 4171 lnnniles
1980 4116 2132 4171 hodie
2165 4118 2221 4172 in

630 4217 764 4260 terra
803 4218 1008 4277 propter
1035 4219 1241 4277 peccata
1269 4219 1442 4263 nostra
1472 4208 1632 4274 (Dan.
1662 4224 1717 4265 Ill
1738 4251 1752 4274 ,
1778 4209 1849 4264 26
1874 4243 1886 4252 -
1907 4210 2024 4282 57).
2061 4210 2219 4267 Vides

628 4306 798 4361 certe,
822 4300 1004 4361 frater,
1033 4301 1215 4367 quales
1242 4302 1359 4367 viri,
1392 4316 1550 4371 quam
1576 4304 1767 4366 sancti,
1797 4318 1953 4373 quam
1976 4305 2138 4359 fortes
2164 4305 2216 4360 in

634 4386 812 4441 medio
841 4389 1219 4457 tribnlationis,
1252 4392 1341 4445 ubi
1366 4402 1543 4447 tatnen
1570 4394 1650 4447 eis
1679 4396 2010 4463 parcebatur,
2050 4405 2218 4451 eteos

634 4494 793 4535 urere
821 4480 934 4551 ipsa
976 4480 1188 4536 llannna
1232 4482 1547 4548 verebatur,
1596 4494 1811 4554 peccata
1850 4499 1947 4542 sua
1991 4486 2217 4543 conﬁte-

630 4570 855 4639 bantur,
913 4588 1014 4646 pro
1076 4574 1266 4643 quibus
1320 4590 1379 4629 se
1426 4574 1585 4645 digne
1642 4585 1697 4630 et
1746 4575 1891 4647 juste
1952 4576 2217 4635 humiliari

630 4676 888 4722 noverant
911 4709 926 4731 ,
954 4682 1055 4723 nec
1084 4668 1348 4723 tacebant.

699 4759 753 4813 4.
803 4758 1067 4826 Numquid
1111 4760 1269 4814 etiam
1316 4760 1564 4815 meliores
1609 4776 1730 4817 esse
1773 4776 2055 4833 possumus
2101 4765 2217 4835 ipso

630 4852 867 4919 Dunielc,
895 4852 963 4907 de
990 4869 1095 4921 quo
1120 4869 1212 4920 per
1236 4852 1569 4908 Ezecliielem
1603 4855 1911 4925 prophetam
1933 4856 2216 4913 dicitDetts

631 4943 697 4996 ad
730 4944 1019 5015 principem
1050 4945 1176 5018 Tyri
1209 4964 1221 4999 :
1258 4944 1520 5016 Numquid
1551 4956 1604 5000 tu
1626 4948 1904 5017 sapientior
1927 4966 2080 5021 quam
2108 4948 2217 5003 Da-

632 5035 732 5088 niel
763 5035 972 5107 (l'fzecli.
1003 5053 1203 5095 xxvm.
1232 5038 1325 5106 3)?
1356 5038 1421 5092 lit
1449 5037 1536 5108 qui
1567 5041 1781 5109 p:mitur
1805 5057 1941 5096 llllllS
1967 5043 2018 5096 in
2048 5042 2215 5097 tribus

623 5126 783 5198 justis
809 5144 942 5197 quos
980 5129 1107 5183 dicit
1157 5130 1294 5183 Deus
1331 5129 1477 5184 salus
1518 5147 1576 5185 se
1610 5131 1992 5197 liberaturum;
2035 5144 2214 5189 estenv

628 5221 763 5276 deus
798 5222 978 5292 utique
1022 5223 1072 5275 in
1118 5222 1219 5278 illis
1254 5234 1365 5279 tres
1404 5225 1657 5294 quasdam
1690 5225 1886 5281 formas
1925 5226 2211 5297 justorum,

628 5328 763 5369 auos
790 5316 859 5369 ita
891 5330 949 5369 se
973 5315 1314 5371 liberaturum
1338 5317 1486 5383 dicit,
1516 5327 1572 5371 ut
1593 5334 1690 5373 nec
1720 5321 1856 5373 lilios
1880 5336 2003 5375 suos
2033 5336 2213 5378 secum

628 5407 887 5468 libcrent.
934 5409 1025 5464 sed
1074 5410 1171 5480 ipsi
1215 5412 1311 5465 soli
1361 5412 1679 5479 Iilutt'cttlb',
1726 5411 1868 5476 Non.
1915 5414 2215 5479 Daniel.et

630 5499 730 5556 lub
760 5500 870 5575 (Id.
906 5517 1019 5565 xlv,
1054 5502 1137 5567 ll,
1179 5504 1260 5572 l6)
1291 5503 1406 5574 (a)?
1436 5502 1575 5573 Lege
1607 5513 1784 5559 tamen
1812 5504 1971 5559 etiam
2003 5521 2213 5575 precem

687 5657 807 5732 to):
826 5666 988 5732 ta_.\‘oe
1003 5693 1019 5717 ,
1038 5676 1060 5702 ι
1077 5666 1143 5732 ⁸ιιι
1160 5661 1224 5709 ait
1244 5659 1449 5732 intrata.
1468 5659 1532 5732 de
1553 5661 1688 5732 t‘rbis
1710 5663 1900 5713 excidio
1917 5677 2023 5727 cap.
2048 5666 2091 5726 l,
2117 5667 2213 5732 sst-

633 5736 655 5766 s
672 5718 954 5795 geminatur
978 5722 1087 5795 bopi
1106 5737 1124 5795 J
1143 5722 1372 5795 Impositi,
1397 5723 1479 5794 qui
1498 5731 1676 5795 regunt
1700 5733 1746 5773 et
1759 5718 2043 5795 gubernant.
2060 5718 2214 5779 Eccle-

631 5784 791 5832 ssiam
810 5813 825 5838 ,
844 5784 1083 5847 quomodo
1104 5791 1199 5834 Me
1221 5784 1267 5834 iu
1286 5784 1466 5836 diluvio
1503 5784 1793 5850 guliernavi't
1826 5802 2003 5845 arcani.
2039 5798 2086 5845 ω
2119 5798 2210 5843 Duc

3173 255 3181 262 ι

3154 268 3197 281 LL

1901 308 1960 365 s.
2002 296 2372 365 AUGUSTINI
2413 300 2719 365 EPISCOPI
3526 288 3587 335 ·ρ
3739 334 3817 397 m

2348 420 2603 487 manetis,
2634 432 2690 479 et
2730 423 2848 478 ride
2873 424 3315 496 quemadmodum
3355 432 3406 489 in
3430 436 3686 508 captivitate
3714 454 3818 518 pini.

2346 520 2433 567 tus
2463 524 2701 583 peccata,
2730 531 2833 570 non
2858 526 3060 572 tantum
3092 522 3264 589 pt‘pttli
3289 526 3397 592 sui,
3422 543 3581 586 verum
3605 534 3732 592 etiam
3752 557 3818 598 sua

2344 608 2661 663 conﬁteatur
2682 650 2698 673 ,
2745 618 2797 663 et
2828 626 2922 679 pro
2953 611 3035 666 bis
3060 612 3202 670 dicat
3230 632 3322 686 per
3350 618 3582 688 justitiam
3618 627 3690 683 Dei
3712 638 3820 691 seed

2346 698 2489 754 illam
2534 701 2856 772 captivitatis
2902 718 3114 774 pinnam
3167 716 3221 763 et
3264 714 3526 781 opprobria
3568 723 3816 786 metuisse.

2342 791 2431 849 Sic
2455 795 2595 849 enim
2625 796 2879 867 scriptum
2910 806 2992 852 cst
3021 817 3033 851 :
3069 797 3133 855 ΕΙ
3170 799 3284 855 dedi
3309 804 3477 873 facient
3512 824 3650 863 nteant
3668 814 3721 866 ad
3746 814 3823 871 Do-

2345 886 2536 941 minum
2580 885 2769 953 Deum,
2821 900 2875 942 ut
2909 905 3180 961 quaererem
3207 910 3370 963 preces
3396 906 3440 950 ct
3470 898 3766 961 obsecrationes
3790 909 3826 963 in

2335 977 2742 1047 jejunationibas
2764 988 2810 1033 ct
2830 997 2999 1039 sacco.
3021 993 3067 1035 et
3093 994 3320 1052 precatus
3339 1002 3443 1039 sum
3462 987 3696 1047 Dominum
3714 994 3827 1052 Deum

2343 1083 2531 1133 meum,
2560 1080 2605 1123 et
2631 1072 2893 1142 confessas
2922 1089 3032 1126 sum
3052 1113 3065 1138 ,
3092 1084 3140 1127 et
3169 1074 3276 1128 diri
3304 1091 3323 1129 :
3348 1075 3544 1133 Domine
3570 1080 3681 1137 Deus
3700 1102 3829 1159 magno

2341 1170 2389 1213 et
2418 1162 2664 1217 mirabilis
2684 1205 2698 1226 .
2736 1174 2784 1217 et
2808 1166 2895 1235 qui
2920 1183 3087 1221 servas
3116 1177 3456 1223 testamentum
3484 1181 3609 1227 tuum
3628 1216 3641 1236 .
3667 1190 3704 1231 et
3724 1180 3831 1233 utin.

2340 1252 2613 1308 ricordiam
2651 1255 2974 1326 diligentibus
3016 1269 3063 1314 te
3101 1270 3146 1313 et
3185 1261 3484 1317 servantibus
3523 1278 3726 1337 pracepta
3754 1282 3830 1336 tua,

2342 1346 2655 1413 peccavimus
2670 1388 2686 1412 ,
2714 1347 2954 1405 adversus
2975 1348 3157 1422 Legem
3180 1352 3388 1421 fecimus
3403 1396 3419 1419 ,
3451 1356 3590 1427 impie
3606 1359 3782 1428 egimus,
3803 1375 3834 1416 et

2341 1437 2653 1504 recessimus,
2681 1448 2728 1492 et
2754 1440 3110 1496 declinavimus
3128 1460 3160 1496 a
3179 1446 3436 1513 pra'ceptis
3458 1448 3565 1509 tuis.
3585 1460 3623 1501 et
3643 1468 3668 1501 a
3680 1453 3834 1519 judicia

2341 1527 2473 1590 tuis,
2519 1536 2564 1582 et
2604 1546 2703 1584 non
2738 1532 3086 1587 cxaudivimus
3123 1551 3293 1589 servos
3332 1546 3441 1593 tuos
3478 1536 3744 1607 Prophetas,
3776 1545 3837 1608 qui

2341 1620 2674 1692 loquebantur
2699 1624 2748 1678 in
2787 1626 2991 1679 nomine
3017 1636 3100 1681 tuo
3123 1633 3190 1679 ad
3220 1646 3359 1698 rcges
3388 1642 3569 1686 nostros
3586 1672 3601 1696 ,
3626 1643 3664 1687 et
3686 1638 3739 1687 ad
3762 1651 3836 1689 om-

2340 1729 2454 1767 nem
2482 1717 2728 1786 populum
2760 1728 2923 1771 terrce.
2972 1717 3086 1773 Tibi
3106 1761 3120 1781 ,
3158 1720 3390 1788 Dom'ue,
3412 1724 3619 1794 justitia,
3644 1728 3757 1783 nobis
3777 1747 3823 1783 au

2339 1813 2438 1858 tem
2470 1808 2700 1875 confusio
2730 1808 2899 1876 faciei.
2927 1811 3056 1864 sicut
3084 1812 3191 1867 dies
3214 1815 3298 1866 hic
3313 1816 3418 1868 viro
3436 1814 3586 1881 Jada,
3609 1828 3648 1871 ct
3668 1818 3839 1874 lutitan-

2339 1895 2471 1951 tibus
2497 1896 2780 1953 Jerusalem
2805 1942 2820 1964 ,
2851 1911 2899 1955 et
2926 1903 3063 1956 omni
3092 1901 3256 1960 Israel
3282 1945 3299 1969 ,
3338 1908 3421 1976 qui
3444 1908 3642 1977 proximi
3671 1920 3783 1972 sunt.
3809 1922 3841 1965 et

2338 1987 2425 2056 qui
2450 1988 2599 2059 longe
2639 1999 2754 2044 sunt
2782 1990 2835 2045 in
2867 1994 3007 2046 onmi
3050 2004 3215 2059 terra,
3260 1995 3314 2050 in
3352 2012 3448 2065 qua
3470 2012 3551 2054 eos
3583 1997 3842 2053 dissentiuin

2338 2080 2446 2145 ibi,
2481 2089 2687 2150 propter
2712 2085 3079 2138 contumaciam
3121 2101 3295 2140 eorum
3319 2127 3334 2145 .
3368 2088 3483 2157 quia
3523 2089 3842 2156 intmobuvemt

2341 2182 2407 2238 te,
2430 2171 2663 2227 Domine.
2690 2174 2853 2231 Nobis
2875 2186 3039 2232 autem
3057 2181 3290 2252 confusio
3316 2183 3482 2252 faciei,
3504 2184 3682 2254 regibus
3695 2185 3840 2250 nostris.

2337 2274 2386 2319 et
2410 2266 2724 2336 principibus
2746 2270 2927 2323 nostris
2945 2313 2957 2333 ,
3003 2282 3051 2326 et
3073 2273 3305 2342 patribus
3332 2274 3512 2328 nostris
3529 2314 3545 2340 ,
3572 2276 3649 2346 qui
3678 2277 3843 2346 peccavi-

2338 2372 2469 2410 nms.
2505 2356 2615 2411 Tibi
2648 2357 2869 2415 Domino
2896 2359 3003 2416 Deo
3029 2372 3200 2416 nostro
3228 2364 3572 2420 miserationes
3597 2376 3640 2420 et
3664 2366 3846 2436 propitia-

2339 2448 2496 2502 tioncs
2533 2449 2572 2513 ¹,
2600 2451 2841 2519 quoniam
2877 2453 3205 2519 recessimus,
3233 2464 3284 2509 et
3321 2471 3421 2509 nou
3449 2456 3705 2512 audivimus
3728 2470 3847 2512 vocant

2338 2537 2545 2594 Domini
2574 2539 2672 2595 Dei
2704 2543 2886 2609 nostri,
2930 2554 2983 2597 ut
3013 2560 3229 2600 essemus
3258 2546 3313 2599 in
3336 2548 3592 2617 pra'ceptis
3616 2546 3722 2619 legis
3742 2547 3847 2618 hujus

2337 2647 2489 2701 quant
2528 2632 2664 2687 dedit
2694 2634 2746 2688 in
2772 2646 3039 2705 conspectu
3078 2646 3251 2691 nostro
3290 2638 3346 2692 in
3370 2654 3519 2692 manu
3538 2654 3757 2694 servorum
3774 2638 3848 2712 φη

2340 2720 2733 2793 Prop/alarum.
2780 2724 2849 2780 Et
2892 2728 3055 2782 omnis
3099 2726 3273 2784 Israel
3320 2740 3639 2802 peccaverunt
3673 2730 3849 2787 adeam

2335 2816 2494 2887 legem
2522 2826 2660 2871 tuam
2676 2859 2691 2883 ,
2726 2827 2771 2873 et
2797 2818 3171 2873 declinaverunt
3195 2838 3261 2874 ne
3286 2822 3522 2876 audirent
3554 2837 3702 2879 vomu
3724 2831 3848 2875 tum:

2332 2918 2381 2962 et
2419 2910 2704 2979 supervenit
2747 2911 2888 2965 nobis
2932 2911 3218 2967 maledictio
3258 2924 3309 2969 et
3345 2913 3690 2985 jusjurandum
3706 2952 3722 2979 ,
3758 2911 3852 2981 qui

2332 3002 2577 3073 scriptum
2606 3013 2677 3057 est
2711 3004 2764 3058 in
2790 3004 2899 3076 lege
2925 3003 3093 3076 Moysi
3121 3008 3252 3061 servi
3288 3005 3411 3073 Dei,
3433 3008 3658 3079 quoniam

2334 3114 2447 3153 mm
2471 3140 2487 3164 ,
2527 3108 2575 3153 et
2599 3100 2773 3153 statuit
2796 3116 3050 3155 sermones
3073 3118 3192 3156 suos
3211 3143 3225 3166 ,
3260 3119 3393 3176 quos
3427 3104 3615 3158 locutus
3637 3111 3701 3158 est
3723 3101 3775 3154 ad
3790 3115 3853 3153 nos

2333 3199 2382 3244 et
2406 3192 2474 3245 ad
2491 3191 2691 3260 jadices
2720 3188 2915 3247 nostros
2938 3234 2953 3257 ,
2993 3194 3081 3263 qui
3102 3193 3409 3264 iudicabunt
3433 3212 3554 3260 nos,
3591 3194 3853 3266 superducti:

2332 3282 2387 3335 in
2411 3284 2432 3313 ⁸
2453 3300 2544 3337 nos
2570 3284 2702 3337 mala
2725 3300 2928 3356 magna,
2955 3301 3070 3355 qua:
3097 3301 3358 3357 nunquam
3388 3292 3522 3359 facta
3538 3298 3646 3342 sunt
3666 3282 3854 3341 subduci

2332 3371 2458 3428 mlo
2497 3374 2774 3429 secundum
2799 3394 2856 3430 ea
2885 3392 2999 3445 qua:
3036 3381 3170 3447 facta
3198 3389 3321 3433 sunt
3348 3380 3403 3433 in
3427 3379 3709 3435 Jerusalem.
3750 3375 3853 3431 Sicut

2330 3467 2574 3536 scriptum
2597 3478 2668 3521 est
2693 3468 2744 3521 in
2769 3466 2902 3540 Lege
2926 3467 3096 3540 Moysi
3120 3512 3134 3531 .
3170 3471 3349 3525 omnia
3389 3473 3525 3527 mala
3558 3472 3657 3526 lucc
3678 3475 3855 3524 verterunt

2330 3562 2400 3616 ad
2428 3579 2539 3628 nos,
2572 3573 2619 3618 et
2640 3580 2741 3618 non
2764 3580 3051 3635 rogavimus
3076 3563 3362 3620 Dominum
3377 3565 3547 3622 Deum
3573 3574 3795 3628 nostrum,
3818 3569 3853 3615 ut

2329 3662 2567 3709 averteret
2605 3673 2636 3708 a
2674 3654 2817 3709 nobis
2858 3656 3041 3710 delicta
3087 3667 3261 3712 nostra
3287 3700 3304 3725 ,
3355 3670 3405 3715 et
3440 3670 3493 3714 ut
3538 3658 3856 3729 intelligam

2330 3760 2526 3799 omnem
2560 3747 2820 3801 veritatem
2849 3756 3010 3801 tuam.
3054 3746 3123 3802 Et
3153 3750 3383 3819 vigilat-it
3417 3750 3658 3806 Dominus
3681 3748 3791 3803 Deus
3809 3744 3856 3798 ad

2329 3852 2525 3891 onmem
2554 3847 2784 3891 sanctum
2809 3854 2980 3904 sumn,
3006 3849 3053 3894 et
3079 3841 3322 3911 perduxit
3347 3859 3409 3896 ea
3435 3858 3553 3913 qua
3573 3843 3682 3914 fecit
3700 3839 3758 3894 ad
3779 3852 3857 3899 vos.

2325 3928 2564 3999 quoniam
2592 3928 2766 3999 justus
2805 3926 3053 3985 Dominus
3092 3929 3227 3985 Deus
3272 3943 3450 3988 noster
3481 3934 3536 3987 in
3570 3931 3697 3986 omni
3718 3926 3858 3984 nullo

2326 4035 2420 4073 suo
2445 4035 2592 4090 quem
2631 4019 2783 4088 fecit,
2807 4031 2852 4075 et
2874 4037 2974 4075 non
2997 4022 3281 4078 audivimus
3309 4041 3485 4079 vocem
3506 4025 3635 4098 ejus.
3665 4020 3725 4078 Et
3748 4034 3858 4080 nunc.

2326 4111 2544 4167 Domine
2585 4110 2724 4167 Deus
2764 4124 2932 4168 noster
2953 4154 2968 4178 ,
3006 4116 3092 4183 qui
3128 4114 3355 4172 edua‘isti
3399 4119 3642 4189 papulam
3682 4109 3861 4170 mauult

2325 4213 2461 4259 terra
2490 4202 2711 4276 AEgypti
2747 4205 2800 4259 in
2826 4222 2979 4260 manu
3003 4206 3125 4278 forti
3147 4250 3162 4272 ,
3194 4216 3241 4261 et
3267 4210 3439 4277 fecisti
3468 4208 3557 4264 tibi
3583 4224 3744 4264 nomen
3769 4203 3863 4259 sicut

2323 4297 2431 4351 dies
2454 4298 2555 4363 hic,
2582 4297 2766 4352 delicta
2792 4298 3031 4353 adversus
3056 4297 3213 4369 legem
3244 4309 3390 4354 tuam
3418 4300 3647 4370 licinius.
3676 4293 3860 4356 Domini

2320 4389 2375 4443 in
2410 4390 2547 4443 omni
2572 4389 2914 4444 misericordia
2935 4400 3021 4444 tua
3049 4391 3329 4444 avertatur’
3355 4393 3579 4465 impetus
3606 4402 3727 4455 tuus,
3752 4397 3790 4442 et
3810 4384 3865 4437 ir!

2323 4491 2411 4535 tua
2436 4498 2469 4534 a
2490 4482 2688 4535 civitate
2712 4490 2800 4534 tua
2822 4478 3110 4537 Jerusalem
3134 4524 3149 4548 ,
3175 4492 3221 4536 et
3246 4496 3425 4539 monte
3448 4495 3624 4540 sancto
3650 4496 3743 4536 tuo.
3768 4474 3866 4531 I’to-

2323 4582 2433 4644 pter
2451 4581 2654 4644 peccata
2670 4574 2801 4627 enim
2818 4585 2989 4629 nostra
3012 4585 3058 4628 et
3078 4574 3373 4633 iniquitates
3394 4587 3600 4632 oatrum
3616 4585 3866 4631 nostrorum.
3954 4576 3957 4605 ⁴

2385 4758 2411 4828 ι.
2437 4757 2510 4806 Sic
2543 4758 2719 4828 iugatss.
2743 4770 2896 4828 prope
2927 4757 3169 4828 omnibus,
3185 4769 3383 4809 necnon
3415 4759 3557 4828 apud
3575 4773 3685 4828 uss.
3708 4764 3756 4809 At

2320 4818 2431 4868 Bad.
2454 4829 2563 4894 Am.‘
2581 4826 2652 4868 Er.
2680 4818 2789 4891 L99.
2815 4818 3057 4894 liabetur;
3081 4819 3199 4881 (alia
3221 4818 3538 4894 peccat-iuius
3559 4822 3647 4874 tioi
3661 4818 3865 4894 ,JI'oltt'tjtg.

2325 4890 2429 4947 Deo
2460 4888 2634 4947 nostro;
2658 4880 2976 4933 adserationis
3011 4890 3057 4947 et
3093 4876 3471 4947 propitiationis.
3508 4895 3620 4945 oua-
3638 4876 3768 4934 e'tiam
3784 4876 3866 4926 Εάίι
3956 4876 3957 4917 1

2320 4945 2465 5005 paulo
2488 4951 2595 5006 [ost
2613 4944 2776 5013 ferunt
2799 4958 2811 4993 :
2832 4955 2981 5005 quam
2997 4943 3153 5013 .dedit
3183 4943 3234 4995 in
3255 4943 3698 5013 conspectu—nostro
3711 4956 3783 5008 per
3799 4952 3872 4989 stu-

2319 5004 2409 5055 ims
2432 5004 2676 5071 servorum
2714 5006 2820 5069 ejus
2852 5004 2880 5055 ⁷1
2900 5004 3208 5071 ropltetarum
3229 5004 3456 5059 onmi.'.~su
3492 5008 3662 5061 Israel.
3686 5004 3870 5071 ._'eccw§-
3956 5038 3957 5045 η

2320 5074 2433 5133 runt
2448 5066 2601 5128 enim,
2630 5059 2753 5129 etc.,
2771 5082 2920 5133 quem
2955 5059 3125 5118 rursus
3148 5069 3307 5119 locum
3331 5059 3647 5122 restituimus
3660 5067 3716 5117 ad
3729 5076 3815 5117 us.
3832 5059 3871 5110 ﬁ-

2317 5128 2501 5241 όθῖῃὶω
2527 5192 2574 5241 in
2616 5198 2720 5241 MSS.
2748 5198 2803 5242 At
2823 5193 2875 5243 in
2899 5194 3123 5245 excusis:
3148 5192 3552 5257 Quijudicabant
3571 5193 3621 5246 in
3650 5199 3874 5253 tum

2318 5250 2497 5302 ducere
2517 5252 2663 5302 uiola.
2683 5261 2777 5302 etc.

2355 5266 2497 5304 acere
2517 5252 2663 5311 mala,
2683 5261 2777 5305 etc.
3161 5252 3176 5257 ’
3246 5252 3261 5257 ⁷
3793 5252 3822 5320 ί.

2386 5316 2407 5348 ³
2439 5322 2513 5387 t~_:r.
2542 5325 2593 5390 et
2616 5323 2725 5365 ων.
2747 5325 2811 5390 Δ1η
2832 5316 3050 5390 omnibus
3441 5316 3877 5390 tua._xtertqtltl{9;

2318 5390 2410 5443 que
2444 5377 2666 5443 impetus,
2710 5385 2811 5443 etc.
2834 5380 3136 5443 antiquiores
3165 5394 3283 5432 vero
3323 5383 3446 5432 add.
3478 5383 3681 5440 habent.
3704 5378 3749 5431 ut
3778 5384 3877 5443 αρνιξ

2317 5438 2655 5492 misericordia
2670 5446 2783 5503 tua;
2795 5442 2934 5509 juxta
2955 5438 3049 5509 ᾗχι(
3064 5479 3078 5501 ,
3123 5450 3175 5494 et
3195 5457 3374 5495 omnes
3394 5452 3506 5495 mss.
3527 5438 3727 5509 quorum
3744 5438 3878 5503 optimi

2319 5511 2489 5566 postea
2510 5513 2681 5555 carent
2696 5503 2928 5568 partienda
2950 5503 3128 5569 itaque.
3545 5503 3562 5509 “
3802 5518 3803 5521 ‘

2326 5622 2348 5651 ι
2366 5606 2499 5676 mele
2515 5607 2841 5669 signiﬁcantur
2856 5620 3029 5676 omnes
3041 5611 3197 5676 sancti
3214 5610 3555 5676 continentes.
3581 5618 3629 5663 tn
3651 5611 3730 5662 Job
3757 5603 3877 5676 9εῷ

2326 5684 2348 5742 ε
2372 5666 3019 5742 Γκκιιιιμιῖοιηηξξοῳρυεαμ
3033 5671 3235 5742 justeAet
3251 5674 3390 5723 bene
3413 5678 3693 5742 νίναξιῳδ
3712 5666 3879 5742 (leniti!

2318 5731 2546 5843 gemma.
2570 5743 2673 5782 ser.
2691 5729 2743 5791 6,
2760 5730 2811 5782 in
2830 5729 2967 5793 \igil.
2987 5729 3137 5785 nam.
3161 5740 3313 5797 Dom.,
3340 5744 3400 5788 et
3414 5750 3526 5790 ser.
3542 5739 3596 5801 δ,
3612 5734 3879 5795 iussn-ct-
