3990 6442
213 378 293 439 125

209 493 441 553 Jerusalem
462 498 505 545 et
529 488 750 560 populus
780 496 897 541 tuus
916 484 970 540 in
995 483 1345 555 confusionem
1359 482 1491 538 venit
1510 480 1740 536 omnibus

210 594 275 661 qui
296 589 455 643 circum
477 598 567 637 nos
587 590 726 637 sunt.
758 578 827 635 Et
849 595 983 635 nunc
1001 577 1208 643 exaudi,
1238 575 1377 632 Deus
1402 586 1588 640 noster,
1622 591 1739 646 pre-

209 677 392 737 sestertii
419 675 485 730 tui
508 683 554 729 et
581 671 859 728 orationem
881 671 994 743 ejus
1013 711 1029 738 ,
1076 680 1125 725 et
1161 668 1366 725 ostende
1392 668 1534 723 nobis
1560 668 1740 737 faciem

209 782 316 826 tuam
332 768 390 823 ad
412 764 856 834 sancti/irationem
879 772 1020 817 tuam
1044 776 1157 832 qua:
1179 759 1376 815 deserta
1394 767 1486 814 est.
1523 757 1742 828 Propter

206 872 241 916 te
261 860 439 925 inclina,
468 855 682 910 Domine
707 853 845 909 Deus
873 870 1033 918 meus,
1057 869 1231 907 aurem
1261 861 1421 915 tuam,
1453 859 1498 905 et
1517 851 1740 915 exaudi;

207 956 319 1027 aperi
337 946 491 1008 oculos
514 960 629 1007 tuos
645 992 662 1017 ,
708 959 755 1004 et
780 950 893 1005 uide
920 949 1178 1004 interitum
1200 957 1430 1003 nostrum
1455 955 1501 1000 et
1530 945 1742 1000 civitatis

205 1060 283 1104 tua
298 1045 558 1102 Jerusalem
577 1085 592 1109 ,
623 1060 776 1114 super
799 1059 951 1114 quam
976 1043 1267 1096 invocatum
1290 1051 1363 1095 est
1391 1056 1572 1094 nomen
1602 1047 1742 1091 tuum

205 1155 321 1211 super
339 1153 437 1193 eam
463 1138 479 1168 ¹
499 1177 514 1203 ,
541 1135 782 1207 quoniam
807 1150 910 1189 non
933 1135 986 1188 in
1012 1142 1186 1188 nostra
1212 1131 1418 1203 justitia
1434 1129 1742 1201 jactavimus

204 1246 362 1303 precem
380 1237 596 1284 nostram
622 1227 675 1282 in
697 1232 968 1297 conspectu
997 1234 1104 1291 tuo,
1136 1224 1226 1280 sed
1251 1224 1320 1277 ad
1344 1221 1741 1278 misericordiam

204 1331 314 1377 tuast
339 1334 445 1392 qua
467 1334 653 1391 magna
679 1327 772 1373 est.
817 1316 1022 1373 Exaudi
1047 1314 1291 1382 Domine,
1324 1313 1600 1385 propitiare
1629 1310 1739 1365 Do-

202 1412 337 1479 mine,
377 1408 572 1465 intende
606 1408 852 1473 Domine,
894 1417 942 1462 et
982 1424 1046 1462 ne
1079 1405 1359 1463 tardaveris
1388 1406 1408 1435 ³
1440 1412 1645 1475 prapter
1672 1412 1739 1467 te,

202 1502 312 1559 Dus
342 1518 509 1568 metu;
555 1500 799 1573 quoniam
842 1516 1023 1554 nomen
1067 1508 1209 1553 tuum
1253 1498 1541 1552 invocatum
1579 1504 1650 1550 est
1689 1496 1743 1548 in

200 1598 361 1651 cititate
384 1605 484 1661 tua,
520 1611 673 1665 super
700 1594 950 1648 civitatem
970 1601 1110 1647 tuam
1139 1601 1186 1647 et
1217 1589 1465 1664 populum
1486 1599 1645 1644 tuum.
1676 1587 1744 1643 Et

200 1688 336 1742 adhuc
356 1704 428 1742 me
448 1687 682 1757 loquente
708 1694 757 1740 et
782 1694 959 1740 orante
982 1694 1028 1738 et
1054 1691 1380 1738 enumerante
1406 1690 1609 1752 peccata
1633 1695 1745 1733 mea

196 1788 431 1850 etpeecata
466 1777 644 1849 populi
685 1777 785 1831 mei
812 1776 832 1809 ³
862 1774 1022 1849 (Dan.
1050 1790 1106 1830 Ix
1128 1815 1143 1840 ,
1173 1770 1375 1845 5-20).
1403 1771 1535 1827 Vide
1560 1786 1746 1842 quem-

194 1871 439 1927 admodum
478 1886 574 1925 sua
618 1876 834 1940 peccata
881 1867 1029 1938 prius
1058 1866 1224 1931 dixit,
1257 1874 1312 1919 et
1341 1871 1535 1934 postea
1567 1861 1747 1932 populi

192 1964 275 2020 sui.
315 1963 378 2019 Et
415 1962 555 2018 hanc
593 1960 689 2017 Dei
716 1956 1053 2016 commendat
1075 1956 1367 2026 justitiam,
1399 1962 1454 2010 et
1491 1953 1629 2008 hanc
1654 1951 1750 2007 Dei

188 2054 369 2114 laudem
384 2053 532 2119 dicit,
554 2052 677 2123 quia
694 2065 801 2106 non
820 2049 1037 2119 injuste,
1064 2046 1159 2104 sed
1185 2061 1282 2117 pro
1306 2045 1536 2116 peccatis
1561 2059 1747 2099 eorum

191 2144 390 2215 ﬂagellat
411 2144 572 2199 etiam
604 2143 750 2213 ipsos
778 2148 994 2196 sanctos
1020 2154 1166 2194 suos.
1196 2136 1251 2193 Si
1279 2151 1407 2207 ergo
1436 2136 1536 2191 ista
1566 2133 1751 2190 dicunt

188 2237 262 2308 qui
294 2233 740 2292 excellentissima
783 2232 1065 2287 sanctitate
1111 2229 1261 2300 ignes
1298 2237 1354 2283 et
1393 2226 1578 2282 leones
1606 2225 1749 2280 circa

190 2341 237 2382 se
268 2327 499 2382 innoxios
549 2324 853 2380 habuerunt
876 2366 891 2389 ,
942 2320 1067 2392 quid
1108 2335 1207 2375 nos
1241 2327 1452 2390 Oportet
1489 2317 1668 2373 dicere
1698 2316 1751 2371 in

187 2418 456 2475 humilitate
482 2426 692 2483 nostra,
720 2416 810 2487 qui
838 2426 946 2470 tam
972 2414 1129 2485 longe
1157 2412 1262 2467 illis
1287 2411 1518 2483 impares
1544 2424 1749 2476 sumus,

186 2522 641 2583 quantamcumque
662 2509 922 2581 justitiam
949 2522 1165 2563 servare
1190 2505 1504 2563 videamur?

242 2605 289 2660 5.
325 2602 427 2660 Sed
466 2618 541 2658 ne
569 2601 761 2672 aliquis
788 2599 1057 2656 existimet
1086 2598 1204 2654 illos
1233 2596 1327 2653 Dei
1365 2610 1550 2652 servos
1573 2637 1589 2663 ,
1620 2610 1757 2667 quos

181 2698 300 2754 dicis
318 2715 347 2753 a
370 2697 617 2754 barbaris
642 2695 969 2761 interfectos,
994 2694 1069 2750 sic
1094 2692 1239 2748 illam
1267 2702 1493 2748 mortem
1524 2689 1757 2747 evadere

182 2789 423 2855 debuisse,
451 2786 732 2861 quomodo
760 2797 869 2842 tres
893 2786 966 2841 illi
994 2784 1092 2839 viri
1119 2783 1187 2840 ab
1216 2784 1426 2855 ignibus
1445 2824 1458 2849 ,
1488 2790 1543 2839 et
1572 2782 1755 2837 Daniel

185 2895 213 2933 ιι
254 2882 476 2938 leonibus
524 2881 785 2936 liberatus
831 2888 951 2945 est;
992 2878 1126 2934 sciat
1163 2876 1250 2932 illa
1294 2885 1575 2947 propterea
1622 2874 1757 2929 facta

177 2974 433 3043 miracula,
456 2985 517 3031 ut
546 2989 645 3030 eos
663 2988 849 3029 verum
877 2971 1045 3027 Deum
1071 2970 1248 3025 colere
1269 2967 1552 3025 crederent
1580 2982 1755 3038 reges,

177 3082 203 3121 a
228 3068 406 3138 quibus
434 3068 489 3124 in
526 3068 621 3123 illa
649 3064 910 3138 supplicia
940 3052 1304 3119 tradebantur.
1335 3061 1447 3117 Hoc
1473 3060 1616 3115 enim
1646 3068 1761 3115 erat

175 3160 221 3214 in
238 3161 441 3217 occulto
462 3158 675 3233 judicio
708 3166 765 3214 et
793 3154 1154 3214 misericordia
1186 3154 1301 3223 Dei,
1330 3163 1390 3210 ut
1416 3153 1519 3209 illis
1547 3152 1760 3223 regibus

175 3267 232 3309 eo
251 3254 405 3310 modo
428 3253 746 3312 consuleret
768 3249 837 3307 ad
862 3252 1108 3306 salutem.
1132 3247 1399 3304 Antiocho
1422 3256 1601 3303 autem
1624 3247 1756 3318 regi,

174 3346 252 3415 qui
272 3345 618 3402 Machameus
646 3343 821 3415 poenis
849 3340 1156 3398 crudelibus
1182 3337 1466 3404 interemit,
1499 3337 1665 3393 noluit
1688 3336 1762 3393 ita

171 3439 457 3505 wnsulere,
495 3438 598 3495 sed
644 3452 831 3493 eorum
865 3433 1261 3508 gloriosissimis
1295 3429 1629 3502 passionibus
1669 3444 1765 3486 cor

169 3528 273 3586 duri
291 3532 433 3604 regis
452 3529 661 3587 acriori
681 3520 969 3607 severitate
991 3522 1218 3596 punivit.
1233 3522 1376 3594 Lege
1397 3521 1762 3590 tamen,etiam

169 3638 292 3679 unus
330 3624 591 3690 illorum,
625 3620 717 3692 qui
762 3628 913 3675 sexto
942 3618 1062 3673 loco
1090 3615 1410 3687 patiebatur,
1436 3613 1562 3685 quid
1601 3613 1761 3669 dicat.

167 3714 235 3770 Ita
254 3717 397 3773 enim
422 3716 700 3785 scriptum
729 3719 814 3769 est
837 3728 851 3765 :
886 3709 949 3764 Et
975 3717 1087 3780 post
1112 3710 1245 3762 hunc
1270 3717 1468 3764 sextum
1505 3706 1765 3777 applicue-

166 3818 294 3862 runt.
354 3806 600 3879 Cumque
649 3804 732 3859 hic
790 3802 1047 3858 tormentis
1093 3800 1408 3855 excruciatus
1458 3805 1764 3864 moreretur,

163 3899 281 3955 dixit
303 3917 323 3956 :
348 3897 486 3955 Noli
517 3908 573 3954 te
597 3895 839 3953 seducere
862 3902 1067 3965 propter
1095 3906 1187 3945 nos
1207 3907 1227 3956 ;
1257 3890 1365 3944 hazc
1396 3889 1616 3960 patimur
1646 3902 1764 3957 pec-

163 4002 323 4050 cantes
343 3994 399 4048 in
425 3992 613 4048 Deum
642 3997 890 4053 nostrum,
913 3995 959 4041 et
983 3989 1119 4058 facta
1144 3991 1260 4039 sunt
1289 3983 1397 4037 lucc
1424 3982 1579 4052 digna
1603 3979 1763 4035 nobis.

164 4082 233 4138 Tu
259 4096 432 4141 autem
475 4082 597 4138 noli
640 4089 689 4135 te
717 4088 897 4151 putare
935 4075 1240 4147 impunitum
1269 4075 1515 4143 futurum,
1546 4071 1631 4142 qui
1671 4070 1768 4124 ad-

163 4196 321 4234 msus
343 4178 523 4233 Deum
552 4185 606 4230 et
631 4172 818 4245 Legem
841 4172 953 4239 eius
978 4167 1168 4241 legibus
1193 4166 1291 4221 tuis
1316 4180 1545 4237 pugnare
1569 4162 1772 4217 uoluisti

157 4272 238 4342 (ll
264 4273 448 4328 Maeli.
473 4287 584 4336 vn,
614 4267 708 4335 i8,
740 4266 808 4321 i9
828 4264 873 4338 ).
904 4262 1067 4319 Vides
1096 4261 1259 4318 etiam
1290 4258 1376 4314 isti
1404 4273 1563 4328 quam
1593 4255 1771 4311 humi-

162 4364 275 4420 liter
296 4375 353 4420 et
379 4361 675 4420 veraciter
696 4357 924 4428 sapiant,
952 4354 1041 4425 qui
1071 4368 1168 4424 pro
1196 4350 1427 4424 peccatis
1454 4348 1564 4403 suis
1588 4362 1647 4404 se
1676 4346 1773 4402 ﬁa-

157 4455 336 4527 gellari
366 4473 400 4512 ι
439 4454 692 4511 Domino
731 4448 1088 4505 conﬁtentur:
1120 4445 1186 4500 de
1222 4459 1329 4516 quo
1370 4442 1626 4513 scriptum
1668 4450 1770 4509 est,

164 4546 314 4610 Quem
353 4548 505 4602 enim
548 4541 725 4613 diligit
762 4538 1012 4595 Dominus
1051 4536 1257 4607 corripit
1296 4533 1480 4609 (Prov.
1523 4548 1602 4601 tu,
1643 4530 1772 4604 l2);

157 4640 383 4713 ﬂagellat
401 4648 598 4695 autem
620 4650 817 4690 omnem
833 4632 995 4703 ﬁlium
1009 4646 1157 4703 quem
1176 4629 1352 4700 recipit
1374 4626 1560 4700 (Hebr.
1576 4642 1673 4695 xu,
1690 4626 1772 4699 6):

161 4735 293 4791 unde
315 4745 375 4791 et
397 4729 737 4807 Apostolus,
763 4726 826 4783 Si
850 4726 984 4782 enim
1010 4724 1341 4795 nosmetipsos
1354 4723 1724 4793 judicaremus,
1747 4739 1779 4775 a

159 4826 376 4888 Domino
398 4845 514 4886 non
542 4821 1106 4895 utiquejudicaremur.
1130 4816 1256 4876 Cum
1272 4815 1568 4888 judicamur
1590 4823 1756 4869 autem

216 5050 497 5162 2::le
514 5043 1145 5105 Edd.deest,supeream;
1176 5036 1568 5087 habeturautem
1601 5035 1779 5086 inMss.

378 5125 513 5162 nx.
1065 5161 1073 5162 ,
1206 5160 1216 5162 _
1285 5161 1292 5162 ,

162 5118 1785 5236 “3333:1342tradideris-ﬁedmeli®9l8ﬁ®¢,t'8§~zetaffe-

160 5221 554 5299 Misit—sxta
572 5246 699 5282 ux.
722 5228 800 5280 me
820 5222 1080 5286 chronises,
1117 5221 1457 5293 et'vulgatam,
1479 5233 1539 5271 ne
1559 5221 1780 5291 moreris.

211 5253 408 5364 ,ξρνειέ
444 5304 581 5364 iam.
623 5292 812 5364 actem
850 5289 943 5364 1'99
979 5281 1785 5364 lese

159 5343 779 5424 ἅτδδᾶλέθυείδθθ
800 5348 1093 5424 κτθθιθΨ
1114 5344 1417 5424 έέἕῖὲθῖἷξίῗξῑ
1427 5343 1649 5424 Ἦῗῗξξῖθ
1668 5343 1784 5424 Ψ⁹

157 5405 549 5481 ῗηῗέηῖιᾟὶί,
561 5405 703 5478 λεωά
720 5405 826 5467 lum
840 5405 1092 5484 ξθίιιλίίυνε
1115 5405 1781 5484 νίλέεβῖνεηξλξίέηεέφῖῗζιξεὶἓς·

160 5467 637 5537 Yfﬁ—iovem
656 5467 783 5543 νὸειν
993 5484 1101 5543 sum
1136 5470 1201 5521 αδ
1224 5467 1296 5543 ,ιέν
1322 5469 1428 5520 haec
1446 5469 1649 5543 ιιιειινεε
1662 5467 1786 5543 ﬁlii:

159 5527 746 5600 Ηιὶῖέώῗιῐαὴὶ
761 5527 809 5591 ἐι
823 5532 1029 5600 Vaticana
1202 5532 1263 5583 de
1283 5527 1788 5600 sumis_.4ngelortltn

676 5594 1295 5677 @MIWMﬂ’éuﬂ
1317 5592 1787 5677 LQ'IQZ‘FE'L'E‘ZLE".

156 5651 790 5725 533%
802 5651 892 5714 ’ἀι
912 5672 1118 5711 mrore
1151 5651 1295 5720 a'quo
1321 5651 1531 5725 nimium
1554 5652 1787 5725 tenebar;

155 5715 739 5799 mdiaﬁsénmm
760 5737 867 5799 non
878 5727 996 5775 satis
1015 5715 1243 5799 cqnsona't
1268 5715 1690 5799 sacro‘textuinugt:
1705 5728 1784 5799 re:

756 5799 786 5838 a
829 5794 936 5837 Mss.
978 5784 1192 5835 melioris
1230 5788 1351 5829 nota?
1403 5786 1451 5825 et
1476 5780 1535 5825 ah
1577 5776 1788 5827 editione

407 5941 680 6010 8mm.
714 5937 994 6003 Accusa.
1043 5932 1125 5999 ll.

1323 361 1804 420 EPISTOLARUM
1844 361 2126 419 CLASSlS
2163 361 2229 417 ll.

3325 368 3432 425 426

1845 495 1877 533 a
1917 476 2139 536 Domino
2167 480 2488 551 corripimur,
2520 496 2584 536 ne
2610 497 2723 535 cum
2766 482 2858 536 hoc
2901 484 3090 539 mundo
3130 485 3433 541 damnemur

1849 576 1894 650 (Ι
1913 575 2033 632 Cor.
2055 592 2132 641 ιι,
2156 576 2243 639 3i,
2269 575 2384 646 52).

1918 669 1972 724 6.
2006 668 2131 723 Huic
2156 667 2384 723 ﬁdeliter
2409 667 2547 739 lege,
2572 667 2801 724 ﬁdeliter
2825 668 3075 739 praedico,
3096 682 3153 726 et
3178 681 3433 741 quantum

1848 770 2000 833 potes
2024 776 2154 817 cave
2172 802 2188 829 ,
2216 770 2271 817 et
2294 761 2588 817 cavendum
2618 761 2751 817 doce
2770 804 2785 828 ,
2813 778 2881 817 ne
2906 763 3159 818 adversus
3190 765 3355 820 Deum
3382 767 3437 821 in

1827 854 1931 910 'ltis
1967 855 2348 912 tentationibus
2381 865 2435 910 et
2470 855 2897 912 tribulationibus
2927 868 3308 915 murmuretur.
3332 858 3437 915 Bo-

1848 961 1948 1002 nos
1975 946 2110 1003 dicis
2141 947 2234 1002 Dei
2263 962 2449 1003 servos
2475 955 2530 1002 et
2558 946 2739 1002 ﬁdeles
2767 957 2821 1002 et
2844 958 3077 1012 sanctos,
3106 949 3280 1020 gladio
3314 950 3438 1004 bar-

1847 1037 2099 1094 barorum
2144 1047 2469 1108 peremptos.
2496 1036 2632 1107 Quid
2658 1047 2835 1093 autem
2864 1039 3104 1108 interest,
3142 1052 3318 1096 utrum
3345 1056 3440 1099 eos

1849 1129 2012 1186 febris
2039 1145 2105 1185 an
2135 1130 2335 1186 ferrum
2365 1130 2434 1187 de
2458 1146 2683 1202 corpore
2717 1132 2977 1187 solverit?
3012 1133 3125 1188 Non
3155 1151 3258 1204 qua
3285 1151 3441 1191 occa-

1848 1221 1999 1277 sione
2022 1229 2235 1287 exeant,
2264 1222 2358 1278 sed
2384 1223 2568 1293 quales
2595 1224 2663 1278 ad
2688 1239 2748 1279 se
2771 1235 2961 1279 exeant
2982 1225 3240 1282 Dominus
3265 1237 3442 1283 atten-

1847 1312 1926 1369 dit
1952 1314 2005 1369 in
2030 1315 2201 1370 servis
2238 1315 2382 1380 suis,
2414 1316 2515 1369 nisi
2558 1316 2702 1385 quod
2743 1317 3000 1386 majorem
3033 1317 3193 1373 habet
3234 1334 3443 1389 poenam

1848 1407 2073 1478 languor
2111 1407 2396 1463 diuturnus
2419 1424 2578 1479 quam
2608 1410 2896 1465 citissimus
2932 1410 3142 1465 exitus:
3175 1421 3229 1466 et
3265 1422 3445 1469 tamen

1849 1500 2011 1556 etiam
2054 1500 2225 1571 ipsum
2257 1501 2565 1571 languorem
2592 1500 2899 1555 diuturnum
2928 1511 2983 1556 et
3012 1502 3334 1559 horrendum
3365 1506 3446 1560 le-

1849 1590 2043 1662 gimus,
2069 1591 2278 1661 qualem
2308 1606 2496 1661 passus
2519 1601 2601 1647 est
2624 1591 2726 1647 Job
2750 1592 2857 1659 ille,
2885 1592 3039 1661 cujus
3064 1603 3208 1647 certe
3229 1594 3448 1663 justitire

1852 1681 1993 1737 Deus
2030 1684 2145 1753 ipse
2183 1682 2273 1753 qui
2317 1682 2426 1738 falli
2474 1699 2579 1739 non
2625 1692 2822 1753 potest,
2866 1684 2974 1741 tale
3012 1684 3256 1755 perhibet
3303 1688 3450 1742 testis

1852 1778 2112 1828 monium.
3484 1778 3487 1779 ⁷

1926 1865 1979 1920 7.
2020 1866 2345 1922 Gravissima
2396 1882 2527 1923 sane
2570 1877 2624 1922 et
2680 1869 2902 1924 multum
2953 1870 3179 1925 dolenda
3234 1881 3315 1927 est
3362 1872 3450 1927 illa

1853 1959 2132 2029 captivitas
2163 1960 2475 2015 feminarum
2504 1973 2769 2015 castarum
2797 1970 2956 2032 atque
2990 1973 3291 2017 sanctarum
3312 2005 3328 2029 ,
3356 1965 3449 2020 sed

1855 2064 1963 2106 non
2001 2058 2083 2106 est
2124 2050 2367 2121 captivus
2412 2067 2594 2106 earum
2641 2052 2799 2117 Dens,
2843 2066 2942 2106 nec
2981 2053 3216 2123 captivas
3253 2053 3452 2110 deserit

1856 2155 2001 2206 suas,
2034 2141 2077 2196 si
2116 2142 2264 2196 novit
2302 2156 2445 2197 suas.
2476 2142 2605 2197 Nam
2647 2153 2699 2197 et
2740 2142 2817 2196 illi
2859 2143 3026 2197 sancti
3066 2160 3291 2213 quorum
3330 2161 3452 2215 pas-

1856 2232 2038 2289 siones
2064 2242 2121 2288 et
2157 2232 2522 2289 confessiones
2560 2234 2626 2288 de
2665 2233 2953 2304 Scripturis
2985 2238 3182 2289 sanctis
3210 2252 3450 2292 comme-

1860 2327 2092 2393 moravi,
2124 2326 2191 2381 ab
2217 2325 2458 2381 hostibus
2499 2327 2643 2382 ducti
2672 2336 2832 2397 atque
2859 2328 2910 2381 in
2938 2328 3242 2397 captivitate
3272 2331 3451 2399 positi,

1859 2417 1952 2472 illa
1989 2417 2238 2473 dixerunt
2272 2435 2393 2489 quae
2428 2419 2727 2489 conscripta
2757 2418 3063 2491 legerentur
3100 2435 3130 2473 a
3178 2420 3331 2475 nobis
3354 2463 3368 2489 ,
3400 2433 3457 2477 ut

1859 2509 2185 2566 disceremus
2211 2512 2450 2581 captivos
2477 2511 2571 2566 Dei
2601 2525 2787 2566 servos
2826 2526 2932 2565 non
2968 2511 3142 2566 deseri
3169 2529 3198 2566 a
3230 2512 3457 2570 Domino

1860 2620 1977 2660 suo.
2008 2603 2163 2660 Unde
2191 2614 2368 2660 autem
2409 2605 2607 2660 scimus
2637 2604 2764 2675 quid
2806 2605 2964 2658 etiam
2996 2619 3092 2673 per
3120 2605 3249 2659 istas
3285 2608 3459 2660 omni-

1862 2708 2053 2769 potens
2078 2706 2132 2751 et
2154 2697 2459 2752 misericors
2485 2697 2626 2752 Deus
2653 2696 2707 2751 in
2732 2697 2847 2766 ipsa
2876 2704 3014 2750 terra
3040 2695 3314 2751 barbarica
3341 2697 3458 2753 ﬁeri

1865 2790 1992 2846 velit
2031 2788 2352 2846 mirabilium
2397 2788 2659 2845 suorum?
2685 2787 2912 2842 Tantum
2959 2803 3065 2842 non
3108 2788 3332 2844 cessetis
3361 2804 3459 2859 pro

1863 2884 1968 2940 illis
1993 2883 2342 2955 ingemiscere
2368 2882 2435 2937 ad
2463 2882 2655 2949 Deum,
2676 2889 2731 2936 et
2755 2895 2995 2951 qumrere
3023 2890 3276 2951 quantum
3309 2891 3461 2952 pote-

1864 2978 1981 3046 stis,
2012 2987 2064 3033 et
2092 2986 2346 3049 quantum
2376 2977 2490 3047 ipse
2516 2973 2808 3046 permittit,
2836 2989 2955 3029 cum
2983 2985 3192 3045 tempus
3216 2984 3270 3030 et
3300 2975 3462 3030 facul-

1865 3080 2028 3131 tatem
2057 3070 2285 3137 dederit,
2308 3069 2434 3140 quid
2461 3069 2527 3124 de
2559 3070 2662 3124 illis
2685 3069 2880 3125 factum
2908 3068 2995 3132 sit,
3026 3067 3108 3123 vel
3136 3084 3255 3137 quae
3283 3076 3461 3123 vestra

1866 3163 2070 3234 possint
2097 3162 2293 3217 habere
2316 3161 2525 3215 solatia.
2550 3159 2681 3214 Nam
2708 3158 2777 3214 de
2804 3157 3039 3214 Sitifensi
3072 3160 3088 3190 ί
3113 3168 3235 3213 ante
3264 3172 3462 3229 paucos

1866 3269 2036 3310 annos
2062 3253 2247 3310 Severi
2275 3253 2509 3324 episcopi
2536 3251 2710 3322 neptis
2736 3250 3154 3306 sanctimonialis
3173 3265 3201 3302 a
3223 3249 3462 3305 barbaris

1866 3347 2024 3405 ducta
2053 3357 2133 3404 est
2154 3389 2169 3414 ,
2211 3356 2264 3403 et
2293 3362 2390 3418 per
2418 3345 2715 3401 mirabilem
2757 3346 2848 3401 Dei
2889 3342 3311 3399 misericordiam
3340 3358 3461 3397 cum

1868 3442 2073 3499 honore
2110 3456 2303 3513 magno
2342 3441 2454 3497 suis
2492 3438 2799 3511 parentibus
2836 3439 3079 3493 restituta
3117 3446 3219 3492 est.
3266 3436 3463 3490 Domus

1869 3536 2011 3591 enim
2038 3535 2125 3590 illa
2154 3533 2501 3589 barbarorum
2527 3531 2615 3586 ubi
2645 3530 2854 3600 captiva
2882 3530 3118 3599 ingressa
3154 3536 3256 3594 est,
3288 3525 3461 3581 subita

1869 3627 2028 3699 coepit
2076 3626 2413 3682 dominorum
2458 3623 2764 3679 infirmitate
2806 3622 3015 3693 jactari,
3060 3620 3131 3675 ita
3178 3627 3238 3674 ut
3278 3634 3467 3675 omnes

1872 3720 1973 3791 ipsi
2002 3717 2247 3785 barbari,
2277 3726 2385 3773 tres
2411 3716 2512 3772 nisi
2542 3714 2721 3782 fallor,
2749 3714 2832 3769 vel
2857 3713 3084 3782 amplius
3110 3712 3301 3767 fratres
3320 3753 3334 3777 ,
3369 3726 3450 3781 pe~

1872 3811 2254 3887 riculosissima
2299 3810 2603 3865 inﬁrmitate
2644 3808 2967 3863 laborarent.
3012 3806 3248 3872 Quorum
3298 3812 3466 3858 mater

1873 3902 2247 3959 animadvertit
2286 3901 2514 3972 puellam
2545 3901 2653 3955 Deo
2685 3898 2917 3955 deditam
2938 3938 2953 3963 ,
2982 3906 3035 3953 et
3062 3896 3287 3952 credidit
3324 3896 3466 3966 quod

1876 3994 1989 4065 ejus
2022 3993 2353 4049 orationibus
2393 3991 2474 4047 sui
2515 3991 2604 4045 ﬁlii
2644 3997 2863 4060 possent
2897 3988 3323 4058 abjntminentis
3355 3986 3466 4055 jam

1877 4088 2063 4143 mortis
2104 4085 2339 4155 periculo
2378 4082 2630 4148 liberari;
2678 4082 2863 4151 petivit
2906 4088 2964 4134 ut
3004 4087 3181 4132 oraret
3224 4094 3320 4148 pro
3363 4077 3462 4143 eis,

1878 4180 2133 4253 pollicens
2159 4177 2298 4248 quod
2319 4219 2332 4243 ,
2362 4177 2405 4232 si
2432 4175 2563 4231 salvi
2593 4174 2714 4229 facti
2744 4182 2922 4229 essent
2942 4215 2956 4239 ,
2987 4188 3103 4228 eam
3134 4174 3243 4227 suis
3272 4186 3464 4241 paren-

1880 4274 2017 4329 tibus
2046 4271 2352 4327 redderent.
2381 4267 2651 4341 Jejunavit
2676 4266 2764 4322 illa
2804 4275 2859 4322 et
2895 4265 3098 4331 oravit,
3129 4274 3184 4320 et
3222 4264 3465 4319 exaudita

1878 4368 2130 4423 continuo
2176 4374 2279 4421 est.
2312 4365 2393 4420 Ad
2442 4362 2544 4418 hoc
2586 4362 2728 4417 enim
2772 4360 2965 4414 factum
3012 4367 3163 4425 erat,
3214 4365 3467 4428 quantum

1881 4463 2057 4516 exitus
2084 4457 2391 4514 docuit.qu
2417 4456 2488 4511 illi
2516 4466 2621 4511 tam
2659 4453 2938 4525 repentino
2971 4451 3063 4506 Dei
3091 4451 3351 4507 beneﬁcio
3381 4466 3471 4505 sa-

1880 4552 1991 4607 lute
2032 4560 2317 4623 percepta,
2362 4549 2617 4604 mirantes
2656 4561 2774 4601 eam
2822 4556 2875 4601 et
2919 4547 3281 4611 honorantes,
3326 4541 3470 4613 quod

1882 4663 2065 4703 eorum
2095 4655 2264 4701 mater
2288 4642 2605 4714 promiserat
2633 4638 3003 4710 impleverunt.

1955 4740 2007 4796 8.
2048 4738 2151 4794 Ora
2192 4751 2319 4807 ergo
2360 4735 2525 4790 Deum
2566 4747 2663 4803 pro
2691 4732 2789 4798 eis,
2830 4738 2883 4785 et
2908 4743 3032 4798 roga
3062 4735 3120 4781 ut
3144 4727 3303 4781 etiam
3332 4725 3472 4794 ipsas

1885 4834 2076 4889 doceat
2103 4828 2228 4885 talia
2254 4826 2462 4894 dicere,
2491 4823 2664 4896 qualia
2703 4837 2863 4893 supra
2902 4827 3229 4875 memoratus
3256 4826 3473 4871 sanctus

1888 4924 2126 4989 Azarias,
2155 4922 2292 4976 inter
2315 4925 2510 4975 caetera
2548 4917 2601 4972 in
2640 4916 2880 4971 oratione
2918 4920 2973 4967 et
3009 4910 3346 4967 confessione
3379 4925 3473 4965 sua

1887 5019 2021 5077 fudit
2045 5016 2111 5073 ad
2135 5017 2321 5071 Deum.
2348 5012 2440 5070 Sic
2462 5012 2604 5068 enim
2630 5018 2757 5066 sunt
2782 5008 2883 5063 ill-.e
2910 5006 2961 5060 in
2991 5015 3131 5061 terra
3156 5004 3475 5076 captivitatis

1888 5126 2029 5177 suae,
2058 5104 2326 5178 quomodo
2363 5112 2517 5160 erant
2542 5102 2619 5157 illi
2649 5101 2702 5155 in
2728 5114 2791 5155 ea
2820 5107 2957 5153 terra
2979 5138 2993 5163 ,
3023 5096 3110 5150 tibi
3140 5110 3240 5152 nec
3265 5094 3471 5151 sacrifi-

1889 5217 2015 5259 care
2043 5214 2191 5257 more
2219 5212 2318 5254 suo
2350 5202 2596 5267 poterant
2627 5190 2850 5246 Domino
2870 5230 2884 5254 ,
2917 5188 3053 5243 sicut
3078 5202 3178 5243 nec
3207 5187 3320 5241 ista:
3347 5201 3472 5255 pos-

1889 5303 2033 5360 sunt,
2065 5292 2148 5350 vel
2174 5290 2315 5347 ferre
2340 5288 2661 5345 oblationem
2688 5284 2753 5339 ad
2785 5283 2953 5338 altare
2983 5282 3095 5345 Dei,
3127 5280 3210 5335 vel
3236 5277 3473 5335 invenire

1891 5389 1962 5445 ibi
2000 5384 2330 5443 sacerdotem
2371 5396 2464 5453 per
2504 5392 2662 5451 quem
2702 5375 2930 5433 oﬁ'erant
2966 5374 3097 5429 Deo.
3136 5371 3306 5426 Donet
3345 5381 3475 5438 ergo

1889 5479 1971 5539 eis
2003 5476 2260 5535 Dominus
2284 5481 2345 5530 ut
2370 5472 2421 5530 ei
2446 5471 2654 5538 dicant,
2680 5465 2822 5540 quod
2847 5464 3066 5522 Azarias
3094 5460 3227 5517 dixit
3261 5460 3316 5515 in
3345 5472 3474 5515 con-

1957 5650 1974 5681 ι
2010 5652 2142 5706 Lov.,
2164 5655 2278 5706 nam
2308 5638 2557 5704 Sitifensis.
2576 5636 2811 5706 uada/tm.
2833 5638 3130 5706 eternium
3142 5624 3476 5706 suggessit

1891 5688 2549 5760 adiuuantium
2568 5698 2628 5747 de
2653 5692 2882 5760 scirem,
2901 5689 3096 5760 supple.
3142 5688 3475 5760 regionetvel

1893 5749 2009 5835 quid
2020 5749 2896 5835 uti:in'proximeseguepti
2910 5749 3131 5816 epiétola,
3167 5749 3255 5801 ubi
3274 5749 3479 5817 legitur,

1897 5816 2013 5898 ab;
2032 5816 2084 5888 in
2104 5816 2325 5885 suam
2348 5816 2426 5879 vel
2437 5816 2911 5889 Hipponiensi/tabes.

2750 5899 3157 5985 (Quamne)
