3990 6440
234 298 318 360 429

230 427 328 470 ecce
366 408 534 475 iteme
579 399 786 464 scribo;
817 412 924 454 non
966 397 1137 453 solum
1178 395 1469 451 Eximietas
1514 404 1632 462 tua,
1664 393 1757 449 sed

228 504 353 561 etiam
378 500 493 569 ipse,
524 493 759 565 quisquis
788 491 876 546 ille
899 499 1000 555 est,
1034 490 1083 543 in
1106 489 1259 559 cujus
1286 505 1443 543 causa
1478 489 1760 544 Faventius

227 596 288 652 sic
312 604 465 662 raptus
488 596 586 651 est,
610 585 801 640 merito
827 599 911 638 me
940 583 1196 652 culpabit,
1223 591 1275 637 et
1306 598 1447 637 recte
1473 582 1763 650 reprelien-

224 687 324 743 det:
361 680 585 751 judicans
611 677 818 746 utique,
854 674 897 729 si
927 676 1085 728 etiam
1122 674 1232 743 ipse
1261 672 1327 726 ad
1363 672 1618 725 auxilium
1655 670 1760 725 Ec-

226 778 367 835 clesire
391 768 703 837 confugisset
726 810 740 833 ,
779 768 821 821 si
850 766 899 821 ei
930 766 1102 819 simile
1133 764 1328 833 aliquid
1358 764 1656 827 accidiSset,
1690 763 1758 816 ita

229 886 291 925 me
315 867 452 921 fuisse
476 862 544 936 ab
566 861 685 931 ejus
716 860 1031 914 necessitate
1063 867 1115 911 et
1145 856 1482 911 tribulatione
1505 856 1558 910 di
1590 856 1759 908 simu-

224 963 424 1018 laturinn.
449 953 662 1020 Deinde,
679 954 721 1008 si
745 953 1021 1007 hominum
1039 951 1358 1005 existimatio
1374 948 1759 1005 contemnenda

220 1064 298 1112 est,
322 1053 402 1122 ipsi
426 1048 644 1103 Domino
676 1048 783 1101 Deo
812 1058 993 1099 nostro
1024 1043 1150 1114 quid
1179 1042 1372 1105 dicam,
1400 1051 1451 1097 et
1480 1058 1636 1112 quam
1676 1057 1762 1095 ra—

222 1147 376 1215 tionein
411 1141 621 1199 reddam
643 1182 659 1206 ,
684 1140 725 1207 si
766 1147 1020 1210 quantum
1068 1149 1285 1209 possum
1326 1150 1432 1199 non
1468 1150 1630 1205 egero
1664 1149 1761 1207 pro

220 1238 308 1313 ejus
330 1237 496 1298 salute,
528 1233 618 1303 qui
648 1247 705 1291 se
736 1229 1013 1301 Ecclesia,
1042 1229 1126 1283 cui
1156 1228 1331 1283 servio
1352 1271 1368 1288 ,
1393 1228 1642 1295 tuendum
1669 1226 1760 1299 ad-

217 1319 557 1401 juvandunngue
587 1322 874 1391 Commisit,
907 1321 1124 1376 domine
1150 1319 1494 1391 dilectissime
1521 1327 1575 1373 et
1604 1334 1760 1395 vene-

218 1420 362 1487 rabilis
387 1414 487 1471 fili?
516 1414 666 1485 Rogo
697 1414 875 1482 itaque
906 1411 1288 1481 Benignitatem
1319 1421 1480 1474 tuam,
1512 1410 1759 1479 quoniam

214 1492 388 1581 didiciie
412 1517 459 1560 et
488 1490 801 1560 incredibile
842 1511 943 1565 est,
976 1512 1035 1579 ut
1060 1517 1165 1569 non
1191 1504 1300 1577 jam
1330 1501 1408 1555 vel
1443 1500 1652 1553 noveris
1679 1499 1761 1563 vel

217 1584 340 1671 ιιιιεέε
372 1599 531 1669 possis
566 1598 617 1651 in
655 1611 757 1666 qua
790 1608 948 1661 causa
992 1593 1238 1648 detentus
1279 1592 1345 1645 sit
1368 1634 1380 1652 ,
1413 1592 1511 1645 hoc
1551 1591 1760 1653 interim

216 1691 322 1763 apud
354 1690 701 1762 apparitorem
746 1686 834 1756 qui
879 1701 998 1739 eum
1034 1692 1210 1749 tenet,
1251 1682 1557 1753 petitionem
1590 1696 1760 1735 meam

213 1768 417 1853 adjuvare
437 1780 691 1850 digneris,
714 1790 766 1831 ut
793 1777 950 1833 faciat
969 1777 1106 1848 quod
1130 1776 1465 1844 Imperatoris
1490 1775 1759 1844 lege'prm-

214 1876 455 1947 cipitur(a)
481 1891 492 1926 :
524 1884 583 1927 ut
609 1888 732 1927 eum
764 1870 902 1941 apud
930 1872 1059 1923 Aeta
1084 1868 1416 1938 municipalia
1450 1867 1761 1947 interrogari

212 1944 361 2033 faciat,
386 1978 552 2022 utrum
594 1966 693 2021 sibi
732 1964 857 2019 velit
896 1963 1009 2017 dies
1041 1961 1249 2033 triginta
1291 1960 1541 2024 concedi,
1574 1944 1763 2033 quibus

210 2040 305 2133 agat
322 2060 407 2114 sub
430 2058 699 2112 moderata
722 2056 961 2109 custodia
986 2056 1034 2108 in
1059 2069 1119 2107 ea
1140 2052 1355 2107 civitate
1380 2052 1428 2105 in
1457 2068 1556 2120 qua
1580 2050 1763 2104 deten-

211 2134 395 2221 tttsest,
426 2161 479 2205 ut
510 2166 607 2207 sua
635 2148 872 2214 ordinet,
906 2154 1252 2215 sumptusque
1282 2144 1574 2214 provideat.
1617 2141 1759 2211 Quo-

210 2258 301 2309 rum
322 2243 512 2298 dierum
541 2241 742 2312 spatio,
777 2250 861 2294 tua
898 2239 1051 2292 nobis
1080 2246 1348 2291 annuente
1374 2235 1760 2299 benevolentia,

210 2335 247 2407 si
270 2337 368 2403 ejus
392 2351 605 2391 causam
637 2335 805 2388 amica
833 2332 1214 2402 disceptatione
1244 2330 1393 2384 linire
1416 2329 1760 2401 potuerimus,

204 2412 551 2513 gnitulabimur
578 2445 589 2480 :
615 2427 657 2480 si
690 2435 865 2493 autem
893 2440 996 2499 non
1021 2423 1369 2494 potuerimus,
1390 2421 1623 2476 inveniet
1644 2410 1763 2475 eum

204 2520 352 2599 exitus
374 2519 688 2591 judiciorum
717 2517 805 2587 qui
839 2516 1091 2589 placuerit
1122 2516 1245 2579 Deo,
1277 2513 1568 2569 secundum
1590 2528 1765 2566 causae

208 2610 345 2691 ip~ius
382 2614 627 2681 meritum
669 2610 749 2666 vel
788 2610 995 2687 Domitii
1030 2608 1532 2679 orrinipoteiitissiriii
1576 2607 1764 2683 volun-

211 2709 364 2757 tatem.

205 2757 283 2789 wh.

638 2833 973 2891 EPISTOLA
1010 2832 1173 2889 CXIV
1194 2832 1301 2902 (ὁ).

328 2965 401 3043 Ad
424 2966 785 3023 Florentinum
813 2982 965 3039 super
992 2964 1166 3019 eadem
1194 2981 1346 3017 causa
1377 2963 1623 3018 Favenlii.

202 3097 404 3157 Domino
443 3101 798 3158 dilectissimo
842 3100 953 3154 filio
986 3100 1326 3154 FLORENTINO
1348 3138 1363 3163 ,
1395 3098 1765 3159 AUGUSTINUS,

676 3194 727 3248 iu
762 3192 985 3248 Domino
1013 3190 1259 3245 salutem.

259 3332 405 3399 Cujus
428 3331 714 3405 potestatis
737 3329 977 3398 jussione
1003 3325 1318 3380 Faventium
1353 3323 1594 3393 rapueris
1614 3365 1629 3389 ,
1660 3323 1771 3392 ipse

201 3420 404 3477 Videris:
431 3425 535 3477 hoc
560 3432 737 3475 autem
765 3420 897 3483 scio,
924 3419 1064 3489 quod
1095 3418 1268 3471 omnis
1300 3425 1531 3488 potestas
1556 3416 1654 3469 sub
1678 3417 1772 3469 itu-

194 3514 327 3597 peric
353 3515 664 3587 constituta,
691 3509 1025 3581 imperatoris
1047 3509 1127 3562 sui
1152 3508 1354 3579 legibus
1374 3508 1555 3561 servit.
1580 3504 1775 3572 Quam-

200 3604 268 3659 vis
284 3608 523 3678 ergojam
547 3621 641 3676 per
661 3604 874 3657 fratrem
894 3610 946 3655 et
960 3600 1446 3671 compresbyterum
1466 3614 1641 3652 meum
1655 3598 1774 3652 Cu:-

200 3693 421 3751 lestinum
452 3696 694 3751 miserim
726 3694 929 3763 legem,
967 3707 1123 3760 quam
1168 3689 1381 3760 quidem
1413 3697 1467 3743 et
1492 3700 1770 3757 antequam

198 3786 444 3843 mitterem
465 3832 477 3852 ,
512 3788 763 3858 ignorare
793 3787 970 3853 utique
1000 3798 1102 3836 non
1134 3782 1358 3835 deberes
1381 3824 1394 3847 ,
1425 3798 1523 3850 qua
1552 3796 1773 3834 conces—

195 3892 296 3934 sum
327 3888 409 3936 est
446 3882 527 3936 eis
558 3880 648 3950 qui
683 3877 1062 3949 praecipiuntur
1089 3875 1155 3928 ab
1182 3874 1355 3942 aliqua
1400 3883 1660 3943 potestate
1685 3874 1773 3940 ju-

197 3969 330 4025 diciis
355 3972 623 4035 exhiberi,
660 3980 714 4024 ιιι
748 3969 811 4023 ad
844 3968 1001 4023 Gesta
1033 3965 1366 4034 municipalia
1400 3964 1772 4034 perducantur,

194 4069 334 4132 atque
360 4063 470 4117 illic
514 4064 910 4131 interrogentur
936 4065 1111 4111 utrmu
1148 4057 1315 4109 velint
1343 4056 1552 4125 triginta
1578 4056 1692 4108 dies
1724 4056 1774 4109 in

196 4167 248 4206 ea
266 4157 475 4225 civitate
500 4155 589 4210 ubi
614 4162 879 4216 tenentur,
904 4166 1062 4220 agere
1090 4150 1187 4204 sub
1215 4149 1485 4203 moderata
1515 4149 1772 4213 custodia,

193 4244 252 4299 ad
278 4248 538 4316 parandos
567 4248 665 4300 sibi
692 4245 913 4307 fruetus,
939 4244 1019 4297 vel
1054 4258 1164 4297 rem
1197 4256 1368 4305 suam,
1397 4242 1531 4293 sient
1561 4255 1776 4295 necesse

197 4333 337 4391 fuerit
358 4381 372 4401 ,
401 4336 787 4398 ordinandam;
826 4350 944 4405 qua:
975 4335 1090 4395 lex.
1122 4334 1257 4388 sicut
1286 4332 1412 4386 mihi
1455 4341 1777 4385 memoratus

197 4430 462 4502 presbyter
495 4428 849 4486 renuntiavit.
882 4434 987 4480 tum
1019 4424 1259 4496 religioni
1302 4423 1516 4477 recitata
1547 4432 1627 4475 est
1656 4440 1666 4474 :
1702 4430 1776 4475 ta-

196 4534 304 4575 men
331 4525 496 4577 etiam
527 4536 667 4574 nunc
695 4535 809 4572 eam
836 4532 955 4572 cum
981 4515 1065 4569 his
1093 4514 1279 4569 litteris
1310 4512 1594 4569 identidem
1626 4514 1774 4577 misi;

198 4628 290 4669 non
319 4626 528 4670 terrens
550 4654 566 4680 ,
599 4612 693 4667 sed
726 4626 915 4681 rogans
936 4651 950 4676 ,
974 4617 1026 4663 et
1066 4624 1159 4677 pro
1190 4606 1402 4659 homine
1435 4607 1660 4659 humane
1682 4647 1695 4669 ,
1726 4617 1777 4659 et

197 4707 473 4778 episcOpali
513 4702 874 4759 misericordia
896 4743 910 4766 ,
938 4707 1193 4770 quantum
1236 4698 1347 4766 ipsa
1393 4697 1650 4766 permittit
1679 4696 1775 4748 Ιιιι-

196 4796 410 4852 inanitas
449 4805 508 4852 et
546 4796 735 4867 pietas,
769 4792 1127 4851 iuterccdens,
1157 4788 1370 4842 domine
1398 4789 1487 4853 liti,
1516 4797 1571 4840 ut
1597 4798 1648 4841 et
1677 4788 1777 4841 hoc

197 4888 567 4942 existimationi
596 4896 698 4939 tua:
729 4893 781 4939 et
810 4882 1049 4954 petitioni
1083 4895 1215 4934 meae
1248 4890 1497 4949 praestare
1523 4879 1774 4948 digneris,

188 4986 233 5033 ρει
268 4981 407 5051 quod
437 4979 525 5035 lex
556 4975 897 5046 imperatoris
928 4973 1096 5044 jubet,
1124 4970 1275 5041 cujus
1302 4970 1606 5039 reipublicm
1638 4971 1775 5024 mili-

195 5080 287 5147 tes,
314 5088 436 5128 meo
468 5086 678 5143 quoque
702 5071 997 5124 interventu
1021 5073 1075 5120 et
1094 5062 1463 5135 deprecatione
1490 5062 1778 5119 accedente

195 5159 359 5243 facere
386 5182 498 5221 non
522 5163 774 5237 graveris.

250 5335 324 5402 (ᾖ
344 5343 516 5402 Exstat
530 5351 676 5402 super
698 5338 787 5386 hac
804 5350 861 5402 re
885 5337 1015 5402 terra
1032 5334 1298 5402 Theodosio
1318 5333 1427 5402 data
1444 5333 1522 5402 _30_
1552 5333 1775 5385 decemb.

190 5396 269 5463 ﬂ}.
280 5396 394 5463 380.
416 5396 600 5463 seruili
620 5400 915 5463 Augustinus
937 5397 1013 5446 hic
1041 5399 1199 5463 verba
1230 5404 1335 5463 tere
1368 5396 1605 5463 ij._sissi_ma
1627 5404 1781 5463 recrt

218 5458 390 5525 uerius
415 5461 562 5525 legis,
580 5458 725 5525 quam
746 5462 853 5525 tulit
873 5460 1115 5525 ttonorius
1133 5471 1212 5525 au.
1247 5458 1358 5513 409,
1380 5459 1462 5508 die
1483 5458 1537 5507 ‘21
1572 5459 1778 5520 jauuarii

240 5520 369 5583 :eoe.
390 5520 573 5573 metu.
595 5520 681 5573 tui.
698 5525 749 5583 9,
772 5520 847 5572 in.
868 5520 913 5571 Ξ.
1184 5522 1189 5525 ‘

248 5582 321 5648 (δ)
338 5584 474 5635 Alias
491 5584 575 5635 238
594 5601 605 5635 :
633 5580 744 5648 qum
761 5594 926 5635 autem
939 5584 1027 5634 114
1048 5590 1174 5643 erat,
1193 5594 1320 5633 nunc
1338 5582 1386 5631 5.
1410 5581 1587 5644 Scripta
1604 5580 1779 5632 eodem

191 5647 434 5733 teporo,
461 5656 566 5709 post
581 5647 902 5709 superiorem.

1367 279 1846 351 EPISTULARUM
1883 278 2161 337 CLASSIS
2197 278 2256 336 ll.

2332 392 2662 450 EPIS'I‘OLA
2705 392 2845 450 cxv
2875 396 2974 470 (α).
3416 401 3429 415 ε

1938 485 2018 539 Ad
2045 484 2381 541 Fortunatam
2403 485 2678 541 Cirtenscm
2700 490 3010 560 episcopum,
3037 489 3102 546 de
3118 492 3290 548 eadem
3306 510 3383 550 re.

1868 578 2094 633 Domino
2128 579 2433 635 beatissimo
2467 591 2519 635 et
2548 583 2923 637 venerabiliter
2962 583 3278 640 cbarissimo
3306 586 3456 645 fratri

1937 679 1990 723 et
2016 671 2378 726 consacerdoti
2422 670 2762 738 Fon'rusno,
2789 682 2842 727 et
2866 674 2955 742 qui
2987 682 3163 734 tecum
3201 689 3326 731 sunt
3352 680 3455 733 fra-

1940 763 2131 827 tribus,
2158 765 2511 830 Aucusrtxus,
2540 764 2592 818 in
2626 764 2850 820 Domino
2879 768 3121 822 salutem.

1938 853 2251 909 Faventiam
2287 856 2423 910 bene
2461 855 2608 911 novit
2645 855 2907 911 Sanctitas
2944 868 3026 911 tua
3048 900 3062 923 ,
3091 860 3179 929 qui
3216 860 3453 916 Paratia-

1867 946 2047 1001 nensis
2088 947 2255 1001 Saltus
2297 946 2590 1002 conductor
2631 947 2747 1001 fuit.
2797 947 2879 1011 Is,
2928 964 3047 1003 cum
3091 951 3158 1005 ab
3214 952 3459 1019 ejusdem

1868 1041 2218 1108 possessionis
2260 1040 2477 1095 domino
2525 1041 2707 1095 nescio
2740 1041 2875 1115 quid
2903 1042 3002 1095 sibi
3045 1051 3343 1111 metueret,
3397 1054 3459 1099 ad

1870 1128 2261 1202 llipponeusem
2289 1131 2523 1201 confugit
2552 1130 2863 1196 ecclesiam;
2896 1142 2948 1186 et
2980 1132 3047 1186 ibi
3078 1144 3211 1192 erat.
3244 1144 3300 1189 ut
3328 1152 3437 1190 con

1868 1222 2126 1292 fugientes
2152 1224 2345 1285 solent,
2368 1234 2681 1293 exSpectans
2700 1224 2969 1293 quomodo
2993 1240 3087 1292 per
3110 1225 3453 1281 intercessio.

1868 1328 1985 1366 nem
2012 1323 2245 1367 nostram
2270 1328 2363 1366 sua
2397 1313 2604 1382 negotia
2626 1314 2950 1367 terminaret.
2981 1315 3101 1381 Qui,
3132 1324 3187 1369 ut
3216 1332 3358 1385 srepe
3381 1320 3455 1375 tis.

1870 1419 1961 1471 per
1978 1403 2092 1458 dies
2108 1405 2343 1473 singulos
2358 1405 2532 1457 minus
2548 1404 2826 1473 minusque
2839 1405 3113 1468 sollicitus,
3128 1416 3180 1459 et
3197 1410 3344 1474 quasi
3367 1410 3457 1460 ad-

1866 1494 2102 1546 versario
2123 1503 2366 1548 cessante
2394 1509 2631 1557 securus,
2657 1510 2776 1548 cum
2804 1495 2868 1547 ab
2894 1496 3065 1548 amico
3092 1512 3188 1550 suo
3215 1498 3279 1551 de
3304 1514 3452 1551 cu-na

1866 1584 2229 1655 egrederetur,
2260 1586 2436 1640 subito
2468 1598 2648 1655 raptus
2677 1596 2758 1641 est
2800 1606 2828 1639 a
2869 1587 3176 1641 Florentino
3205 1591 3452 1658 quodam,

1868 1684 1924 1729 ut
1953 1678 2169 1741 dicunt,
2198 1675 2419 1731 Comitis
2456 1677 2696 1741 Ol'liciali,
2730 1694 2824 1747 per
2866 1690 3189 1733 art'naturum
3220 1699 3454 1748 manum,

1867 1779 2061 1838 quanta
2090 1770 2166 1823 eis
2183 1770 2246 1823 ad
2275 1770 2375 1825 hoc
2399 1769 2592 1825 factum
2620 1769 2865 1825 sufficere
2889 1772 3001 1824 visa
3027 1781 3131 1826 est.
3163 1773 3313 1838 Quod
3336 1789 3455 1827 eum

1864 1860 1999 1915 mihi
2018 1863 2335 1926 nuntiatum,
2356 1871 2405 1915 et
2431 1862 2602 1916 adhuc
2621 1878 2649 1915 a
2670 1878 2773 1931 quo
2792 1863 2870 1916 vel
2887 1880 2915 1915 a
2944 1864 3135 1931 quibus
3162 1874 3345 1934 raptus
3360 1869 3461 1920 lue.

1868 1953 1937 2007 rit
1983 1953 2343 2023 ignoraretur,
2371 1954 2603 2022 suspicio
2650 1964 2769 2007 tam
2792 1971 2825 2007 ιι
2855 1965 2997 2010 esset
3034 1956 3101 2011 de
3141 1956 3272 2021 illo,
3300 1975 3458 2028 quem

1868 2056 2113 2100 metuens
2136 2062 2194 2101 se
2216 2062 2319 2116 per
2344 2047 2625 2101 ecclesiam
2654 2048 2927 2111 tuebatur;
2957 2049 3215 2106 eautiqu
3245 2052 3363 2105 misi
3394 2052 3460 2104 ad

1866 2138 2159 2205 tribunum,
2184 2138 2272 2207 qui
2295 2138 2641 2193 custodiendo
2667 2139 2827 2192 littori
2850 2141 3169 2197 constitulus
3195 2153 3294 2197 est.
3322 2143 3463 2197 Misit

1864 2227 2161 2285 militares:
2196 2244 2352 2283 nemo
2381 2230 2547 2297 potuit
2586 2230 2826 2298 reperiri.
2881 2231 2986 2283 Sed
3017 2248 3173 2286 mane
3206 2237 3460 2304 cognovi-

1869 2333 1987 2373 mus
2017 2329 2071 2373 et
2099 2319 2148 2372 in
2179 2335 2281 2388 qua
2312 2319 2471 2373 domo
2503 2321 2678 2383 fuerit,
2702 2332 2755 2374 et
2780 2321 2922 2390 quod
2951 2333 3072 2393 post
3096 2324 3221 2393 galli
3247 2337 3464 2381 cantum

1870 2424 1991 2466 cum
2023 2410 2111 2463 illo
2147 2411 2505 2475 abscesserit,
2534 2412 2623 2481 qui
2665 2428 2785 2466 eum
2822 2424 3081 2468 tenuerat.
3128 2415 3295 2471 Etiam
3344 2418 3466 2473 illuc

1871 2501 1988 2555 misi
2016 2516 2120 2568 quo
2141 2502 2420 2571 dicebatur
2441 2502 2700 2557 abductus
2727 2523 2739 2555 :
2766 2504 2851 2558 ubi
2880 2506 3467 2571 memoratusﬂl‘ﬁcialis

1871 2592 2137 2656 inventus,
2163 2594 2461 2648 concedere
2485 2594 2799 2665 presbytero
2820 2612 2974 2665 quem
3001 2597 3269 2662 miseram,
3299 2602 3468 2655 noluit

1876 2693 1933 2739 ut
1957 2698 2079 2739 eum
2109 2684 2294 2739 saltem
2324 2684 2543 2738 iideret.
2587 2684 2707 2738 Alio
2733 2684 2820 2740 die
2849 2686 2968 2739 misi
3015 2687 3215 2742 litteras
3235 2729 3251 2753 ,
3284 2700 3468 2759 petens

1873 2783 1930 2833 ut
1960 2776 2007 2831 ei
2039 2774 2426 2829 concederetur
2450 2774 2589 2843 quod
2611 2775 2771 2843 jussit
2798 2776 2848 2828 in
2878 2777 3050 2831 causis
3081 2778 3273 2843 talibus
3298 2781 3469 2851 Impe-

1876 2874 2020 2920 rator
2040 2906 2054 2930 ,
2083 2864 2133 2919 id
2176 2874 2258 2919 est
2286 2875 2342 2919 ut
2371 2865 2519 2920 Actis
2568 2866 2974 2935 municipalibus
3016 2868 3473 2940 interrogarentur

1875 2956 1965 3026 qui
2000 2958 2246 3027 praecepti
2278 2956 2470 3011 fuerint
2498 2957 2804 3019 exhibendi,
2831 2967 3003 3012 utrum
3033 2960 3197 3015 velint
3227 2964 3277 3016 in
3309 2978 3371 3017 ea
3390 2963 3472 3022 ci-

1878 3048 2039 3104 vitate
2082 3047 2180 3102 sub
2209 3048 2446 3103 eustodia
2485 3048 2754 3102 moderata
2789 3048 2998 3120 triginta
3042 3051 3159 3106 dies
3201 3068 3391 3122 agere,
3416 3065 3474 3109 ut

1876 3156 1989 3199 rem
2020 3156 2168 3193 suam
2197 3139 2444 3195 ordinent
2466 3140 2545 3194 vel
2580 3151 2877 3211 praeparent
2904 3154 3183 3212 sumptus:
3214 3144 3264 3198 id
3294 3146 3474 3216 utique

1876 3231 2188 3297 existimans
2208 3230 2346 3300 quod
2374 3248 2464 3299 per
2484 3230 2599 3285 dies
2625 3232 2768 3300 ipsos
2792 3247 3068 3301 possemus
3096 3232 3323 3291 fortasse
3347 3252 3477 3292 cau-

1852 3314 1990 3379 sam
2018 3322 2133 3391 ejus
2170 3323 2337 3381 amica
2386 3322 2773 3391 disceptatione
2815 3324 2988 3378 linire.
3028 3324 3147 3380 Jam
3182 3342 3309 3382 vero
3350 3342 3476 3384 cum

1878 3414 1968 3479 illo
1998 3413 2223 3467 Ufliciali
2260 3413 2526 3480 profectus
2566 3412 2756 3467 ductus
2792 3424 2873 3468 est
2900 3435 2911 3467 :
2942 3415 3035 3471 sed
3060 3425 3240 3472 metus
3285 3428 3367 3471 est
3407 3434 3476 3473 ne

1880 3504 2017 3560 forte
2046 3505 2111 3558 ad
2142 3502 2446 3559 Consularis
2481 3504 2764 3573 perductus
2804 3504 3039 3562 officium
3061 3548 3074 3570 ,
3107 3508 3229 3561 mali
3272 3509 3475 3578 aliquid

1881 3599 2125 3667 patiatur.
2166 3596 2337 3652 liabet
2374 3598 2514 3651 enim
2556 3613 2767 3653 causam
2815 3615 2932 3653 cum
2966 3600 3179 3656 homine
3219 3603 3475 3668 pecunio-

1880 3689 2128 3757 sissimo,
2157 3688 2397 3757 quamvis
2434 3688 2628 3756 judicis
2677 3690 2952 3759 integritas
3004 3690 3142 3745 fama
3179 3693 3474 3749 clarissima

1884 3782 2213 3851 pra'dicetur.
2259 3781 2334 3836 Ne
2374 3781 2497 3851 quid
2545 3794 2719 3837 t:nnen
2775 3786 2910 3854 ame
2955 3785 3200 3840 Ofﬁcium
3252 3790 3474 3857 pecunia

1883 3876 2184 3945 praevaleat.
2204 3885 2326 3945 peto
2346 3877 2689 3931 Sanctitatem
2716 3887 2879 3943 tuam,
2894 3878 3111 3933 domine
3132 3882 3476 3937 dilectissime

1880 3976 1935 4033 et
1963 3964 2280 4023 venerabilis
2307 3966 2467 4020 frater
2487 4007 2501 4030 ,
2528 3975 2583 4020 ut
2610 3967 2904 4021 honorabili
2936 3970 3196 4040 nobisque
3217 3972 3473 4026 charissi-

1884 4073 1973 4117 tuo
2000 4056 2277 4115 Consulari
2305 4058 2541 4127 digneris
2568 4060 2777 4113 tradere
2804 4060 3007 4114 litteras
3031 4077 3197 4126 meas,
3223 4072 3276 4117 et
3307 4065 3399 4118 has
3425 4066 3475 4119 ei

1880 4151 2061 4220 legere
2087 4168 2101 4213 ;
2128 4151 2249 4220 quia
2279 4150 2359 4205 bis
2388 4152 2629 4206 eamdem
2669 4168 2882 4207 causam
2912 4155 3180 4211 insinuare
3223 4174 3472 4213 necessa-

1881 4242 2021 4307 rium
2063 4257 2167 4296 non
2206 4258 2324 4298 esse
2360 4243 2647 4297 arbitratus
2672 4260 2820 4311 sum;
2849 4256 2903 4300 et
2928 4246 3043 4316 ejus
3064 4263 3239 4303 causa:
3266 4249 3478 4307 dilferat

1883 4335 2208 4399 audientiam
2228 4376 2242 4401 ,
2270 4334 2519 4405 quoniam
2560 4336 2742 4392 nescio
2774 4349 2949 4393 utrum
2979 4339 3033 4394 in
3074 4357 3134 4394 ea
3163 4357 3363 4397 nocens
3408 4359 3474 4399 an

1884 4427 2144 4482 innocens
2170 4427 2256 4480 sit.
2290 4426 2355 4481 Et
2387 4426 2529 4496 quod
2573 4428 2712 4483 circa
2754 4430 2998 4485 eumdem
3042 4432 3185 4502 leges
3223 4448 3327 4486 non
3360 4450 3476 4489 scr-

1890 4527 2020 4577 vatae
2049 4526 2192 4584 sunt,
2230 4528 2286 4572 ut
2325 4518 2402 4572 sic
2427 4528 2737 4587 raperetur,
2765 4536 2937 4590 neque
2977 4532 3032 4576 ut
3055 4523 3121 4577 ab
3150 4521 3478 4594 Imperatori:

1886 4619 2206 4680 praeceptum
2239 4619 2340 4675 est,
2365 4610 2429 4663 ad
2458 4615 2586 4664 Acta
2615 4612 2953 4681 municipalia
2983 4614 3359 4684 perduceretur
3395 4619 3426 4671 ii
3457 4651 3473 4657 ο

1889 4702 2268 4771 terrogandus,
2299 4710 2477 4755 utrum
2504 4702 2817 4758 beneficium
2846 4704 3112 4761 dilationis
3148 4709 3306 4763 vellet
3340 4725 3449 4763 acea

1888 4810 2045 4863 pere,
2079 4810 2181 4848 non
2206 4803 2538 4862 contemnat;
2568 4805 2623 4849 ut
2652 4813 2745 4865 per
2787 4797 2889 4853 hoc
2920 4800 3181 4875 possimus
3208 4817 3329 4855 cuin
3363 4804 3478 4872 ej...

1884 4886 2190 4941 adversario
2214 4902 2328 4940 rem
2356 4886 2531 4941 ﬁnire.

2362 4980 2690 5037 EPISTOLA
2732 4980 2891 5045 cxvr
2916 4982 3011 5055 (ι).

1886 5072 2139 5129 Generosa
2173 5073 2434 5128 Numidia:
2459 5074 2726 5130 Consulari
2768 5078 3079 5149 Augustinus
3118 5086 3477 5147 commendans

2432 5184 2636 5233 causam
2668 5167 2917 5233 Faventii.

1890 5261 2111 5315 Domino
2154 5261 2349 5314 eximio
2390 5270 2444 5315 et
2490 5262 2679 5315 merito
2723 5263 2947 5335 insigni,
2991 5265 3476 5338 honorabiliterqne

1957 5353 2273 5407 charissima
2300 5352 2410 5406 ﬁlio
2438 5353 2749 5419 Geaeaoso,
2775 5357 3135 5421 AUGUSTINUS.
3168 5361 3219 5419 in
3248 5360 3433 5414 Doniiu
3458 5382 3469 5410 ι

1957 5446 2200 5502 salutem.

1947 5561 2020 5627 (τι)
2041 5559 2164 5627 alias
2179 5559 2270 5611 230
2291 5575 2302 5610 :
2322 5572 2435 5627 qua:
2453 5568 2617 5610 autem
2656 5563 2744 5613 Ηό
2762 5571 2884 5623 erat,
2904 5576 3032 5619 nunc
3046 5564 3078 5612 9
3095 5571 3149 5614 et
3186 5563 3262 5615 l4.
3296 5565 3477 5627 Scripta

1886 5623 2029 5688 paulo
2047 5623 2154 5688 post
2170 5623 2491 5688 superiorem.

1886 5678 1902 5709 τ
1938 5678 2161 5759 (5)51113
2181 5678 2262 5734 2:51
2291 5697 2302 5733 :
2324 5695 2433 5747 qum
2453 5690 2615 5747 autem
2636 5682 2724 5743 116
2744 5690 2867 5743 erat;
2888 5698 3013 5737 ιιιωυ
3050 5686 3121 5737 ίοο
3147 5688 3327 5752 ⁵9⁸1⁵⁸⁸
3361 5700 3473 5739 om”

1884 5755 2154 5812 .uperiore.
