3990 6394
538 336 639 411 ιδι

612 460 751 517 laus
788 465 843 512 et
881 451 1188 526 praedicatio
1227 444 1702 507 administrationis
1743 453 1847 498 tua:
1887 452 1941 497 et
1988 439 2127 494 fama

540 554 797 630 prmclara
818 565 939 605 cum
967 563 1051 604 me
1076 563 1172 619 pro
1200 544 1481 601 dilectione
1501 556 1657 611 quam
1684 539 1788 593 tuis
1809 534 2013 591 meritis
2033 534 2128 586 be-

541 644 961 713 nevolentimqne
997 639 1289 704 debemus,
1320 634 1603 707 plurimum
1642 630 1964 691 delectaret,
1996 640 2131 679 nun-

542 753 702 811 quam
727 734 899 792 adhuc
920 734 972 787 in
998 731 1177 801 aliquo
1200 725 1461 783 beneficio
1484 720 1801 794 postulando
1823 714 2131 773 Eximietati

543 807 648 886 tuae
681 843 798 884 mea
829 822 1143 882 intercessio
1173 819 1344 875 extitit
1368 832 1623 881 onerosa,
1653 812 1867 869 domine
1892 807 2129 863 dilectis-

541 924 680 980 sime
706 930 759 976 ct
786 916 1102 976 venerabilis
1144 913 1240 967 fili.
1278 910 1385 966 Sed
1427 924 1567 964 nunc
1593 907 1719 978 quid
1758 906 1811 959 in
1837 902 2049 958 civitate
2079 898 2133 953 in

544 1030 650 1086 qua
675 1011 927 1068 Ecclesiae
954 1008 1046 1063 Dei
1076 1004 1250 1067 servio
1275 1046 1289 1071 ,
1328 1002 1525 1056 factum
1554 1000 1657 1065 sit,
1690 1012 1809 1053 cum
1839 1012 1905 1051 ex
1943 990 2133 1048 litteris

542 1122 675 1178 quas
704 1104 770 1159 ad
808 1098 1165 1157 venerabilem
1207 1095 1425 1151 fratrem
1456 1103 1510 1147 et
1546 1091 1919 1160 coepiscopum
1956 1097 2134 1139 meum

543 1176 896 1255 li’ortunatum
924 1191 1068 1259 dedi,
1096 1188 1405 1260 cognoverit
1435 1182 1747 1240 Pracstantia
1776 1190 1861 1234 tua
1889 1192 1992 1249 qua
2023 1176 2137 1230 fue-

541 1291 643 1347 rim
676 1288 993 1345 necessitate
1020 1282 1327 1353 compulsus
1357 1287 1415 1333 ut
1436 1277 1747 1349 petitionem
1779 1286 1952 1328 meam
1983 1268 2135 1339 inge-

541 1397 720 1438 rerem
750 1375 1185 1448 occupationibus
1216 1372 1346 1437 tuis,
1380 1380 1468 1424 tua
1493 1366 1793 1437 benignitas
1818 1359 2134 1432 pervidebit.

540 1472 613 1527 Et
638 1469 880 1542 profecto
911 1466 1071 1521 facies
1103 1461 1245 1535 quod
1284 1474 1390 1516 non
1422 1457 1595 1514 solum
1628 1457 1892 1524 integrum
1912 1492 1926 1516 ,
1952 1463 2136 1504 verum

543 1540 704 1618 etiam
727 1559 1073 1616 christianum
1098 1554 1333 1625 judicem
1354 1550 1527 1617 decet,
1550 1564 1615 1605 eo
1640 1547 1781 1601 circa
1808 1558 1907 1598 nos
1935 1540 2135 1605 animo,

546 1652 616 1711 de
635 1668 742 1724 quo
765 1652 818 1705 in
838 1649 1054 1706 nomine
1069 1644 1269 1701 Christi
1288 1644 1471 1713 utique
1491 1640 1660 1695 fuerat
1680 1632 2133 1709 prmsumendum.

978 1757 1307 1817 EPISTOLA
1345 1753 1529 1811 cxvn
1563 1758 1581 1777 -
1614 1750 1708 1822 (a).

547 1856 830 1913 Dioscorus
866 1853 935 1907 ad
974 1852 1310 1923 Augustinum
1336 1847 1487 1901 mittit
1527 1849 1709 1899 multas
1739 1840 2037 1913 qucestiones
2080 1853 2142 1890 ea:

594 1946 735 2003 libris
759 1944 1031 2009 Ciceronis,
1062 1958 1247 2013 rogans
1268 1948 1321 1993 ut
1344 1948 1540 1993 mature
1568 1936 1635 1990 ad
1658 1952 1743 1989 eas
1767 1929 2088 2002 respondeat.

621 2038 926 2096 Prooemiari
962 2036 1101 2107 apud
1141 2043 1187 2087 te
1225 2048 1326 2087 non
1368 2032 1532 2085 solum
1568 2029 1883 2097 superﬂuum
1912 2033 2012 2087 est,
2053 2020 2143 2076 sed

550 2134 705 2191 etiam
727 2131 1014 2195 molestum,
1037 2127 1123 2198 qui
1151 2141 1278 2189 rem,
1307 2140 1407 2177 non
1438 2120 1585 2176 verba
1613 2118 1889 2173 desideras.
1919 2112 2143 2184 Ideoque

549 2224 846 2294 simpliciter
881 2219 1023 2274 audi.
1053 2217 1223 2273 Senex
1249 2215 1465 2286 Alypius
1501 2222 1707 2283 rogatus
1750 2227 1780 2263 a
1824 2224 1921 2273 me,
1959 2204 2144 2276 sapius

550 2315 808 2389 pollicitus
849 2320 983 2375 erat,
1010 2319 1169 2363 tecum
1214 2305 1517 2375 respondere
1555 2302 1871 2371 dialogorum
1914 2295 2143 2368 pauculis

549 2403 1092 2478 interrogatiunculis;
1140 2412 1185 2456 et
1229 2400 1467 2470 quoniam
1512 2399 1563 2451 in
1606 2394 1918 2448 Mauritania
1961 2390 2144 2444 dicitur

552 2500 799 2572 hodieque
827 2514 951 2564 esse,
989 2504 1101 2567 peto
1132 2493 1317 2548 viribus
1345 2489 1572 2544 omnibus
1602 2497 1646 2542 et
1673 2502 1814 2557 rogo,
1842 2493 1896 2537 ut
1922 2492 1974 2537 tu
2006 2480 2143 2535 solus

549 2590 854 2663 respondere
894 2588 1136 2659 digneris,
1182 2584 1316 2655 quod
1355 2584 1506 2637 etiam
1560 2588 1804 2651 prwsente
1837 2577 1947 2648 ipso
1987 2578 2146 2647 fratre

552 2696 657 2748 tuo,
690 2684 798 2738 sine
818 2680 968 2735 dubio
994 2684 1221 2752 facturus
1254 2694 1386 2732 eras.
1416 2674 1537 2729 Non
1573 2683 1644 2728 est
1675 2671 1916 2744 pecunia,
1945 2686 2045 2723 non
2074 2678 2145 2723 est

551 2792 755 2841 autum,
787 2772 921 2845 quod
943 2787 1034 2842 pro
1062 2769 1234 2841 quovis
1276 2769 1492 2822 daturus
1531 2781 1643 2819 eras
1678 2762 1855 2835 procul
1900 2760 2069 2822 dubia,
2102 2762 2145 2813 si

553 2867 792 2931 haberes;
824 2879 956 2918 nunc
993 2878 1108 2916 vero
1146 2864 1254 2915 sine
1293 2859 1463 2913 labore
1503 2856 1719 2925 loqueris
1762 2851 1896 2923 quod
1924 2852 2142 2920 requiro.

551 2957 766 3012 Possem
794 2966 840 3009 te
869 2954 981 3025 plus
1006 2963 1052 3006 ct
1084 2969 1170 3023 per
1206 2950 1388 3004 multos
1414 2948 1595 3001 charos
1635 2954 1745 2998 tuos
1780 2959 2028 3006 exorare;
2058 2943 2150 2995 sed

552 3050 669 3103 novi
698 3048 923 3101 animum
947 3053 1107 3111 tuum,
1130 3043 1216 3113 qui
1237 3058 1338 3096 non
1367 3039 1538 3111 rogari
1567 3036 1840 3099 desiderat,
1875 3034 1963 3090 sed
1984 3034 2147 3088 omni-

554 3141 646 3193 bus
673 3147 930 3209 prwstare,
963 3138 1004 3190 si
1033 3145 1229 3189 tantum
1257 3133 1386 3188 absit
1414 3132 1546 3203 quod
1570 3130 1791 3193 dedecet,
1815 3128 1950 3199 quod
1978 3128 2030 3181 in
2052 3127 2147 3181 hac

556 3247 613 3285 re
638 3229 832 3301 penitus
857 3226 983 3280 nihil
1011 3234 1081 3280 est
1107 3224 1363 3278 dedecoris
1403 3239 1420 3275 :
1452 3231 1615 3275 tamen
1660 3219 2004 3289 quodcumque
2041 3227 2145 3284 est,

556 3331 674 3393 pcto
714 3328 919 3392 praestes
962 3319 1275 3388 navigatura.
1312 3314 1463 3369 Nosti
1498 3331 1648 3383 quam
1690 3314 1815 3368 mihi
1859 3312 2153 3367 molestissi-

557 3430 699 3468 mum
722 3422 794 3467 est
832 3410 972 3466 oneri
993 3426 1099 3465 esse
1117 3452 1132 3478 ,
1162 3425 1261 3463 non
1288 3409 1400 3462 dico
1432 3407 1722 3462 Sinceritati
1759 3415 1890 3472 tute,
1918 3406 2007 3459 sed
2040 3405 2150 3459 cui-

559 3505 718 3576 piam.
750 3502 906 3559 Solus
934 3510 1101 3557 autem
1129 3498 1268 3555 Deus
1298 3500 1431 3553 novit
1461 3498 1709 3569 quomodo
1746 3498 1901 3551 nimia
1940 3496 2153 3551 necessi-

562 3607 663 3652 tate
690 3596 939 3667 impulsus
961 3595 1053 3649 hoc
1090 3594 1203 3664 feci.
1233 3591 1385 3647 Vobis
1409 3592 1539 3646 enim
1565 3591 1717 3645 salvis
1741 3600 1788 3644 et
1820 3593 2014 3661 favente
2040 3586 2149 3643 Deo

560 3688 888 3759 navigaturus
910 3703 1023 3740 sum
1052 3700 1070 3740 :
1095 3694 1142 3738 et
1171 3699 1333 3737 mores
1359 3682 1617 3735 hominum
1646 3697 1745 3734 non
1772 3680 2037 3751 ignoratis,
2069 3680 2154 3747 qui

561 3779 803 3851 proclives
826 3785 942 3832 sunt
960 3775 1029 3829 ad
1051 3773 1456 3845 vituperandum,
1480 3781 1526 3825 et
1552 3788 1724 3841 quam,
1749 3771 1793 3824 si
1817 3771 2155 3839 interrogatus

564 3872 679 3942 quis
705 3887 805 3924 non
827 3867 1177 3938 responderit,
1205 3866 1439 3919 indoctus
1470 3874 1516 3917 et
1544 3863 1688 3916 hebes
1714 3862 1969 3934 putabitur
1997 3860 2151 3914 vides.

562 3960 727 4033 Ergo,
762 3960 962 4016 obsecro
987 3967 1034 4013 te
1052 4000 1066 4025 ,
1090 3957 1157 4011 ad
1191 3956 1360 4011 omnia
1393 3956 1502 4009 sine
1529 3954 1847 4008 cunctatione
1869 3950 2156 4022 responde;

564 4072 627 4109 ne
652 4071 731 4108 me
754 4054 943 4108 tristem
973 4051 1217 4104 dimittas.
1248 4046 1338 4103 Sic
1367 4048 1563 4101 videam
1586 4056 1817 4118 parentes
1852 4059 2018 4109 meos;
2040 4044 2159 4115 quia

564 4156 771 4219 propter
796 4146 890 4201 hoc
910 4145 1072 4200 solum
1094 4143 1371 4199 Cerdonem
1399 4141 1531 4207 misi,
1564 4149 1611 4194 et
1636 4140 1803 4212 ipsum
1831 4148 2058 4211 exspecto
2078 4154 2162 4193 so-

566 4241 695 4293 lum.
726 4237 910 4292 Frater
937 4235 1206 4299 Zenobius,
1238 4232 1481 4304 Magister
1497 4232 1752 4286 memoria:
1780 4235 1943 4302 factus
1970 4239 2041 4284 est
2059 4227 2157 4302 (b),

567 4340 616 4384 et
645 4330 777 4383 misit
820 4329 962 4381 nobis
1006 4328 1302 4381 evectionem
1348 4341 1462 4378 cum
1500 4324 1733 4378 annonis.
1776 4322 1837 4377 Si
1863 4339 1953 4392 ego
1980 4322 2163 4392 dignus

570 4435 673 4473 non
712 4434 823 4471 sum
853 4425 909 4469 ut
934 4414 1239 4485 respondeas
1281 4412 1775 4483 interrogatiunculis
1800 4412 1954 4477 meis,
1988 4411 2165 4463 saltem

569 4511 841 4564 timeantur
860 4520 1094 4559 annonte.
1118 4502 1432 4557 Incolumem
1457 4512 1503 4555 te
1521 4518 1719 4555 summa
1741 4500 1990 4554 Divinitas
2012 4500 2165 4571 longa

568 4601 711 4657 nobis
737 4608 933 4656 tueatur
961 4606 1126 4653 (etate.
1155 4594 1331 4665 Papas
1351 4594 1623 4666 plurimum
1643 4593 2003 4665 Dignatiouem
2028 4602 2166 4649 luant

572 4694 777 4748 salutat.

1020 4754 1344 4814 EPISTOLA
1387 4756 1596 4812 CXVIII
1636 4758 1733 4829 (ε).

576 4856 888 4927 Augustinus
917 4850 1163 4907 Dioscoro
1190 4848 1457 4919 respondet
1487 4850 1733 4919 ejusmodi
1756 4850 2053 4918 qutestiones
2079 4867 2166 4905 nec

642 4992 659 5009 '
686 4990 854 5053 Epistt.
873 4994 1017 5038 CXVII
1040 4992 1093 5037 et
1110 4992 1275 5053 cxvnt
1303 4983 1501 5053 collatae
1528 4994 1652 5053 sunt
1674 5000 1785 5036 cum
1806 5000 1852 5036 a.
1879 4988 1960 5049 bg.
1987 4987 2056 5036 bl.
2078 4988 2163 5038 bn.

573 5066 617 5103 c.
645 5046 793 5101 cc.'tf.
818 5064 869 5114 ε.
892 5064 977 5162 gr.
1001 5086 1014 5099 .
1036 5063 1086 5099 n.
1111 5062 1154 5098 r.
1170 5061 1212 5099 s.
1237 5048 1312 5097 sb.
1338 5060 1413 5098 vc.
1440 5046 1521 5097 vd.
1545 5048 1733 5098 duobus
1753 5056 1791 5099 t.
1816 5046 2021 5112 quatuor
2045 5064 2092 5100 v.
2117 5058 2169 5101 et

576 5126 690 5162 eum
711 5122 810 5162 Am.
830 5118 891 5162 Ba
929 5148 940 5160 .
964 5118 1040 5160 Er.
1063 5118 1172 5161 ιον.

576 5126 690 5164 cum
711 5122 810 5162 Am.
830 5118 940 5162 Bad.
964 5118 1040 5160 Er.
1063 5118 1172 5161 ιον.

576 5260 587 5269 _
637 5194 713 5257 (a)
731 5191 933 5244 Aliale
958 5206 970 5241 :
993 5205 1104 5256 quae
1121 5199 1288 5243 autem
1312 5192 1399 5242 117
1420 5197 1543 5253 erat,
1583 5204 1711 5241 nunc
1740 5191 1789 5241 4.
1829 5194 2007 5255 Scripta
2041 5193 2168 5245 forte

576 5264 778 5307 ineunte
798 5268 877 5305 an.
899 5253 1006 5305 410.

572 5268 653 5308 me
662 5268 778 5307 ante
798 5268 877 5305 an.
899 5268 1006 5305 41υ.

604 5318 707 5393 "(b)
734 5337 757 5365 α
769 5318 999 5393 Magister,
1015 5318 1280 5393 memoriae,
1291 5333 1328 5393 ξ.
1342 5323 1397 5393 ut
1411 5316 1515 5393 fert
1524 5317 1692 5393 Notitia
1700 5315 1995 5393 dignitatum
2012 5318 2168 5380 impe-

574 5379 662 5441 rii,
688 5379 713 5428 ἱ(
729 5379 1068 5431 annotationes
1089 5390 1262 5429 omnes
1282 5379 1447 5440 dictat,
1470 5386 1521 5430 et
1540 5380 1745 5439 emittit,
1771 5379 1829 5429 et
1847 5380 2074 5441 precibus
2087 5379 2172 5430 re-

580 5463 604 5492 α
620 5443 829 5515 spondet
846 5457 902 5515 εἰ»
928 5441 1070 5515 idest
1087 5452 1198 5515 quae
1215 5441 1613 5515 Prmcepsverbo
1646 5441 1972 5515 respondebat
1988 5476 2010 5515 ι
2024 5442 2171 5505 Magi-

580 5524 603 5551 ι
620 5501 723 5555 εἰει·
742 5505 951 5555 dictabat
981 5501 1201 5552 breviter
1226 5509 1277 5551 et
1312 5501 1600 5565 annotabat:
1629 5501 1883 5565 emittebat
1913 5501 2172 5565 diplomata

571 5569 636 5617 ad
658 5566 982 5630 usurpandum
1006 5577 1199 5615 cursum
1226 5562 1470 5630 publicum
1478 5578 1497 5630 ,-
1538 5565 1671 5630 unde
1703 5565 1782 5630 hic
1812 5562 1989 5614 dicitur
2012 5584 2034 5611 α
2049 5578 2170 5617 eve-

574 5602 792 5700 ctioneqi
816 5629 1133 5700 misissecum
1148 5602 1676 5700 andopis‘EF'deti-iﬁ‘n;

571 5703 683 5753 qua'
709 5702 738 5739 a
757 5691 975 5800 Princsige
995 5690 1231 5739 dabantur
1254 5684 1433 5737 libellis
1446 5684 1761 5752 supplicibus.

636 5752 710 5800 te)
734 5749 855 5799 Abas
955 5765 967 5799 :
992 5765 1103 5800 dum
1118 5760 1284 5800 autem
1303 5748 1395 5800 118
1412 5758 1519 5800 erat
1538 5786 1554 5800 .
1574 5767 1703 5800 nunc
1722 5760 1761 5800 rt

636 5752 710 5824 (ς)
734 5748 935 5823 massa
955 5765 967 5799 :
992 5765 1103 5815 quae
1118 5760 1284 5805 autem
1303 5748 1395 5803 118
1412 5748 1520 5805 erat
1538 5748 1554 5817 ᾗ
1574 5767 1703 5808 nunc
1722 5757 1802 5811 54.
1822 5760 2003 5824 Scripta
2025 5757 2169 5823 paulo

571 5817 683 5876 post
700 5817 1024 5874 superiorem.

1088 5940 1091 5945 -
1111 5934 1207 5966 ..καθ

1780 323 1837 383 S.
1882 314 2249 381 AUGUSTINI
2288 310 2585 370 EPISCOPI

3719 306 3815 364 432

2309 429 2487 483 decore
2510 427 2719 481 tractari
2747 425 2809 479 ab
2835 424 3070 496 episcopo
3096 463 3112 490 ,
3139 438 3227 477 nec
3253 420 3439 476 utiliter
3467 419 3593 475 disci
3620 437 3651 474 a
3687 422 3812 475 chri-

2307 519 2491 575 stiano.
2517 516 2753 587 Disputat
2782 514 2843 569 de
2863 514 3146 570 studiorum
3164 512 3267 581 ﬁne
3288 528 3350 565 ac
3378 510 3441 565 de
3458 528 3657 566 summo
3675 511 3812 577 bona,

2309 611 2579 665 exhortans
2600 606 2898 662 Dioscorum
2930 615 2982 659 ut
3010 603 3341 658 christianum
3365 611 3580 657 sectetur
3601 602 3815 672 philoso-

2312 706 2507 778 phiam,
2531 718 2641 775 qua:
2666 702 2776 757 sola
2803 701 2987 755 divina:
3002 697 3302 753 humilitatis
3326 695 3553 766 exemplo
3578 696 3816 765 preposito

2309 799 2567 853 ueritatem
2610 794 2909 867 persuadere
2953 792 3137 864 potuit.
3172 788 3408 844 Illustrat
3451 790 3653 843 demum
3696 788 3819 848 locos

2312 891 2558 963 quosdam
2588 888 2863 956 Ciceronis,
2893 884 3314 958 philosophorum
3339 881 3400 936 de
3433 881 3537 936 Deo
3568 880 3820 935 sententias

2312 982 2744 1056 reprehendentis.

2313 1141 2538 1199 CAPUT
2557 1137 2914 1195 PRIMUM.—
2932 1137 2983 1191 1.
3007 1135 3088 1190 'l‘u
3115 1149 3199 1189 me
3216 1130 3683 1189 innumerabilium
3702 1143 3825 1199 quat.

2243 1236 2475 1291 stionum
2491 1233 2640 1288 turba
2663 1240 2883 1302 repente
2899 1225 3426 1290 circumvallandum,
3446 1223 3530 1278 vel
3550 1222 3721 1293 potius
3737 1219 3823 1275 ob-

2242 1327 2506 1383 tuendum
2528 1325 2719 1395 putasti
2738 1366 2752 1390 ,
2772 1320 2982 1378 etiamsi
3008 1327 3284 1374 vacantem
3310 1316 3648 1384 otiosumque
3672 1311 3824 1366 credi-

2245 1419 2368 1474 disti
2389 1436 2401 1471 :
2426 1415 2636 1488 quando
2663 1414 2805 1469 enim
2836 1428 2935 1484 ego
2965 1411 3018 1466 in
3046 1409 3286 1481 quolibet
3303 1407 3434 1473 otio,
3464 1414 3549 1460 tot
3564 1418 3737 1459 rerum
3751 1419 3826 1457 no-

2248 1511 2349 1567 dos
2375 1519 2480 1565 tam
2501 1506 2792 1575 festinanti,
2816 1514 2871 1561 et
2890 1513 2948 1559 ut
2964 1502 3174 1568 scribis,
3192 1501 3302 1570 jam
3329 1513 3464 1569 pene
3486 1492 3827 1567 proficiscenti

2245 1616 2459 1674 possem
2488 1597 2818 1654 dissolvere?
2839 1596 3072 1651 Numero
3100 1593 3243 1649 enim
3273 1606 3452 1647 rerum
3478 1589 3714 1659 ipsarum
3743 1586 3828 1641 im-

2246 1696 2481 1767 pedirer,
2522 1692 2729 1749 etiamsi
2773 1690 2899 1747 nodi
2944 1688 3125 1744 faciles
3152 1689 3167 1719 ⁸
3200 1686 3267 1741 ad
3307 1683 3626 1741 solvendum
3652 1682 3825 1736 forent.

2246 1787 2417 1844 Tanta
2444 1795 2568 1841 sunt
2596 1794 2772 1840 autem
2803 1783 3152 1855 perplexitate
3194 1779 3411 1834 involuti
3432 1819 3449 1842 ,
3472 1786 3529 1832 et
3560 1775 3831 1831 tenacitate

2246 1879 2557 1947 constricti,
2586 1887 2643 1933 ut
2668 1877 2877 1933 etiamsi
2910 1875 3063 1946 pauci
3098 1882 3311 1939 essent,
3344 1870 3728 1926 otiosissimum
3757 1882 3831 1923 me

2248 1980 2590 2041 occupantes,
2615 1984 2804 2040 magna
2833 1982 2983 2022 mora
3012 1964 3268 2034 temporis
3295 1961 3580 2031 fatigarent
3607 1959 3833 2013 intentio—

2248 2079 2393 2129 nem,
2421 2072 2580 2132 atque
2614 2070 2904 2115 attcrerent
2930 2071 3135 2127 ungues
3161 2068 3327 2109 meos.
3362 2053 3476 2123 Ego
3514 2062 3698 2106 autem
3736 2050 3832 2105 vel~

2248 2154 2354 2209 lem
2386 2163 2438 2209 te
2462 2153 2706 2221 abripere
2737 2150 2805 2205 de
2832 2147 3011 2204 medio
3036 2146 3411 2201 deliciosarum
3444 2141 3833 2212 inquisitionum

2250 2254 2482 2309 tuarum,
2513 2250 2567 2299 et
2593 2242 2894 2311 eonstipare
2925 2240 3062 2294 inter
3086 2252 3244 2292 curas
3282 2249 3447 2302 meas,
3481 2243 3535 2288 ut
3570 2235 3658 2288 vel
3678 2231 3832 2287 disce-

2248 2352 2338 2392 res
2369 2352 2471 2391 non
2503 2350 2621 2389 esse
2649 2332 2879 2387 inaniter
2902 2330 3165 2393 curiosus,
3191 2326 3272 2382 vel
3298 2324 3671 2380 curiositatem
3702 2333 3834 2377 tuam

2251 2426 2537 2482 cibandam
2568 2435 2727 2496 atque
2762 2422 3099 2478 nutriendam
3145 2420 3421 2489 imponere
3464 2432 3573 2471 non
3629 2416 3837 2471 auderes

2251 2520 2352 2586 eis,
2384 2535 2610 2589 quorum
2655 2520 2793 2573 inter
2833 2530 2989 2571 curas
3020 2513 3103 2568 vel
3141 2512 3373 2567 maxima
3410 2525 3534 2564 cura
3567 2518 3659 2565 est
3683 2508 3837 2579 repri-

2254 2627 2401 2667 mere
2449 2626 2513 2665 ae
2556 2609 2830 2665 refrenare
2876 2605 3137 2660 curiosos.
3188 2602 3400 2670 Quanto
3444 2600 3592 2654 enim
3644 2600 3835 2663 melius,

2252 2713 2555 2774 quantoque
2574 2700 2923 2763 fructuosius,
2958 2698 3003 2752 si
3034 2698 3088 2751 in
3115 2695 3307 2750 dandis
3333 2693 3401 2748 ad
3428 2703 3478 2748 te
3504 2693 3631 2748 ullis
3669 2692 3840 2749 litteris

2253 2805 2464 2864 tempus
2496 2804 2656 2864 atque
2681 2807 2842 2861 opera
2870 2788 3213 2859 impenditur,
3230 2786 3421 2841 adhoc
3447 2789 3630 2854 potius
3658 2787 3841 2855 impen-

2252 2887 2417 2954 ditur,
2446 2896 2504 2940 ut
2543 2895 2852 2940 resecentur
2895 2897 3045 2937 vana:
3084 2890 3241 2950 atque
3279 2878 3497 2933 fallaces
3535 2877 3841 2953 cupiditates

2257 2988 2379 3044 tuae,
2410 2993 2528 3048 qua:
2558 2986 2704 3031 tanto
2737 2976 2905 3045 magis
2939 2971 3189 3029 caventke
3211 2980 3368 3035 sunt,
3400 2977 3607 3039 quanto
3655 2968 3841 3023 facilius

2253 3068 2527 3136 decipiunt
2548 3108 2561 3131 ,
2591 3066 2772 3121 nescio
2800 3080 2905 3135 qua
2927 3063 3113 3118 umbra
3139 3060 3433 3115 honestatis
3465 3068 3520 3114 et
3557 3058 3841 3114 liberalium

2254 3159 2551 3215 studiorum
2597 3158 2812 3212 nomine
2850 3156 3040 3209 velata:
3076 3164 3236 3223 atque
3282 3151 3548 3222 palliatze;
3596 3167 3753 3221 quam
3794 3160 3842 3205 ut

2258 3261 2445 3307 ποδιΓο
2471 3251 2789 3315 ministerio,
2823 3258 3004 3318 atque,
3032 3256 3091 3301 ut
3118 3246 3187 3300 ita
3216 3244 3465 3306 dixerim.
3495 3244 3771 3309 satellitio,
3798 3243 3842 3297 in

2256 3344 2589 3399 dominatum
2620 3345 2659 3408 ³,
2682 3358 2787 3413 quo
2810 3349 2915 3395 tam
2938 3342 3133 3396 bonam
3158 3349 3300 3393 tuam
3320 3348 3553 3393 mentem
3584 3344 3839 3407 premant,

2258 3435 2631 3492 vehementius
2658 3431 2988 3489 excitentur?

2327 3528 2382 3581 2.
2410 3527 2547 3581 Ecce
2574 3527 2715 3580 enim
2740 3534 2817 3579 tot
2842 3522 3039 3592 dialogi
3061 3522 3207 3587 lecti,
3233 3521 3276 3575 si
3304 3520 3371 3575 ad
3392 3518 3679 3574 videndum
3703 3519 3844 3573 finem

2257 3633 2313 3680 et
2349 3619 2734 3691 capessendum
2779 3617 3018 3673 omnium
3053 3618 3325 3671 actionum
3378 3624 3585 3669 tuarutn
3633 3612 3763 3667 nihil
3800 3618 3845 3664 te

2259 3714 2602 3783 adjuvcrunt,
2628 3710 2753 3781 quid
2799 3717 3041 3779 prosunt,
3082 3707 3169 3762 die
3213 3707 3381 3761 mihi?
3412 3705 3540 3761 Nam
3575 3705 3662 3759 ubi
3702 3706 3844 3758 linem

2261 3803 2611 3859 constitueris
2649 3801 2811 3856 totius
2849 3800 3004 3869 hujus
3034 3797 3428 3867 flagrantissimi
3466 3796 3623 3850 studii
3660 3795 3735 3849 tui
3759 3837 3771 3858 ,
3799 3803 3845 3847 et

2262 3898 2357 3952 tibi
2376 3895 2711 3961 infructuosi,
2726 3902 2779 3949 et
2795 3892 2954 3946 nobis
2976 3889 3210 3953 molesti,
3238 3888 3459 3958 epistola
3478 3896 3565 3941 tua
3577 3888 3706 3941 satis
3732 3885 3847 3939 indi-

2263 4003 2375 4045 cas.
2399 3989 2529 4041 Cum
2547 3986 2688 4040 enim
2706 3986 2771 4039 de
2801 3981 3069 4038 solvendis
3095 3979 3479 4049 qna-stionibus
3496 3993 3627 4048 quas
3643 3975 3842 4039 misisti,

2264 4080 2403 4151 apud
2430 4096 2515 4134 Ine
2535 4094 2630 4149 per
2660 4078 2863 4131 litteras
2892 4085 3182 4143 satageres,
3209 4072 3277 4125 ita
3304 4070 3563 4139 scripsisti
3600 4087 3612 4122 :
3648 4066 3843 4121 Possem

2266 4181 2333 4239 te,
2364 4171 2557 4241 inquis,
2595 4169 2708 4238 plus
2727 4178 2772 4220 et
2797 4183 2885 4237 per
2922 4164 3105 4217 multos
3131 4164 3313 4215 charos
3341 4170 3452 4214 tuos
3493 4172 3731 4224 txorare;
3765 4159 3845 4213 Sed

2269 4265 2384 4317 novi
2413 4264 2636 4316 animum
2667 4270 2827 4324 tamn,
2860 4258 2944 4329 qui
2968 4272 3068 4310 non
3094 4271 3272 4325 rogare
3293 4252 3562 4317 desiderat,
3589 4252 3673 4305 sed
3694 4250 3842 4304 omni-

2271 4357 2360 4409 bus
2392 4363 2651 4424 prwstare,
2682 4352 2725 4405 si
2755 4360 2950 4403 tantum
2977 4346 3104 4400 absit
3129 4346 3261 4416 quod
3288 4344 3510 4408 dedecet,
3542 4342 3738 4413 quodin
3759 4342 3845 4391 hac

2270 4462 2325 4499 re
2362 4444 2560 4514 penitus
2593 4442 2717 4495 nihil
2753 4450 2823 4494 est
2861 4438 3117 4492 dedecoris
3144 4453 3161 4490 :
3188 4448 3352 4490 tamen
3390 4434 3723 4505 quodcumque
3756 4441 3842 4491 est,

2273 4548 2386 4610 peto
2420 4546 2641 4607 rprccstes
2672 4534 2987 4603 navigatura.
3034 4531 3088 4585 In
3133 4530 3215 4584 his
3259 4529 3434 4583 verbis
3478 4528 3709 4597 epistolae
3747 4533 3843 4578 tum

2272 4637 2418 4683 recte
2442 4624 2655 4696 quidem
2677 4624 2744 4678 de
2764 4639 2849 4677 me
2866 4621 3159 4683 existimas,
3179 4618 3318 4689 quod
3337 4619 3584 4695 omnibus
3611 4624 3843 4687 praestare

2275 4691 2594 4783 desiderem,
2624 4717 2667 4771 si
2694 4715 2831 4770 absit
2857 4713 2998 4784 quod
3027 4712 3279 4777 dedecet;
3306 4710 3401 4765 sed
3433 4691 3615 4764 initae
3645 4725 3697 4762 re
3722 4705 3840 4759 nihil

2276 4824 2396 4867 esse
2428 4806 2727 4873 dedecoris,
2763 4823 2867 4859 non
2897 4804 3029 4858 mihi
3057 4802 3281 4857 videtur.
3304 4800 3422 4855 Non
3452 4801 3594 4855 enim
3620 4799 3792 4854 decora
3822 4794 3840 4824 ³

2276 4902 2439 4958 facies
2460 4916 2635 4955 rerum
2666 4899 2877 4968 attingit
2897 4912 3113 4952 sensum
3143 4910 3341 4961 meum,
3384 4909 3505 4948 cum
3536 4899 3703 4963 cogito
3734 4890 3839 4958 epi-

2276 5010 2498 5065 scopum
2523 4990 2898 5049 ecelesiasticis
2923 4989 3066 5044 curis
3094 4986 3656 5057 circumstrepentibus
3678 4978 3839 5036 disui-

2276 5096 2421 5141 ctum
2447 5096 2603 5153 atque
2630 5083 2942 5147 distentutn,
2973 5088 3189 5149 repente
3219 5077 3367 5147 quasi
3398 5076 3837 5131 obsurdesceulem

2277 5178 2532 5235 cohibere
2553 5193 2612 5232 se
2644 5177 2712 5231 ab
2748 5176 2832 5230 bis
2856 5173 3102 5231 omnibus
3122 5214 3137 5239 ,
3169 5180 3221 5226 et
3248 5170 3579 5240 dialogorum
3601 5167 3839 5223 Tulliano-

2278 5288 2401 5328 rum
2444 5268 2858 5341 quaestiunculas
2905 5266 2997 5320 nni
3035 5262 3356 5320 scholastice
3395 5276 3679 5334 exponere.
3707 5251 3837 5326 Quod

2278 5375 2536 5438 quantum
2566 5362 2855 5425 dedeceat,
2890 5372 3189 5429 quanquam
3220 5365 3426 5410 tuorum
3466 5355 3743 5409 studiorqu
3762 5358 3840 5400 η·

2280 5468 2406 5529 ptus
2431 5456 2621 5512 ardore
2661 5467 2877 5523 prorsus
2906 5452 3046 5507 nolis
3076 5449 3380 5517 attendere,
3415 5459 3472 5505 tu
3499 5449 3655 5505 etiam
3694 5438 3838 5501 sculi!

2346 5664 2363 5695 ⁸
2401 5660 2510 5727 Bati-
2535 5664 2617 5727 En
2637 5655 2894 5727 steliquet
3071 5652 3257 5727 εξξαπηεί
3277 5652 3611 5727 aciei/ﬁcii“
3629 5652 3705 5727 ed,-
3728 5655 3806 5700 αε-

2344 5728 2366 5758 2
2389 5723 2521 5782 Bad.,
2547 5717 2768 5770 satellitio
2784 5714 3081 5782 induratum.
3107 5723 3201 5779 un,
3217 5714 3705 5771 satettuio‘indurata.

2348 5788 2368 5821 ³
2392 5780 2634 5839 ωδεζοοῑο
2659 5790 2707 5834 et
2732 5791 2853 5842 Am,
2874 5780 3129 5833 dedecora.
