3990 6378
229 392 305 452 “;
1353 370 1833 433 EPISTOLARUM
1870 371 2145 434 CLASSIS
2167 374 2234 433 ιι.

227 521 374 564 tamen.
399 497 514 575 Quid
549 503 688 553 enim
726 495 869 551 alit...
912 493 1144 561 iudicat,
1176 492 1318 565 quod
1359 509 1477 547 cum
1510 491 1739 547 dixisses

223 611 259 664 in
281 608 356 660 hac
383 615 432 656 re
453 596 654 669 penitus
680 593 812 648 nihil
833 606 951 648 esse
983 589 1267 646 dedecoris
1296 630 1309 651 ,
1342 589 1517 642 statim
1545 586 1735 655 adjun-

223 697 309 755 xisti
332 712 345 749 :
366 690 529 746 Tamen
555 684 908 754 quodcumque
930 691 1023 744 est,
1049 690 1163 751 peto
1184 689 1391 752 pra’stes
1418 677 1757 748 navigatura:-

220 790 301 846 Hoc
323 783 438 840 enim
459 776 787 834 sonatvideri
816 774 906 830 tibi
928 772 1142 844 quidem
1175 771 1307 826 nihil
1331 772 1383 825 in
1416 771 1513 825 hac
1543 785 1600 824 re
1617 782 1737 824 esse

221 877 463 941 dedecoris,
486 881 659 928 tamen
688 868 1061 940 quodcumque
1099 874 1183 921 est
1211 863 1488 919 dedecoris
1508 906 1522 928 ,
1555 870 1737 933 petere

220 983 257 1029 te
278 982 321 1026 ut
353 976 568 1039 praestem
610 962 943 1030 navigaturo.
978 958 1083 1015 Sed
1124 957 1251 1028 quid
1294 965 1406 1023 est,
1438 970 1621 1026 qumso
1662 964 1732 1019 te,

219 1062 322 1135 quod
345 1056 560 1113 addidisti
583 1097 599 1119 ,
629 1051 966 1124 navigatura?
992 1051 1074 1104 An
1106 1064 1225 1120 ego,
1262 1048 1363 1102 nisi
1391 1048 1736 1117 navigaturus

217 1170 340 1219 esses,
360 1156 587 1222 praestare
627 1145 722 1200 tibi
758 1142 956 1214 aliquid
983 1140 1264 1197 dedecoris
1303 1155 1407 1195 non
1437 1138 1735 1194 deberem?

217 1246 413 1303 Nimirum
443 1249 584 1312 putas
613 1236 758 1309 quod
785 1250 924 1306 aqua
949 1234 1153 1289 marina
1198 1230 1432 1287 dedecus
1468 1231 1731 1286 abluatur.

214 1337 325 1407 Quod
353 1336 391 1390 si
417 1336 479 1389 ita
507 1340 669 1397 esset,
702 1344 880 1385 meum
921 1337 1069 1384 certe
1108 1325 1200 1397 qui
1238 1324 1580 1394 navigaturus
1624 1336 1731 1377 non

212 1446 314 1495 sum,
339 1426 630 1497 inexpiatum
649 1429 971 1479 remaneret.

262 1523 302 1575 3.
325 1519 494 1575 Scribis
518 1517 679 1571 etiam
708 1526 870 1569 nosse
890 1525 976 1567 me
1002 1524 1160 1580 quam
1184 1507 1280 1563 tibi
1301 1505 1733 1562 molestissimum

209 1617 259 1673 sit
273 1613 393 1668 oneri
414 1626 519 1668 esse
539 1609 789 1679 cuipiam,
820 1614 875 1662 et
893 1603 1165 1659 attestaris
1190 1601 1361 1655 solum
1385 1601 1547 1654 Deum
1573 1612 1735 1654 nosse

209 1707 313 1781 quod
334 1706 472 1762 nimia
499 1702 816 1759 necessitate
834 1699 1091 1769 impulsus
1112 1696 1215 1751 hoc
1240 1694 1452 1750 feceris.
1478 1692 1577 1747 Hic
1602 1706 1734 1748 sane

207 1817 298 1858 cum
326 1799 573 1869 epistolam
602 1806 746 1851 tuam
779 1795 1012 1864 legerem
1033 1832 1049 1857 ,
1078 1790 1208 1846 satis
1247 1788 1451 1843 adverti
1492 1787 1731 1841 animum

205 1905 465 1962 cognoscere
490 1887 863 1943 necessitatem
905 1894 1047 1938 tuam
1067 1925 1081 1947 ,
1113 1896 1233 1937 cum
1261 1895 1385 1936 ecce
1416 1878 1543 1933 mihi
1574 1877 1733 1933 affers

203 1981 400 2038 ctdicis:
431 1979 592 2034 Mores
631 1977 895 2032 hominum
923 1991 1024 2028 non
1061 1972 1308 2044 ignoratis
1329 2014 1344 2036 ,
1367 1971 1453 2042 qui
1490 1970 1732 2041 proclives

202 2082 290 2125 sunt
308 2071 364 2123 ad
385 2068 780 2137 vituperandum,
802 2075 851 2121 et
875 2082 1047 2135 quam,
1065 2065 1110 2118 si
1136 2065 1473 2134 interrogatus
1498 2061 1609 2131 quis
1629 2077 1732 2115 non

201 2160 472 2229 responderit,
502 2159 734 2211 indoctus
764 2166 809 2210 et
837 2155 982 2210 hebes
1011 2154 1288 2224 putabitur.
1320 2151 1431 2206 Hoc
1457 2152 1577 2206 loco
1604 2165 1732 2205 vero

201 2250 338 2303 exarsi
380 2249 437 2303 ad
486 2245 889 2303 rescribendum
946 2244 1040 2298 tibi
1082 2261 1093 2296 :
1143 2242 1245 2297 hoc
1283 2242 1427 2296 enim
1476 2241 1732 2312 languore

198 2340 323 2396 animi
348 2342 409 2395 tui
434 2338 722 2412 penetrasti
752 2338 882 2391 mihi
912 2344 1116 2406 pectus,
1146 2344 1200 2389 et
1228 2333 1463 2403 irrupisti
1496 2334 1548 2387 in
1574 2346 1733 2387 curas

199 2448 330 2497 meas,
354 2441 403 2486 ut
424 2430 757 2486 dissimulare
786 2444 890 2483 non
922 2441 1154 2497 possem,
1183 2435 1436 2495 quantum
1466 2440 1551 2479 me
1592 2424 1732 2478 Deus

196 2526 434 2594 adiuvaret,
462 2524 662 2580 mederi
698 2522 827 2587 tibi;
864 2536 972 2577 non
1019 2528 1075 2574 ut
1113 2519 1179 2574 de
1217 2519 1320 2573 tuis
1349 2517 1733 2589 qumstionihus

196 2616 435 2672 enodandis
461 2613 905 2686 explicandisqne
930 2612 1222 2682 cogitarem
1244 2650 1259 2673 ,
1293 2609 1385 2664 sed
1427 2618 1483 2663 ut
1511 2608 1734 2663 felicita-

196 2715 280 2764 tem
309 2718 430 2764 tuam
472 2707 793 2779 pendentem
829 2721 893 2760 ex
921 2704 1115 2774 linguis
1142 2702 1414 2757 hominum
1442 2710 1600 2773 atque
1629 2717 1731 2756 nu-

199 2809 356 2855 tantem
378 2816 403 2855 a
432 2810 537 2856 tam
564 2798 760 2854 infelici
790 2795 1081 2852 retinaculo
1112 2796 1506 2864 abrumperem,
1535 2802 1591 2847 et
1615 2792 1732 2848 cui-

193 2890 289 2945 dam
325 2892 418 2947 sedi
459 2891 681 2946 omnino
726 2890 1058 2944 inconcussa:
1103 2886 1384 2955 stabilique
1427 2885 1729 2956 religarem.

192 2980 326 3047 Tune,
346 2997 374 3036 ο
399 2983 645 3038 Dioscore
665 3022 681 3045 ,
712 2994 814 3035 nec
853 2978 1092 3033 Persium
1123 2985 1268 3031 tuum
1304 2977 1525 3047 respicis
1565 2977 1733 3032 insul-

190 3080 351 3129 tantem
380 3074 468 3130 tibi
502 3082 749 3129 contorto
773 3070 1056 3134 versiculo,
1087 3068 1181 3124 sed
1210 3068 1368 3138 plane
1397 3069 1600 3138 puerile
1636 3084 1732 3124 ca-

189 3173 274 3234 put,
297 3166 335 3219 si
374 3180 559 3221 sensus
601 3163 762 3228 adsit,
809 3162 1003 3217 idoneo
1049 3159 1279 3229 colapho
1320 3159 1732 3215 eontundentem

187 3264 313 3327 atque
336 3265 663 3314 coercentem
694 3272 708 3310 :

257 3409 369 3460 scire
385 3418 523 3461 tuum
546 3408 669 3460 nihil
692 3415 789 3472 est,
810 3409 902 3461 nisi
924 3415 977 3460 te
1011 3410 1139 3461 scire
1155 3408 1247 3460 hoc
1264 3409 1384 3459 sciat
1407 3407 1566 3459 alter?

928 3491 1145 3557 (Persius
1165 3497 1337 3559 satyra
1360 3494 1428 3556 1.)

186 3636 281 3704 Τοι,
302 3650 353 3697 ιιι
377 3642 623 3714 superius
641 3639 772 3705 dixi,
799 3640 973 3712 legisti
999 3639 1257 3710 dialogos,
1292 3647 1369 3694 tot
1393 3639 1740 3711 philosopho-

184 3745 278 3787 rum
300 3732 726 3791 altercationibus
748 3747 845 3789 cor
881 3732 1174 3788 inseruisti.
1206 3732 1301 3787 Dic
1331 3733 1460 3787 mihi
1488 3734 1605 3803 quis
1641 3748 1734 3788 eo-

184 3835 277 3877 rum
300 3822 445 3880 finem
465 3825 735 3880 actionum
752 3839 967 3879 suarum
984 3823 1320 3879 constituerit
1339 3823 1390 3877 in
1412 3822 1551 3878 fama
1572 3824 1735 3894 vulgi,

182 3921 249 3965 aut
269 3913 313 3968 in
334 3914 506 3987 lingua
530 3916 802 3969 hominum
830 3915 914 3969 vel
935 3916 1194 3970 bonorum
1214 3923 1372 3985 atque
1393 3916 1734 3985 sapientium.

182 4001 242 4058 'fu
263 4016 446 4073 autem,
482 4016 537 4063 et
561 4006 703 4077 quod
728 4006 898 4076 magis
922 4005 1223 4076 pudendum
1253 4016 1351 4071 est,
1377 4007 1486 4076 jam
1520 4007 1737 4077 naviga-

182 4100 321 4163 turus,
350 4100 477 4154 satis
506 4098 763 4168 prmclare
790 4106 841 4153 te
872 4096 923 4151 in
950 4096 1127 4152 Africa
1169 4096 1460 4167 profecisse
1504 4097 1734 4161 testaris,

180 4198 277 4239 cum
298 4187 445 4244 aliam
475 4188 545 4243 ob
572 4203 785 4244 causam
809 4196 861 4242 te
886 4188 1035 4242 oneri
1063 4202 1169 4241 non
1198 4202 1319 4242 esse
1342 4188 1540 4242 asseris
1564 4202 1735 4257 nego-

180 4275 449 4337 tiosissimis
470 4322 485 4345 ,
514 4288 570 4335 et
596 4281 648 4335 in
681 4279 780 4334 alia
809 4280 966 4349 longe
999 4278 1249 4334 distantia
1291 4280 1507 4334 intentis
1531 4280 1740 4348 episco-

181 4368 270 4436 pis,
299 4380 347 4428 ut
373 4374 465 4429 tibi
496 4381 767 4443 exponant
797 4372 1110 4428 Ciceronem
1138 4413 1152 4437 ,
1182 4372 1283 4428 nisi
1307 4372 1427 4442 quia
1456 4372 1610 4427 times
1641 4372 1735 4428 hor

180 4461 324 4517 mines
360 4464 624 4534 proclives
650 4463 716 4517 ad
743 4462 1168 4533 vituperandum,
1202 4479 1267 4516 ne
1293 4462 1648 4533 interrogatus
1669 4462 1738 4518 ab

180 4550 261 4620 eis,
280 4554 320 4609 si
354 4570 457 4609 non
495 4553 857 4624 responderis,
881 4553 1124 4609 indoctus
1152 4562 1207 4608 et
1231 4552 1396 4608 hebes
1422 4555 1651 4624 puteris!
1693 4555 1737 4609 Ο

180 4658 275 4699 rem
300 4647 507 4718 dignam
540 4647 736 4717 vigiliis
760 4656 816 4702 et
840 4647 1297 4702 lucubrationibus
1329 4648 1732 4718 episcoporum!

237 4737 283 4792 4.
311 4738 422 4795 Non
443 4739 576 4795 mihi
596 4740 790 4795 videris
806 4739 1018 4795 aliunde
1039 4738 1156 4794 dies
1177 4748 1465 4811 noctesque
1479 4743 1733 4813 cogitare,

179 4826 263 4883 nisi
278 4831 394 4885 utin
412 4831 603 4887 studiis
620 4831 723 4885 tuis
741 4839 899 4901 atque
913 4829 1151 4886 doctrina
1174 4830 1406 4886 lauderis
1427 4832 1495 4886 ab
1512 4832 1740 4887 homini-

180 4918 281 4975 bus.
298 4922 449 4990 Quod
466 4923 568 4980 etsi
594 4938 807 4993 semper
844 4923 911 4978 ad
950 4931 1097 4978 certa
1127 4932 1181 4978 et
1216 4932 1360 4979 recta
1399 4924 1738 4981 tendentibus

180 5011 507 5079 periculosum
528 5030 650 5070 esse
674 5014 929 5084 judicavi,
957 5030 1097 5070 nunc
1124 5023 1299 5069 tamen
1330 5015 1383 5070 in
1422 5022 1475 5071 te
1509 5017 1739 5072 maxime

180 5104 421 5173 experior.
450 5105 568 5160 Non
598 5105 741 5161 enim
771 5104 986 5160 aliunde
1011 5120 1169 5175 quam
1199 5121 1263 5161 ex
1291 5106 1476 5161 eadem
1504 5108 1740 5177 pernicie

179 5206 269 5248 non
302 5196 473 5252 vidisti
502 5211 607 5267 qua
640 5195 853 5251 tandem
902 5212 959 5251 re
994 5212 1273 5266 possemus
1300 5200 1530 5266 moveri,
1560 5207 1619 5255 ut
1647 5200 1737 5255 tibi

178 5286 303 5353 quod
342 5288 556 5358 petebas
583 5288 850 5343 daremus.
881 5288 1050 5357 Quam
1080 5290 1220 5345 enim
1249 5306 1499 5361 perverse
1528 5300 1582 5347 tu
1625 5293 1738 5363 ipse

177 5390 270 5431 non
296 5379 364 5434 ob
388 5380 525 5435 aliud
550 5379 619 5435 ad
648 5394 710 5434 ea
742 5379 995 5435 discenda
1035 5396 1153 5452 qua:
1188 5382 1485 5454 interrogas
1511 5386 1736 5455 raperis,

178 5466 267 5523 nisi
301 5480 357 5526 ut
395 5470 655 5539 lauderis,
685 5480 778 5527 aut
814 5486 920 5528 non
950 5473 1264 5544 vitupereris
1305 5477 1374 5533 ab
1402 5476 1737 5547 hominibus;

180 5566 276 5615 tam
302 5576 551 5631 perverse
576 5564 740 5621 etiam
770 5579 869 5621 nos
892 5572 1047 5635 putas
1073 5566 1125 5620 in
1150 5574 1240 5621 tua
1264 5569 1520 5638 petitione
1546 5570 1739 5627 talibus

178 5652 340 5707 causis
363 5652 599 5726 allegatis
627 5654 852 5711 moveri.
893 5656 960 5711 Et
995 5656 1197 5711 utinam
1222 5672 1501 5727 possemus
1528 5658 1741 5716 efficere

177 5751 229 5796 ut
254 5750 308 5799 tu
332 5759 540 5817 quoque
566 5755 674 5803 tam
701 5747 842 5804 inani
880 5756 1038 5819 atque
1075 5748 1246 5805 fallaci
1287 5749 1531 5806 humana:
1571 5752 1740 5807 laudis

179 5830 310 5889 bono
332 5835 549 5894 minime
572 5838 898 5901 movereris.
930 5854 1054 5896 cum
1079 5839 1171 5894 tibi
1212 5855 1309 5896 nos
1350 5840 1738 5911 iudicaremus,

3333 398 3439 457 434

1849 504 1952 544 non
1976 490 2040 545 ad
2066 493 2426 563 pnestandum
2455 497 2546 553 tibi
2570 500 2710 571 quod
2733 504 2891 573 petis,
2923 509 3171 576 quoniam
3213 510 3325 568 tunc
3367 514 3435 569 de

1844 588 1897 635 te
1926 583 2135 649 scribis,
2164 586 2257 641 sed
2293 587 2361 642 ad
2400 596 2452 644 te
2479 592 2853 663 corrigendum
2882 601 3117 655 moveri!
3145 601 3316 658 Mores
3345 606 3440 659 ha-

1845 674 2055 739 minum,
2098 676 2293 748 inquis,
2338 682 2581 749 proclives
2614 694 2731 739 sunt
2773 688 2841 740 ad
2868 689 3270 760 vituperandum.
3300 696 3439 764 Quid

1842 766 2074 821 deinde?
2102 768 2164 822 Si
2200 770 2539 843 interrogatus
2576 776 2689 845 quis
2732 794 2834 832 non
2871 783 3205 851 responderit,
3233 786 3430 857 inquis,

1842 858 2076 914 indoctus
2098 872 2155 916 ει»
2173 864 2319 919 hebes
2345 868 2623 936 putabitur.
2653 869 2794 926 Ecce
2822 887 2922 943 ego
2952 882 3003 929 te
3027 875 3296 947 interrogo
3329 897 3437 937 non

1841 951 1908 1009 de
1937 953 2211 1013 Ciceronis
2232 958 2380 1016 libris
2408 960 2606 1033 aliquid
2624 1005 2639 1029 ,
2661 966 2816 1035 cujus
2842 981 3058 1024 sensum
3101 970 3327 1030 fortasse
3354 977 3435 1032 lc-

1839 1056 2028 1117 gentes
2057 1050 2309 1121 indagare
2336 1068 2440 1108 non
2459 1066 2703 1124 possunt,
2728 1058 2822 1113 sed
2843 1060 2912 1114 de
2934 1061 3159 1129 epistola
3186 1065 3299 1133 ipsa
3323 1075 3432 1135 tua,

1840 1138 1985 1195 etde
2015 1143 2277 1198 sententia
2321 1146 2605 1201 verborum
2648 1156 2879 1204 tuorum.
2917 1151 3111 1220 Quazro
3154 1156 3297 1210 enim
3338 1174 3436 1214 cur

1841 1246 1946 1286 non
1970 1232 2171 1289 dixeris
2190 1276 2204 1300 ,
2234 1236 2335 1303 Qui
2362 1253 2466 1292 non
2495 1241 2870 1311 responderit,
2905 1244 3151 1302 indoctus
3177 1259 3231 1303 et
3266 1250 3434 1307 hebes

1838 1325 2284 1394 manifestabitur,
2319 1330 2412 1386 sed
2454 1333 2630 1401 potius
2674 1334 2875 1390 dixeris
2895 1378 2909 1402 ,
2941 1336 3187 1394 Indoctus
3216 1351 3259 1395 et
3284 1343 3435 1400 hebes

1837 1418 2129 1488 putabitur;
2150 1421 2248 1475 nisi
2278 1422 2400 1492 quia
2429 1424 2558 1478 satis
2579 1424 2736 1480 etiam
2760 1426 2874 1496 ipse
2894 1428 3166 1501 intelligis,
3193 1447 3315 1488 eum
3342 1437 3435 1506 qui

1839 1510 1965 1565 talia
1992 1526 2095 1565 non
2124 1513 2478 1583 responderit,
2511 1531 2616 1571 non
2643 1532 2761 1573 esse
2788 1518 3062 1576 indoctum
3085 1531 3139 1578 et
3160 1525 3429 1594 hebetem,

1838 1602 1932 1658 sed
1963 1604 2155 1672 putari.
2184 1606 2253 1659 At
2279 1621 2376 1675 ego
2399 1615 2451 1662 te
2475 1607 2759 1676 admoneo,
2786 1626 2907 1666 eum
2934 1613 3026 1682 qui
3060 1614 3241 1669 talium
3282 1626 3435 1685 puta-

1838 1704 2014 1752 torum
2040 1698 2234 1768 linguis
2264 1707 2516 1771 tanquam
2540 1701 2760 1758 falcibus
2790 1705 3001 1760 concidi
3030 1707 3201 1776 timet,
3231 1710 3435 1779 lignum

1837 1804 1958 1845 esse
1993 1790 2222 1859 aridum,
2254 1802 2309 1847 et
2350 1792 2471 1848 ideo
2497 1810 2604 1849 non
2635 1798 2810 1865 putari
2842 1806 3045 1853 tantum
3078 1799 3347 1857 indoctum
3378 1812 3435 1860 et

1838 1881 2105 1949 hebetem,
2138 1884 2232 1938 sed
2263 1900 2391 1940 vere
2412 1901 2534 1942 esse
2559 1895 2720 1959 atque
2744 1889 3006 1945 convinci.

1907 1974 1959 2027 5.
2004 1974 2253 2031 Fortasse
2290 1976 2491 2032 dixeris
2528 1996 2541 2031 :
2574 1978 2677 2035 Sed
2722 1996 2841 2035 eum
2892 1980 3057 2038 hebes
3098 1986 3279 2040 animo
3325 2001 3432 2045 non

1835 2065 1956 2130 sim,
1980 2076 2034 2121 et
2057 2068 2321 2137 praecipue
2348 2083 2455 2123 non
2482 2074 2601 2125 esse
2626 2071 2888 2139 studeam,
2914 2073 3037 2128 nolo
3063 2073 3227 2131 hebes
3250 2078 3433 2135 animo

1836 2158 1917 2211 vel
1950 2159 2143 2227 putari.
2171 2159 2364 2225 ltecte;
2398 2162 2490 2215 sed
2519 2178 2624 2231 quo
2656 2162 2759 2218 fine
2788 2164 2943 2231 nolis,
2976 2164 3029 2221 id
3049 2182 3252 2236 qurere.
3277 2168 3433 2236 Quod

1836 2250 1977 2305 enim
2010 2250 2061 2303 in
2090 2251 2191 2305 illis
2217 2253 2600 2321 quaestionibus
2628 2255 2929 2325 aperiendis
2961 2256 3050 2311 tibi
3081 2266 3134 2312 et
3163 2260 3434 2329 explican-

1835 2342 1939 2407 dis,
1986 2357 2085 2397 nec
2115 2344 2268 2398 nobis
2308 2345 2456 2400 oneri
2488 2361 2605 2402 esse
2643 2346 2926 2413 dubitasti,
2969 2348 3107 2406 hanc
3132 2366 3345 2406 causam
3374 2362 3434 2408 et

1836 2431 1976 2489 hunc
2004 2435 2159 2489 tinem
2189 2450 2308 2490 esse
2334 2436 2547 2503 dixisti,
2581 2446 2635 2493 et
2662 2446 2768 2493 tam
2799 2441 3160 2497 necessarium
3180 2484 3196 2509 ,
3227 2451 3287 2497 ut
3311 2459 3431 2499 eam

1836 2525 2052 2580 nimiam
2085 2526 2454 2582 necessitatem
2482 2530 2800 2600 appellares,
2831 2547 2899 2586 ne
2925 2532 3127 2587 scilicet
3152 2533 3220 2589 de
3249 2534 3331 2589 his
3359 2535 3434 2590 in-

1838 2627 2134 2689 terrogatus
2170 2636 2340 2690 neque
2366 2622 2728 2691 respondens,
2760 2622 2826 2677 ab
2853 2622 3157 2679 hominibus
3190 2626 3257 2681 ad
3289 2627 3432 2681 vitu-

1837 2711 2129 2782 perandum
2152 2713 2492 2782 proclivibus,
2524 2712 2686 2769 hebes
2707 2714 3052 2786 indoctusque
3074 2719 3294 2786 puteris.
3318 2718 3432 2789 Ego

1837 2812 2016 2860 autem
2044 2819 2241 2873 quaero,
2276 2803 2496 2861 hoccine
2521 2813 2690 2861 totum
2713 2806 2781 2861 sit
2809 2821 2904 2861 cur
2927 2822 2956 2861 a
2983 2808 3135 2863 nobis
3160 2808 3257 2864 ista
3287 2808 3434 2864 desi-

1838 2895 2034 2962 deres,
2085 2911 2151 2949 an
2196 2894 2355 2951 etiam
2404 2896 2650 2953 indoctus
2694 2906 2749 2953 et
2795 2897 2960 2954 hebes
3002 2900 3176 2969 putari
3213 2910 3434 2970 propter

1837 2989 1981 3044 aliud
2011 2989 2207 3058 aliquid
2230 2990 2387 3044 nolis.
2413 2989 2471 3046 Si
2506 2990 2609 3046 hoc
2636 2999 2805 3047 totum
2842 3001 2943 3059 est,
2972 2992 3169 3058 cernis,
3199 3002 3256 3047 ut
3284 2992 3433 3047 arbi-

1837 3088 1970 3147 tror,
1996 3079 2135 3134 hunc
2160 3095 2279 3135 esse
2308 3079 2469 3135 finem
2497 3089 2602 3136 tam
2628 3081 2956 3137 vehementis
2978 3082 3284 3138 intentionis
3307 3091 3432 3148 tuae.

1837 3186 1942 3241 qua
1968 3170 2121 3225 nobis
2149 3186 2360 3242 quoque
2395 3173 2546 3228 oneri
2571 3188 2631 3228 es
2649 3214 2664 3240 ,
2696 3180 2755 3228 ut
2783 3171 2987 3229 fateris.
3030 3173 3167 3241 Quid
3195 3182 3372 3230 autem
3401 3192 3435 3231 a

1841 3263 2095 3318 Dioscoro
2138 3273 2313 3334 potest
2351 3265 2505 3320 nobis
2546 3279 2665 3320 esse
2703 3265 2887 3333 oneri,
2933 3264 3036 3319 nisi
3080 3264 3220 3336 quod
3260 3265 3436 3336 ipsum

1840 3356 2152 3413 Dioscorum
2190 3359 2349 3413 etiam
2380 3359 2709 3415 nescientem
2740 3360 2963 3416 onerat?
2992 3360 3131 3431 quod
3162 3376 3271 3415 non
3307 3376 3436 3417 sen-

1841 3449 1956 3517 tiet,
1988 3449 2090 3503 nisi
2120 3464 2241 3504 cum
2268 3465 2486 3521 surgere
2515 3451 2775 3516 voluerit;
2806 3459 2966 3522 atque
2994 3451 3195 3506 utinam
3222 3467 3328 3507 non
3357 3452 3437 3507 sic

1840 3541 2125 3611 alligentur
2164 3541 2279 3595 hrec
2307 3556 2469 3597 onera
2490 3583 2505 3609 ,
2537 3550 2596 3597 ut
2624 3540 2817 3597 frustra
2853 3542 3013 3597 etiam
3042 3541 3296 3598 humeros
3337 3557 3434 3598 co-

1840 3642 1997 3688 netur
2017 3634 2295 3689 excutere!
2316 3632 2467 3701 Quod
2489 3648 2595 3689 non
2622 3633 2743 3689 ideo
2766 3633 2906 3699 dico,
2937 3634 3059 3704 quia
3086 3633 3200 3689 ista:
3221 3632 3435 3690 discun-

1843 3734 1927 3780 tur
1964 3727 2290 3797 quzestiones
2313 3767 2328 3792 ,
2360 3725 2453 3782 sed
2497 3726 2621 3797 quia
2669 3726 2759 3782 tali
2802 3726 2907 3781 fine
2943 3725 3239 3783 discuntur.
3281 3725 3438 3781 Hunc

1840 3820 1982 3873 enim
2010 3818 2167 3873 finem
2190 3818 2299 3888 jam
2330 3828 2475 3875 certe
2496 3820 2660 3875 sentis
2681 3833 2800 3876 esse
2821 3819 3173 3891 nugatorium,
3195 3818 3432 3887 inanem,

1842 3920 2141 3966 ventosum.
2183 3911 2351 3967 liabet
2394 3922 2449 3967 et
2496 3921 2757 3968 tumorem
2785 3954 2801 3979 ,
2833 3914 2933 3969 sub
2960 3928 3068 3985 quo
3093 3913 3252 3969 etiam
3286 3912 3437 3968 tabes

1841 4002 2099 4073 gignitur,
2136 4011 2191 4057 et
2230 4002 2423 4073 pupula
2449 4003 2642 4057 mentis
2671 4002 2737 4056 ad
2763 4019 2869 4058 non
2900 4002 3178 4059 videndam
3205 4002 3434 4073 opulcn-

1842 4095 1968 4149 tiam
1996 4095 2232 4150 veritatis
2256 4094 2566 4149 offunditur.
2594 4094 2787 4161 Crede,
2815 4095 2893 4150 sic
2920 4101 3023 4161 est,
3054 4096 3127 4150 mi
3152 4094 3431 4161 Dioscore,

1842 4185 1913 4240 ita
1939 4194 1991 4239 te
2017 4184 2165 4239 fruar
2192 4186 2244 4239 in
2273 4185 2383 4254 ipsa
2414 4185 2719 4249 voluntate.
2757 4193 2813 4241 et
2839 4186 2893 4241 in
2914 4185 3049 4257 ipsa,
3074 4185 3225 4265 cujus
3245 4186 3434 4243 umbra

1840 4275 2121 4340 averteris,
2155 4275 2408 4345 dignitate
2440 4272 2693 4330 veritatis.
2722 4274 2877 4332 Unde
2902 4276 3042 4332 enim
3071 4275 3186 4344 tibi,
3216 4275 3321 4333 nisi
3351 4278 3434 4333 vel

1842 4366 1942 4421 hoe
1963 4367 2122 4422 modo
2141 4407 2155 4433 ,
2180 4367 2245 4421 de
2273 4367 2371 4421 hac
2396 4383 2454 4421 re
2484 4365 2642 4422 fidem
2673 4368 2883 4434 faciam,
2914 4383 3018 4424 non
3048 4368 3281 4427 invenio.
3315 4368 3435 4425 Non
3504 4374 3519 4429 .2

1842 4461 1983 4515 enim
2011 4459 2158 4514 vides
2181 4474 2320 4523 eam,
2344 4470 2434 4514 aut
2459 4460 2567 4513 ullo
2588 4459 2746 4514 modo
2770 4460 3002 4530 quandiu
3032 4461 3224 4533 linguis
3252 4460 3434 4517 huma-
3498 4450 3513 4523 ξν

1840 4550 1924 4605 nis
1953 4550 2168 4605 ruinosa
2198 4549 2385 4621 gaudia
2412 4550 2699 4615 eonstruis,
2734 4560 2887 4622 potes
2915 4568 3031 4608 eam
3058 4553 3260 4609 videre.

1913 4646 1966 4698 6.
2007 4643 2063 4699 Si
2093 4651 2269 4698 autem
2302 4643 2373 4697 ibi
2400 4659 2505 4699 non
2531 4644 2646 4698 finis
2668 4654 2746 4699 est
2776 4645 2960 4699 harum
2982 4644 3249 4701 actionum
3272 4652 3434 4715 atque
3486 4632 3495 4639 λ

1842 4738 2151 4792 intentionis
2180 4746 2305 4803 tuze,
2334 4725 2426 4793 sed
2455 4748 2674 4809 propter
2705 4740 2846 4795 aliud
2875 4740 3073 4810 aliquid
3109 4739 3354 4796 indoctus
3378 4750 3434 4797 et

1844 4829 2007 4884 hebes
2022 4844 2127 4883 non
2147 4829 2229 4883 vis
2242 4830 2415 4899 putari
2436 4846 2450 4894 ;
2477 4846 2659 4901 quer
2678 4832 2807 4902 quid
2828 4830 2954 4886 illud
2980 4832 3082 4886 sit?
3106 4831 3161 4887 Si
3186 4842 3433 4903 propter-

1840 4937 1905 4977 ea
1929 4937 1996 4976 ne
2023 4922 2295 4992 angustior
2315 4922 2407 4976 tibi
2430 4922 2602 4977 aditus
2638 4924 2705 4978 ad
2733 4922 3083 4994 acquirendas
3108 4926 3434 4995 temporales

1841 5013 2071 5077 divitias,
2105 5026 2324 5068 uxorem
2352 5012 2758 5083 impetrandam,
2792 5015 3023 5070 honores
3052 5018 3427 5087 capessendos,

1842 5112 1897 5158 et
1920 5111 2113 5158 caetera
2153 5103 2452 5173 hujusmodi
2478 5146 2491 5171 ,
2523 5105 2777 5174 prmeipiti
2807 5105 2950 5159 ﬂuxu
2977 5110 3388 5165 transcurrentia
3410 5151 3426 5174 ,

1842 5205 2000 5266 atque
2026 5196 2079 5250 in
2106 5209 2164 5249 se
2192 5196 2367 5265 lapsos
2397 5197 2447 5249 in
2477 5197 2638 5250 imum
2681 5197 2966 5266 rapientia;
2994 5214 3167 5271 neque
3192 5201 3257 5255 ad
3288 5200 3432 5255 hunc

1844 5287 2002 5341 tinem
2032 5287 2122 5341 tibi
2148 5287 2347 5342 servire
2387 5301 2485 5342 nos
2510 5287 2694 5354 decet,
2724 5288 2831 5343 imo
2859 5289 3013 5346 decet
3039 5291 3198 5346 etiam
3227 5290 3351 5345 hinc
3375 5299 3432 5346 te

1843 5395 2111 5436 amovere.
2145 5380 2260 5434 Non
2291 5380 2430 5434 enim
2469 5381 2545 5435 sic
2575 5389 2625 5437 te
2652 5382 2997 5452 prohibemus
3032 5383 3086 5437 in
3125 5383 3326 5437 incerto
3352 5383 3433 5440 fa-

1843 5487 1946 5528 ma:
1975 5472 2135 5527 finem
2163 5488 2380 5543 ponere,
2407 5482 2463 5528 ut
2490 5484 2734 5545 tanquam
2753 5474 2821 5531 de
2836 5475 3025 5530 Mincio
3053 5474 3109 5529 in
3136 5474 3428 5534 Eridanum

1844 5566 2101 5637 emigres;
2133 5582 2236 5637 quo
2259 5575 2309 5622 te
2345 5567 2459 5636 ipse
2485 5568 2707 5624 fortasse
2728 5569 2947 5623 Mincius
2969 5567 3127 5622 etiam
3156 5582 3262 5624 non
3292 5573 3431 5625 emi-

1842 5668 2083 5731 grantem
2106 5660 2439 5732 impingeret.
2465 5662 2595 5718 Cum
2621 5661 2760 5717 enim
2787 5675 2892 5715 non
2918 5658 3189 5716 satiaverit
3215 5661 3429 5719 avidum

1843 5751 2085 5822 spiritum
2116 5752 2321 5807 vanitas
2346 5751 2515 5807 laudis
2540 5742 2806 5818 humanm,
2831 5751 2953 5823 quia
2986 5752 3119 5808 nihil
3150 5754 3218 5810 ad
3242 5755 3429 5811 ciban—

1846 5842 1972 5899 dum
2001 5842 2157 5898 atl‘ert
2180 5842 2282 5898 nisi
2312 5844 2468 5899 inane
2496 5850 2550 5899 et
2575 5842 2830 5911 inﬂatum,
2860 5846 3003 5916 cogit
3029 5860 3146 5902 eam
3178 5848 3291 5918 ipsa
3315 5851 3428 5903 avi-
