3990 6400
595 527 735 582 ditas
761 525 964 583 referre
986 527 1037 581 in
1060 525 1223 591 aliud,
1247 526 1396 596 quasi
1418 524 1633 579 uberius
1654 531 1810 593 atque
1838 522 2187 588 fructuosius;

599 617 741 688 quod
773 618 1117 672 nihilominus
1152 619 1193 671 si
1239 616 1513 684 temporali
1557 615 1708 684 lapsu
1739 613 2049 685 praeterﬂuit
2070 655 2084 676 ,
2118 613 2190 668 ita

597 721 681 766 est
707 712 857 781 quasi
889 712 1079 765 ﬂuvius
1098 711 1255 764 ducat
1284 711 1332 762 in
1357 708 1593 767 ﬂuvium.
1623 719 1680 761 ut
1715 722 1819 761 non
1846 706 1913 760 sit
1944 705 2060 759 linis
2087 705 2189 759 mi-

596 809 772 870 seriae,
797 805 1047 875 quamdiu
1072 804 1189 856 linis
1215 802 1510 855 oliiciorum
1544 808 1845 855 nostrorum
1874 799 1924 853 in
1950 815 2005 853 re
2030 799 2191 853 iusta-

598 896 691 949 bili
722 896 1066 949 collocatur‘.
1105 894 1159 947 In
1190 894 1366 961 aliquo
1413 892 1571 961 igitur
1607 892 1762 944 tirmo
1790 898 1948 960 atque
1982 888 2188 943 incom-

599 988 835 1041 mutabili
858 988 997 1040 bono
1021 996 1072 1041 te
1093 987 1252 1055 ligere
1283 984 1525 1037 volumus
1552 984 1993 1037 constantiSSimze
2017 981 2189 1034 inten-

599 1082 758 1135 tionis
785 1082 1029 1145 domum,
1061 1088 1113 1133 et
1151 1077 1544 1132 securissimam
1574 1078 1809 1146 requiem
1837 1075 2011 1128 omnis
2038 1073 2187 1127 bonae

597 1180 753 1242 atque
784 1172 1021 1226 hooestm
1042 1170 1268 1223 actionis
1291 1178 1413 1222 tuie.
1445 1169 1526 1221 An
1549 1167 1685 1221 forte
1714 1168 1865 1221 istam
1895 1166 2059 1235 ipsam
2085 1175 2190 1220 ter-

596 1280 777 1319 renam
822 1265 1119 1318 felicitatem
1163 1276 1320 1331 quam
1368 1262 1815 1324 commemoravi,
1859 1260 1902 1312 si
1947 1258 2187 1327 prosperi

596 1356 821 1410 rumoris
842 1370 990 1419 aura,
1010 1355 1273 1409 autetiam
1297 1351 1509 1407 ﬂatibus
1539 1354 1652 1407 vela
1682 1351 1961 1422 pandendo
1981 1350 2045 1403 ad
2068 1362 2185 1403 eam

595 1448 833 1517 potueris
858 1448 1159 1518 pervenire,
1191 1447 1326 1501 hunc
1354 1448 1511 1501 etiam
1534 1447 1732 1516 cogitas
1751 1445 1949 1499 referre
1973 1443 2022 1496 in
2046 1442 2187 1496 aliud

593 1554 833 1601 cernuo,
865 1550 918 1594 et
957 1556 1140 1594 Verum
1180 1550 1233 1595 et
1266 1541 1477 1609 plenum
1520 1538 1752 1593 bonum?
1795 1540 1861 1591 At
1903 1536 2032 1589 mihi
2081 1550 2186 1589 non

596 1630 825 1694 videtur,
853 1642 1008 1699 atque
1038 1632 1257 1685 omnino
1278 1634 1386 1699 ipsa
1412 1632 1606 1683 veritas
1638 1639 1811 1697 negat,
1842 1628 1919 1680 vel
1941 1627 2099 1679 tantis
2120 1624 2186 1678 ad

593 1738 652 1776 se
682 1723 1026 1789 :ml'raetibus,
1057 1741 1174 1794 qu.e
1204 1736 1309 1779 l:tlil
1341 1724 1576 1793 proxima
1600 1732 1676 1775 est
1700 1765 1713 1785 ,
1745 1721 1824 1773 vel
1854 1720 2015 1773 tantis
2042 1732 2187 1771 sum-

600 1818 794 1884 ptibus,
819 1826 935 1886 quzt-
969 1828 1071 1871 tam
1100 1818 1329 1888 gratuita
1361 1825 1460 1880 est,
1487 1815 1767 1885 perveniri.

671 1910 721 1961 7.
765 1912 844 1963 Au
893 1911 1000 1978 ipsa
1050 1911 1276 1965 humana
1327 1910 1515 1975 laude,
1546 1918 1793 1977 tanquam
1837 1908 2187 1959 instrumento

595 2001 851 2056 utendum
883 2003 1173 2065 existimas,
1205 2012 1264 2056 ut
1290 2003 1488 2055 :ttliltltll
1534 2016 1630 2071 per
1674 1999 1807 2052 hanc
1836 2013 2099 2067 pra-pares
2122 1996 2186 2050 ad

593 2091 800 2146 animos
829 2093 1097 2146 hominum
1124 2134 1139 2157 ,
1175 2092 1525 2160 persimilendi
1574 2106 1694 2146 vera
1738 2100 1894 2159 atque
1924 2087 2185 2151 stilubt‘ia;

593 2194 647 2238 et
679 2198 835 2240 caves
858 2199 925 2239 ne
953 2194 1023 2247 te,
1052 2200 1171 2237 cum
1202 2186 1470 2238 indoctum
1503 2195 1660 2253 atque
1696 2183 1938 2237 hebetem
1968 2190 2183 2251 putave-

595 2276 729 2337 rint,
764 2276 1035 2343 indignum
1078 2275 1398 2328 arbitrentur
1437 2274 1519 2327 cui
1563 2289 1741 2327 aurem
1775 2273 1854 2325 vel
1897 2272 2188 2326 intentissi-

596 2384 738 2420 mam
796 2370 878 2419 vel
929 2368 1364 2434 patientissimam
1417 2382 1509 2435 pra
1530 2368 1724 2437 beant,
1778 2365 1888 2417 sive
1936 2364 2001 2418 ad
2047 2370 2189 2418 recte

599 2459 734 2512 facta
760 2474 1077 2528 quemquznu
1110 2459 1406 2511 exhorteris
1433 2500 1445 2519 ,
1479 2459 1591 2510 sive
1622 2457 1875 2511 malitiam
1904 2465 2061 2525 atque
2099 2468 2189 2507 ne-

597 2552 817 2621 quitiam
873 2552 1143 2619 peccantis
1174 2550 1453 2619 olijnrges?
1500 2550 1649 2604 llunc
1696 2559 1748 2604 ttt
1792 2548 2189 2617 Iincmjustitire

602 2657 664 2697 ac
694 2642 1093 2706 benefici-utin,
1138 2643 1182 2697 si
1215 2642 1263 2694 in
1301 2642 1402 2694 illis
1451 2642 1838 2710 interrogandis
1879 2638 2190 2709 qu:i-stizrtti-

598 2731 699 2787 bus
739 2734 1014 2803 cogitasti,
1047 2747 1141 2785 nos
1170 2732 1236 2785 de
1278 2741 1329 2785 te
1364 2732 1501 2785 male
1542 2732 1869 2795 meruimus,
1908 2730 2097 2799 quibus
2137 2730 2188 2784 in

600 2826 819 2895 epistola
854 2834 938 2879 tua
966 2867 979 2889 ,
1014 2841 1116 2876 non
1152 2824 1199 2876 id
1232 2823 1405 2893 potius
1452 2837 1559 2892 quo
1598 2836 1967 2884 moverentur,
2013 2820 2188 2889 posoi«

599 2919 698 2983 sti,
731 2926 787 2969 ut
816 2926 905 2969 aut
936 2916 1163 2969 libenter
1199 2915 1449 2967 daremus
1486 2912 1627 2981 quod
1676 2913 1921 2981 petebas.
1956 2920 2043 2963 aut
2073 2910 2193 2963 ideo

601 3024 706 3061 non
736 3006 983 3060 daremus
1007 3047 1021 3069 ,
1060 3005 1182 3074 quia
1220 3018 1377 3057 causa
1404 3002 1654 3072 qu;elibct
1678 3001 1779 3055 alia
1811 3001 2037 3055 i‘ortaSse
2068 3014 2193 3070 pro-

604 3098 839 3157 hiberet,
880 3110 984 3149 non
1021 3105 1197 3148 tamen
1234 3096 1356 3164 quia
1404 3104 1506 3147 tua:
1548 3107 1697 3146 value
1739 3093 2049 3161 cupiditati,
2088 3106 2191 3146 nou

603 3190 776 3245 solum
823 3187 1059 3247 servire,
1104 3204 1287 3241 verum
1328 3189 1487 3241 etiam
1531 3202 1635 3240 non
1676 3185 1923 3241 resistere
1951 3186 2191 3256 puderet.

604 3283 815 3351 Quanto
840 3281 981 3335 enim
1014 3279 1203 3333 melius
1233 3290 1390 3349 atque
1421 3279 1717 3343 salubrius,
1746 3295 1927 3349 quzeso
1958 3289 2028 3345 te,
2054 3280 2195 3348 ipsas

608 3378 847 3433 veritatis
880 3380 1123 3450 regulas,
1166 3380 1331 3433 multo
1369 3380 1567 3433 certius
1605 3389 1657 3433 et
1704 3378 1916 3433 brevius
1959 3391 2054 3447 per
2109 3392 2195 3431 se-

609 3478 749 3543 ipsas
793 3473 988 3543 accipis
1012 3516 1025 3536 ,
1070 3472 1261 3542 quibus
1301 3472 1429 3525 falsa
1461 3472 1637 3525 omnia
1681 3472 1853 3541 possis
1886 3472 1997 3539 ipse
2038 3469 2196 3523 refel-

608 3566 741 3628 lere,
770 3580 835 3619 ne
859 3565 999 3634 quod
1027 3564 1217 3619 falSum
1248 3572 1304 3619 et
1346 3562 1647 3633 pudendum
1690 3571 1771 3617 est
1790 3605 1802 3624 ,
1837 3562 1881 3614 si
1910 3560 2194 3615 multorum

609 3668 840 3710 annosas
860 3665 914 3710 et
939 3656 1233 3726 decrepitas
1252 3656 1506 3710 lal~itatcs
1526 3654 1702 3710 studio
1723 3653 2021 3723 jactantiori
2042 3666 2196 3722 quam

609 3745 935 3816 prudentiori
979 3746 1225 3802 didiceris
1248 3788 1261 3810 ,
1292 3748 1503 3801 doctum
1544 3734 1701 3817 atque
1734 3746 2107 3813 intelligentem
2146 3752 2198 3799 te

608 3850 730 3893 esse
767 3838 1074 3903 arbitreris;
1116 3838 1257 3908 quod
1293 3838 1402 3908 jam
1446 3854 1551 3891 non
1591 3837 1837 3891 existimo
1885 3836 1977 3890 tibi
2010 3835 2194 3889 videri.

608 3927 724 3983 Non
755 3930 895 3984 enim
922 3929 1111 3984 l‘ruStra
1136 3939 1240 3985 tam
1262 3930 1351 3985 diu
1373 3938 1478 3984 tam
1502 3945 1624 3985 vera
1655 3930 1906 3985 Dioscoro
1929 3928 2159 3983 diximus
2182 3948 2194 3984 :

608 4037 674 4076 ex
699 4036 804 4092 quo
826 4022 880 4077 in
901 4024 998 4077 hac
1022 4023 1241 4094 cpistola
1266 4024 1553 4094 graditnur.

682 4112 910 4171 CAPUT
936 4114 1000 4169 ll.
1036 4147 1105 4156 —
1138 4114 1191 4171 8.
1217 4117 1550 4187 Quapropter
1588 4118 1697 4185 jam
1741 4117 1870 4171 illud
1903 4116 2192 4181 videamus,

610 4219 731 4259 cum
790 4213 844 4261 te
898 4207 1119 4262 istarum
1162 4224 1340 4262 rerum
1386 4209 1679 4279 ignorantia
1738 4224 2068 4278 nequaquam
2114 4208 2195 4262 in-

612 4295 825 4349 doctum
856 4304 1012 4364 atque
1038 4298 1283 4353 hebetem
1304 4299 1510 4369 judices
1532 4342 1545 4363 ,
1578 4300 1671 4353 sed
1711 4299 1874 4368 ipsius
1904 4301 2076 4367 potius
2101 4314 2195 4355 ve-

615 4383 789 4438 ritatis
806 4424 818 4447 ,
853 4392 913 4439 ut
931 4387 1168 4455 quisquis
1188 4388 1253 4441 de
1280 4388 1363 4441 his
1386 4390 1545 4443 rebus
1568 4388 1778 4457 scripsit
1799 4390 1882 4442 vel
1905 4389 2195 4457 scripserit,

615 4483 705 4530 aut
743 4490 805 4529 ea
844 4475 948 4529 sint
988 4492 1105 4547 qua:
1144 4480 1253 4548 jam
1289 4489 1468 4534 certus
1498 4489 1678 4543 tenes,
1716 4488 1807 4532 aut
1832 4480 1875 4532 si
1897 4478 2027 4534 falsa
2049 4488 2195 4548 sunt,

614 4581 836 4622 securus
876 4568 1119 4639 ignores,
1155 4585 1326 4639 neque
1370 4571 1438 4626 de
1476 4570 1780 4625 diversitate
1828 4570 2199 4640 cognoscenda

615 4661 999 4716 sententiarum
1034 4661 1323 4715 alienarum
1347 4705 1362 4728 ,
1395 4678 1461 4718 ne
1488 4664 1634 4733 quasi
1681 4662 1923 4717 indoctus
1955 4670 2009 4716 et
2036 4662 2199 4718 hebes

616 4768 929 4817 remaneas.
962 4755 1102 4810 inani
1154 4755 1505 4811 sollicitudine
1551 4756 1857 4811 macereris.
1900 4756 2032 4809 (tum
2072 4771 2200 4827 ergo

618 4848 731 4901 hae
758 4846 829 4901 ita
856 4846 984 4912 sint,
1012 4847 1170 4901 etiam
1202 4847 1329 4903 illud
1350 4889 1364 4913 ,
1396 4848 1435 4902 si
1468 4851 1669 4919 placet,
1701 4850 1992 4914 videamus,
2022 4858 2198 4906 utrum

616 4936 837 4990 aliorum
870 4938 994 4991 t'alsa
1020 4939 1373 5007 existimatio,
1401 4942 1488 5009 qui
1517 4950 1669 5004 sunt,
1702 4950 1756 4994 ut
1787 4942 1996 5007 scribis,
2028 4942 2093 4996 ad
2125 4944 2200 4997 vi-

619 5026 966 5095 tuperandum
1001 5034 1291 5101 proclives,
1329 5033 1397 5085 ita
1426 5043 1484 5086 ut
1508 5035 1550 5085 si
1584 5041 1632 5085 te
1671 5034 1769 5087 ista
1802 5036 2047 5104 ignorare
2077 5051 2197 5105 per-

617 5124 901 5187 senserint,
927 5125 1196 5180 indoctum
1224 5136 1377 5197 atque
1400 5128 1663 5191 hebetem,
1692 5127 1822 5181 falso
1845 5130 2076 5197 quidem.
2105 5131 2201 5185 sed

620 5224 794 5269 tamen
818 5223 1007 5284 putent
1025 5257 1039 5278 ,
1071 5217 1148 5271 sic
1188 5227 1237 5273 te
1261 5233 1478 5275 movere
1505 5218 1697 5273 debeat
1725 5229 1784 5273 ut
1805 5220 1961 5272 etiam
1992 5221 2060 5275 ab
2084 5222 2198 5290 epi-

619 5306 793 5376 scopis
843 5306 936 5361 tibi
984 5306 1097 5363 hwe
1150 5312 1343 5380 exponi
1406 5327 1512 5366 non
1562 5313 1971 5381 incongruenter
2019 5322 2196 5382 petas;

617 5400 1044 5472 quandoquidem
1084 5417 1149 5458 eo
1190 5402 1293 5459 line
1319 5404 1425 5472 jam
1465 5415 1515 5459 te
1558 5406 1653 5459 iSIa
1679 5420 1874 5474 cupere
1902 5405 2196 5474 credimus,

620 5509 721 5563 quo
752 5494 856 5549 illis
881 5494 1128 5549 consulas
1151 5493 1216 5548 ad
1247 5496 1664 5563 pcrsuadendam
1688 5497 1985 5563 veritatem,
2012 5499 2201 5552 vitam-

616 5605 718 5656 quc
747 5604 932 5644 ecmtm
967 5588 1331 5660 corrigendum
1357 5631 1371 5654 ,
1403 5589 1490 5657 qui
1520 5598 1599 5653 te,
1630 5590 1674 5643 si
1705 5592 1753 5643 in
1797 5591 1894 5643 illis
1930 5591 2199 5648 Ciceronis

619 5680 765 5735 libris
794 5684 1059 5736 indoctum
1090 5683 1434 5751 hebetetuun
1467 5684 1783 5749 putaverint,
1816 5683 2083 5745 indignum
2106 5684 2200 5739 lia-

618 5770 818 5825 bebunt
848 5790 878 5826 a
920 5788 1026 5841 quo
1058 5775 1253 5844 aliquid
1284 5774 1426 5827 utilis
1454 5775 1783 5843 Salubrisque
1826 5778 2058 5829 svientize
2097 5778 2197 5831 sibi

683 5889 700 5917 ³
736 5892 839 5935 uss.
882 5882 1135 5949 plerique.
1164 5897 1216 5937 In
1239 5896 1341 5937 rem
1363 5888 1576 5940 stabilem
1594 5900 1686 5940 non
1708 5887 1983 5940 collocatur.

1842 422 1896 465 δ.
1940 386 2301 465 AUGUSTINI
2342 396 2643 464 EPISCOPI
3727 410 3807 479 ιω

2301 522 2669 591 accipiendum
2690 536 2810 579 esse
2831 522 3175 579 arbitrentur.
3212 521 3359 591 Quod
3381 540 3479 580 non
3504 525 3570 581 ita
3586 530 3684 598 est,
3705 533 3803 590 mihi

2298 614 2478 668 crede.
3202 635 3205 637 >

2369 704 2423 761 9.
2468 705 2701 761 Primum
2728 707 2851 777 quia
2880 721 3001 762 esse
3027 707 3235 776 aliquos
3263 707 3315 762 in"
3344 708 3441 763 illis
3466 712 3623 777 terris,
3650 715 3721 769 ubi
3738 718 3808 774 im-

2300 798 2502 869 peritus
2534 800 2856 869 minimeque
2880 804 3067 853 acutus
3094 797 3257 854 rideri
3287 799 3453 865 times,
3483 803 3563 872 qui
3581 810 3627 859 te
3649 806 3705 861 de
3727 809 3811 866 istis

2298 893 2683 960 quaistiimibus
2714 891 3000 963 quidquam
3030 893 3385 963 interrogent,
3416 897 3614 950 omnino
3639 912 3725 954 non
3749 904 3809 957 vi-

2298 983 2401 1037 deo
2428 1004 2438 1037 :
2473 985 2902 1055 quandoquidem
2929 985 3015 1041 hic
3035 1028 3048 1049 ,
3080 994 3186 1056 quo
3210 986 3275 1041 ad
3302 1003 3360 1042 ea
3388 988 3616 1044 discenda
3638 996 3808 1062 venisti,

2296 1082 2351 1129 et
2390 1074 2574 1129 Romae
2603 1085 2853 1145 expertus
2895 1092 2953 1131 es
2997 1092 3155 1147 quam
3196 1079 3510 1148 negligenter
3542 1081 3809 1153 liabezzntur,

2297 1166 2354 1223 et
2398 1169 2466 1223 ob
2505 1169 2603 1223 hoc
2645 1185 2818 1239 neque
2860 1169 3153 1224 doceantur
3192 1185 3360 1239 neque
3403 1172 3671 1241 discantur;
3703 1186 3746 1231 et
3773 1180 3812 1234 in

2297 1258 2473 1313 Africa
2505 1274 2667 1328 usque
2698 1260 2832 1314 adeo
2860 1260 2927 1314 de
2960 1261 3043 1314 his
3084 1260 3513 1332 interrogatorem
3550 1267 3714 1332 pateris
3744 1283 3815 1324 tte-

2297 1353 2529 1418 minem,
2581 1362 2637 1407 ut
2682 1368 2779 1407 nec
2820 1355 3045 1424 teipsum
3090 1356 3177 1424 qtti
3219 1357 3445 1427 patiatur
3477 1358 3713 1426 invenias,
3744 1366 3811 1416 ea-

2296 1460 2400 1513 que
2434 1444 2608 1514 inopia
2649 1446 2916 1513 episcoiiis
2945 1446 3257 1517 exponenda
3298 1452 3357 1502 ea
3390 1448 3587 1505 mittere
3620 1454 3809 1522 cogaris:

2296 1535 2444 1604 quasi
2469 1550 2593 1589 vero
2626 1537 2857 1607 episcopi
2885 1536 3005 1603 isti,
3037 1537 3247 1593 etiam~i
3275 1538 3644 1606 adoles’rcntes,
3669 1545 3813 1601 eodem

2296 1640 2401 1696 quo
2429 1637 2483 1681 tu
2509 1630 2711 1699 raperis
2732 1630 2893 1684 animi
2922 1631 3113 1686 ardor‘e
3137 1671 3153 1696 ,
3188 1631 3270 1686 vel
3295 1633 3464 1699 potius
3488 1640 3680 1699 errore,
3698 1626 3813 1705 quasi

2296 1717 2490 1787 aliquid
2532 1734 2781 1791 magnum
2838 1722 2955 1777 haec
3005 1722 3214 1778 dis'cere
3259 1730 3544 1788 curarunt,
3587 1740 3730 1796 usque
3765 1727 3812 1783 ad

2296 1818 2460 1867 canos
2484 1814 2817 1883 episcopales
2837 1857 2852 1881 ,
2883 1822 2939 1870 et
2978 1822 3145 1885 usque
3170 1816 3236 1869 ad
3267 1815 3537 1871 cathedras
3558 1819 3814 1874 ecclesiasti-

2295 1914 2407 1969 cas,
2459 1919 2518 1958 ea
2560 1906 2659 1961 sibi
2696 1907 2746 1961 in
2777 1906 3033 1962 memoria
3088 1908 3285 1980 durare
3317 1918 3637 1980 paterentur;
3676 1922 3751 1967 aut
3781 1913 3813 1969 Si

2297 1995 2396 2063 ipsi
2420 1997 2648 2060 vellent.
2693 2015 2797 2053 non
2837 1999 2961 2067 illa,
2990 2001 3150 2056 etiam
3191 1976 3269 2056 de”
3294 1976 3566 2057 invitorum
3592 2002 3813 2068 cardibris,

2294 2099 2437 2141 etme
2466 2089 2696 2158 majores
2724 2091 3101 2163 gravioresque
3124 2092 3488 2157 sccludcreut;
3514 2105 3597 2149 aut
3621 2095 3659 2149 si
3685 2094 3813 2166 aliqua

2295 2193 2359 2231 ex
2387 2181 2463 2232 eis
2501 2179 2551 2233 in
2582 2182 2773 2236 animis
2804 2198 2987 2238 eorum
3019 2184 3177 2239 nimia
3218 2187 3591 2242 censuetudiue
3624 2198 3814 2243 remane-

2297 2279 2434 2335 rent,
2466 2286 2570 2326 non
2598 2274 2757 2328 etiam
2787 2275 2897 2346 ipsa
2924 2276 3187 2331 oblivione
3217 2279 3426 2348 sepeliri
3461 2279 3657 2334 mallent
3680 2294 3813 2335 recor-

2295 2360 2415 2416 data
2442 2407 2456 2429 ,
2485 2380 2642 2434 quam
2688 2364 2752 2422 ad
2787 2370 2961 2437 inepta
3007 2371 3333 2439 respondere
3376 2372 3614 2441 qumsita,
3652 2386 3749 2428 cum
3780 2373 3815 2427 in

2296 2453 2407 2525 ipsa
2432 2458 2588 2512 etiam
2612 2458 2838 2515 srholari
2869 2461 3079 2516 levitate
3115 2470 3169 2517 et
3196 2465 3473 2519 rhetoricis
3492 2464 3742 2531 cathedris,
3767 2466 3816 2522 ita

2296 2549 2624 2605 obmutuisse
2653 2559 2810 2622 atque
2840 2552 3176 2622 obtorpuisse
3203 2554 3481 2609 videantur
3499 2598 3511 2618 ,
3533 2567 3631 2610 uta
3651 2554 3817 2611 causa.

2296 2636 2417 2707 gine
2460 2638 2777 2709 llipponctn.
2811 2658 2916 2710 quo
2943 2644 3135 2714 exponi
3170 2648 3395 2714 possint,
3428 2645 3657 2701 mittenda
3682 2647 3817 2701 existi-

2298 2740 2545 2792 mentur;
2594 2730 2681 2785 ubi
2738 2740 2843 2785 tam
2890 2734 3098 2787 insolita
3142 2744 3303 2805 atque
3350 2738 3557 2792 omnino
3604 2737 3817 2808 peregrina

2299 2830 2442 2885 sunt,
2470 2832 2526 2874 ut
2554 2822 2597 2875 si
2631 2824 2819 2877 vellem
2843 2825 3199 2895 respondendi
3229 2843 3353 2881 cura
3388 2828 3628 2898 inspicere
3652 2826 3816 2899 aliquid.

2300 2913 2487 2967 Voleiis
2515 2914 2693 2969 videre
2716 2916 2982 2985 quomodo
3005 2914 3069 2971 ad
3092 2920 3409 2973 Sententiam
3431 2935 3543 2991 qua:
3568 2920 3678 2975 mibi
3700 2922 3818 2989 expo-

2300 3004 2469 3060 nctida
2504 3018 2645 3061 esset
2668 3050 2681 3071 ,
2711 3009 2943 3079 desuper
2976 3011 3258 3079 veniatur,
3301 3014 3393 3067 aut
3433 3011 3498 3068 ab
3526 3028 3583 3068 ea
3625 3011 3819 3082 deinceps

2299 3110 2419 3167 quae
2463 3107 2840 3155 COlllt‘XerCllll'
2874 3102 3079 3165 oratio,
3120 3096 3362 3160 codicem
3404 3120 3609 3175 prorsus
3639 3102 3819 3159 invenire

2301 3203 2405 3243 non
2451 3186 2683 3260 possem.
2725 3189 3019 3247 llli'antem
3052 3192 3494 3266 Carthagiu‘chscs
3531 3196 3762 3257 rhetores,
3788 3191 3819 3247 si

2302 3284 2424 3337 huic
2447 3295 2537 3338 tuo
2563 3284 2740 3339 studio
2760 3285 3061 3352 defuerunt,
3092 3301 3197 3341 non
3230 3284 3390 3343 modo
3417 3302 3445 3342 a
3472 3296 3553 3343 tne
3578 3302 3667 3344 non
3686 3288 3820 3355 repre-

2303 3374 2626 3441 beuduntur,
2658 3376 2751 3431 sed
2782 3376 2940 3431 etiam
2971 3378 3359 3449 approbantur,
3390 3380 3433 3434 si
3462 3380 3587 3434 forte
3603 3382 3820 3447 jamreco-

2305 3465 2418 3518 lunt
2437 3507 2450 3527 ,
2498 3481 2604 3519 non
2640 3467 3001 3522 Romanorum
3031 3468 3273 3523 furorum
3294 3510 3310 3535 ,
3343 3470 3435 3524 sed
3463 3468 3731 3525 ϐιιωεοηιιιι
3750 3482 3819 3538 gy-

2304 3556 2628 3610 mnasiorum
2657 3556 2757 3611 ista
2796 3558 2969 3613 solere
3009 3573 3129 3614 esse
3169 3561 3481 3615 certamina.
3512 3561 3583 3615 Tu
3610 3575 3714 3615 vero
3734 3572 3819 3612 cum

2301 3654 2357 3700 et
2385 3646 2437 3699 in
2466 3648 2739 3716 gymnasia
2775 3647 3151 3717 cogitationem
3200 3648 3463 3719 iniecisti,
3494 3659 3546 3706 et
3575 3664 3629 3705 ea
3665 3660 3821 3720 quoque

2304 3738 2418 3805 ipsa
2450 3740 2696 3795 inveniSti
2744 3741 2941 3795 talibus
2982 3741 3144 3797 rebus
3183 3742 3326 3797 nuda
3369 3753 3525 3815 atque
3560 3740 3733 3814 frigida.
3758 3739 3820 3793 ttbi

2304 3827 2402 3883 has
2429 3845 2585 3885 curas
2606 3840 2723 3885 tuas
2760 3831 3058 3903 deponeres
3076 3874 3088 3897 ,
3115 3831 3522 3890 christianorum
3552 3836 3635 3890 tibi
3660 3830 3821 3890 basilica

2304 3920 2661 3992 Hipponensis
2689 3923 2941 3990 occurrit,
2964 3924 3085 3994 quia
3112 3924 3164 3979 in
3187 3939 3251 3980 ea
3275 3941 3416 3982 nunc
3440 3927 3579 3983 sedet
3601 3926 3821 3996 episcopus

2303 4014 2393 4083 qui
2430 4014 2717 4085 aliquando
2761 4016 2858 4071 ista
2903 4017 3083 4087 pueris
3116 4017 3374 4073 vendidit.
3408 4018 3510 4076 Sed
3546 4034 3635 4075 nec
3674 4027 3714 4072 te
3735 4014 3821 4067 volo

2303 4120 2425 4161 esse
2454 4107 2627 4162 adhuc
2653 4123 2909 4178 puerum;
2932 4118 2985 4164 et
3011 4123 3097 4164 me
3112 4107 3221 4179 jam
3250 4122 3372 4167 esse
3391 4112 3651 4181 puerilium
3670 4120 3818 4167 rerum.

2304 4200 2441 4253 sicut
2477 4214 2580 4253 non
2607 4201 2935 4256 venditorem
2961 4242 2973 4264 ,
3004 4200 3073 4254 ita
3103 4214 3201 4257 nec
3230 4202 3530 4273 largitorem
3562 4201 3709 4257 decet.
3729 4198 3822 4265 ρυω

2304 4306 2425 4345 cum
2453 4291 2523 4345 ita
2546 4292 2671 4358 sint,
2698 4293 2750 4347 id
2787 4302 2889 4357 est,
2913 4306 3033 4347 cum
3066 4291 3187 4347 dua:
3220 4302 3378 4348 tante
3401 4294 3575 4357 urbes,
3604 4292 3820 4346 latinanim

2308 4380 2609 4437 litterarum
2631 4384 2884 4449 artiiices,
2907 4383 3073 4438 Roma
3098 4391 3258 4454 atque
3282 4382 3571 4455 Carthago,
3600 4392 3686 4439 nec
3706 4377 3822 4435 tudio

2308 4474 2400 4529 tibi
2426 4476 2551 4541 sint,
2582 4484 2687 4530 uta
2712 4484 2762 4532 te
2782 4476 2881 4530 ista
2910 4478 3238 4548 perquirunt,
3267 4492 3366 4534 nec
3392 4477 3539 4533 tzedia
3562 4486 3639 4532 tua
3655 4479 3820 4530 curent.

2306 4575 2367 4620 ut
2412 4575 2464 4619 te
2512 4567 2612 4621 ista
2658 4571 3049 4637 perquirentem
3103 4570 3421 4635 exaudiant;
3471 4568 3625 4623 miror
3669 4570 3820 4628 talltum

2306 4667 2560 4729 quantum
2591 4660 2692 4715 diei
2732 4676 2836 4716 non
2879 4667 3074 4731 potest,
3113 4662 3283 4716 vereri
3310 4670 3381 4729 te,
3414 4671 3516 4717 tam
3542 4658 3652 4715 boui
3676 4649 3823 4723 ingenii

2302 4751 2594 4821 juvenem,
2654 4767 2721 4808 ne
2758 4752 2811 4807 in
2846 4752 3045 4808 Graecis
3084 4756 3244 4822 atque
3282 4751 3624 4809 Orientalibus
3658 4742 3822 4802 urbibus

2306 4859 2624 4915 quemquam
2678 4846 2745 4900 de
2793 4844 2874 4899 his
2920 4846 3078 4900 rebus
3125 4844 3410 4900 molestum
3455 4840 3821 4910 interrogato")tn

2308 4938 2467 4994 feras.
2499 4938 2729 4993 Facilius
2758 4938 2954 5007 quippe
2982 4936 3279 4992 corniculas
3314 4938 3369 4992 in
3406 4936 3573 4991 Africa
3608 4927 3819 4987 audieris,

2308 5052 2464 5105 quam
2494 5035 2545 5089 in
2577 5035 2679 5091 illis
2715 5036 2949 5105 partibus
2977 5039 3077 5090 hoc
3105 5047 3271 5105 genus
3304 5035 3464 5089 vocis.

2381 5130 2465 5184 l0.
2492 5128 2689 5182 Deinde
2708 5129 2749 5181 si
2769 5129 2942 5194 fallor,
2959 5140 3008 5183 et
3031 5128 3308 5198 quisquam
3334 5126 3403 5181 ibi
3431 5126 3559 5179 forte
3583 5108 3819 5189 hujusmOdi

2306 5224 2658 5291 quaestionum
2684 5228 2827 5275 tanto
2852 5224 3029 5291 utique
3045 5219 3298 5284 odiosior,
3322 5224 3515 5288 quanto
3543 5214 3589 5268 in
3616 5207 3705 5265 illis
3725 5200 3819 5259 locis

2309 5316 2538 5384 ineptior
2581 5323 2919 5385 percontator
2947 5313 3213 5375 extiterit;
3246 5325 3421 5365 nonne
3448 5305 3604 5375 magis
3628 5298 3755 5357 care!
3773 5305 3819 5347 ne

2306 5408 2476 5461 multo
2495 5406 2694 5461 facilius
2713 5406 2964 5469 existant,
2988 5404 3076 5473 qui
3100 5411 3151 5458 te
3171 5401 3329 5473 grmci
3348 5401 3580 5454 homines
3597 5397 3642 5449 in
3662 5386 3817 5447 Graecia

2306 5501 2671 5563 conStitutum,
2701 5507 2755 5553 et
2797 5500 2969 5568 graeca
3015 5497 3270 5550 imbutum
3310 5494 3545 5565 primitus
3578 5488 3742 5557 lingua.
3771 5473 3819 5531 δε

2306 5598 2436 5665 ipsis
2485 5595 2918 5664 philosophorum
2964 5591 3114 5647 libris
3156 5591 3328 5657 aliqua
3377 5588 3703 5655 interrogent.
3730 5584 3815 5665 ulla?

2306 5661 2499 5744 Cicero
2520 5688 2569 5742 in
2601 5661 2711 5741 suis
2739 5687 2929 5740 litteris
2962 5698 3065 5739 non
3097 5682 3307 5756 posuit?
3340 5681 3485 5751 Quod
3523 5679 3562 5733 si
3595 5661 3811 5729 πουίιξπθυ

2305 5785 2429 5852 quid
2454 5796 2779 5850 responsum
2794 5816 2803 5827 πη
2829 5781 2920 5836 es?
2944 5779 3116 5849 potius
3138 5789 3189 5834 te
3210 5778 3305 5832 ista
3327 5779 3376 5830 in
3400 5774 3655 5829 latinorqu
3676 5766 3815 5817 auclo-

2305 5882 2424 5930 rum
2450 5873 2617 5941 libris,
2639 5888 2795 5941 quam
2813 5875 2864 5927 in
2886 5886 3181 5943 graecorum
3204 5883 3359 5926 nosse
3380 5859 3626 5924 voluisse?
3641 5856 3734 5925 Qui
3750 5856 3812 5903 ιε’
