3990 6372
145 305 232 364 ιπ

147 414 390 488 sponsione
429 412 589 480 primo
625 406 844 463 Grzecize
891 405 1054 460 facies
1097 403 1375 474 injuriam,
1432 410 1486 456 et
1539 400 1676 454 nosti

145 524 275 582 quam
302 505 366 559 illi
393 501 628 557 homines
657 500 756 554 hoc
784 514 889 552 non
920 497 1111 552 ferant.
1158 494 1356 551 Deinde
1386 494 1496 564 jam
1525 493 1677 549 exul-

146 611 280 659 cerati
299 606 350 652 et
386 593 534 658 irati,
564 606 722 662 quam
757 592 863 646 cito
893 597 972 653 te,
1014 586 1154 658 quod
1187 585 1342 641 nimis
1369 601 1472 638 non
1499 584 1597 646 vis,
1625 593 1681 638 et

151 692 355 748 hebetem
379 683 716 755 judicabunt,
765 680 854 751 qui
905 693 1199 750 gra-cornm
1247 673 1682 745 phil050phoruin

148 788 382 856 dogmata,
410 777 488 832 vel
531 774 708 844 potius
753 772 1057 842 dogmatnm
1101 767 1382 838 particulas
1425 763 1680 834 quasdam

149 854 395 940 discerptas
422 876 575 935 atque.
602 862 871 934 diSpersas
893 863 946 916 in
973 861 1151 916 latinis
1173 857 1417 928 dialogis,
1439 870 1595 925 quam
1627 854 1681 908 in

151 967 342 1036 ipsorum
369 967 638 1013 auctorum
682 951 831 1006 libris
861 953 1047 1022 graecis
1087 958 1193 1004 tota
1237 957 1396 1018 atque
1436 953 1683 1000 contexta

150 1054 316 1108 discere
341 1041 595 1109 maluisti;
627 1037 684 1100 et
709 1043 976 1097 indoctum
996 1083 1009 1105 ,
1045 1040 1132 1110 qui
1158 1055 1278 1095 cum
1308 1049 1412 1094 tam
1440 1037 1603 1092 multa
1631 1037 1682 1090 in

155 1160 220 1201 tua
245 1143 394 1212 lingua
419 1137 642 1203 nescias,
675 1151 858 1192 earum
888 1150 1060 1189 rerum
1092 1131 1282 1186 frustra
1306 1133 1356 1184 in
1378 1131 1547 1184 aliena
1575 1128 1687 1182 col-

155 1236 283 1307 ligere
321 1228 543 1285 ambisti.
574 1229 656 1282 An
692 1223 830 1280 forte
871 1223 996 1278 illud
1045 1221 1424 1294 respondebis,
1477 1236 1582 1274 non
1633 1227 1686 1274 te

153 1340 312 1397 ενα-ατε
349 1315 412 1376 de
454 1319 532 1375 his
560 1315 720 1373 rebu's
763 1316 929 1371 libros
957 1315 1343 1384 contempsisse
1366 1352 1382 1378 ,
1415 1311 1508 1367 sed
1541 1313 1686 1380 prius

154 1416 306 1470 latinos
329 1426 534 1467 curasse
572 1422 930 1480 cognoscere.
979 1421 1117 1459 nunc
1155 1419 1331 1459 autem
1377 1403 1512 1458 velle
1551 1412 1602 1456 te
1633 1403 1686 1456 in

154 1507 295 1564 latinis
311 1504 534 1566 doctum,
553 1502 664 1571 jam
685 1515 858 1571 graeca
887 1497 1160 1568 quiercre?
1185 1496 1238 1552 Si
1266 1495 1367 1549 hoc
1393 1511 1496 1548 non
1527 1493 1689 1563 pudet

155 1598 376 1653 hominem
396 1610 623 1665 graecum
651 1592 812 1648 latina
843 1605 1060 1659 puerum
1083 1587 1330 1641 didicisse
1348 1627 1362 1649 ,
1391 1600 1530 1638 nunc
1553 1584 1689 1638 velle

153 1690 320 1745 discere
344 1702 506 1759 gneca
535 1684 856 1750 barbarum,
888 1680 1174 1750 pitdebitiie
1215 1677 1424 1731 tandem
1472 1675 1520 1728 in
1564 1674 1690 1744 ipsis

153 1780 295 1836 latinis
321 1781 554 1849 ignorare
579 1775 794 1846 aliqua,
833 1789 950 1843 qua:
992 1786 1148 1842 quant
1188 1768 1336 1822 inulti
1374 1766 1518 1822 latini
1549 1763 1691 1819 docti

154 1885 290 1929 tecum
320 1869 548 1926 iii-sciant
571 1911 586 1935 ,
621 1867 702 1920 vel
737 1867 836 1921 hoc
880 1866 996 1935 ipso
1035 1864 1234 1928 sentis,
1267 1861 1407 1932 quod
1446 1868 1496 1914 te
1538 1858 1691 1914 nobis

151 1983 300 2035 magna
328 1961 634 2018 necessitate
662 1959 796 2014 dicis
819 1971 1125 2019 onerosum,
1159 1954 1211 2008 in
1239 1963 1381 2007 tanta
1411 1951 1690 2006 doctorum

153 2054 440 2109 multitudine
464 2047 604 2121 apud
630 2047 1001 2119 Carthaginem
1033 2039 1387 2100 constitutus?

207 2143 276 2200 ll.
314 2143 580 2197 Postremo
610 2137 688 2194 fac
716 2145 767 2193 te
790 2137 857 2192 de
883 2136 1130 2192 omnibus
1169 2151 1284 2204 qua:
1306 2149 1336 2187 a
1367 2131 1519 2186 nobis
1546 2147 1690 2201 riu-.e-

153 2238 240 2301 ris,
283 2233 651 2304 interrogatum
708 2229 1033 2300 respondere
1085 2228 1338 2298 potuisse.
1398 2224 1535 2279 Ecce
1582 2223 1694 2292 jam

151 2325 441 2381 doctissimus
485 2333 644 2390 atque
692 2319 1028 2376 acutissimus
1067 2313 1280 2378 diceris,
1331 2330 1456 2369 ecce
1481 2313 1589 2380 jam
1643 2322 1694 2367 tc

153 2417 350 2472 laudibus
375 2417 424 2471 iii
446 2413 644 2471 emlum
674 2411 932 2484 graculus
960 2407 1114 2463 ﬂatus
1141 2407 1330 2460 attollit
1357 2423 1372 2470 ;
1407 2414 1460 2459 ttt
1491 2413 1694 2458 tantum

153 2517 374 2564 memento
399 2505 672 2577 gravitatis
701 2511 824 2561 titze.
856 2510 908 2557 et
939 2500 1079 2554 illam
1114 2497 1305 2553 mereri
1353 2495 1558 2550 laudem
1591 2509 1696 2564 quo

155 2599 237 2654 line
251 2597 476 2656 Vtilllt'l'i‘.
503 2606 560 2650 ut
588 2595 792 2651 scilicet
818 2608 911 2649 eos
942 2591 1127 2646 leviter
1159 2590 1292 2644 levia
1323 2588 1419 2641 ista
1451 2587 1696 2652 miratos,

155 2687 699 2744 ethenevolentissime
741 2692 899 2752 atque
925 2680 1229 2735 avidissime
1268 2680 1376 2746 jam
1409 2677 1461 2732 in
1489 2685 1574 2731 tua
1603 2692 1698 2732 ora

157 2793 415 2847 suspensos,
445 2776 819 2849 gravissimum
846 2770 1044 2842 aliquid
1074 2779 1127 2826 et
1165 2769 1573 2824 saluberrimum
1605 2766 1700 2822 do-

158 2881 262 2924 ceas
289 2887 300 2921 :
324 2867 537 2939 idipsum
569 2861 823 2936 quidquid
862 2871 946 2918 est
973 2861 1338 2932 gravissimum
1381 2869 1432 2913 et
1463 2857 1699 2913 saluber-

155 2960 333 3017 rimum,
354 2967 525 3013 'utriiin
546 2967 753 3017 teneas,
781 2962 836 3008 ct
859 2960 1002 3008 recte
1020 2951 1229 3006 tradere
1252 2949 1482 3013 noveris,
1508 2948 1698 3003 vellem

155 3061 452 3118 cognoscere.
496 3045 797 3101 Ridiculum
839 3051 922 3098 est
963 3042 1104 3097 enim
1137 3055 1256 3094 cum
1304 3047 1580 3108 propterea
1609 3054 1700 3092 suo

155 3137 317 3211 perdita
355 3139 514 3196 inulta
564 3135 838 3202 didiceris,
877 3144 935 3189 ut
983 3131 1077 3188 tibi
1108 3147 1264 3186 aures
1313 3129 1585 3194 hominum
1635 3128 1700 3182 ad

157 3232 407 3286 necessaria
437 3236 824 3300 πίτνων-θυίαν,
857 3226 970 3296 ipsa
1001 3223 1298 3279 necessaria
1340 3236 1442 3276 non
1476 3230 1657 3275 tenere
1685 3264 1698 3283 .

156 3322 313 3392 quibus
338 3319 667 3392 excipieiidis
687 3332 780 3373 eas
809 3331 902 3386 per
921 3313 1182 3384 superﬂua
1211 3312 1623 3383 praeparaveris;
1651 3320 1706 3368 et

158 3412 259 3468 dum
294 3411 565 3482 occuparis
591 3418 651 3464 ut
693 3408 866 3463 discas
911 3405 1049 3460 unde
1079 3403 1240 3458 facias
1283 3403 1534 3465 intentos,
1567 3402 1705 3455 nolle

158 3506 327 3561 discere
349 3504 488 3575 quod
531 3501 839 3558 infundatur
863 3498 1100 3554 intentis.
1139 3496 1243 3553 Sed
1276 3497 1319 3550 si
1351 3497 1452 3549 hoc
1479 3505 1529 3549 te
1569 3496 1706 3551 seire

157 3595 241 3665 iam
266 3595 406 3664 dicis,
434 3595 594 3665 idque
620 3594 790 3664 ipsum
812 3591 1152 3645 Christianam
1171 3587 1463 3641 doctrinam
1487 3600 1604 3640 esse
1632 3601 1704 3640 re-

160 3691 371 3757 spondes,
393 3705 552 3759 quam
567 3699 619 3742 te
631 3687 876 3739 omnibus
893 3698 1201 3752 pra-ponere
1218 3681 1480 3742 novimus,
1507 3690 1559 3733 et
1575 3680 1625 3733 iii
1644 3695 1703 3733 ca

162 3781 250 3835 sola
272 3797 380 3838 esse
409 3793 733 3851 przesumcre
780 3792 928 3845 spem
958 3774 1145 3829 salutis
1171 3782 1404 3836 atternm,
1441 3787 1546 3825 non
1574 3787 1706 3842 opus

162 3883 222 3927 ett
249 3874 289 3928 ei
316 3873 614 3944 cognitione
642 3870 967 3939 dialogorum
996 3866 1284 3927 Ciceronis,
1315 3875 1370 3920 et
1395 3865 1708 3919 collectione

163 3966 575 4020 emendicatarum
589 3960 999 4016 discordantium
1017 3957 1394 4011 sententiarum
1414 3957 1702 4009 alienarum

163 4057 402 4124 procurari
447 4053 739 4110 auditores.
782 4050 1014 4106 Moribus
1042 4048 1146 4103 tuis
1193 4047 1380 4102 intenti
1425 4045 1571 4110 ﬂant,
1621 4045 1711 4115 qui

165 4147 242 4202 abs
265 4157 314 4202 te
335 4146 529 4219 aliquid
558 4147 665 4200 tale
697 4142 962 4214 accepturi
991 4147 1134 4196 sunt.
1176 4139 1308 4194 Nolo
1347 4138 1489 4207 prius
1515 4136 1712 4207 aliquid

167 4238 329 4294 doceas
351 4238 489 4308 quod
515 4234 896 4291 dediscendum
926 4241 1026 4295 est,
1055 4240 1110 4286 ut
1131 4245 1252 4285 vera
1281 4227 1493 4284 doceas.

225 4331 300 4384 l‘l.
335 4329 464 4385 Nam
493 4328 540 4385 si
585 4327 877 4382 alienarum
917 4324 1299 4378 sententiarum
1347 4319 1712 4375 dissidentium

170 4427 214 4475 et
229 4419 618 4492 repugnantium
639 4416 869 4486 cognitio
885 4413 1080 4484 aliquid
1106 4413 1318 4479 adjuvat
1337 4411 1713 4466 insinuatorein

171 4510 441 4568 christiana
466 4508 724 4573 veritatis,
753 4515 809 4561 ut
838 4504 1043 4561 noverit
1070 4502 1336 4574 quomodo
1379 4501 1717 4555 adversantes

173 4601 377 4658 destruat
418 4602 692 4666 falsitates,
724 4598 789 4653 ad
831 4597 932 4652 hoc
972 4595 1244 4655 duntaxat,
1278 4606 1345 4648 ne
1389 4591 1505 4662 quis
1535 4599 1718 4644 contra

175 4693 428 4759 dinei-eus,
456 4691 669 4747 nonnisi
692 4689 745 4744 in
769 4686 1072 4744 refellendis
1099 4690 1204 4738 tuis
1236 4686 1358 4753 ligat
1377 4683 1607 4741 oculum,
1628 4697 1718 4734 san

175 4799 283 4842 vero
317 4785 498 4841 sedulo
541 4781 786 4836 occiiltet.
828 4777 959 4833 Nam
1005 4773 1236 4846 cognitio
1284 4772 1516 4825 veritatis
1546 4770 1718 4824 omnia

180 4878 306 4941 falsi,
331 4879 372 4933 Ii
397 4877 557 4932 modo
601 4873 952 4944 proferantur,
983 4871 1141 4924 etiam
1173 4881 1291 4937 qua:
1318 4865 1461 4934 prius
1493 4865 1720 4918 inaudita

182 4982 328 5037 ei-aiit,
352 4981 403 5028 et
425 4970 715 5041 diiudicare
742 4974 797 5021 et
834 4963 1145 5020 subvertere
1175 4961 1361 5014 idonea
1389 4967 1490 5013 est.
1537 4955 1641 5010 Sed
1669 4967 1725 5009 ut

186 5075 273 5116 non
303 5063 466 5118 solum
511 5068 693 5131 aperta
747 5055 1020 5118 feriantur,
1071 5052 1162 5107 sed
1209 5051 1366 5105 etiam
1419 5047 1725 5101 abscondita

188 5163 426 5218 ematur,
443 5154 485 5208 si
510 5153 712 5206 alienos
731 5163 863 5218 opus
879 5154 962 5200 est
980 5157 1300 5214 cognoscere
1333 5153 1564 5203 errores,
1585 5139 1727 5208 erige.

187 5244 346 5300 oculos
367 5257 642 5312 auresque,
664 5253 760 5295 oro
781 5249 853 5302 te,
879 5247 933 5291 ct
957 5235 1075 5290 vide
1105 5243 1259 5304 atque
1290 5231 1523 5286 ausculta
1553 5239 1726 5283 utrum

188 5336 357 5407 aliquis
381 5338 632 5390 adversus
653 5345 751 5386 nos
778 5329 847 5386 de
877 5330 1200 5382 Anaximene
1227 5334 1280 5378 et
1309 5324 1376 5379 de
1419 5326 1729 5391 Anaxagora

191 5430 398 5494 proh-rat
440 5425 672 5496 aliquid;
723 5420 932 5492 quando
967 5421 1073 5486 jatn
1123 5431 1189 5470 ne
1237 5419 1470 5484 ipsorum
1517 5415 1728 5482 quidem

195 5518 339 5571 ιπηιιο
364 5519 732 5580 receiiriorutn,
762 5511 1088 5577 multumque
1120 5507 1412 5576 loquacium
1435 5504 1729 5560 Stoicorum

197 5617 273 5660 aut
301 5609 661 5678 Epicureorum
687 5606 892 5658 eineres
919 5601 1147 5662 caleant,
1181 5597 1318 5650 unde
1345 5596 1514 5677 :iliiya
1545 5605 1727 5647 contra

200 5696 338 5756 fidem
366 5701 692 5770 christianum
719 5695 941 5752 scintilla
981 5695 1240 5777 exeitetur
1271 5707 1283 5744 :
1315 5688 1408 5745 sed
1437 5689 1620 5744 circuli
1647 5695 1729 5740 at-

1285 285 1764 344 EPISTOLARUM
1803 286 2076 344 CLASSIS
2112 288 2176 344 ll.

3255 293 3366 352 45.

1784 417 1887 472 quc
1911 405 2276 460 conventicula
2304 408 2494 476 partim
2525 407 2748 478 fugacia,
2779 409 2967 476 partim
3009 411 3167 462 etiam
3198 409 3364 464 auda-

1784 503 1896 548 cter
1925 505 2180 565 prompta,
2210 498 2290 550 vel
2314 499 2722 563 Donatistarum,
2749 500 2827 553 vel
2851 499 3362 568 Maviniiaiiensium,

1783 586 1866 640 vel
1903 586 2331 652 Manichaeorum,
2366 590 2445 644 vel
2488 593 2644 644 etiam
2690 591 2755 642 ad
2795 605 3018 659 quorum
3046 605 3232 660 greges
3261 599 3369 644 tur-

1784 678 2010 746 bamque
2058 691 2310 734 venturus
2364 696 2422 734 cs
2470 683 2806 745 Arianorum,
2865 683 3316 737 Eunomianoruin
3347 722 3366 747 ,

1784 769 2302 830 Macedonianorum,
2333 772 2803 843 Cataplirvgarum.
2827 785 3246 842 ceterarumque
3279 789 3370 841 pes

1785 862 1942 916 stium
1984 863 2438 917 innumerabiliter
2471 875 2837 934 perstrepant;
2875 881 3098 932 quorum
3131 867 3368 920 omnium

1785 969 1997 1009 errores
2035 956 2078 1010 si
2106 970 2427 1024 c0giioseere
2458 957 2614 1026 piget,
2650 957 2776 1026 quid
2824 957 2977 1010 nobis
3002 967 3105 1022 est,
3157 969 3372 1026 proper

1786 1045 2149 1101 defensionem
2179 1047 2483 1102 christiana:
2511 1048 2798 1116 religionis.
2830 1063 3070 1114 ﬂlltl‘l'El'e
3091 1048 3214 1114 quid
3244 1063 3369 1103 scn-

1787 1137 1917 1192 serit
1942 1138 2317 1203 Anaximenes,
2348 1147 2400 1193 et
2439 1138 2563 1192 olim
2595 1140 2791 1206 Sopitas
2817 1139 2936 1192 lites
2968 1138 3105 1191 inani
3133 1139 3362 1192 eiii-iusi-

1789 1235 1896 1282 tate
1921 1243 2229 1297 recoqiiere,
2271 1245 2390 1283 cuin
2417 1230 2765 1298 quorumdam
2787 1231 2945 1283 ctiam
2974 1229 3369 1292 hereticorum,

1789 1318 1876 1385 qui
1907 1319 2120 1372 nomine
2137 1319 2426 1372 christiano
2447 1319 2659 1386 gloriari
2686 1319 2988 1378 voluerunt,
3019 1329 3073 1370 tit
3095 1318 3376 1372 Marcioni-

1793 1417 1960 1464 tarum
1990 1420 2041 1464 et
2071 1410 2512 1471 Sahellianorum,
2543 1411 2932 1478 multorumque
2962 1422 3237 1475 praeterea,
3260 1412 3368 1478 jam

1791 1499 2150 1554 dissensiones
2169 1501 2593 1571 quarslioncsque
2622 1501 2912 1555 sileantur?
2950 1501 3147 1554 Tamen
3167 1503 3208 1553 si
3240 1517 3374 1570 opus

1793 1601 1892 1654 est,
1924 1601 1982 1645 ut
2005 1592 2131 1652 dixi,
2173 1591 2377 1646 veritati
2405 1593 2743 1646 adversantes
2775 1607 3106 1661 pra-noscere
3134 1591 3336 1661 aliquas
3357 1631 3372 1654 ,

1793 1691 1844 1736 et
1873 1692 2219 1752 pertractatas
2245 1683 2440 1737 habere
2460 1685 2776 1742 sententias;
2804 1683 2870 1736 de
2893 1682 3155 1736 lia-'reticis
3177 1685 3371 1752 potius,

1792 1773 1882 1843 qui
1911 1790 1969 1828 se
1999 1773 2314 1828 christianos
2342 1785 2553 1838 vocant,
2585 1790 2740 1843 quam
2765 1773 2830 1827 de
2855 1775 3166 1843 Anaxagora
3197 1782 3252 1829 et
3279 1775 3380 1829 De-

1795 1865 2018 1918 mocrito
2060 1864 2214 1918 nobis
2243 1865 2578 1936 cogitandum
2607 1866 2720 1918 luit.

1864 1954 2088 2010 CAPUT
2122 1955 2206 2009 lll.
2227 1983 2299 1995 —
2322 1957 2404 2010 15.
2450 1957 2540 2010 Ille
2568 1966 2744 2008 autem
2775 1954 3011 2024 quisquis
3035 1955 3130 2009 abs
3158 1963 3211 2009 te
3230 1972 3377 2025 quat--

1795 2046 1978 2101 siverit
2005 2062 2124 2116 quae
2155 2055 2207 2100 tit
2235 2062 2263 2100 a
2305 2047 2456 2100 nobis
2481 2033 2695 2117 quaeris,
2722 2046 2902 2099 audiat
2925 2048 3065 2115 quod
3090 2062 3150 2100 ea
3172 2045 3381 2101 doetius

1796 2149 1848 2192 et
1883 2140 2191 2209 prudentius
2231 2141 2454 2196 nescias.
2495 2140 2549 2193 Si
2572 2140 2712 2194 enim
2739 2137 3124 2192 Themistocles
3153 2155 3255 2192 non
3284 2153 3379 2191 cu-

1797 2232 1933 2286 ravit
1956 2232 2098 2302 quod
2143 2241 2226 2288 est
2272 2233 2480 2285 habitus
2522 2231 2802 2296 indoctior,
2832 2245 2952 2284 cuin
2983 2245 3175 2284 canere
3205 2229 3381 2284 nervis

1799 2323 1849 2377 in
1873 2325 2042 2392 epulis
2068 2333 2386 2386 recusasset,
2415 2322 2500 2376 tibi
2528 2337 2650 2375 cum
2677 2337 2734 2375 se
2765 2322 2969 2376 nescire
3011 2321 3096 2374 illa
3125 2319 3382 2385 dixisset,

1799 2428 1958 2484 atque
2000 2415 2047 2467 ei
2075 2415 2271 2468 dictmn
2301 2423 2463 2480 esset,
2495 2412 2634 2479 Quid
2665 2412 2824 2482 igitur
2863 2407 3038 2464 nosti?
3091 2410 3382 2479 respondit,

1801 2505 2197 2574 ltempiiblieam
2225 2522 2286 2557 ex
2323 2520 2484 2572 parva
2513 2519 2757 2572 magnam
2787 2504 2960 2557 facere
2990 2520 3002 2556 :
3036 2502 3379 2557 dubitandum

1801 2607 1884 2652 est
1913 2599 2002 2652 tibi
2030 2598 2207 2651 dicere
2234 2606 2285 2651 te
2316 2598 2413 2651 ista
2441 2598 2672 2663 nescire,
2701 2611 2819 2649 cum
2847 2596 2896 2650 ei
2927 2596 3013 2665 qui
3041 2597 3238 2663 rogarit
3263 2595 3386 2664 quid

1803 2689 2034 2749 noveris,
2065 2688 2387 2754 respondere
2426 2687 2625 2756 possis,
2656 2700 2812 2738 nosse
2841 2693 2890 2737 te
2935 2685 3203 2754 quomodo
3227 2684 3390 2739 etiam

1802 2779 1917 2836 sine
1946 2781 2061 2836 istis
2109 2779 2268 2833 homo
2311 2793 2430 2833 esse
2462 2778 2625 2848 possit
2675 2777 2895 2832 beatus?
2932 2779 3083 2843 Quod
3124 2777 3170 2831 si
3214 2776 3390 2832 adhuc

1803 2890 1907 2927 non
1932 2884 2100 2937 tenes,
2125 2881 2230 2926 tam
2255 2885 2502 2940 perverse
2523 2869 2622 2923 ista
2647 2869 2934 2937 conquiris,
2954 2883 3110 2937 quam
3141 2882 3392 2938 perverse

1804 2965 1849 3019 si
1879 2966 2056 3034 aliquo
2093 2962 2336 3030 corporis
2388 2961 2684 3031 periculoso
2712 2961 2900 3014 inorbo
2949 2960 3267 3030 gravareris,
3298 2958 3394 3013 de—

1804 3055 1953 3109 licias
1978 3062 2032 3107 et
2061 3052 2371 3108 teiierrimas
2402 3059 2575 3105 vestes
2608 3051 2781 3119 potius
2812 3066 2967 3120 quam
3010 3049 3392 3106 medicamenta

1805 3143 2143 3214 medicosque
2169 3145 2531 3212 conquiret-es.
2583 3142 2697 3197 Non
2729 3143 2869 3198 enim
2901 3144 3008 3196 ullo
3054 3142 3211 3195 modo
3243 3141 3394 3198 dilfe-

1806 3237 1970 3293 renda
1995 3245 2080 3292 est
2105 3237 2202 3289 ista
2235 3236 2488 3306 cognitio,
2514 3243 2608 3290 aut
2641 3236 2742 3290 ulla
2775 3235 2898 3289 huic
2925 3250 2954 3290 a
2983 3245 3054 3299 te,
3099 3235 3393 3304 prtesertiin

1803 3328 1913 3398 jain
1944 3328 1996 3383 in
2024 3327 2124 3382 hac
2149 3336 2324 3393 mtate,
2352 3329 2435 3382 vel
2461 3327 2698 3383 discendi
2723 3327 2910 3382 ordine
2943 3327 3270 3396 pra-ferenda
3290 3337 3392 3381 est.

1814 3419 1943 3475 Vide
1969 3431 2146 3474 autem
2180 3433 2337 3488 quam
2386 3419 2539 3473 facile
2581 3433 2766 3488 posses
2815 3418 2914 3473 hoc
2939 3418 3096 3477 scire,
3127 3419 3171 3471 si
3202 3417 3388 3472 velles.

1807 3511 1907 3578 Qui
1941 3511 2082 3565 enim
2112 3509 2303 3581 quierit
2331 3508 2597 3579 quomodo
2624 3509 2640 3540 ¹
2665 3508 2731 3563 ad
2771 3509 2979 3564 beatam
3020 3509 3178 3561 vitam
3205 3523 3396 3576 perve-

1809 3602 1942 3667 niat,
1966 3601 2096 3655 nihil
2121 3598 2266 3655 aliud
2297 3599 2540 3669 profecto
2556 3601 2760 3669 quaerit,
2790 3599 2994 3652 iiisiubi
3027 3601 3090 3653 sit
3114 3598 3230 3652 linis
3251 3598 3393 3660 boni,

1812 3695 1914 3751 boc
1943 3706 2023 3749 est
2053 3695 2138 3748 tibi
2162 3695 2514 3749 constitutum
2534 3693 2622 3758 sit,
2654 3709 2755 3746 non
2787 3709 2942 3761 prava
2975 3691 3218 3760 opinione
3241 3699 3398 3758 atque

1817 3787 2118 3850 temeraria,
2149 3784 2242 3838 sed
2269 3795 2412 3840 certa
2443 3795 2600 3853 atque
2637 3783 2950 3836 inconcussa
2982 3783 3222 3846 veritate,
3250 3796 3397 3834 som-

1819 3895 1963 3935 mum
1992 3880 2221 3933 hominis
2250 3879 2444 3933 bonmn
2477 3895 2489 3930 :
2519 3876 2660 3946 quod
2687 3893 2714 3928 a
2743 3876 2978 3946 quolibet
2999 3876 3084 3929 ubi
3113 3874 3399 3928 constitua-

1817 3980 1901 4024 tur
1930 3984 2034 4024 iion
2066 3968 2352 4033 invenitur,
2387 3967 2483 4021 nisi
2510 3976 2600 4019 aut
2644 3967 2695 4019 in
2721 3981 2966 4033 corpore,
2995 3973 3086 4018 aut
3114 3965 3162 4016 iii
3195 3965 3394 4026 animo,

1815 4067 1907 4112 aut
1935 4059 1986 4112 in
2029 4059 2158 4124 Deo,
2189 4067 2278 4110 aut
2308 4057 2358 4110 in
2384 4055 2590 4110 duobus
2613 4054 2872 4123 aliquibus
2905 4053 3111 4117 horum,
3141 4062 3228 4104 aut
3254 4060 3400 4104 certe

1817 4152 1870 4206 in
1892 4150 2156 4204 omnibus.
2179 4149 2328 4216 Quod
2351 4149 2392 4200 si
2412 4145 2679 4210 didiceris,
2700 4159 2870 4214 neque
2888 4158 3150 4196 summum
3175 4141 3396 4206 bonum,

1819 4257 1918 4298 nec
1945 4242 2172 4310 aliquam
2203 4248 2404 4309 partem
2430 4237 2622 4292 summi
2649 4235 2775 4289 boni
2801 4233 3016 4288 omnino
3041 4247 3160 4287 esse
3191 4232 3241 4286 iii
3271 4247 3393 4285 cor-

1822 4349 1968 4404 pore,
1996 4333 2102 4386 duo
2130 4329 2421 4392 restabant,
2451 4326 2658 4381 animus
2682 4335 2734 4380 et
2765 4326 2922 4391 Deus,
2955 4340 3180 4396 quorum
3220 4324 3304 4376 vel
3348 4324 3398 4377 iii

1821 4440 1929 4480 uno
1958 4424 2040 4478 vel
2066 4423 2116 4477 in
2145 4421 2401 4476 ainbobus
2430 4420 2515 4473 sit.
2549 4417 2605 4472 Si
2630 4426 2806 4472 autem
2832 4417 3090 4487 adjeceris
3119 4426 3175 4472 et
3199 4415 3401 4471 didice-

1823 4515 1896 4570 ris
1935 4514 2036 4569 hoc
2079 4511 2218 4568 idem
2245 4510 2311 4565 de
2338 4510 2516 4563 animo
2539 4507 2678 4579 quod
2704 4507 2772 4562 de
2814 4521 3058 4576 corpore,
3105 4505 3230 4575 quid
3262 4507 3400 4560 aliud

1821 4606 1929 4675 jam
1959 4603 2062 4659 nisi
2092 4603 2231 4658 Deus
2261 4607 2526 4664 occurret,
2554 4599 2605 4652 in
2634 4613 2740 4668 quo
2763 4612 3026 4653 summum
3054 4597 3284 4651 hominis
3311 4597 3404 4650 bo-

1826 4715 1949 4754 num
1972 4696 2316 4751 constitutum
2347 4692 2446 4757 sit;
2481 4707 2583 4745 non
2611 4706 2716 4760 quo
2742 4691 2842 4745 alia
2873 4691 3006 4744 bona
3034 4706 3135 4742 non
3156 4691 3278 4753 sint,
3306 4689 3401 4743 sed

1828 4806 2090 4846 summum
2122 4788 2170 4840 id
2200 4786 2411 4849 dicitur,
2439 4799 2543 4852 quo
2571 4794 2760 4838 cuncta
2789 4783 3111 4836 referuntur.
3155 4780 3232 4834 Eo
3257 4783 3400 4834 enim

1830 4879 2051 4936 fruendo
2079 4878 2299 4948 quisque
2327 4875 2513 4930 beatus
2541 4884 2644 4941 est,
2675 4884 2889 4943 propter
2912 4872 3050 4942 quod
3078 4880 3268 4924 caetera
3299 4872 3406 4924 vult

1830 4971 2044 5034 habere,
2075 4982 2193 5022 cum
2225 4964 2354 5020 illud
2372 4965 2479 5034 jam
2508 4979 2612 5019 non
2642 4974 2858 5035 prepter
2883 4961 3045 5027 aliud,
3075 4961 3165 5015 sed
3192 4971 3404 5031 propter

1832 5062 2063 5131 seipsum
2091 5059 2356 5127 diligatur.
2405 5055 2470 5110 Et
2494 5057 2610 5110 ideo
2643 5055 2761 5108 finis
2794 5055 2864 5108 ibi
2911 5053 3122 5119 dicitur,
3153 5055 3272 5123 quia
3297 5056 3402 5123 jam

1830 5169 1936 5226 quo
1960 5159 2224 5215 excurrat,
2252 5157 2305 5203 et
2331 5163 2436 5218 quo
2462 5147 2742 5211 referatur,
2775 5161 2879 5198 non
2906 5146 3185 5198 invenitur.
3221 5143 3292 5198 lbi
3317 5160 3404 5198 re-

1833 5244 1984 5316 quies
2008 5238 2308 5311 appetendi,
2340 5238 2410 5292 ibi
2441 5235 2649 5292 fruendi
2679 5237 2954 5302 securitas,
2986 5235 3058 5291 ibi
3087 5235 3405 5305 tranquillis-

1833 5337 2024 5393 simum
2052 5331 2298 5403 gaudium
2329 5331 2542 5401 optima:
2570 5329 2872 5383 voluntatis.

1910 5428 1993 5482 14.
2036 5426 2106 5479 Da
2136 5425 2293 5494 igitur
2311 5423 2396 5492 qui
2424 5424 2530 5474 eito
2552 5421 2745 5482 videat,
2772 5437 2873 5474 non
2896 5432 3085 5485 corpus
3103 5430 3219 5470 esse
3246 5417 3405 5472 animi

1838 5523 2056 5580 boonm,
2079 5516 2169 5569 sed
2199 5516 2428 5568 animum
2454 5512 2627 5583 potius
2657 5527 2772 5566 esse
2804 5508 3037 5577 corporis
3061 5506 3287 5569 bonum;
3320 5521 3406 5561 re-

1905 5633 1937 5696 *_
1957 5635 2063 5677 Mss.
2107 5625 2330 5696 plerique
2353 5640 2365 5673 :
2387 5622 2474 5684 Qui
2510 5621 2636 5676 enim
2677 5619 2848 5683 qnwz'it
2869 5631 2961 5679 qua
2983 5617 3048 5666 ad
3064 5653 3080 5678 ,
3109 5622 3204 5667 etc.
3230 5623 3358 5668 Unus
3379 5630 3410 5669 ο

1840 5693 2007 5750 Vatia,
2033 5702 2127 5752 qua
2151 5693 2242 5737 ιιι.
