3990 6390
578 318 684 378 150

580 434 798 490 cedetur
822 433 932 505 jam
961 433 1027 488 ab
1071 431 1385 504 inquirendo
1413 440 1587 486 utrum
1616 444 1880 483 summum
1909 428 2039 483 illud
2071 429 2164 482 bo-

584 542 730 591 num,
764 527 847 582 vel
876 526 1051 595 aliqua
1079 527 1196 594 ejus
1225 539 1350 595 pars
1370 522 1441 577 sit
1480 522 1532 575 iu
1563 535 1806 590 corpore.
1848 519 1999 589 Quod
2025 519 2167 574 enim

580 618 897 672 stultissime
926 625 1167 687 negatur,
1197 615 1386 669 melior
1412 622 1493 667 est
1518 613 1725 666 animus
1754 626 1997 681 corpore.
2038 608 2167 663 Item

579 710 895 765 stultissime
938 717 1158 778 negatur
1187 706 1461 761 meliorem
1493 720 1614 759 esse
1652 720 1773 760 eum
1805 704 1892 774 qui
1920 703 2011 757 dat
2038 702 2168 756 bea-

516 860 519 863 _
578 810 684 856 tam
707 800 890 865 vitam,
913 799 998 854 vel
1021 806 1221 868 partem
1240 797 1473 866 aliquam
1501 796 1669 850 beata:
1688 796 1832 862 vitae,
1864 809 2023 865 quam
2044 808 2165 848 eum

575 893 663 961 qtti
708 892 919 961 accipit.
960 890 1073 945 Non
1106 890 1265 959 igitur
1306 888 1497 958 accipit
1526 887 1736 941 animus
1762 900 1791 939 a
1818 899 2044 955 corpore
2084 882 2166 937 vel

574 1000 841 1039 summum
890 984 1109 1050 bonum,
1139 982 1224 1037 vel
1268 989 1473 1051 partem
1503 980 1733 1050 aliquam
1779 977 1983 1033 summi
2020 976 2164 1030 boni.

573 1076 685 1131 Hoc
714 1078 803 1147 qui
833 1091 938 1131 non
969 1076 1149 1130 vident
1174 1074 1356 1129 czccati
1387 1080 1512 1126 sunt
1555 1069 1835 1126 dulcedine
1873 1066 2165 1123 carnalium

571 1171 921 1240 voluptatum,
968 1185 1125 1241 quam
1152 1184 1219 1223 ex
1262 1166 1549 1236 indigentia
1580 1163 1822 1219 sanitatis
1847 1162 2031 1216 venire
2060 1175 2164 1215 non

573 1263 869 1317 intuentur.
918 1261 1131 1317 Sanitas
1170 1267 1346 1314 autem
1380 1257 1615 1327 perfecta
1643 1254 1903 1324 corporis,
1944 1252 2031 1307 illa
2075 1267 2167 1306 ex-

570 1362 737 1409 trema
770 1354 934 1409 totius
966 1352 1198 1408 hominis
1230 1349 1602 1405 immortalitas
1632 1348 1752 1402 erit.
1800 1345 1932 1400 Tam
1962 1344 2165 1415 potenti

568 1446 711 1499 enim
757 1454 942 1500 natura
976 1444 1117 1499 Deus
1160 1441 1283 1497 fecit
1313 1440 1568 1505 animam,
1607 1447 1665 1492 ttt
1709 1453 1773 1492 ex
1819 1437 1933 1507 ejus
1960 1435 2163 1508 plenis-

568 1538 702 1592 sima
749 1536 1073 1592 beatitudine
1100 1551 1218 1606 qua:
1248 1536 1301 1588 in
1330 1534 1435 1588 line
1477 1541 1777 1601 temporum
1809 1530 2007 1585 sanctis
2036 1543 2162 1598 pro-

570 1627 815 1692 mittitur,
841 1627 1103 1681 redundet
1130 1626 1288 1680 etiam
1317 1626 1367 1677 in
1397 1623 1706 1677 inferiorem
1733 1630 1997 1687 naturam,
2021 1620 2161 1690 quod

568 1726 651 1772 cst
669 1732 883 1788 corpus,
915 1733 1019 1772 non
1044 1715 1318 1772 beatitudo
1346 1730 1463 1784 qtue
1492 1712 1719 1768 frueutis
1740 1722 1794 1767 et
1816 1712 2162 1782 iutelligentis

566 1818 650 1864 est
677 1810 911 1881 propria,
946 1810 1037 1865 sed
1083 1808 1354 1880 plenitudo
1384 1807 1648 1873 sanitatis,
1696 1805 1748 1860 id
1792 1814 1875 1861 est
1916 1806 2158 1859 incorru-

568 1901 765 1971 ptionis
789 1901 958 1971 vigor.
1000 1902 1151 1969 Quod
1190 1900 1280 1971 qui
1322 1915 1427 1954 non
1468 1898 1670 1962 vident,
1702 1908 1759 1952 ut
1802 1896 1931 1962 dixi,
1963 1897 2163 1952 bellant

566 1994 817 2064 inquietis
842 1992 1291 2055 altercationibus,
1324 1991 1466 2047 varie
1483 2005 1579 2060 pro
1606 2004 1705 2043 suo
1724 1989 1950 2059 quisque
1979 1997 2157 2059 captu,

566 2088 617 2143 in
642 2102 867 2156 corpore
893 2088 1280 2142 constituentes
1309 2099 1575 2139 summum
1597 2081 1828 2137 hominis
1856 2083 2075 2146 bonum,
2107 2091 2161 2136 et

563 2183 855 2237 carnalium
884 2182 1257 2237 seditiosorum
1290 2179 1471 2233 turbas
1500 2177 1811 2238 concitant;
1844 2176 1983 2230 inter
2026 2192 2159 2245 quos

566 2274 808 2346 Epicurei
853 2273 991 2344 apud
1039 2272 1304 2327 indoctam
1349 2268 1741 2325 multitudinem
1782 2267 2157 2322 excellentiore

572 2367 875 2421 auctoritate
900 2366 1201 2436 viguerunt.

636 2458 723 2511 15.
766 2458 841 2511 Da
868 2458 993 2511 item
1018 2455 1108 2527 qui
1132 2455 1238 2509 cito
1262 2452 1440 2508 videat
1465 2451 1700 2506 animum
1723 2464 1933 2520 quoque
1958 2450 2152 2518 ipsum,

563 2563 669 2603 non
699 2563 797 2602 suo
836 2548 977 2602 bono
1003 2546 1217 2601 beatum
1248 2558 1386 2604 esse.
1418 2557 1540 2597 cum
1571 2541 1756 2595 beatus
1784 2548 1887 2605 est,
1918 2540 2153 2611 alioquin

564 2655 833 2710 nunquam
854 2647 997 2694 esset
1017 2638 1213 2701 miser;
1241 2645 1293 2691 et
1316 2633 1600 2690 recedetur
1620 2647 1649 2685 a
1670 2630 1958 2702 qumrendo
1980 2642 2153 2686 utrum

548 2734 613 2786 in
646 2732 824 2787 animo
850 2730 919 2787 sit
944 2744 1210 2785 summum
1240 2727 1366 2782 illud
1386 2734 1564 2797 atque,
1592 2734 1649 2779 ut
1671 2726 1740 2779 ita
1763 2725 2010 2787 dixerim,
2033 2724 2155 2779 bea-

561 2825 761 2879 tilieum
790 2825 1010 2887 bonum,
1041 2823 1127 2877 vel
1151 2822 1326 2892 aliqua
1352 2836 1476 2890 pars
1506 2820 1642 2888 ejus.
1674 2818 1805 2874 Nam
1827 2834 1945 2873 cum
1978 2820 2154 2887 seipso

559 2916 659 2971 sibi
709 2916 859 2985 quasi
911 2930 1008 2970 suo
1055 2914 1197 2968 bono
1240 2913 1450 2967 animus
1499 2911 1711 2980 gaudet,
1758 2911 2018 2980 superbus
2048 2921 2149 2965 est.

558 3008 691 3061 Cum
722 3022 849 3060 vero
877 3004 1131 3075 perspicit
1170 3018 1227 3058 se
1256 3019 1375 3057 esse
1412 3001 1740 3066 mutabilem,
1771 3002 1851 3055 vel
1900 3001 2002 3055 hoc
2048 3016 2153 3055 uno

559 3100 745 3153 saltem
768 3098 908 3167 quod
934 3098 998 3149 de
1028 3096 1190 3149 stulto
1216 3094 1429 3164 sapiens
1454 3092 1703 3157 efficitur,
1728 3092 2154 3161 sapientiamque

560 3208 677 3246 esse
703 3189 1187 3244 incommutabilem
1210 3188 1397 3251 cernit,
1426 3186 1583 3240 simul
1605 3194 1814 3254 oportet
1835 3194 2017 3239 cernat
2032 3201 2150 3241 esse

562 3284 706 3337 illam
757 3296 915 3350 supra
962 3295 1111 3333 suam
1154 3286 1434 3343 naturam,
1478 3275 1701 3346 ejusque
1749 3276 2153 3345 participatione

561 3382 718 3444 atque
749 3370 1099 3426 illustratioue
1126 3385 1182 3423 se
1214 3368 1431 3423 uberius
1458 3377 1511 3420 et
1532 3367 1729 3420 certius
1745 3365 1975 3434 gaudere
1993 3381 2150 3435 quam

558 3468 756 3536 seipse.
801 3466 875 3520 Ita
927 3478 1144 3519 cessans
1182 3472 1340 3532 atque
1383 3461 1759 3515 detumescens
1790 3474 1819 3512 a
1861 3458 2153 3527 jactatione

559 3569 722 3629 atque
748 3558 1022 3613 inflatione
1052 3554 1286 3626 propria,
1324 3553 1585 3608 iuhmrere
1618 3552 1749 3614 Deo,
1782 3560 1940 3621 atque
1967 3551 2033 3605 ab
2064 3550 2153 3605 illo

560 3652 978 3707 incommutabili
1010 3650 1157 3704 refici
1205 3656 1259 3703 et
1288 3646 1566 3702 reformari
1609 3646 1812 3709 nititur,
1845 3660 1875 3698 a
1900 3661 2007 3714 quo
2033 3660 2151 3699 esse

555 3747 669 3817 jam
693 3746 835 3814 capit
862 3760 964 3799 non
989 3745 1160 3797 solum
1189 3758 1401 3797 omnem
1425 3740 1659 3809 speciem
1682 3753 1862 3793 rerum
1889 3740 2149 3805 omnium,

558 3839 672 3893 sive
702 3852 820 3906 qum
845 3851 1004 3891 sensu
1031 3835 1295 3904 corporis,
1340 3834 1451 3888 sive
1477 3848 1595 3901 qua:
1624 3831 1965 3900 intelligentia
1998 3845 2150 3885 men-

558 3931 628 3985 tis
657 3929 1009 4000 attinguntur,
1038 3928 1131 3983 sed
1158 3927 1317 3982 etiam
1346 3926 1515 3995 ipsam
1558 3925 1905 3993 capacitatem
1950 3922 2150 3978 forma-

560 4022 720 4076 tionis
763 4030 886 4075 ante
934 4020 1340 4083 formationem,
1390 4032 1510 4071 cum
1554 4016 1636 4070 vel
1683 4015 1911 4069 informe
1954 4015 2151 4085 aliquid

557 4114 769 4179 dicitur,
800 4113 943 4185 quod
989 4111 1207 4167 formari
1251 4119 1447 4180 potest.
1487 4108 1670 4180 Itaque
1715 4116 1863 4163 tanto
1890 4108 2065 4163 minus
2095 4123 2153 4165 se

556 4226 677 4265 esse
720 4210 965 4265 stabilem
1004 4209 1185 4273 sentit,
1231 4213 1430 4277 quanto
1475 4205 1652 4259 minus
1697 4202 1863 4257 hmret
1910 4203 2021 4258 Deo
2062 4203 2152 4272 qui

558 4315 765 4354 summe
803 4309 885 4352 cst
914 4317 925 4351 :
955 4308 1007 4353 et
1051 4300 1170 4353 ideo
1221 4298 1369 4351 illum
1418 4312 1623 4351 summe
1671 4311 1811 4361 csse,
1842 4294 1964 4365 quia
2010 4296 2149 4349 nulla

561 4391 910 4447 mutabilitate
937 4390 1255 4458 proticitseu
1271 4389 1451 4443 deficit
1474 4406 1487 4453 ;
1518 4388 1617 4442 sibi
1640 4398 1816 4442 autem
1841 4388 1982 4441 illam
2001 4402 2148 4443 com-

562 4481 907 4537 mutationem
938 4480 1197 4549 expedire
1223 4496 1325 4548 qua
1355 4479 1581 4548 prolicit,
1621 4488 1678 4531 ttt
1703 4480 1939 4549 perfecte
1969 4479 2042 4532 illi
2070 4495 2153 4532 co-

561 4576 784 4639 hmreat,
813 4588 929 4627 eam
958 4586 1081 4626 vero
1099 4570 1567 4624 commutationem
1591 4585 1709 4638 quae
1737 4571 1787 4623 in
1814 4568 2023 4624 defectu
2049 4580 2149 4633 cst,

563 4682 685 4721 esse
711 4664 992 4727 vitiosam;
1025 4676 1237 4717 omnem
1270 4670 1447 4715 autem
1473 4659 1740 4715 defectum
1769 4659 1836 4714 ad
1881 4659 2149 4713 interitum

566 4773 807 4829 vergere,
840 4773 944 4827 quo
971 4764 1144 4809 utrum
1173 4754 1345 4825 aliqua
1371 4768 1459 4809 res
1487 4752 1760 4823 perveniat
1804 4752 2014 4807 tametsi
2046 4770 2150 4808 non

564 4858 841 4920 appareat,
888 4858 1063 4904 tamen
1090 4861 1346 4916 apparere
1386 4844 1632 4899 omnibus
1660 4860 1723 4900 eo
1747 4843 1944 4899 ducere
1990 4844 2173 4930 inter:

564 4942 696 4995 itum
727 4950 783 4994 ut
811 4956 914 4995 non
942 4940 1010 4994 sit
1031 4938 1173 5010 qttod
1198 4947 1330 4995 erat.
1372 4936 1525 4993 Unde
1554 4936 1755 5008 colligit
1774 4952 1879 4992 non
1908 4936 1979 4991 ob
2007 4937 2149 4992 aliud

562 5047 652 5089 res
678 5032 927 5098 deficere,
960 5034 1041 5087 vel
1085 5046 1245 5104 posse
1270 5030 1521 5093 decere,
1572 5030 1674 5085 nisi
1722 5030 1864 5099 quod
1891 5046 1957 5085 ex
1984 5031 2151 5085 nihilo

562 5124 719 5179 facta:
762 5132 886 5177 sunt
914 5142 926 5176 :
952 5132 1011 5177 ut
1038 5124 1177 5194 quod
1206 5124 1259 5179 in
1289 5124 1367 5178 eis
1397 5132 1482 5177 est
1507 5121 1648 5193 quod
1679 5131 1800 5177 sunt
1830 5130 1886 5177 et
1913 5131 2148 5188 manent,

562 5226 619 5274 et
646 5233 741 5288 pro
771 5215 1061 5271 defectibus
1101 5218 1260 5271 etiam
1287 5218 1399 5272 suis
1418 5216 1486 5272 ad
1522 5216 1888 5271 universitatis
1912 5218 2149 5286 comple-

562 5327 688 5366 xum
711 5309 1045 5375 ordinantur,
1070 5309 1135 5363 ad
1158 5310 1271 5378 ejus
1292 5311 1580 5366 bonitatem
1601 5310 2151 5380 omnipotentiamque

562 5406 849 5475 pertineat,
880 5403 972 5474 qui
996 5418 1202 5457 summe
1230 5411 1312 5458 est
1339 5413 1392 5458 et
1416 5404 1679 5471 conditor,
1711 5404 1800 5474 qui
1845 5413 2034 5475 potens
2072 5416 2154 5461 est

564 5498 723 5553 etiam
754 5512 818 5553 ex
862 5495 1049 5561 nihilo,
1090 5512 1196 5551 non
1229 5504 1431 5551 tantum
1460 5497 1676 5568 aliquid,
1711 5498 1805 5553 sed
1854 5499 2013 5554 etiam
2040 5515 2153 5554 ma-

565 5604 726 5658 gnum
772 5588 968 5659 aliquid
999 5587 1175 5644 facere
1203 5603 1217 5641 :
1250 5586 1479 5658 primum
1510 5598 1684 5643 autem
1714 5600 2014 5660 peccatum,
2053 5592 2153 5646 hoc

566 5692 647 5734 est
692 5682 921 5747 primum
960 5681 1313 5737 voluntarium
1341 5680 1626 5746 defectum,
1668 5697 1789 5737 esse
1831 5683 2061 5755 gaudere
2086 5684 2150 5739 ad

568 5790 599 5842 p
618 5773 833 5841 'apriam
881 5783 1230 5842 potestatem;
1262 5775 1326 5829 ad
1372 5775 1546 5829 minus
1574 5774 1715 5830 enim
1744 5775 1958 5843 gaudet,
1987 5791 2146 5843 quam

1819 315 1873 369 s.
1917 310 2283 371 AUGUSTINI
2326 308 2629 369 EPISCOPI
3726 320 3808 381 uo

2278 426 2322 481 si
2348 426 2413 481 ad
2448 435 2769 497 potestatem
2806 426 2897 483 Dei
2935 416 3183 498 gaudeat,
3357 427 3533 499 utique
3558 432 3705 504 major
3725 448 3803 495 est.

2280 519 2391 573 IIoc
2420 535 2525 574 non
2565 520 2827 586 videntes,
2875 530 2929 576 et
2966 520 3233 591 potentias
3260 521 3521 579 intuentes
3559 526 3699 582 animi
3722 530 3803 585 lut-

2279 611 2453 675 mani,
2501 627 2854 682 magnamque
2908 612 3355 682 pulchritudinem
3401 612 3642 671 factorum
3684 630 3807 692 atque

2276 698 2562 766 dictorum,
2590 704 2798 759 etiamsi
2825 705 2875 758 iu
2901 720 3127 775 corpore
3152 705 3337 776 puduit
3362 722 3552 777 ponere
3588 725 3809 771 summum

2276 794 2496 861 bonum,
2533 797 2583 852 in
2615 797 2732 867 ipso
2763 806 2940 853 tamen
2966 799 3149 853 animo
3195 809 3472 869 ponentes,
3501 799 3625 857 infra
3667 807 3812 878 utique

2276 897 2588 955 posuerunt,
2619 905 2778 960 quam
2810 890 2897 945 ubi
2928 890 3290 946 sincerissima
3321 891 3520 948 ratione
3551 897 3808 965 ponendum

2274 986 2374 1033 est.
2415 976 2557 1035 Inter
2584 980 2684 1034 hos
2710 981 2798 1051 qui
2839 982 2910 1036 ita
2940 981 3179 1037 sentiunt
3207 981 3348 1053 apud
3391 998 3588 1054 graecos
3614 987 3808 1058 philoso-

2274 1068 2430 1137 phos,
2459 1082 2513 1125 et
2536 1086 2762 1127 numero
2789 1082 2843 1127 et
2870 1073 3177 1144 disputandi
3214 1074 3505 1130 subtilitate
3526 1075 3675 1133 Stoici
3706 1095 3812 1151 pra:-

2272 1162 2571 1231 valuerunt,
2614 1166 2703 1235 qui
2745 1174 2921 1221 tamen
2950 1167 3019 1221 ins
3034 1168 3360 1224 naturalibus
3389 1184 3633 1241 corporea
3669 1177 3812 1232 omnia

2272 1268 2391 1309 esse
2433 1256 2777 1329 arbitrantes,
2810 1258 2979 1329 magis
3008 1275 3038 1313 a
3064 1273 3225 1315 carne
3254 1274 3413 1331 quam
3440 1276 3471 1315 a
3499 1276 3700 1332 corpore
3718 1266 3810 1322 ani-

2273 1360 2417 1399 mum
2438 1356 2679 1403 avertere
2696 1357 3004 1419 potuerunt.

2344 1437 2430 1492 16.
2476 1438 2616 1493 Inter
2659 1456 2753 1495 eos
2791 1450 2969 1496 autem
2999 1442 3087 1512 qui
3132 1440 3413 1498 fruendum
3441 1444 3566 1509 Deo,
3602 1461 3631 1501 a
3653 1464 3744 1518 quo
3772 1461 3813 1506 et

2272 1542 2370 1583 nos
2398 1538 2452 1583 et
2480 1530 2656 1583 omnia
2680 1530 2815 1585 facta
2835 1540 2978 1598 sunt,
3007 1549 3168 1587 unum
3186 1544 3347 1604 atque
3371 1548 3626 1590 summum
3652 1536 3811 1595 bonum

2271 1629 2510 1675 nostrum
2535 1638 2653 1678 esse
2679 1624 2882 1690 dicunt,
2908 1625 3046 1695 apud
3070 1626 3189 1681 illos
3213 1628 3554 1683 eminuerunt
3575 1629 3809 1700 Platonici,

2269 1713 2357 1781 qui
2388 1730 2491 1768 non
2546 1716 2815 1771 immerito
2859 1718 2925 1773 ad
2956 1719 3186 1773 officium
3219 1736 3376 1775 suum
3424 1722 3677 1793 pertinere
3700 1725 3812 1782 arbi-

2271 1806 2392 1859 trati
2424 1816 2568 1871 sunt,
2599 1808 2811 1876 Stoicis,
2845 1820 2899 1865 et
2930 1811 3205 1881 Epicureis
3227 1812 3460 1869 maxime
3480 1822 3533 1869 ct
3552 1830 3697 1886 prope
3713 1817 3813 1873 solis

2268 1897 2486 1952 omnino
2513 1899 2785 1956 resistere.
2822 1902 2983 1956 Iidem
3014 1903 3209 1973 quippe
3238 1903 3544 1961 Academici
3571 1907 3652 1976 qui
3672 1907 3811 1963 Plato-

2268 1987 2392 2055 nici,
2420 1990 2559 2060 quod
2585 1991 2742 2047 docet
2784 1993 3085 2049 auditorum
3109 1995 3220 2066 ipsa
3261 1998 3548 2054 successio.
3595 2000 3813 2057 Arcesilas

2267 2085 2408 2138 enim
2440 2086 2526 2156 qui
2556 2087 2757 2156 primus
2802 2090 3064 2143 occultata
3107 2091 3374 2147 sententia
3414 2108 3529 2158 sua,
3559 2092 3675 2148 nihil
3697 2094 3810 2151 aliud

2266 2174 2398 2229 istos
2424 2192 2581 2245 quam
2611 2177 2857 2234 refellere
2911 2181 3111 2244 statuit,
3163 2197 3345 2251 qurere
3390 2184 3474 2239 cui
3505 2186 3807 2249 successerit,

2267 2264 2607 2321 Polemonem
2649 2268 2922 2335 invenies;
2951 2287 3130 2342 qurere
3169 2272 3254 2326 cui
3285 2273 3563 2340 Polemon,
3586 2274 3810 2331 Xenocra-

2266 2364 2369 2410 tem
2402 2376 2414 2411 :
2446 2356 2733 2415 Xenocrati
2775 2372 2955 2416 autem
2998 2361 3261 2433 discipulo
3305 2364 3643 2420 Academiam
3679 2366 3808 2421 scho~

2265 2447 2365 2501 lam
2402 2464 2552 2503 suam
2584 2450 2797 2522 reliquit
2827 2451 2997 2507 Plato.
3040 2452 3305 2519 Quantum
3337 2454 3497 2525 igitur
3540 2456 3742 2526 pertinet
3759 2456 3808 2512 ad

2262 2542 2614 2608 qumstioncm
2645 2542 2713 2597 de
2747 2558 2958 2598 summo
2984 2544 3216 2600 hominis
3242 2547 3409 2613 bono,
3440 2562 3645 2603 remove
3666 2564 3808 2619 perso-

2263 2646 2358 2683 nas
2386 2631 2680 2699 hominum,
2716 2644 2876 2706 atque
2905 2636 3072 2707 ipsam
3103 2637 3545 2709 disceptationem
3568 2641 3805 2707 constitue;

2262 2722 2499 2791 profecto
2527 2726 2764 2796 reperies
2790 2726 2924 2784 duos
2947 2744 3157 2785 errores
3185 2732 3323 2787 inter
3350 2747 3411 2788 se
3436 2734 3647 2790 adversa
3672 2734 3805 2789 fronte

2259 2813 2437 2867 collidi
2472 2833 2485 2868 :
2515 2832 2675 2871 unum
2705 2818 3120 2877 constituentem
3152 2822 3205 2876 in
3248 2838 3496 2894 corpore,
3524 2826 3673 2882 alium
3705 2839 3805 2880 con-

2259 2906 2565 2962 stituentem
2597 2908 2650 2962 in
2682 2910 2860 2965 animo
2896 2928 3161 2968 summum
3192 2915 3412 2970 bonum.
3457 2916 3711 2973 Rationem
3735 2932 3805 2972 au-

2261 3006 2367 3053 tem
2405 3001 2675 3067 veritatis,
2722 3020 2825 3075 qua
2868 3019 3135 3061 summum
3181 3007 3385 3065 bonum
3433 3020 3658 3067 nostrum
3698 3012 3805 3067 Deus

2258 3108 2378 3146 esse
2404 3093 2730 3163 intelligitur,
2763 3098 2971 3167 utrique
3006 3098 3281 3165 resistere,
3325 3102 3423 3158 sed
3451 3118 3551 3158 non
3582 3105 3710 3173 prius
3731 3103 3802 3159 de

2258 3193 2468 3239 contem
2497 3201 2621 3240 vera
2664 3203 2823 3256 quam
2852 3204 3014 3260 prava
3060 3189 3436 3251 deducentem.
3477 3195 3689 3268 Idipsum
3710 3212 3802 3252 rur-

2258 3292 2373 3330 sum
2404 3276 2671 3345 adjunctis
2702 3282 2943 3350 personis
2972 3283 3257 3349 constitue,
3300 3288 3537 3357 reperies
3560 3288 3803 3359 Epicureos

2258 3378 2311 3421 et
2340 3368 2551 3423 Stoicos
2578 3370 2716 3426 inter
2753 3388 2811 3427 se
2839 3374 3097 3429 acerrime
3122 3375 3442 3433 dimicantes
3466 3394 3480 3443 ;
3508 3395 3676 3434 eorum
3705 3391 3803 3436 vero

2260 3459 2406 3515 litem
2429 3471 2684 3518 conantes
2705 3463 2996 3532 dijudicare
3020 3466 3345 3533 Platonicos,
3376 3473 3687 3526 occultantes
3708 3485 3803 3525 sem

2261 3554 2478 3607 tentiam
2524 3556 2781 3620 veritatis,
2814 3566 2868 3611 et
2898 3544 3106 3611 illorum
3154 3576 3343 3615 vanam
3380 3562 3430 3617 in
3461 3561 3675 3617 falsitate
3699 3559 3800 3615 fidu-

2258 3644 2393 3697 ciam
2422 3645 2797 3701 convincentes
2828 3656 2879 3702 et
2913 3649 3310 3719 rcdarguentes.

2336 3735 2417 3787 I7.
2460 3736 2566 3791 Sed
2594 3754 2698 3791 non
2729 3739 2864 3793 sicut
2884 3741 2957 3794 illi
2983 3758 3226 3797 errorum
3245 3748 3573 3813 suorum,ita
3592 3744 3801 3802 Platonici

2260 3840 2399 3880 verte
2442 3828 2664 3882 rationis
2692 3845 2969 3897 personam
3002 3833 3223 3903 implere
3250 3846 3557 3906 potuerunt.
3586 3837 3800 3894 Omnibus

2259 3918 2399 3970 enim
2429 3916 2597 3973 defuit
2619 3919 2811 3976 divina:
2886 3923 3199 3981 humilitatis
3219 3931 3557 4002 exemplum,
3585 3930 3710 4003 quod
3725 3946 3800 4000 op-

2260 4010 2636 4076 portunissimo
2682 4020 2922 4084 tempore
2950 4031 3045 4088 per
3069 4018 3355 4076 Dominum
3401 4032 3633 4079 nostrum
3655 4024 3800 4078 Iesum

2258 4102 2527 4159 Christum
2551 4104 2867 4161 illustratum
2898 4118 3007 4175 est;
3040 4112 3125 4166 cui
3149 4114 3240 4168 uni
3260 4116 3509 4186 exemplo
3532 4116 3579 4171 in
3606 4114 3800 4184 cujusvis

2258 4196 2437 4251 animo
2466 4196 2716 4255 ferociter
2763 4202 3077 4273 arrogantis,
3120 4205 3295 4260 omnis
3323 4208 3571 4279 superbia
3601 4206 3727 4264 cedit
3761 4214 3802 4260 et

2260 4287 2518 4359 frangitur
2541 4300 2596 4346 et
2624 4292 2900 4348 emoritur.
2931 4294 3159 4366 Ideoque
3184 4314 3287 4352 nou
3307 4300 3544 4355 valentes
3568 4299 3635 4354 illi
3658 4306 3801 4352 aucto-

2258 4380 2414 4437 ritate
2452 4383 2633 4438 turbas
2664 4392 2991 4440 terrenarum
3035 4402 3215 4444 rerum
3270 4389 3557 4448 dilectione
3581 4394 3800 4448 czecalas

2258 4473 2323 4527 ad
2353 4473 2691 4531 invisibilium
2716 4477 2872 4532 fidem
2904 4477 3121 4547 ducere,
3166 4496 3286 4537 cum
3325 4500 3420 4538 eas
3450 4484 3675 4541 viderent
3697 4480 3799 4551 Epi-

2258 4564 2434 4620 cureis
2456 4566 2684 4623 maxime
2709 4571 3139 4626 contentionibus
3167 4575 3515 4637 commoveri.
3547 4590 3643 4629 non
3662 4571 3797 4627 solum

2258 4656 2324 4711 ad
2347 4655 2830 4731 hauriendam,quo
2860 4662 2999 4717 ultro
3017 4663 3336 4729 ferebantur,
3357 4666 3452 4722 sed
3478 4667 3629 4721 etiam
3651 4663 3707 4720 ad
3724 4662 3797 4717 de-

2260 4748 2607 4806 fensitaudam
2650 4754 2889 4823 corporis
2928 4755 3265 4825 voluptatem,
3301 4767 3359 4812 ut
3389 4758 3442 4813 in
3488 4774 3547 4814 ea
3576 4767 3797 4813 summum

2258 4844 2455 4898 bonum
2479 4844 2710 4902 hominis
2739 4850 3182 4916 constitueretur;
3213 4869 3307 4910 eos
3330 4865 3508 4911 autem
3537 4854 3623 4925 qui
3643 4852 3798 4908 adver-

2260 4950 2350 4991 sus
2372 4936 2509 4992 hanc
2524 4939 2848 5009 voluptatem
2879 4943 3085 4998 virtutis
3104 4945 3261 4999 laude
3283 4955 3632 5011 moverentur,
3655 4943 3797 5000 minus

2259 5026 2544 5083 difficulter
2572 5045 2687 5083 eam
2718 5033 3066 5103 contemplari
3092 5034 3143 5088 itt
3173 5037 3365 5091 animis
3390 5031 3798 5100 homiutttn,unde

2259 5121 2398 5177 facta
2442 5124 2599 5190 bona,
2642 5125 2709 5179 de
2749 5127 2940 5195 quibus
2987 5137 3270 5199 utcumque
3305 5140 3547 5201 poterant
3577 5129 3793 5196 judicare.

2260 5214 2609 5284 procederent
2642 5233 2654 5269 :
2687 5218 2845 5271 simul
2874 5218 3123 5274 videbant
3159 5220 3204 5277 si
3247 5222 3329 5278 eis
3354 5231 3661 5278 conarentur
3694 5215 3795 5272 iusi-

2261 5323 2427 5363 nuare
2454 5309 2681 5379 aliquam
2708 5326 2821 5366 rem
2839 5311 3069 5368 divinam
3087 5324 3142 5369 et
3162 5329 3321 5387 super
3344 5317 3518 5373 omnia
3546 5317 3796 5370 incommu-

2264 5398 2500 5467 tabilem,
2529 5416 2647 5472 qua:
2696 5403 2840 5457 nullo
2868 5404 3218 5476 attingeretur
3260 5408 3500 5474 corporis
3524 5418 3698 5468 sensu.
3721 5397 3793 5454 sed

2263 5494 2375 5548 sola
2401 5501 2577 5549 mente
2605 5494 3007 5566 intelligeretur,
3056 5514 3175 5569 quae
3207 5508 3381 5557 tamen
3407 5498 3563 5555 etiant
3591 5502 3794 5552 naturam

2265 5585 2429 5655 ipsius
2457 5587 2649 5679 meqtis
2672 5587 2974 5654 excederet,
3002 5605 3231 5662 eumque
3256 5608 3374 5649 esse
3398 5591 3559 5647 Deum
3589 5584 3791 5661 proposi'

2380 5726 2488 5782 .
2513 5720 2751 5782 quinque,
2775 5733 2917 5771 vcra'.
2958 5760 2983 5773 -

2383 5780 2491 5828 Bad.
2516 5780 2613 5829 A'm.
2645 5780 2742 5839 En,
2768 5782 3093 5833 delectatione.
