3990 6378
156 302 232 357 ιιι

154 421 241 466 tum
276 402 434 462 animo
460 400 682 455 humano
725 395 791 450 ad
821 390 1125 458 fruendum,
1171 398 1395 462 purgato
1434 389 1503 445 ab
1530 387 1675 443 omni

155 502 246 556 labe
270 497 590 551 humanarum
620 487 982 560 cupiditatum,
1016 484 1069 539 in
1106 498 1213 554 quo
1234 498 1341 538 uno
1370 481 1677 552 acquiesce-

154 601 215 649 ret
235 586 383 645 omnis
413 581 744 640 beatitudinis
774 578 1064 651 appetitus,
1086 583 1142 630 et
1179 576 1231 630 in
1253 590 1361 646 quo
1391 574 1542 628 nobis
1570 585 1676 626 uno

153 683 361 737 bonorum
390 673 615 728 omnium
635 670 750 725 finis
768 679 929 734 esset,
949 683 1055 722 non
1091 682 1183 722 eos
1211 666 1591 729 intellecturos,
1623 671 1677 718 et

152 767 504 844 repugnantibus
541 764 625 819 vel
669 760 945 833 Epicureis
972 759 1055 814 vel
1096 758 1290 815 Stoicis
1320 757 1487 811 multo
1515 770 1672 826 quam

151 865 227 922 sibi
249 862 427 917 facilius
450 858 675 928 palmam
703 857 943 919 daturos,
976 853 1049 908 ita
1096 861 1156 907 ut
1182 867 1308 907 vera
1338 850 1675 920 salubrisque

150 952 376 1019 sententia,
397 949 532 1023 quod
561 945 1068 1021 perniciosissimum
1100 953 1181 1000 est
1207 944 1389 1015 generi
1416 942 1669 1007 humano,

151 1045 449 1118 imperitorum
478 1040 794 1112 populorum
826 1038 1067 1093 irrisione
1088 1036 1422 1092 sordesceret
1450 1053 1462 1089 :
1496 1046 1550 1091 et
1574 1034 1675 1091 hoc

151 1139 189 1194 in
209 1134 471 1192 moralibus.

204 1227 268 1282 l8.
301 1225 350 1280 ln
392 1221 716 1278 naturalibus
743 1230 919 1276 autem
946 1218 1352 1291 quaestionibus,
1395 1219 1440 1276 si
1473 1218 1557 1275 isti
1587 1217 1673 1273 di-

149 1325 287 1376 cerent
312 1314 615 1371 effectricem
646 1313 881 1367 omnium
913 1324 1222 1367 naturarum
1273 1326 1393 1366 esse
1425 1310 1670 1380 incorpo'

147 1427 255 1466 ream
294 1407 623 1478 Sapientiam,
654 1405 729 1459 illi
756 1415 933 1459 autem
974 1420 1005 1457 a
1030 1418 1257 1473 corpore
1284 1418 1541 1473 nusquam
1564 1400 1675 1456 dis-

146 1500 359 1562 cederent,
388 1512 505 1553 cum
534 1496 623 1551 alii
649 1496 865 1561 atomis,
891 1494 978 1549 alii
1005 1503 1233 1566 quatuor
1280 1493 1584 1557 elementis,
1618 1491 1671 1546 in

146 1592 293 1661 quibus
315 1590 372 1644 ad
396 1586 673 1643 efficienda
695 1587 871 1641 omnia
894 1586 1029 1656 ignis
1052 1585 1385 1657 praevaleret,
1413 1583 1672 1657 principia

145 1699 278 1739 rerum
306 1683 507 1745 darent;
540 1680 659 1750 quis
686 1694 791 1735 non
828 1678 1032 1733 videret
1072 1678 1355 1733 stultorum
1392 1676 1672 1732 abundan-

146 1776 238 1828 tiam
273 1772 461 1842 eorpori
491 1771 749 1833 deditam,
777 1785 898 1825 cum
943 1770 994 1824 in
1036 1784 1346 1840 corpoream
1378 1767 1672 1839 potentiam

143 1864 423 1920 conditricem
438 1879 615 1919 rerum
636 1878 969 1934 nequaquam
996 1863 1195 1917 valeret
1218 1861 1444 1926 intueri,
1466 1861 1517 1915 in
1545 1876 1676 1929 quo.

143 1972 228 2012 rum
264 1957 414 2027 potius
449 1955 756 2025 suffragium
787 1955 1106 2024 raperetur?

200 2050 263 2106 l9.
298 2049 534 2105 Restabat
565 2063 692 2120 pars
726 2047 1063 2103 rationalium
1101 2047 1477 2118 quwstionum.
1524 2045 1673 2101 Nosti

141 2143 244 2199 enim
266 2140 494 2215 quidquid
515 2151 736 2211 propter
756 2138 1153 2209 adipiscendam
1180 2138 1494 2209 sapientiam
1518 2153 1671 2208 qua:-

142 2236 257 2299 ritur,
283 2243 361 2287 aut
392 2232 455 2288 de
482 2232 742 2298 moribus,
776 2240 867 2285 aut
894 2231 963 2286 de
994 2239 1201 2297 natura,
1238 2239 1329 2285 aut
1375 2230 1443 2285 de
1468 2230 1675 2284 ratione

140 2328 424 2397 qumstionem
451 2324 676 2381 habere.
703 2322 835 2378 Cum
860 2338 989 2395 ergo
1010 2324 1253 2394 Epicurei
1274 2339 1541 2393 nunquam
1562 2338 1678 2377 sen-

140 2436 209 2475 sus
231 2420 436 2490 corporis
450 2418 551 2474 falli
580 2418 841 2479 dicerent.
863 2418 1024 2473 Stoici
1054 2425 1230 2473 autem
1258 2417 1364 2472 falli
1393 2416 1676 2487 aliquando

138 2511 445 2571 concederent,
469 2509 683 2580 utrique
706 2518 880 2563 tamen
906 2508 1143 2580 regulam
1160 2508 1676 2579 comprehendenda:

141 2601 389 2655 veritatisiu
410 2601 658 2655 sensibus
684 2608 976 2669 ponerent;
1008 2599 1126 2668 quis
1156 2598 1269 2653 istis
1299 2597 1677 2653 contradicen-

139 2692 251 2747 tibus
274 2691 454 2747 audirct
496 2692 849 2747 Platonicos?
880 2690 1009 2758 Quis
1040 2707 1142 2746 non
1174 2691 1335 2745 modo
1366 2692 1417 2747 in
1462 2689 1675 2759 sapien-

142 2785 356 2846 tiutn,sed
380 2785 594 2838 omnino
626 2784 678 2837 in
720 2783 995 2837 hominum
1029 2798 1250 2838 numero
1279 2782 1551 2838 habendos
1579 2798 1678 2853 pu-

140 2883 273 2939 taret,
319 2875 354 2929 si
378 2876 436 2930 ab
460 2876 538 2931 eis
574 2884 824 2945 prompte
862 2874 1148 2940 diceretur,
1194 2888 1299 2928 non
1344 2874 1515 2928 solum
1558 2889 1678 2929 esse

138 2966 294 3037 aliquid
318 2968 442 3037 quod
480 2983 661 3038 neque
687 2976 828 3021 tactu
855 2966 1116 3036 corporis,
1153 2981 1324 3035 neque
1366 2963 1564 3020 olfactu
1594 2966 1679 3019 vel

138 3068 322 3128 gusuttu,
347 3076 507 3130 neque
529 3060 622 3114 his
650 3058 867 3114 auribus
901 3067 993 3113 aut
1030 3059 1199 3114 oculis
1239 3058 1438 3129 percipi
1479 3058 1676 3128 possit,

141 3168 272 3222 neque
292 3154 493 3208 omnino
525 3152 715 3235 talium
740 3168 936 3215 rerum,
961 3166 1078 3221 qua:
1106 3151 1176 3205 ita
1204 3150 1550 3216 sentirentur,
1579 3152 1679 3204 ali-

139 3261 212 3313 qua
240 3226 602 3316 imaginatione
635 3245 892 3315 cogitari;
936 3244 1029 3300 sed
1070 3243 1121 3299 id
1153 3244 1324 3298 solum
1356 3258 1481 3299 vere
1522 3260 1676 3305 esse,

139 3345 263 3406 atque
287 3338 334 3393 id
364 3340 527 3393 solum
560 3353 724 3410 posse
753 3338 977 3408 percipi,
1003 3337 1122 3408 quia
1153 3337 1584 3392 incommutabile
1626 3345 1683 3393 et

140 3431 465 3499 sempiternum
493 3440 581 3487 est
603 3448 616 3496 ;
637 3431 833 3501 percipi
852 3440 1029 3486 autem
1059 3430 1169 3485 sola
1198 3430 1683 3501 intelligentia,qua

141 3536 217 3573 una
240 3523 433 3591 veritas,
451 3522 726 3595 quomodo
754 3522 937 3592 attingi
968 3530 1162 3592 potest,
1193 3522 1501 3593 attingitur?

191 3612 263 3670 '20.
298 3614 419 3671 Cum
442 3631 577 3687 ergo
609 3615 732 3670 talia
761 3616 1023 3670 sentirent
1048 3614 1325 3677 Platonici,
1354 3630 1471 3684 qua:
1509 3629 1683 3686 neque

139 3702 346 3761 docerent
374 3708 517 3762 carni
557 3705 769 3761 deditos
799 3704 1064 3771 homines,
1115 3721 1289 3776 neque
1332 3714 1476 3761 tanta
1504 3716 1687 3762 essent

138 3798 401 3855 auctoritate
437 3798 583 3871 apud
614 3798 861 3869 p0pulos,
893 3806 949 3853 ut
977 3797 1242 3854 credenda
1271 3799 1680 3869 persuaderent,

138 3888 275 3946 donec
310 3893 370 3948 ad
394 3910 514 3950 eum
545 3892 785 3947 habitum
816 3891 1199 3963 perduceretur
1220 3892 1430 3948 animus
1450 3908 1555 3963 quo
1586 3894 1683 3947 ista

139 3982 393 4053 capiuntur,
425 3986 706 4055 elegerunt
743 3985 1012 4039 occultare
1061 3985 1379 4040 sententiam
1424 4000 1597 4051 suam,
1630 3992 1686 4039 et

138 4083 287 4130 contra
308 4092 395 4134 eos
439 4078 745 4143 disserere,
772 4077 863 4149 qui
895 4092 1077 4134 verum
1109 4093 1168 4133 se
1209 4077 1475 4133 invenisse
1513 4078 1685 4147 jacta-

144 4176 249 4229 rent,
276 4182 384 4223 cum
416 4169 781 4225 inventionem
814 4170 982 4240 ipsam
1003 4170 1114 4225 veri
1147 4170 1198 4225 in
1233 4170 1411 4226 carnis
1437 4170 1686 4226 sensibus

142 4269 371 4321 tenerent.
416 4261 481 4316 Et
506 4276 698 4317 eorum
742 4261 955 4331 quidem
1007 4261 1289 4316 consilium
1342 4262 1497 4332 quale
1532 4262 1690 4317 fuerit

138 4347 420 4414 quidattiuet
445 4353 732 4422 quaerere?
766 4351 1002 4407 divinum
1030 4361 1175 4408 certe
1202 4352 1281 4408 vel
1309 4351 1487 4408 divina
1510 4353 1685 4422 aliqua

138 4445 408 4500 auctoritate
441 4444 725 4518 praeditum
754 4460 859 4500 non
888 4443 1005 4499 fuit.
1029 4444 1256 4500 Tantum
1284 4444 1409 4499 illud
1448 4443 1685 4509 attende,

140 4534 345 4599 quoniam
393 4538 547 4593 Plato
572 4553 601 4592 a
648 4536 907 4593 Cicerone
936 4537 1119 4591 multis
1148 4536 1323 4593 modis
1351 4537 1688 4608 apertissime

139 4625 412 4696 ostenditur,
460 4630 517 4684 in
568 4629 825 4699 sapientia
870 4644 975 4684 non
1006 4630 1257 4695 humana,
1300 4629 1395 4685 sed
1424 4631 1580 4699 plane
1610 4630 1685 4686 di-

141 4710 251 4778 rina,
279 4717 414 4774 unde
455 4718 688 4774 humana
738 4719 1134 4790 quodammodo
1170 4721 1590 4788 accenderetur,
1635 4723 1687 4778 in

142 4802 208 4855 illa
222 4808 381 4879 utique
401 4810 661 4881 sapientia
682 4824 901 4880 prorsus
932 4810 1268 4877 immutabili,
1316 4820 1473 4882 atque
1499 4812 1687 4868 eodem

144 4895 270 4950 modo
292 4914 496 4970 semper
522 4916 581 4955 se
608 4900 838 4957 habente
861 4901 1083 4956 veritate
1110 4902 1148 4965 ί,
1177 4903 1518 4957 constituisse
1538 4912 1594 4959 et
1624 4904 1688 4958 fi-

144 5000 239 5041 nem
262 4990 398 5057 boni,
420 5004 475 5049 et
503 5010 690 5049 causas
706 5010 907 5057 rertuu,
939 5003 990 5049 et
1022 4993 1373 5049 ratiocinandi
1399 4995 1641 5050 fiduciam
1673 5015 1686 5050 :

142 5089 432 5151 oppugnatos
460 5094 638 5140 autem
664 5100 785 5140 esse
813 5084 1029 5140 nomine
1054 5085 1439 5155 Epicureorum
1468 5095 1520 5142 et
1547 5086 1689 5142 Stoi-

143 5182 295 5227 corum
326 5189 353 5228 a
397 5175 691 5232 Platonicis
737 5191 832 5231 eos
852 5219 865 5243 ,
896 5177 985 5247 qui
1010 5177 1063 5232 in
1090 5182 1333 5248 corporis
1379 5179 1461 5233 vel
1492 5180 1540 5233 in
1572 5181 1689 5233 aui-

146 5259 202 5313 mi
240 5274 410 5321 natura
457 5278 719 5340 ponerent
763 5276 817 5324 et
875 5270 1031 5323 tinem
1075 5269 1235 5335 boni,
1276 5277 1331 5325 et
1364 5286 1551 5325 causas
1602 5287 1689 5326 re-

146 5366 271 5424 rum,
305 5366 357 5413 et
384 5361 729 5417 ratiocinandi
760 5361 1038 5427 fiduciam;
1088 5378 1154 5417 eo
1194 5378 1307 5417 rem
1349 5364 1691 5420 successione

146 5448 408 5517 ιεπφοτιιω
451 5467 567 5508 esse
591 5453 915 5517 devolutam,
946 5462 1003 5507 ut
1037 5452 1342 5510 christianze
1363 5455 1473 5525 jam
1519 5457 1691 5511 anatis

148 5537 351 5608 exordio,
381 5557 501 5599 cum
528 5560 704 5601 rerum
732 5544 1068 5600 invisibilium
1100 5554 1258 5616 atque
1278 5554 1597 5601 :eternarum
1628 5548 1691 5603 fi-

198 5669 971 5748 ψῃ,
1000 5689 1055 5733 At
1084 5682 1195 5732 Edd.
1220 5683 1301 5732 alii
1338 5688 1385 5734 et
1411 5691 1518 5735 Mss.
1544 5698 1695 5748 prope

149 5742 298 5785 omnes
316 5737 524 5801 habent,
542 5743 753 5794 veritate.

1260 272 1740 335 EPISTOLAl’tUM
1780 272 2053 331 CLASSIS
2092 273 2156 331 II.

3271 281 3380 342 ιιι

1783 386 1878 442 des
1904 404 1999 459 per
2024 387 2251 445 visibilia
2279 386 2533 446 miracula
2558 390 2842 449 salubriter
2871 394 3252 465 praedicaretur
3270 396 3375 453 ho-

1785 481 2038 547 minibus,
2074 482 2163 553 qui
2190 498 2287 537 nec
2310 483 2491 540 videre
2536 501 2636 542 nec
2684 487 2918 558 cOgitare
2959 488 3154 560 aliquid
3184 499 3378 561 praeter

1782 588 2004 644 corpora
2038 582 2312 645 poterant,
2332 575 2489 631 beato
2515 578 2760 647 apostolo
2786 579 2970 645 Paulo,
2999 582 3088 651 qui
3124 582 3367 639 eamdem

1783 665 1941 721 finem
1972 665 2230 722 Gentibus
2254 668 2680 736 prmseminabat,
2712 669 2874 726 iidem
2914 671 3011 741 ipsi
3035 672 3286 742 Epicurei
3322 682 3376 730 et

1782 756 1979 826 Stoici,
2017 760 2070 813 in
2112 760 2335 816 Actibus
2373 761 2753 831 Apostolorum
2796 765 3183 823 contradixisse
3226 768 3375 824 inve-

1782 850 2014 906 niantur.

1850 944 1941 998 2|.
1981 944 2094 1011 Qua
2116 944 2170 1001 in
2195 960 2255 1001 re
2285 947 2413 1002 satis
2430 946 2783 1003 mihividctur
2802 949 3227 1009 demonstratum
3254 969 3377 1011 esse

1779 1051 1991 1092 errores
2009 1036 2282 1103 Gentium,
2316 1040 2430 1095 sive
2461 1039 2527 1095 de
2558 1040 2821 1106 moribus,
2837 1042 3045 1098 sive-de
3073 1054 3261 1101 natura
3291 1062 3379 1103 re-

1780 1144 1921 1194 rum,
1941 1128 2053 1183 sive
2080 1127 2147 1183 de
2175 1131 2384 1185 ratione
2403 1132 2781 1203 investiganda:
2802 1135 3062 1202 veritatis,
3086 1137 3174 1207 qui
3196 1153 3378 1209 quam-

1782 1218 1860 1274 vis
1879 1230 2061 1275 essent
2087 1222 2237 1277 multi
2260 1232 2421 1293 atque
2442 1223 2788 1294 multiplices,
2814 1226 2865 1280 in
2895 1227 2977 1281 his
2998 1237 3176 1285 tamen
3204 1232 3376 1287 maxi-

1781 1326 1869 1366 me
1893 1312 2098 1367 duabus
2129 1314 2289 1368 sectis
2312 1313 2641 1382 eminebant,
2674 1319 3101 1387 expugnantibus
3124 1320 3296 1375 doctis
3323 1332 3380 1378 et

1781 1412 1925 1459 tanta
1945 1404 2241 1461 disserendi
2264 1407 2556 1463 subtilitate
2569 1416 2729 1479 atque
2742 1411 2895 1480 copia
2916 1412 3374 1481 subvertentibus,

1779 1494 2000 1551 durasse
2014 1505 2187 1552 tamen
2210 1512 2379 1568 usque
2405 1497 2461 1553 in
2490 1507 2728 1570 tempora
2755 1500 3067 1556 christiana.
3101 1504 3247 1573 Quos
3266 1506 3376 1575 jam

1779 1596 1925 1643 certe
1945 1596 2125 1643 nostra
2156 1597 2313 1645 :etate
2333 1590 2409 1645 sic
2436 1590 2770 1649 obmutuisse
2796 1596 3176 1665 conspicimus,
3203 1607 3260 1652 ut
3289 1598 3377 1655 vix

1773 1677 1882 1749 jam
1912 1678 1963 1733 in
1996 1678 2198 1736 scholis
2224 1680 2498 1738 rhetorum
2528 1694 2981 1740 commemoretur
3007 1695 3211 1743 tantum
3256 1703 3375 1759 qua:

1781 1768 1976 1824 fuerint
2007 1771 2218 1826 illorum
2242 1774 2522 1829 sententia:
2556 1791 2568 1827 :
2594 1775 2884 1831 certamina
2908 1785 3089 1833 tamen
3120 1778 3282 1834 etiam
3310 1779 3380 1836 de

1780 1860 2169 1932 loquacissimis
2204 1862 2511 1919 Grmcorum
2557 1867 2850 1936 gymnasiis
2898 1868 3166 1924 eradicata
3213 1878 3378 1941 atque

1780 1966 2088 2023 compressa
2111 1964 2256 2018 sunt,
2286 1954 2357 2009 ita
2394 1964 2452 2009 ut
2477 1956 2520 2009 si
2558 1972 2661 2026 qua
2687 1973 2829 2011 nunc
2854 1958 3055 2013 erroris
3079 1968 3221 2015 secta
3244 1975 3377 2016 eon-

1781 2052 1858 2100 tra
1884 2045 2417 2114 veritatem,hocest,
2448 2058 2634 2104 contra
2667 2051 2957 2106 Ecclesiam
2985 2052 3181 2109 Christi
3203 2069 3379 2115 emer-

1780 2138 1932 2204 serit,
1967 2139 2065 2194 nisi
2087 2140 2302 2196 nomine
2322 2148 2573 2211 cooperta
2596 2141 2910 2208 christiano,
2938 2144 3003 2199 ad
3035 2145 3375 2216 pugnandum

1778 2231 2027 2301 prosilire
2057 2246 2162 2285 non
2192 2231 2403 2288 audeat.
2424 2233 2498 2287 Ex
2530 2248 2637 2303 quo
2666 2233 3134 2305 intelligituripsos
3163 2252 3377 2309 quoque

1780 2321 2067 2378 Platonica:
2106 2325 2281 2393 gentis
2336 2324 2718 2396 philosophos,
2764 2326 2949 2396 paucis
2984 2314 3208 2383 mutatis
3259 2343 3377 2400 quae

1780 2412 2066 2469 christiana
2112 2415 2383 2485 improbat
2419 2416 2721 2487 disciplina,
2769 2417 3119 2474 invictissime
3135 2418 3226 2474 uni
3263 2420 3376 2489 regi

1780 2503 1995 2563 Christo
2025 2507 2140 2576 pias
2164 2508 2406 2563 cervices
2421 2517 2673 2578 oportere
2702 2509 3038 2575 submittere,
3090 2520 3145 2567 et
3180 2511 3378 2567 intellié-

1780 2614 1905 2670 gere
1928 2598 2165 2655 Verbum
2193 2600 2288 2655 Dei
2310 2600 2526 2656 homine
2551 2601 2818 2665 indutum,
2842 2602 2931 2673 qui
2957 2602 3134 2671 jussit,
3180 2611 3235 2658 et
3261 2618 3381 2659 cre-

1782 2690 1951 2745 ditum
1976 2698 2061 2745 est
2086 2690 2227 2761 quod
2249 2691 2324 2745 illi
2347 2691 2430 2746 vel
2460 2691 2700 2761 proferre
2725 2693 3053 2748 metuebant.

1854 2779 1947 2835 22.
1989 2780 2123 2836 lluic
2154 2790 2227 2846 te,
2256 2782 2326 2835 mi
2350 2782 2625 2849 Dioscore,
2649 2792 2707 2838 ut
2732 2792 2839 2837 tota
2864 2785 3058 2854 pietate
3079 2784 3278 2842 subdas
3297 2802 3381 2844 ve—

1786 2875 1899 2940 lim,
1935 2890 2035 2930 nec
2062 2875 2221 2929 aliam
2240 2874 2332 2929 tibi
2352 2874 2419 2930 ad
2449 2875 2830 2945 capessendam
2848 2884 2904 2931 et
2925 2877 3268 2933 obtinendam
3284 2894 3381 2935 ve-

1785 2968 1999 3023 ritatem
2041 2968 2180 3021 viam
2227 2966 2458 3035 munias,
2498 2982 2657 3039 quam
2697 2984 2815 3038 qua:
2844 2970 3046 3023 munita
3078 2979 3160 3026 est
3200 2971 3382 3028 abillo

1785 3060 1875 3131 qui
1898 3075 2177 3130 gressuum
2201 3069 2505 3115 nostrorum
2531 3067 2781 3131 tauquam
2813 3061 2955 3117 Deus
2982 3062 3116 3117 vidit
3155 3063 3381 3121 infirmi-

1787 3158 1968 3204 tatem.
1992 3149 2067 3204 Ea
2093 3159 2370 3205 estautcm
2404 3150 2594 3221 prima,
2616 3150 2918 3213 humilitas;
2941 3152 3195 3217 secunda,
3217 3154 3386 3210 humi-

1786 3243 1936 3307 litas;
1978 3243 2153 3309 tertia,
2203 3242 2473 3299 humilitas
2499 3262 2511 3298 :
2541 3252 2594 3299 ct
2616 3244 2827 3316 quoties
2869 3244 3227 3317 interrogares
3279 3247 3382 3305 hoc

1785 3337 2021 3393 dicerem
2045 3355 2059 3403 ;
2088 3352 2192 3391 non
2216 3352 2323 3407 quo
2351 3338 2452 3392 alia
2476 3354 2580 3392 non
2611 3337 2715 3393 sint
2739 3348 3026 3409 prrecepta,
3054 3356 3174 3410 qua:
3198 3339 3386 3397 dican-

1788 3437 1893 3494 tur,
1926 3429 2019 3485 scd
2050 3428 2152 3484 nisi
2187 3428 2464 3485 humilitas
2497 3429 2675 3485 omnia
2705 3445 3056 3502 qutecumque
3084 3431 3221 3487 bene
3260 3433 3391 3488 faci-

1788 3535 1908 3575 mus
1932 3528 1985 3574 et
2000 3520 2401 3589 pratccsscritct
2425 3521 2708 3575 comitetur
2734 3529 2788 3576 et
2808 3531 3094 3576 consecuta
3126 3521 3305 3589 fuerit,
3332 3533 3388 3579 et

1788 3612 2059 3683 proposita
2088 3627 2246 3682 quam
2277 3612 2599 3678 intueamur,
2631 3620 2685 3665 et
2725 3613 2967 3682 apposita
2992 3614 3075 3668 cui
3103 3613 3386 3670 adhaerea-

1788 3719 1929 3771 mus,
1953 3713 2007 3761 et
2029 3704 2276 3773 imposita
2295 3721 2403 3776 qua
2417 3705 2793 3775 rcprintamur,
2812 3704 2922 3775 jam
2955 3705 3110 3760 nobis
3132 3706 3199 3761 de
3212 3705 3390 3779 aliquo

1790 3797 1932 3853 bono
1974 3798 2111 3854 facto
2131 3798 2485 3869 gaudentibus
2509 3809 2676 3854 totum
2703 3808 2987 3871 extorquet
3011 3800 3079 3855 de
3115 3817 3273 3856 manu
3300 3788 3390 3857 su-

1790 3890 1997 3960 perbia.
2028 3889 2163 3946 Vitia
2180 3892 2376 3961 quippe
2397 3902 2588 3946 cetera
2618 3892 2670 3945 in
2703 3892 2958 3963 peccatis,
2981 3893 3230 3964 superbia
3262 3908 3390 3948 vero

1790 3983 1948 4037 etiam
1981 3983 2035 4038 in
2056 3993 2201 4039 recte
2224 3984 2376 4039 factis
2398 3983 2629 4040 timenda
2653 3994 2755 4049 cst,
2787 4000 2854 4040 ne
2884 3984 2969 4039 illa
2994 4000 3113 4055 quae
3142 3984 3389 4040 laudabi-

1792 4074 1913 4130 liter
1947 4074 2084 4130 facta
2114 4084 2257 4142 sunt,
2310 4076 2478 4146 ipsius
2513 4075 2681 4130 laudis
2719 4076 3008 4145 cupiditate
3049 4077 3385 4133 amittantur.

1794 4164 1973 4235 Itaque
1997 4170 2137 4221 sicut
2167 4166 2349 4223 rhetor
2386 4167 2473 4222 ille
2504 4166 2865 4222 nobilissimus
2900 4166 2974 4240 (a)
3012 4183 3134 4223 cum
3160 4168 3389 4225 interro-

1790 4267 1945 4329 gatus
1980 4267 2125 4314 esset
2160 4258 2286 4328 quid
2310 4257 2359 4313 ci
2397 4258 2625 4329 primum
2671 4258 2943 4314 videretur
2969 4260 3019 4314 in
3059 4261 3384 4332 eloquentia:

1794 4350 2075 4421 prmeeptis
2102 4348 2376 4405 observari
2418 4358 2698 4420 oportere,
2730 4350 3224 4408 Pronuntiationem
3252 4352 3388 4409 dici-

1793 4451 1879 4499 tur
1918 4440 2291 4512 respondisse;
2323 4457 2443 4497 cum
2468 4441 2939 4512 qumrereturquid
2958 4444 3381 4511 secundo,eam~

1792 4536 1914 4591 dem
1942 4533 2459 4605 pronuntiationem;
2491 4531 2617 4602 quid
2660 4532 2837 4598 tertio,
2883 4531 3014 4588 nihil
3039 4533 3181 4588 aliud
3225 4550 3385 4606 quam

1794 4626 2279 4699 pronuntiationem
2298 4624 2499 4679 dixisse
2525 4642 2536 4678 :
2560 4624 2627 4677 ita
2643 4624 2684 4678 si
2710 4623 3086 4693 interrogares,
3109 4634 3163 4680 et
3181 4627 3389 4696 quoties

1794 4721 2156 4791 interrogares
2179 4718 2247 4773 de
2273 4718 2557 4788 praeceptis
2599 4716 2904 4773 christiana:
2928 4718 3224 4788 religionis,
3256 4718 3389 4776 nihil

1794 4828 1883 4868 me
1932 4812 2076 4867 aliud
2116 4809 2445 4881 respondere
2488 4809 2591 4865 nisi
2637 4809 2989 4865 humilitatem
3038 4810 3253 4878 liberet,
3285 4809 3390 4867 etsi

1795 4904 1934 4960 forte
1959 4904 2061 4959 alia
2089 4902 2271 4958 dicere
2297 4902 2590 4958 necessitas
2617 4911 2849 4973 cogeret.

1865 4992 2093 5050 CAPUT
2126 4992 2214 5048 IV.
2244 5023 2315 5033 -—
2345 4992 2436 5048 23.
2467 4991 2600 5047 lluic
2650 4991 2933 5047 humilitati
2982 4991 3388 5061 saluberrimae,

1796 5103 1951 5158 quam
1982 5086 2237 5141 Dominus
2274 5095 2455 5142 noster
2498 5084 2654 5141 Iesus
2681 5084 2926 5139 Christus
2955 5094 3014 5140 ut
3037 5085 3256 5144 doceret
3285 5089 3389 5145 hu-

1798 5181 2029 5235 miliatus
2055 5186 2171 5241 est;
2204 5178 2347 5242 huic,
2378 5179 2611 5249 inquam,
2652 5176 2884 5232 maxime
2912 5176 3225 5235 adversatur
3246 5196 3393 5251 qua:-

1797 5271 1941 5334 dam,
1986 5279 2045 5325 ut
2083 5271 2151 5324 ita
2184 5270 2391 5333 dicam,
2422 5267 2819 5339 imperitissima
2847 5270 3091 5337 scientia,
3140 5272 3265 5327 dum
3293 5287 3393 5327 nos

1798 5362 1935 5417 scire
1959 5362 2255 5431 gaudemus
2296 5359 2422 5430 quid
2452 5359 2836 5428 Anaximenes,
2861 5362 2987 5433 quid
3026 5363 3389 5431 Anaxagoras,

1798 5452 1924 5524 quid
1951 5451 2301 5524 Pythagoras,
2347 5450 2472 5522 quid
2506 5450 2843 5507 Democritus
2872 5453 3159 5521 senserint,
3206 5460 3261 5508 et
3288 5468 3395 5509 ca:-

1800 5552 1915 5601 tera
1943 5544 2267 5615 hujusmodi,
2296 5552 2355 5598 ut
2395 5543 2537 5599 docti
2590 5544 2888 5615 eruditique
2928 5544 3221 5612 videamur,
3268 5561 3391 5604 cum

1803 5637 1905 5692 hoc
1947 5652 1977 5691 a
2006 5653 2132 5692 vera
2184 5636 2426 5691 doctrina
2456 5645 2507 5692 et
2554 5635 2850 5691 eruditione
2901 5637 3053 5706 longe
3080 5638 3239 5695 absit.
3286 5640 3390 5708 Qui

1868 5747 1943 5811 (a)
1962 5747 2329 5797 Demosthenes.
