  <div class='ocr_page' id='page_1' title='image "/cluster/home/n/w/nwhite01/storage/ocr_20150623/33/uva.x000669810/231.png"; bbox 0 0 3990 6396; ppageno 0'>
   <div class='ocr_carea' id='block_1_1' title="bbox 566 355 676 416">
    <p class='ocr_par' dir='ltr' id='par_1_1' title="bbox 566 355 676 416">
     <span class='ocr_line' id='line_1_1' title="bbox 566 355 676 416; baseline 0 0"><span class='ocrx_word' id='word_1_1' title='bbox 566 355 676 416; x_wconf 68' lang='grc' dir='ltr'><strong>4ιὸ</strong></span> 
     </span>
    </p>
   </div>
   <div class='ocr_carea' id='block_1_2' title="bbox 566 451 2150 530">
    <p class='ocr_par' dir='ltr' id='par_1_2' title="bbox 566 451 2150 530">
     <span class='ocr_line' id='line_1_2' title="bbox 566 451 2150 530; baseline -0.016 -1"><span class='ocrx_word' id='word_1_2' title='bbox 566 471 713 530; x_wconf 82' lang='lat' dir='ltr'><strong>enim</strong></span> <span class='ocrx_word' id='word_1_3' title='bbox 738 467 985 526; x_wconf 86' lang='lat' dir='ltr'><strong>didicerit</strong></span> <span class='ocrx_word' id='word_1_4' title='bbox 1022 466 1190 522; x_wconf 83' lang='lat' dir='ltr'><strong>Deum</strong></span> <span class='ocrx_word' id='word_1_5' title='bbox 1240 475 1349 518; x_wconf 90' lang='lat' dir='ltr'><strong>non</strong></span> <span class='ocrx_word' id='word_1_6' title='bbox 1386 456 1616 514; x_wconf 88' lang='lat' dir='ltr'><strong>distendi</strong></span> <span class='ocrx_word' id='word_1_7' title='bbox 1645 465 1736 512; x_wconf 90' lang='lat' dir='ltr'><strong>aut</strong></span> <span class='ocrx_word' id='word_1_8' title='bbox 1787 451 2005 508; x_wconf 79' lang='lat' dir='ltr'><strong>diffundi</strong></span> <span class='ocrx_word' id='word_1_9' title='bbox 2054 463 2150 520; x_wconf 88' lang='lat' dir='ltr'><strong>per</strong></span> 
     </span>
    </p>
   </div>
   <div class='ocr_carea' id='block_1_3' title="bbox 571 545 2152 632">
    <p class='ocr_par' dir='ltr' id='par_1_3' title="bbox 571 545 2152 632">
     <span class='ocr_line' id='line_1_3' title="bbox 571 545 2152 632; baseline -0.015 -12"><span class='ocrx_word' id='word_1_10' title='bbox 571 565 749 632; x_wconf 83' lang='lat' dir='ltr'><strong>locos,</strong></span> <span class='ocrx_word' id='word_1_11' title='bbox 805 576 977 632; x_wconf 87' lang='lat' dir='ltr'><strong>neque</strong></span> <span class='ocrx_word' id='word_1_12' title='bbox 1001 559 1179 615; x_wconf 82' lang='lat' dir='ltr'><strong>finitos</strong></span> <span class='ocrx_word' id='word_1_13' title='bbox 1217 569 1387 625; x_wconf 88' lang='lat' dir='ltr'><strong>neque</strong></span> <span class='ocrx_word' id='word_1_14' title='bbox 1417 550 1681 616; x_wconf 89' lang='lat' dir='ltr'><strong>infinitos,</strong></span> <span class='ocrx_word' id='word_1_15' title='bbox 1704 547 1854 619; x_wconf 88' lang='lat' dir='ltr'><strong>quasi</strong></span> <span class='ocrx_word' id='word_1_16' title='bbox 1898 547 1948 601; x_wconf 93' lang='lat' dir='ltr'><strong>in</strong></span> <span class='ocrx_word' id='word_1_17' title='bbox 1978 545 2152 612; x_wconf 85' lang='lat' dir='ltr'><strong>aliqua</strong></span> 
     </span>
    </p>
   </div>
   <div class='ocr_carea' id='block_1_4' title="bbox 570 633 2152 726">
    <p class='ocr_par' dir='ltr' id='par_1_4' title="bbox 570 633 2152 726">
     <span class='ocr_line' id='line_1_4' title="bbox 570 633 2152 726; baseline -0.013 -19"><span class='ocrx_word' id='word_1_18' title='bbox 570 665 720 726; x_wconf 84' lang='lat' dir='ltr'><strong>parte</strong></span> <span class='ocrx_word' id='word_1_19' title='bbox 748 653 917 724; x_wconf 82' lang='lat' dir='ltr'><strong>major</strong></span> <span class='ocrx_word' id='word_1_20' title='bbox 941 652 1028 712; x_wconf 87' lang='lat' dir='ltr'><strong>sit,</strong></span> <span class='ocrx_word' id='word_1_21' title='bbox 1067 649 1120 703; x_wconf 90' lang='lat' dir='ltr'><strong>in</strong></span> <span class='ocrx_word' id='word_1_22' title='bbox 1145 647 1318 716; x_wconf 87' lang='lat' dir='ltr'><strong>aliqua</strong></span> <span class='ocrx_word' id='word_1_23' title='bbox 1364 643 1558 706; x_wconf 88' lang='lat' dir='ltr'><strong>minor,</strong></span> <span class='ocrx_word' id='word_1_24' title='bbox 1591 639 1686 695; x_wconf 90' lang='lat' dir='ltr'><strong>sed</strong></span> <span class='ocrx_word' id='word_1_25' title='bbox 1735 648 1902 692; x_wconf 80' lang='lat' dir='ltr'><strong>latum</strong></span> <span class='ocrx_word' id='word_1_26' title='bbox 1953 633 2152 704; x_wconf 84' lang='lat' dir='ltr'><strong>ubique</strong></span> 
     </span>
    </p>
   </div>
   <div class='ocr_carea' id='block_1_5' title="bbox 571 725 2156 816">
    <p class='ocr_par' dir='ltr' id='par_1_5' title="bbox 571 725 2156 816">
     <span class='ocr_line' id='line_1_5' title="bbox 571 725 2156 816; baseline -0.015 -14"><span class='ocrx_word' id='word_1_27' title='bbox 571 725 690 802; x_wconf 84' lang='lat' dir='ltr'><strong>esse</strong></span> <span class='ocrx_word' id='word_1_28' title='bbox 719 753 1053 816; x_wconf 75' lang='lat' dir='ltr'><strong>pra-sentem,</strong></span> <span class='ocrx_word' id='word_1_29' title='bbox 1102 740 1239 795; x_wconf 90' lang='lat' dir='ltr'><strong>sicut</strong></span> <span class='ocrx_word' id='word_1_30' title='bbox 1283 737 1558 791; x_wconf 74' lang='lat' dir='ltr'><strong>veritatem</strong></span> <span class='ocrx_word' id='word_1_31' title='bbox 1583 732 1738 801; x_wconf 89' lang='lat' dir='ltr'><strong>cujus</strong></span> <span class='ocrx_word' id='word_1_32' title='bbox 1773 744 1932 784; x_wconf 89' lang='lat' dir='ltr'><strong>nemo</strong></span> <span class='ocrx_word' id='word_1_33' title='bbox 1975 725 2156 782; x_wconf 84' lang='lat' dir='ltr'><strong>sobrie</strong></span> 
     </span>
    </p>
   </div>
   <div class='ocr_carea' id='block_1_6' title="bbox 571 821 2155 910">
    <p class='ocr_par' dir='ltr' id='par_1_6' title="bbox 571 821 2155 910">
     <span class='ocr_line' id='line_1_6' title="bbox 571 821 2155 910; baseline -0.013 -16"><span class='ocrx_word' id='word_1_34' title='bbox 571 838 698 895; x_wconf 73' lang='lat' dir='ltr'><strong>dicit.</strong></span> <span class='ocrx_word' id='word_1_35' title='bbox 733 847 934 910; x_wconf 89' lang='lat' dir='ltr'><strong>partem</strong></span> <span class='ocrx_word' id='word_1_36' title='bbox 958 849 1077 890; x_wconf 81' lang='lat' dir='ltr'><strong>esse</strong></span> <span class='ocrx_word' id='word_1_37' title='bbox 1108 834 1158 886; x_wconf 92' lang='lat' dir='ltr'><strong>in</strong></span> <span class='ocrx_word' id='word_1_38' title='bbox 1190 833 1292 885; x_wconf 91' lang='lat' dir='ltr'><strong>isto</strong></span> <span class='ocrx_word' id='word_1_39' title='bbox 1313 831 1452 892; x_wconf 90' lang='lat' dir='ltr'><strong>loco,</strong></span> <span class='ocrx_word' id='word_1_40' title='bbox 1475 837 1528 880; x_wconf 90' lang='lat' dir='ltr'><strong>et</strong></span> <span class='ocrx_word' id='word_1_41' title='bbox 1567 835 1769 896; x_wconf 88' lang='lat' dir='ltr'><strong>partem</strong></span> <span class='ocrx_word' id='word_1_42' title='bbox 1801 824 1851 878; x_wconf 92' lang='lat' dir='ltr'><strong>in</strong></span> <span class='ocrx_word' id='word_1_43' title='bbox 1881 821 1990 883; x_wconf 91' lang='lat' dir='ltr'><strong>illo,</strong></span> <span class='ocrx_word' id='word_1_44' title='bbox 2023 833 2155 890; x_wconf 90' lang='lat' dir='ltr'><strong>quo-</strong></span> 
     </span>
    </p>
   </div>
   <div class='ocr_carea' id='block_1_7' title="bbox 573 923 2153 995">
    <p class='ocr_par' dir='ltr' id='par_1_7' title="bbox 573 923 2153 995">
     <span class='ocr_line' id='line_1_7' title="bbox 573 923 2153 995; baseline -0.016 -7"><span class='ocrx_word' id='word_1_45' title='bbox 573 933 716 988; x_wconf 85' lang='lat' dir='ltr'><strong>niam</strong></span> <span class='ocrx_word' id='word_1_46' title='bbox 748 931 942 986; x_wconf 85' lang='lat' dir='ltr'><strong>veritas</strong></span> <span class='ocrx_word' id='word_1_47' title='bbox 989 928 1168 995; x_wconf 89' lang='lat' dir='ltr'><strong>utique</strong></span> <span class='ocrx_word' id='word_1_48' title='bbox 1200 923 1336 978; x_wconf 88' lang='lat' dir='ltr'><strong>Deus</strong></span> <span class='ocrx_word' id='word_1_49' title='bbox 1366 929 1484 985; x_wconf 83' lang='lat' dir='ltr'><strong>est;</strong></span> <span class='ocrx_word' id='word_1_50' title='bbox 1512 930 1846 989; x_wconf 88' lang='lat' dir='ltr'><strong>nequaquam</strong></span> <span class='ocrx_word' id='word_1_51' title='bbox 1876 927 1997 967; x_wconf 89' lang='lat' dir='ltr'><strong>eum</strong></span> <span class='ocrx_word' id='word_1_52' title='bbox 2036 925 2153 965; x_wconf 88' lang='lat' dir='ltr'><strong>mo-</strong></span> 
     </span>
    </p>
   </div>
   <div class='ocr_carea' id='block_1_8' title="bbox 572 1000 2158 1094">
    <p class='ocr_par' dir='ltr' id='par_1_8' title="bbox 572 1000 2158 1094">
     <span class='ocr_line' id='line_1_8' title="bbox 572 1000 2158 1094; baseline -0.012 -19"><span class='ocrx_word' id='word_1_53' title='bbox 572 1023 715 1080; x_wconf 84' lang='lat' dir='ltr'><strong>vebit</strong></span> <span class='ocrx_word' id='word_1_54' title='bbox 737 1021 878 1094; x_wconf 89' lang='lat' dir='ltr'><strong>quod</strong></span> <span class='ocrx_word' id='word_1_55' title='bbox 907 1019 973 1076; x_wconf 87' lang='lat' dir='ltr'><strong>de</strong></span> <span class='ocrx_word' id='word_1_56' title='bbox 1013 1017 1219 1072; x_wconf 83' lang='lat' dir='ltr'><strong>infinito</strong></span> <span class='ocrx_word' id='word_1_57' title='bbox 1245 1029 1369 1068; x_wconf 82' lang='lat' dir='ltr'><strong>aere</strong></span> <span class='ocrx_word' id='word_1_58' title='bbox 1419 1009 1606 1072; x_wconf 86' lang='lat' dir='ltr'><strong>sensit,</strong></span> <span class='ocrx_word' id='word_1_59' title='bbox 1645 1007 1964 1078; x_wconf 90' lang='lat' dir='ltr'><strong>quicumque</strong></span> <span class='ocrx_word' id='word_1_60' title='bbox 1991 1000 2158 1057; x_wconf 88' lang='lat' dir='ltr'><strong>sensit</strong></span> 
     </span>
    </p>
   </div>
   <div class='ocr_carea' id='block_1_9' title="bbox 569 1097 2156 1188">
    <p class='ocr_par' dir='ltr' id='par_1_9' title="bbox 569 1097 2156 1188">
     <span class='ocr_line' id='line_1_9' title="bbox 569 1097 2156 1188; baseline -0.014 -18"><span class='ocrx_word' id='word_1_61' title='bbox 569 1115 711 1188; x_wconf 91' lang='lat' dir='ltr'><strong>quod</strong></span> <span class='ocrx_word' id='word_1_62' title='bbox 740 1117 851 1182; x_wconf 85' lang='lat' dir='ltr'><strong>ipse</strong></span> <span class='ocrx_word' id='word_1_63' title='bbox 873 1113 1014 1167; x_wconf 88' lang='lat' dir='ltr'><strong>Deus</strong></span> <span class='ocrx_word' id='word_1_64' title='bbox 1038 1117 1198 1164; x_wconf 80' lang='lat' dir='ltr'><strong>esset.</strong></span> <span class='ocrx_word' id='word_1_65' title='bbox 1232 1104 1369 1174; x_wconf 83' lang='lat' dir='ltr'><strong>Quid</strong></span> <span class='ocrx_word' id='word_1_66' title='bbox 1397 1103 1464 1160; x_wconf 90' lang='lat' dir='ltr'><strong>ad</strong></span> <span class='ocrx_word' id='word_1_67' title='bbox 1493 1103 1664 1166; x_wconf 88' lang='lat' dir='ltr'><strong>illum,</strong></span> <span class='ocrx_word' id='word_1_68' title='bbox 1700 1100 1744 1154; x_wconf 92' lang='lat' dir='ltr'><strong>si</strong></span> <span class='ocrx_word' id='word_1_69' title='bbox 1774 1097 1978 1152; x_wconf 89' lang='lat' dir='ltr'><strong>neseiat</strong></span> <span class='ocrx_word' id='word_1_70' title='bbox 1996 1107 2156 1166; x_wconf 90' lang='lat' dir='ltr'><strong>quam</strong></span> 
     </span>
    </p>
   </div>
   <div class='ocr_carea' id='block_1_10' title="bbox 573 1189 2158 1272">
    <p class='ocr_par' dir='ltr' id='par_1_10' title="bbox 573 1189 2158 1272">
     <span class='ocr_line' id='line_1_10' title="bbox 573 1189 2158 1272; baseline -0.016 -10"><span class='ocrx_word' id='word_1_71' title='bbox 573 1207 745 1264; x_wconf 81' lang='lat' dir='ltr'><strong>dicant</strong></span> <span class='ocrx_word' id='word_1_72' title='bbox 773 1203 857 1260; x_wconf 84' lang='lat' dir='ltr'><strong>isti</strong></span> <span class='ocrx_word' id='word_1_73' title='bbox 883 1201 1124 1272; x_wconf 88' lang='lat' dir='ltr'><strong>corporis</strong></span> <span class='ocrx_word' id='word_1_74' title='bbox 1151 1200 1408 1260; x_wconf 86' lang='lat' dir='ltr'><strong>formam;</strong></span> <span class='ocrx_word' id='word_1_75' title='bbox 1441 1209 1557 1249; x_wconf 90' lang='lat' dir='ltr'><strong>eam</strong></span> <span class='ocrx_word' id='word_1_76' title='bbox 1592 1192 1787 1262; x_wconf 80' lang='lat' dir='ltr'><strong>quippe</strong></span> <span class='ocrx_word' id='word_1_77' title='bbox 1812 1189 1996 1244; x_wconf 89' lang='lat' dir='ltr'><strong>dicunt</strong></span> <span class='ocrx_word' id='word_1_78' title='bbox 2036 1200 2158 1255; x_wconf 70' lang='lat' dir='ltr'><strong>qua:</strong></span> 
     </span>
    </p>
   </div>
   <div class='ocr_carea' id='block_1_11' title="bbox 572 1283 2158 1368">
    <p class='ocr_par' dir='ltr' id='par_1_11' title="bbox 572 1283 2158 1368">
     <span class='ocr_line' id='line_1_11' title="bbox 572 1283 2158 1368; baseline -0.015 -13"><span class='ocrx_word' id='word_1_79' title='bbox 572 1300 804 1368; x_wconf 87' lang='lat' dir='ltr'><strong>undique</strong></span> <span class='ocrx_word' id='word_1_80' title='bbox 828 1295 971 1352; x_wconf 87' lang='lat' dir='ltr'><strong>finita</strong></span> <span class='ocrx_word' id='word_1_81' title='bbox 995 1294 1065 1350; x_wconf 86' lang='lat' dir='ltr'><strong>sit</strong></span> <span class='ocrx_word' id='word_1_82' title='bbox 1092 1311 1106 1348; x_wconf 90' lang='lat'><strong>:</strong></span> <span class='ocrx_word' id='word_1_83' title='bbox 1139 1299 1193 1347; x_wconf 88' lang='lat' dir='ltr'><strong>et</strong></span> <span class='ocrx_word' id='word_1_84' title='bbox 1219 1298 1393 1344; x_wconf 90' lang='lat' dir='ltr'><strong>utrum</strong></span> <span class='ocrx_word' id='word_1_85' title='bbox 1423 1283 1697 1340; x_wconf 78' lang='lat' dir='ltr'><strong>refellendi</strong></span> <span class='ocrx_word' id='word_1_86' title='bbox 1727 1295 1884 1337; x_wconf 85' lang='lat' dir='ltr'><strong>causa</strong></span> <span class='ocrx_word' id='word_1_87' title='bbox 1909 1289 2158 1348; x_wconf 87' lang='lat' dir='ltr'><strong>tanquam</strong></span> 
     </span>
    </p>
   </div>
   <div class='ocr_carea' id='block_1_12' title="bbox 573 1370 2162 1451">
    <p class='ocr_par' dir='ltr' id='par_1_12' title="bbox 573 1370 2162 1451">
     <span class='ocr_line' id='line_1_12' title="bbox 573 1370 2162 1451; baseline -0.014 -7"><span class='ocrx_word' id='word_1_88' title='bbox 573 1389 946 1451; x_wconf 82' lang='lat' dir='ltr'><strong>Academicus,</strong></span> <span class='ocrx_word' id='word_1_89' title='bbox 992 1379 1311 1440; x_wconf 76' lang='lat' dir='ltr'><strong>Anaximeni</strong></span> <span class='ocrx_word' id='word_1_90' title='bbox 1350 1378 1537 1433; x_wconf 71' lang='lat' dir='ltr'><strong>(licero</strong></span> <span class='ocrx_word' id='word_1_91' title='bbox 1576 1373 1832 1444; x_wconf 82' lang='lat' dir='ltr'><strong>objecerit</strong></span> <span class='ocrx_word' id='word_1_92' title='bbox 1861 1370 2085 1425; x_wconf 91' lang='lat' dir='ltr'><strong>formam</strong></span> <span class='ocrx_word' id='word_1_93' title='bbox 2106 1375 2162 1422; x_wconf 91' lang='lat' dir='ltr'><strong>et</strong></span> 
     </span>
    </p>
   </div>
   <div class='ocr_carea' id='block_1_13' title="bbox 577 1462 2160 1553">
    <p class='ocr_par' dir='ltr' id='par_1_13' title="bbox 577 1462 2160 1553">
     <span class='ocr_line' id='line_1_13' title="bbox 577 1462 2160 1553; baseline -0.012 -18"><span class='ocrx_word' id='word_1_94' title='bbox 577 1479 1023 1553; x_wconf 83' lang='lat' dir='ltr'><strong>pulchritudinem</strong></span> <span class='ocrx_word' id='word_1_95' title='bbox 1055 1476 1222 1531; x_wconf 88' lang='lat' dir='ltr'><strong>Deum</strong></span> <span class='ocrx_word' id='word_1_96' title='bbox 1253 1472 1450 1528; x_wconf 87' lang='lat' dir='ltr'><strong>habere</strong></span> <span class='ocrx_word' id='word_1_97' title='bbox 1476 1477 1724 1539; x_wconf 88' lang='lat' dir='ltr'><strong>oportere</strong></span> <span class='ocrx_word' id='word_1_98' title='bbox 1741 1464 1852 1537; x_wconf 86' lang='lat' dir='ltr'><strong>(a),</strong></span> <span class='ocrx_word' id='word_1_99' title='bbox 1875 1462 2023 1534; x_wconf 88' lang='lat' dir='ltr'><strong>quasi</strong></span> <span class='ocrx_word' id='word_1_100' title='bbox 2041 1477 2160 1517; x_wconf 90' lang='lat' dir='ltr'><strong>cur-</strong></span> 
     </span>
    </p>
   </div>
   <div class='ocr_carea' id='block_1_14' title="bbox 575 1555 2160 1642">
    <p class='ocr_par' dir='ltr' id='par_1_14' title="bbox 575 1555 2160 1642">
     <span class='ocr_line' id='line_1_14' title="bbox 575 1555 2160 1642; baseline -0.013 -14"><span class='ocrx_word' id='word_1_101' title='bbox 575 1587 791 1642; x_wconf 85' lang='lat' dir='ltr'><strong>poream</strong></span> <span class='ocrx_word' id='word_1_102' title='bbox 821 1560 1054 1640; x_wconf 88' lang='lat' dir='ltr'><strong>speciem</strong></span> <span class='ocrx_word' id='word_1_103' title='bbox 1080 1565 1342 1636; x_wconf 85' lang='lat' dir='ltr'><strong>cogitans,</strong></span> <span class='ocrx_word' id='word_1_104' title='bbox 1370 1566 1491 1632; x_wconf 87' lang='lat' dir='ltr'><strong>quia</strong></span> <span class='ocrx_word' id='word_1_105' title='bbox 1534 1560 1620 1614; x_wconf 89' lang='lat' dir='ltr'><strong>ille</strong></span> <span class='ocrx_word' id='word_1_106' title='bbox 1648 1571 1964 1628; x_wconf 88' lang='lat' dir='ltr'><strong>corporeum</strong></span> <span class='ocrx_word' id='word_1_107' title='bbox 1993 1555 2160 1608; x_wconf 89' lang='lat' dir='ltr'><strong>Deum</strong></span> 
     </span>
    </p>
   </div>
   <div class='ocr_carea' id='block_1_15' title="bbox 577 1643 2164 1723">
    <p class='ocr_par' dir='ltr' id='par_1_15' title="bbox 577 1643 2164 1723">
     <span class='ocr_line' id='line_1_15' title="bbox 577 1643 2164 1723; baseline -0.013 -3"><span class='ocrx_word' id='word_1_108' title='bbox 577 1676 697 1720; x_wconf 85' lang='lat' dir='ltr'><strong>esse</strong></span> <span class='ocrx_word' id='word_1_109' title='bbox 726 1661 948 1723; x_wconf 76' lang='lat' dir='ltr'><strong>dixerat,</strong></span> <span class='ocrx_word' id='word_1_110' title='bbox 979 1673 1072 1713; x_wconf 90' lang='lat' dir='ltr'><strong>aer</strong></span> <span class='ocrx_word' id='word_1_111' title='bbox 1097 1656 1238 1710; x_wconf 90' lang='lat' dir='ltr'><strong>enim</strong></span> <span class='ocrx_word' id='word_1_112' title='bbox 1266 1667 1460 1723; x_wconf 89' lang='lat' dir='ltr'><strong>corpus</strong></span> <span class='ocrx_word' id='word_1_113' title='bbox 1486 1660 1603 1712; x_wconf 87' lang='lat' dir='ltr'><strong>est;</strong></span> <span class='ocrx_word' id='word_1_114' title='bbox 1652 1665 1718 1704; x_wconf 91' lang='lat' dir='ltr'><strong>an</strong></span> <span class='ocrx_word' id='word_1_115' title='bbox 1763 1649 1875 1719; x_wconf 88' lang='lat' dir='ltr'><strong>ipse</strong></span> <span class='ocrx_word' id='word_1_116' title='bbox 1901 1643 2164 1701; x_wconf 87' lang='lat' dir='ltr'><strong>sentiebat</strong></span> 
     </span>
    </p>
   </div>
   <div class='ocr_carea' id='block_1_16' title="bbox 581 1736 2158 1820">
    <p class='ocr_par' dir='ltr' id='par_1_16' title="bbox 581 1736 2158 1820">
     <span class='ocr_line' id='line_1_16' title="bbox 581 1736 2158 1820; baseline -0.014 -8"><span class='ocrx_word' id='word_1_117' title='bbox 581 1770 698 1812; x_wconf 87' lang='lat' dir='ltr'><strong>esse</strong></span> <span class='ocrx_word' id='word_1_118' title='bbox 725 1754 969 1811; x_wconf 88' lang='lat' dir='ltr'><strong>formam.</strong></span> <span class='ocrx_word' id='word_1_119' title='bbox 988 1760 1041 1807; x_wconf 90' lang='lat' dir='ltr'><strong>et</strong></span> <span class='ocrx_word' id='word_1_120' title='bbox 1059 1745 1504 1820; x_wconf 84' lang='lat' dir='ltr'><strong>pulchritudinem</strong></span> <span class='ocrx_word' id='word_1_121' title='bbox 1535 1743 1905 1813; x_wconf 76' lang='lat' dir='ltr'><strong>iocor-porcam</strong></span> <span class='ocrx_word' id='word_1_122' title='bbox 1931 1736 2158 1801; x_wconf 89' lang='lat' dir='ltr'><strong>veritati,</strong></span> 
     </span>
    </p>
   </div>
   <div class='ocr_carea' id='block_1_17' title="bbox 579 1830 2165 1920">
    <p class='ocr_par' dir='ltr' id='par_1_17' title="bbox 579 1830 2165 1920">
     <span class='ocr_line' id='line_1_17' title="bbox 579 1830 2165 1920; baseline -0.013 -17"><span class='ocrx_word' id='word_1_123' title='bbox 579 1862 680 1920; x_wconf 90' lang='lat' dir='ltr'><strong>qua</strong></span> <span class='ocrx_word' id='word_1_124' title='bbox 709 1847 822 1916; x_wconf 85' lang='lat' dir='ltr'><strong>ipse</strong></span> <span class='ocrx_word' id='word_1_125' title='bbox 869 1843 1077 1900; x_wconf 89' lang='lat' dir='ltr'><strong>animus</strong></span> <span class='ocrx_word' id='word_1_126' title='bbox 1104 1839 1438 1901; x_wconf 82' lang='lat' dir='ltr'><strong>informatur,</strong></span> <span class='ocrx_word' id='word_1_127' title='bbox 1486 1846 1540 1892; x_wconf 89' lang='lat' dir='ltr'><strong>et</strong></span> <span class='ocrx_word' id='word_1_128' title='bbox 1565 1850 1661 1906; x_wconf 89' lang='lat' dir='ltr'><strong>per</strong></span> <span class='ocrx_word' id='word_1_129' title='bbox 1685 1848 1843 1905; x_wconf 88' lang='lat' dir='ltr'><strong>quam</strong></span> <span class='ocrx_word' id='word_1_130' title='bbox 1875 1830 2050 1886; x_wconf 83' lang='lat' dir='ltr'><strong>omnia</strong></span> <span class='ocrx_word' id='word_1_131' title='bbox 2079 1843 2165 1884; x_wconf 88' lang='lat' dir='ltr'><strong>sa-</strong></span> 
     </span>
    </p>
   </div>
   <div class='ocr_carea' id='block_1_18' title="bbox 580 1925 2163 2009">
    <p class='ocr_par' dir='ltr' id='par_1_18' title="bbox 580 1925 2163 2009">
     <span class='ocr_line' id='line_1_18' title="bbox 580 1925 2163 2009; baseline -0.011 -16"><span class='ocrx_word' id='word_1_132' title='bbox 580 1937 774 2009; x_wconf 90' lang='lat' dir='ltr'><strong>pientis</strong></span> <span class='ocrx_word' id='word_1_133' title='bbox 809 1935 948 1990; x_wconf 88' lang='lat' dir='ltr'><strong>facta</strong></span> <span class='ocrx_word' id='word_1_134' title='bbox 980 1932 1198 2004; x_wconf 88' lang='lat' dir='ltr'><strong>pulchra</strong></span> <span class='ocrx_word' id='word_1_135' title='bbox 1230 1945 1349 1987; x_wconf 88' lang='lat' dir='ltr'><strong>esse</strong></span> <span class='ocrx_word' id='word_1_136' title='bbox 1387 1925 1711 1999; x_wconf 72' lang='lat' dir='ltr'><strong>iudicamus,</strong></span> <span class='ocrx_word' id='word_1_137' title='bbox 1740 1933 1798 1978; x_wconf 93' lang='lat' dir='ltr'><strong>ut</strong></span> <span class='ocrx_word' id='word_1_138' title='bbox 1827 1939 1930 1976; x_wconf 91' lang='lat' dir='ltr'><strong>non</strong></span> <span class='ocrx_word' id='word_1_139' title='bbox 1960 1929 2163 1975; x_wconf 88' lang='lat' dir='ltr'><strong>tantum</strong></span> 
     </span>
    </p>
   </div>
   <div class='ocr_carea' id='block_1_19' title="bbox 579 2009 2166 2097">
    <p class='ocr_par' dir='ltr' id='par_1_19' title="bbox 579 2009 2166 2097">
     <span class='ocr_line' id='line_1_19' title="bbox 579 2009 2166 2097; baseline -0.012 -11"><span class='ocrx_word' id='word_1_140' title='bbox 579 2026 856 2086; x_wconf 88' lang='lat' dir='ltr'><strong>refellendi</strong></span> <span class='ocrx_word' id='word_1_141' title='bbox 903 2025 1094 2097; x_wconf 86' lang='lat' dir='ltr'><strong>gratia,</strong></span> <span class='ocrx_word' id='word_1_142' title='bbox 1149 2021 1244 2078; x_wconf 87' lang='lat' dir='ltr'><strong>sed</strong></span> <span class='ocrx_word' id='word_1_143' title='bbox 1296 2019 1456 2076; x_wconf 90' lang='lat' dir='ltr'><strong>etiam</strong></span> <span class='ocrx_word' id='word_1_144' title='bbox 1487 2018 1764 2074; x_wconf 86' lang='lat' dir='ltr'><strong>verissime</strong></span> <span class='ocrx_word' id='word_1_145' title='bbox 1802 2013 1996 2069; x_wconf 83' lang='lat' dir='ltr'><strong>dixerit</strong></span> <span class='ocrx_word' id='word_1_146' title='bbox 2022 2009 2166 2082; x_wconf 91' lang='lat' dir='ltr'><strong>quod</strong></span> 
     </span>
    </p>
   </div>
   <div class='ocr_carea' id='block_1_20' title="bbox 578 2105 2167 2194">
    <p class='ocr_par' dir='ltr' id='par_1_20' title="bbox 578 2105 2167 2194">
     <span class='ocr_line' id='line_1_20' title="bbox 578 2105 2167 2194; baseline -0.01 -18"><span class='ocrx_word' id='word_1_147' title='bbox 578 2121 744 2176; x_wconf 87' lang='lat' dir='ltr'><strong>Deum</strong></span> <span class='ocrx_word' id='word_1_148' title='bbox 769 2117 1126 2194; x_wconf 90' lang='lat' dir='ltr'><strong>pulcherrima</strong></span> <span class='ocrx_word' id='word_1_149' title='bbox 1156 2114 1334 2183; x_wconf 79' lang='lat' dir='ltr'><strong>specie</strong></span> <span class='ocrx_word' id='word_1_150' title='bbox 1380 2112 1567 2168; x_wconf 89' lang='lat' dir='ltr'><strong>deceat</strong></span> <span class='ocrx_word' id='word_1_151' title='bbox 1591 2125 1731 2177; x_wconf 90' lang='lat' dir='ltr'><strong>esse,</strong></span> <span class='ocrx_word' id='word_1_152' title='bbox 1765 2107 1887 2179; x_wconf 82' lang='lat' dir='ltr'><strong>quia</strong></span> <span class='ocrx_word' id='word_1_153' title='bbox 1917 2105 2047 2160; x_wconf 82' lang='lat' dir='ltr'><strong>nihil</strong></span> <span class='ocrx_word' id='word_1_154' title='bbox 2085 2113 2167 2160; x_wconf 89' lang='lat' dir='ltr'><strong>est</strong></span> 
     </span>
    </p>
   </div>
   <div class='ocr_carea' id='block_1_21' title="bbox 581 2196 2165 2283">
    <p class='ocr_par' dir='ltr' id='par_1_21' title="bbox 581 2196 2165 2283">
     <span class='ocr_line' id='line_1_21' title="bbox 581 2196 2165 2283; baseline -0.011 -16"><span class='ocrx_word' id='word_1_155' title='bbox 581 2209 854 2283; x_wconf 87' lang='lat' dir='ltr'><strong>pulchrius</strong></span> <span class='ocrx_word' id='word_1_156' title='bbox 904 2209 1015 2278; x_wconf 89' lang='lat' dir='ltr'><strong>ipsa</strong></span> <span class='ocrx_word' id='word_1_157' title='bbox 1047 2204 1363 2276; x_wconf 88' lang='lat' dir='ltr'><strong>intelligihili</strong></span> <span class='ocrx_word' id='word_1_158' title='bbox 1393 2212 1551 2273; x_wconf 88' lang='lat' dir='ltr'><strong>atque</strong></span> <span class='ocrx_word' id='word_1_159' title='bbox 1579 2196 1998 2256; x_wconf 88' lang='lat' dir='ltr'><strong>incommutabili</strong></span> <span class='ocrx_word' id='word_1_160' title='bbox 2023 2197 2165 2251; x_wconf 86' lang='lat' dir='ltr'><strong>veri-</strong></span> 
     </span>
    </p>
   </div>
   <div class='ocr_carea' id='block_1_22' title="bbox 585 2295 2169 2371">
    <p class='ocr_par' dir='ltr' id='par_1_22' title="bbox 585 2295 2169 2371">
     <span class='ocr_line' id='line_1_22' title="bbox 585 2295 2169 2371; baseline -0.012 -10"><span class='ocrx_word' id='word_1_161' title='bbox 585 2304 728 2361; x_wconf 82' lang='lat' dir='ltr'><strong>tate?</strong></span> <span class='ocrx_word' id='word_1_162' title='bbox 771 2301 924 2371; x_wconf 84' lang='lat' dir='ltr'><strong>Quod</strong></span> <span class='ocrx_word' id='word_1_163' title='bbox 959 2308 1134 2354; x_wconf 88' lang='lat' dir='ltr'><strong>autem</strong></span> <span class='ocrx_word' id='word_1_164' title='bbox 1173 2298 1246 2352; x_wconf 91' lang='lat' dir='ltr'><strong>ait</strong></span> <span class='ocrx_word' id='word_1_165' title='bbox 1277 2297 1370 2352; x_wconf 87' lang='lat' dir='ltr'><strong>ille</strong></span> <span class='ocrx_word' id='word_1_166' title='bbox 1392 2295 1532 2367; x_wconf 87' lang='lat' dir='ltr'><strong>gigni</strong></span> <span class='ocrx_word' id='word_1_167' title='bbox 1557 2307 1758 2358; x_wconf 88' lang='lat' dir='ltr'><strong>aerem,</strong></span> <span class='ocrx_word' id='word_1_168' title='bbox 1809 2305 1964 2361; x_wconf 85' lang='lat' dir='ltr'><strong>quem</strong></span> <span class='ocrx_word' id='word_1_169' title='bbox 1992 2298 2169 2344; x_wconf 86' lang='lat' dir='ltr'><strong>tamen</strong></span> 
     </span>
    </p>
   </div>
   <div class='ocr_carea' id='block_1_23' title="bbox 583 2382 2161 2457">
    <p class='ocr_par' dir='ltr' id='par_1_23' title="bbox 583 2382 2161 2457">
     <span class='ocr_line' id='line_1_23' title="bbox 583 2382 2161 2457; baseline -0.011 -4"><span class='ocrx_word' id='word_1_170' title='bbox 583 2397 748 2453; x_wconf 89' lang='lat' dir='ltr'><strong>Deum</strong></span> <span class='ocrx_word' id='word_1_171' title='bbox 781 2409 897 2449; x_wconf 88' lang='lat' dir='ltr'><strong>esse</strong></span> <span class='ocrx_word' id='word_1_172' title='bbox 919 2390 1192 2457; x_wconf 85' lang='lat' dir='ltr'><strong>censebat,</strong></span> <span class='ocrx_word' id='word_1_173' title='bbox 1235 2390 1381 2444; x_wconf 90' lang='lat' dir='ltr'><strong>nullo</strong></span> <span class='ocrx_word' id='word_1_174' title='bbox 1423 2385 1583 2441; x_wconf 91' lang='lat' dir='ltr'><strong>modo</strong></span> <span class='ocrx_word' id='word_1_175' title='bbox 1610 2394 1785 2439; x_wconf 82' lang='lat' dir='ltr'><strong>movet</strong></span> <span class='ocrx_word' id='word_1_176' title='bbox 1815 2382 1957 2438; x_wconf 89' lang='lat' dir='ltr'><strong>hunc</strong></span> <span class='ocrx_word' id='word_1_177' title='bbox 1987 2382 2161 2436; x_wconf 88' lang='lat' dir='ltr'><strong>virum</strong></span> 
     </span>
    </p>
   </div>
   <div class='ocr_carea' id='block_1_24' title="bbox 581 2476 2172 2560">
    <p class='ocr_par' dir='ltr' id='par_1_24' title="bbox 581 2476 2172 2560">
     <span class='ocr_line' id='line_1_24' title="bbox 581 2476 2172 2560; baseline -0.012 -15"><span class='ocrx_word' id='word_1_178' title='bbox 581 2490 669 2560; x_wconf 88' lang='lat' dir='ltr'><strong>qui</strong></span> <span class='ocrx_word' id='word_1_179' title='bbox 696 2487 957 2557; x_wconf 83' lang='lat' dir='ltr'><strong>intelligit,</strong></span> <span class='ocrx_word' id='word_1_180' title='bbox 983 2500 1086 2540; x_wconf 92' lang='lat' dir='ltr'><strong>non</strong></span> <span class='ocrx_word' id='word_1_181' title='bbox 1104 2484 1238 2538; x_wconf 89' lang='lat' dir='ltr'><strong>sicut</strong></span> <span class='ocrx_word' id='word_1_182' title='bbox 1261 2497 1353 2538; x_wconf 90' lang='lat' dir='ltr'><strong>aer</strong></span> <span class='ocrx_word' id='word_1_183' title='bbox 1375 2479 1628 2552; x_wconf 76' lang='lat' dir='ltr'><strong>gignitur,</strong></span> <span class='ocrx_word' id='word_1_184' title='bbox 1659 2477 1709 2532; x_wconf 93' lang='lat' dir='ltr'><strong>id</strong></span> <span class='ocrx_word' id='word_1_185' title='bbox 1730 2485 1813 2560; x_wconf 86' lang='lat' dir='ltr'><strong>est</strong></span> <span class='ocrx_word' id='word_1_186' title='bbox 1841 2476 2019 2546; x_wconf 90' lang='lat' dir='ltr'><strong>aliqua</strong></span> <span class='ocrx_word' id='word_1_187' title='bbox 2045 2489 2172 2529; x_wconf 87' lang='lat' dir='ltr'><strong>cau-</strong></span> 
     </span>
    </p>
   </div>
   <div class='ocr_carea' id='block_1_25' title="bbox 583 2557 2170 2639">
    <p class='ocr_par' dir='ltr' id='par_1_25' title="bbox 583 2557 2170 2639">
     <span class='ocr_line' id='line_1_25' title="bbox 583 2557 2170 2639; baseline -0.011 -3"><span class='ocrx_word' id='word_1_188' title='bbox 583 2557 640 2636; x_wconf 78' lang='lat' dir='ltr'><strong>sa</strong></span> <span class='ocrx_word' id='word_1_189' title='bbox 681 2589 738 2634; x_wconf 93' lang='lat' dir='ltr'><strong>ut</strong></span> <span class='ocrx_word' id='word_1_190' title='bbox 772 2580 837 2634; x_wconf 91' lang='lat' dir='ltr'><strong>sit</strong></span> <span class='ocrx_word' id='word_1_191' title='bbox 867 2577 1115 2639; x_wconf 82' lang='lat' dir='ltr'><strong>efficitur,</strong></span> <span class='ocrx_word' id='word_1_192' title='bbox 1147 2590 1268 2629; x_wconf 93' lang='lat' dir='ltr'><strong>cum</strong></span> <span class='ocrx_word' id='word_1_193' title='bbox 1297 2573 1517 2629; x_wconf 91' lang='lat' dir='ltr'><strong>omnino</strong></span> <span class='ocrx_word' id='word_1_194' title='bbox 1545 2571 1683 2625; x_wconf 88' lang='lat' dir='ltr'><strong>Deus</strong></span> <span class='ocrx_word' id='word_1_195' title='bbox 1713 2557 1818 2622; x_wconf 87' lang='lat' dir='ltr'><strong>non</strong></span> <span class='ocrx_word' id='word_1_196' title='bbox 1855 2567 1944 2632; x_wconf 87' lang='lat' dir='ltr'><strong>sit,</strong></span> <span class='ocrx_word' id='word_1_197' title='bbox 1977 2567 2043 2620; x_wconf 87' lang='lat' dir='ltr'><strong>ita</strong></span> <span class='ocrx_word' id='word_1_198' title='bbox 2074 2580 2170 2635; x_wconf 88' lang='lat' dir='ltr'><strong>ge-</strong></span> 
     </span>
    </p>
   </div>
   <div class='ocr_carea' id='block_1_26' title="bbox 585 2655 2174 2731">
    <p class='ocr_par' dir='ltr' id='par_1_26' title="bbox 585 2655 2174 2731">
     <span class='ocr_line' id='line_1_26' title="bbox 585 2655 2174 2731; baseline -0.013 -4"><span class='ocrx_word' id='word_1_199' title='bbox 585 2671 754 2727; x_wconf 90' lang='lat' dir='ltr'><strong>nitum</strong></span> <span class='ocrx_word' id='word_1_200' title='bbox 776 2685 897 2725; x_wconf 87' lang='lat' dir='ltr'><strong>esse</strong></span> <span class='ocrx_word' id='word_1_201' title='bbox 927 2667 1155 2722; x_wconf 82' lang='lat' dir='ltr'><strong>Verbum</strong></span> <span class='ocrx_word' id='word_1_202' title='bbox 1179 2665 1296 2730; x_wconf 87' lang='lat' dir='ltr'><strong>Dei,</strong></span> <span class='ocrx_word' id='word_1_203' title='bbox 1330 2665 1494 2718; x_wconf 81' lang='lat' dir='ltr'><strong>lleum</strong></span> <span class='ocrx_word' id='word_1_204' title='bbox 1525 2658 1668 2731; x_wconf 86' lang='lat' dir='ltr'><strong>apud</strong></span> <span class='ocrx_word' id='word_1_205' title='bbox 1693 2659 1881 2725; x_wconf 88' lang='lat' dir='ltr'><strong>Deum,</strong></span> <span class='ocrx_word' id='word_1_206' title='bbox 1904 2655 1998 2711; x_wconf 90' lang='lat' dir='ltr'><strong>sed</strong></span> <span class='ocrx_word' id='word_1_207' title='bbox 2021 2656 2174 2724; x_wconf 78' lang='lat' dir='ltr'><strong>longe</strong></span> 
     </span>
    </p>
   </div>
   <div class='ocr_carea' id='block_1_27' title="bbox 588 2744 2173 2830">
    <p class='ocr_par' dir='ltr' id='par_1_27' title="bbox 588 2744 2173 2830">
     <span class='ocr_line' id='line_1_27' title="bbox 588 2744 2173 2830; baseline -0.013 -13"><span class='ocrx_word' id='word_1_208' title='bbox 588 2762 693 2817; x_wconf 88' lang='lat' dir='ltr'><strong>alio</strong></span> <span class='ocrx_word' id='word_1_209' title='bbox 720 2761 900 2825; x_wconf 92' lang='lat' dir='ltr'><strong>modo,</strong></span> <span class='ocrx_word' id='word_1_210' title='bbox 923 2773 1080 2830; x_wconf 86' lang='lat' dir='ltr'><strong>quem</strong></span> <span class='ocrx_word' id='word_1_211' title='bbox 1118 2769 1296 2821; x_wconf 89' lang='lat' dir='ltr'><strong>nemo,</strong></span> <span class='ocrx_word' id='word_1_212' title='bbox 1325 2753 1425 2809; x_wconf 90' lang='lat' dir='ltr'><strong>nisi</strong></span> <span class='ocrx_word' id='word_1_213' title='bbox 1472 2749 1560 2806; x_wconf 89' lang='lat' dir='ltr'><strong>cui</strong></span> <span class='ocrx_word' id='word_1_214' title='bbox 1586 2750 1700 2820; x_wconf 83' lang='lat' dir='ltr'><strong>ipse</strong></span> <span class='ocrx_word' id='word_1_215' title='bbox 1727 2748 1869 2802; x_wconf 87' lang='lat' dir='ltr'><strong>Deus</strong></span> <span class='ocrx_word' id='word_1_216' title='bbox 1895 2747 1911 2777; x_wconf 76' lang='grc' dir='ltr'>ί</span> <span class='ocrx_word' id='word_1_217' title='bbox 1942 2744 2173 2814; x_wconf 85' lang='lat' dir='ltr'><strong>inspira-</strong></span> 
     </span>
    </p>
   </div>
   <div class='ocr_carea' id='block_1_28' title="bbox 592 2835 2176 2923">
    <p class='ocr_par' dir='ltr' id='par_1_28' title="bbox 592 2835 2176 2923">
     <span class='ocr_line' id='line_1_28' title="bbox 592 2835 2176 2923; baseline -0.013 -14"><span class='ocrx_word' id='word_1_218' title='bbox 592 2855 679 2918; x_wconf 86' lang='lat' dir='ltr'><strong>rit,</strong></span> <span class='ocrx_word' id='word_1_219' title='bbox 709 2851 974 2923; x_wconf 76' lang='lat' dir='ltr'><strong>intelligit.</strong></span> <span class='ocrx_word' id='word_1_220' title='bbox 1001 2849 1151 2904; x_wconf 85' lang='lat' dir='ltr'><strong>lilnm</strong></span> <span class='ocrx_word' id='word_1_221' title='bbox 1170 2855 1348 2903; x_wconf 86' lang='lat' dir='ltr'><strong>autem</strong></span> <span class='ocrx_word' id='word_1_222' title='bbox 1377 2844 1534 2900; x_wconf 87' lang='lat' dir='ltr'><strong>etiam</strong></span> <span class='ocrx_word' id='word_1_223' title='bbox 1564 2842 1617 2896; x_wconf 89' lang='lat' dir='ltr'><strong>in</strong></span> <span class='ocrx_word' id='word_1_224' title='bbox 1655 2837 1784 2911; x_wconf 80' lang='lat' dir='ltr'><strong>ipsis</strong></span> <span class='ocrx_word' id='word_1_225' title='bbox 1812 2835 2176 2923; x_wconf 83' lang='lat' dir='ltr'><strong>corporalibus</strong></span> 
     </span>
    </p>
   </div>
   <div class='ocr_carea' id='block_1_29' title="bbox 589 2921 2179 3015">
    <p class='ocr_par' dir='ltr' id='par_1_29' title="bbox 589 2921 2179 3015">
     <span class='ocr_line' id='line_1_29' title="bbox 589 2921 2179 3015; baseline -0.012 -16"><span class='ocrx_word' id='word_1_226' title='bbox 589 2944 832 3015; x_wconf 80' lang='lat' dir='ltr'><strong>desipere</strong></span> <span class='ocrx_word' id='word_1_227' title='bbox 869 2921 988 3010; x_wconf 83' lang='lat' dir='ltr'><strong>quis</strong></span> <span class='ocrx_word' id='word_1_228' title='bbox 1021 2956 1124 2996; x_wconf 90' lang='lat' dir='ltr'><strong>non</strong></span> <span class='ocrx_word' id='word_1_229' title='bbox 1154 2926 1362 3002; x_wconf 73' lang='lat' dir='ltr'><strong>videat,</strong></span> <span class='ocrx_word' id='word_1_230' title='bbox 1380 2949 1500 2992; x_wconf 91' lang='lat' dir='ltr'><strong>cum</strong></span> <span class='ocrx_word' id='word_1_231' title='bbox 1533 2946 1712 2988; x_wconf 86' lang='lat' dir='ltr'><strong>aerem</strong></span> <span class='ocrx_word' id='word_1_232' title='bbox 1741 2929 1882 3000; x_wconf 81' lang='lat' dir='ltr'><strong>gigni</strong></span> <span class='ocrx_word' id='word_1_233' title='bbox 1922 2926 2092 2994; x_wconf 88' lang='lat' dir='ltr'><strong>dicat,</strong></span> <span class='ocrx_word' id='word_1_234' title='bbox 2122 2921 2179 2980; x_wconf 88' lang='lat' dir='ltr'><strong>et</strong></span> 
     </span>
    </p>
   </div>
   <div class='ocr_carea' id='block_1_30' title="bbox 591 3017 2173 3098">
    <p class='ocr_par' dir='ltr' id='par_1_30' title="bbox 591 3017 2173 3098">
     <span class='ocr_line' id='line_1_30' title="bbox 591 3017 2173 3098; baseline -0.011 -8"><span class='ocrx_word' id='word_1_235' title='bbox 591 3017 757 3090; x_wconf 88' lang='lat' dir='ltr'><strong>Deum</strong></span> <span class='ocrx_word' id='word_1_236' title='bbox 787 3033 941 3096; x_wconf 83' lang='lat' dir='ltr'><strong>velit;</strong></span> <span class='ocrx_word' id='word_1_237' title='bbox 975 3047 1094 3086; x_wconf 88' lang='lat' dir='ltr'><strong>eum</strong></span> <span class='ocrx_word' id='word_1_238' title='bbox 1114 3039 1292 3086; x_wconf 85' lang='lat' dir='ltr'><strong>autem</strong></span> <span class='ocrx_word' id='word_1_239' title='bbox 1321 3043 1350 3082; x_wconf 92' lang='lat' dir='ltr'><strong>a</strong></span> <span class='ocrx_word' id='word_1_240' title='bbox 1375 3027 1481 3098; x_wconf 81' lang='lat' dir='ltr'><strong>quo</strong></span> <span class='ocrx_word' id='word_1_241' title='bbox 1502 3040 1594 3080; x_wconf 89' lang='lat' dir='ltr'><strong>aer</strong></span> <span class='ocrx_word' id='word_1_242' title='bbox 1613 3021 1867 3094; x_wconf 80' lang='lat' dir='ltr'><strong>gignitur,</strong></span> <span class='ocrx_word' id='word_1_243' title='bbox 1899 3036 2004 3075; x_wconf 93' lang='lat' dir='ltr'><strong>non</strong></span> <span class='ocrx_word' id='word_1_244' title='bbox 2031 3017 2173 3074; x_wconf 92' lang='lat' dir='ltr'><strong>enim</strong></span> 
     </span>
    </p>
   </div>
   <div class='ocr_carea' id='block_1_31' title="bbox 590 3103 2177 3193">
    <p class='ocr_par' dir='ltr' id='par_1_31' title="bbox 590 3103 2177 3193">
     <span class='ocr_line' id='line_1_31' title="bbox 590 3103 2177 3193; baseline -0.009 -13"><span class='ocrx_word' id='word_1_245' title='bbox 590 3145 620 3180; x_wconf 87' lang='lat' dir='ltr'><strong>a</strong></span> <span class='ocrx_word' id='word_1_246' title='bbox 651 3125 796 3179; x_wconf 92' lang='lat' dir='ltr'><strong>nullo</strong></span> <span class='ocrx_word' id='word_1_247' title='bbox 825 3122 963 3193; x_wconf 80' lang='lat' dir='ltr'><strong>gigni</strong></span> <span class='ocrx_word' id='word_1_248' title='bbox 1019 3129 1209 3191; x_wconf 80' lang='lat' dir='ltr'><strong>potest,</strong></span> <span class='ocrx_word' id='word_1_249' title='bbox 1242 3135 1346 3174; x_wconf 90' lang='lat' dir='ltr'><strong>non</strong></span> <span class='ocrx_word' id='word_1_250' title='bbox 1389 3118 1530 3171; x_wconf 87' lang='lat' dir='ltr'><strong>dicat</strong></span> <span class='ocrx_word' id='word_1_251' title='bbox 1563 3103 1762 3170; x_wconf 81' lang='lat' dir='ltr'><strong>Deum?</strong></span> <span class='ocrx_word' id='word_1_252' title='bbox 1813 3112 1948 3167; x_wconf 90' lang='lat' dir='ltr'><strong>Cum</strong></span> <span class='ocrx_word' id='word_1_253' title='bbox 1998 3118 2177 3165; x_wconf 87' lang='lat' dir='ltr'><strong>autem</strong></span> 
     </span>
    </p>
   </div>
   <div class='ocr_carea' id='block_1_32' title="bbox 591 3208 2179 3280">
    <p class='ocr_par' dir='ltr' id='par_1_32' title="bbox 591 3208 2179 3280">
     <span class='ocr_line' id='line_1_32' title="bbox 591 3208 2179 3280; baseline -0.011 -8"><span class='ocrx_word' id='word_1_254' title='bbox 591 3217 787 3272; x_wconf 87' lang='lat' dir='ltr'><strong>dicitur</strong></span> <span class='ocrx_word' id='word_1_255' title='bbox 823 3229 915 3267; x_wconf 89' lang='lat' dir='ltr'><strong>aer</strong></span> <span class='ocrx_word' id='word_1_256' title='bbox 935 3227 1055 3267; x_wconf 88' lang='lat' dir='ltr'><strong>esse</strong></span> <span class='ocrx_word' id='word_1_257' title='bbox 1087 3226 1298 3280; x_wconf 86' lang='lat' dir='ltr'><strong>semper</strong></span> <span class='ocrx_word' id='word_1_258' title='bbox 1323 3208 1376 3264; x_wconf 90' lang='lat' dir='ltr'><strong>in</strong></span> <span class='ocrx_word' id='word_1_259' title='bbox 1403 3217 1572 3272; x_wconf 90' lang='lat' dir='ltr'><strong>motu,</strong></span> <span class='ocrx_word' id='word_1_260' title='bbox 1604 3219 1936 3276; x_wconf 89' lang='lat' dir='ltr'><strong>nequaquam</strong></span> <span class='ocrx_word' id='word_1_261' title='bbox 1962 3211 2179 3257; x_wconf 86' lang='lat' dir='ltr'><strong>contur-</strong></span> 
     </span>
    </p>
   </div>
   <div class='ocr_carea' id='block_1_33' title="bbox 592 3286 2182 3370">
    <p class='ocr_par' dir='ltr' id='par_1_33' title="bbox 592 3286 2182 3370">
     <span class='ocr_line' id='line_1_33' title="bbox 592 3286 2182 3370; baseline -0.009 -8"><span class='ocrx_word' id='word_1_262' title='bbox 592 3307 738 3363; x_wconf 88' lang='lat' dir='ltr'><strong>babit</strong></span> <span class='ocrx_word' id='word_1_263' title='bbox 761 3302 1050 3367; x_wconf 88' lang='lat' dir='ltr'><strong>hominem,</strong></span> <span class='ocrx_word' id='word_1_264' title='bbox 1082 3310 1137 3355; x_wconf 90' lang='lat' dir='ltr'><strong>ut</strong></span> <span class='ocrx_word' id='word_1_265' title='bbox 1183 3305 1462 3370; x_wconf 85' lang='lat' dir='ltr'><strong>propterea</strong></span> <span class='ocrx_word' id='word_1_266' title='bbox 1507 3297 1654 3352; x_wconf 91' lang='lat' dir='ltr'><strong>illum</strong></span> <span class='ocrx_word' id='word_1_267' title='bbox 1681 3295 1847 3349; x_wconf 87' lang='lat' dir='ltr'><strong>Deum</strong></span> <span class='ocrx_word' id='word_1_268' title='bbox 1879 3301 2061 3364; x_wconf 90' lang='lat' dir='ltr'><strong>putet,</strong></span> <span class='ocrx_word' id='word_1_269' title='bbox 2089 3286 2182 3364; x_wconf 88' lang='lat' dir='ltr'><strong>qui</strong></span> 
     </span>
    </p>
   </div>
   <div class='ocr_carea' id='block_1_34' title="bbox 591 3387 2179 3465">
    <p class='ocr_par' dir='ltr' id='par_1_34' title="bbox 591 3387 2179 3465">
     <span class='ocr_line' id='line_1_34' title="bbox 591 3387 2179 3465; baseline -0.01 -11"><span class='ocrx_word' id='word_1_270' title='bbox 591 3387 737 3455; x_wconf 87' lang='lat' dir='ltr'><strong>novit</strong></span> <span class='ocrx_word' id='word_1_271' title='bbox 762 3395 934 3452; x_wconf 79' lang='lat' dir='ltr'><strong>omnis</strong></span> <span class='ocrx_word' id='word_1_272' title='bbox 963 3394 1205 3465; x_wconf 88' lang='lat' dir='ltr'><strong>corporis</strong></span> <span class='ocrx_word' id='word_1_273' title='bbox 1249 3399 1451 3444; x_wconf 87' lang='lat' dir='ltr'><strong>motum</strong></span> <span class='ocrx_word' id='word_1_274' title='bbox 1491 3387 1797 3442; x_wconf 89' lang='lat' dir='ltr'><strong>inferiorem</strong></span> <span class='ocrx_word' id='word_1_275' title='bbox 1851 3399 1974 3440; x_wconf 89' lang='lat' dir='ltr'><strong>esse</strong></span> <span class='ocrx_word' id='word_1_276' title='bbox 2019 3399 2179 3454; x_wconf 88' lang='lat' dir='ltr'><strong>quam</strong></span> 
     </span>
    </p>
   </div>
   <div class='ocr_carea' id='block_1_35' title="bbox 589 3471 2182 3549">
    <p class='ocr_par' dir='ltr' id='par_1_35' title="bbox 589 3471 2182 3549">
     <span class='ocr_line' id='line_1_35' title="bbox 589 3471 2182 3549; baseline -0.013 0"><span class='ocrx_word' id='word_1_277' title='bbox 589 3500 674 3549; x_wconf 90' lang='lat' dir='ltr'><strong>est</strong></span> <span class='ocrx_word' id='word_1_278' title='bbox 692 3497 868 3546; x_wconf 90' lang='lat' dir='ltr'><strong>motus</strong></span> <span class='ocrx_word' id='word_1_279' title='bbox 906 3485 1101 3548; x_wconf 88' lang='lat' dir='ltr'><strong>animi;</strong></span> <span class='ocrx_word' id='word_1_280' title='bbox 1135 3490 1336 3538; x_wconf 89' lang='lat' dir='ltr'><strong>motum</strong></span> <span class='ocrx_word' id='word_1_281' title='bbox 1362 3488 1541 3535; x_wconf 90' lang='lat' dir='ltr'><strong>autem</strong></span> <span class='ocrx_word' id='word_1_282' title='bbox 1593 3475 1755 3531; x_wconf 90' lang='lat' dir='ltr'><strong>animi</strong></span> <span class='ocrx_word' id='word_1_283' title='bbox 1803 3475 1959 3546; x_wconf 88' lang='lat' dir='ltr'><strong>longe</strong></span> <span class='ocrx_word' id='word_1_284' title='bbox 1983 3471 2182 3545; x_wconf 84' lang='lat' dir='ltr'><strong>pigrio-</strong></span> 
     </span>
    </p>
   </div>
   <div class='ocr_carea' id='block_1_36' title="bbox 551 3559 2178 3677">
    <p class='ocr_par' dir='ltr' id='par_1_36' title="bbox 551 3559 2178 3677">
     <span class='ocr_line' id='line_1_36' title="bbox 551 3559 2178 3677; baseline -0.01 -41"><span class='ocrx_word' id='word_1_285' title='bbox 551 3577 728 3677; x_wconf 64' lang='grc' dir='ltr'><strong>ξτοηι.</strong></span> <span class='ocrx_word' id='word_1_286' title='bbox 756 3596 914 3652; x_wconf 89' lang='lat' dir='ltr'><strong>quam</strong></span> <span class='ocrx_word' id='word_1_287' title='bbox 953 3589 1034 3635; x_wconf 89' lang='lat' dir='ltr'><strong>est</strong></span> <span class='ocrx_word' id='word_1_288' title='bbox 1073 3587 1249 3632; x_wconf 88' lang='lat' dir='ltr'><strong>motus</strong></span> <span class='ocrx_word' id='word_1_289' title='bbox 1275 3587 1497 3630; x_wconf 75' lang='lat' dir='ltr'><strong>summa:</strong></span> <span class='ocrx_word' id='word_1_290' title='bbox 1522 3577 1682 3641; x_wconf 90' lang='lat' dir='ltr'><strong>atque</strong></span> <span class='ocrx_word' id='word_1_291' title='bbox 1727 3559 2178 3623; x_wconf 78' lang='lat' dir='ltr'><strong>incommutabilis</strong></span> 
     </span>
    </p>
   </div>
   <div class='ocr_carea' id='block_1_37' title="bbox 540 3656 898 3746">
    <p class='ocr_par' dir='ltr' id='par_1_37' title="bbox 540 3656 898 3746">
     <span class='ocr_line' id='line_1_37' title="bbox 540 3656 898 3746; baseline -0.025 -12"><span class='ocrx_word' id='word_1_292' title='bbox 592 3673 898 3746; x_wconf 64' lang='lat' dir='ltr'><strong>Sapientiae.</strong></span> 
     </span>
    </p>
   </div>
   <div class='ocr_carea' id='block_1_38' title="bbox 554 3745 2183 3836">
    <p class='ocr_par' dir='ltr' id='par_1_38' title="bbox 554 3745 2183 3836">
     <span class='ocr_line' id='line_1_38' title="bbox 554 3745 2183 3836; baseline -0.012 -14"><span class='ocrx_word' id='word_1_293' title='bbox 666 3745 756 3822; x_wconf 67' lang='grc' dir='ltr'><strong>ει.</strong></span> <span class='ocrx_word' id='word_1_294' title='bbox 799 3765 927 3819; x_wconf 84' lang='lat' dir='ltr'><strong>Item</strong></span> <span class='ocrx_word' id='word_1_295' title='bbox 955 3763 1314 3830; x_wconf 79' lang='lat' dir='ltr'><strong>Anaxagoras,</strong></span> <span class='ocrx_word' id='word_1_296' title='bbox 1342 3751 1455 3809; x_wconf 89' lang='lat' dir='ltr'><strong>sive</strong></span> <span class='ocrx_word' id='word_1_297' title='bbox 1470 3750 1710 3824; x_wconf 88' lang='lat' dir='ltr'><strong>quilibet,</strong></span> <span class='ocrx_word' id='word_1_298' title='bbox 1738 3749 1780 3804; x_wconf 90' lang='lat' dir='ltr'><strong>si</strong></span> <span class='ocrx_word' id='word_1_299' title='bbox 1800 3751 2030 3803; x_wconf 86' lang='lat' dir='ltr'><strong>mentem</strong></span> <span class='ocrx_word' id='word_1_300' title='bbox 2052 3745 2183 3802; x_wconf 80' lang='lat' dir='ltr'><strong>dicit</strong></span> 
     </span>
    </p>
   </div>
   <div class='ocr_carea' id='block_1_39' title="bbox 597 3837 2182 3931">
    <p class='ocr_par' dir='ltr' id='par_1_39' title="bbox 597 3837 2182 3931">
     <span class='ocr_line' id='line_1_39' title="bbox 597 3837 2182 3931; baseline -0.013 -16"><span class='ocrx_word' id='word_1_301' title='bbox 597 3862 764 3931; x_wconf 82' lang='lat' dir='ltr'><strong>ipsam</strong></span> <span class='ocrx_word' id='word_1_302' title='bbox 807 3854 1082 3910; x_wconf 82' lang='lat' dir='ltr'><strong>veritatem</strong></span> <span class='ocrx_word' id='word_1_303' title='bbox 1121 3860 1280 3920; x_wconf 89' lang='lat' dir='ltr'><strong>atque</strong></span> <span class='ocrx_word' id='word_1_304' title='bbox 1304 3844 1640 3915; x_wconf 89' lang='lat' dir='ltr'><strong>sapientiam,</strong></span> <span class='ocrx_word' id='word_1_305' title='bbox 1673 3839 1799 3911; x_wconf 91' lang='lat' dir='ltr'><strong>quid</strong></span> <span class='ocrx_word' id='word_1_306' title='bbox 1831 3838 1961 3894; x_wconf 91' lang='lat' dir='ltr'><strong>mihi</strong></span> <span class='ocrx_word' id='word_1_307' title='bbox 2000 3849 2081 3893; x_wconf 65' lang='lat' dir='ltr'><strong>est</strong></span> <span class='ocrx_word' id='word_1_308' title='bbox 2117 3837 2182 3894; x_wconf 87' lang='lat' dir='ltr'><strong>de</strong></span> 
     </span>
    </p>
   </div>
   <div class='ocr_carea' id='block_1_40' title="bbox 593 3929 2182 4006">
    <p class='ocr_par' dir='ltr' id='par_1_40' title="bbox 593 3929 2182 4006">
     <span class='ocr_line' id='line_1_40' title="bbox 593 3929 2182 4006; baseline -0.011 -5"><span class='ocrx_word' id='word_1_309' title='bbox 593 3929 758 4006; x_wconf 62' lang='lat' dir='ltr'><strong>verbo</strong></span> <span class='ocrx_word' id='word_1_310' title='bbox 781 3962 904 4002; x_wconf 92' lang='lat' dir='ltr'><strong>cum</strong></span> <span class='ocrx_word' id='word_1_311' title='bbox 943 3941 1156 3997; x_wconf 89' lang='lat' dir='ltr'><strong>homine</strong></span> <span class='ocrx_word' id='word_1_312' title='bbox 1183 3934 1538 3994; x_wconf 84' lang='lat' dir='ltr'><strong>contendere?</strong></span> <span class='ocrx_word' id='word_1_313' title='bbox 1565 3931 1896 3988; x_wconf 77' lang='lat' dir='ltr'><strong>Manifestum</strong></span> <span class='ocrx_word' id='word_1_314' title='bbox 1923 3939 2006 3984; x_wconf 87' lang='lat' dir='ltr'><strong>est</strong></span> <span class='ocrx_word' id='word_1_315' title='bbox 2041 3929 2182 3983; x_wconf 84' lang='lat' dir='ltr'><strong>enim</strong></span> 
     </span>
    </p>
   </div>
   <div class='ocr_carea' id='block_1_41' title="bbox 595 4021 2179 4102">
    <p class='ocr_par' dir='ltr' id='par_1_41' title="bbox 595 4021 2179 4102">
     <span class='ocr_line' id='line_1_41' title="bbox 595 4021 2179 4102; baseline -0.016 -2"><span class='ocrx_word' id='word_1_316' title='bbox 595 4037 829 4100; x_wconf 88' lang='lat' dir='ltr'><strong>omnium</strong></span> <span class='ocrx_word' id='word_1_317' title='bbox 854 4051 1029 4095; x_wconf 89' lang='lat' dir='ltr'><strong>rerum</strong></span> <span class='ocrx_word' id='word_1_318' title='bbox 1060 4032 1472 4102; x_wconf 87' lang='lat' dir='ltr'><strong>descriptionem</strong></span> <span class='ocrx_word' id='word_1_319' title='bbox 1503 4033 1555 4082; x_wconf 86' lang='lat' dir='ltr'><strong>et</strong></span> <span class='ocrx_word' id='word_1_320' title='bbox 1586 4024 1802 4082; x_wconf 90' lang='lat' dir='ltr'><strong>modum</strong></span> <span class='ocrx_word' id='word_1_321' title='bbox 1831 4022 1897 4077; x_wconf 89' lang='lat' dir='ltr'><strong>ab</strong></span> <span class='ocrx_word' id='word_1_322' title='bbox 1927 4021 2014 4076; x_wconf 90' lang='lat' dir='ltr'><strong>illa</strong></span> <span class='ocrx_word' id='word_1_323' title='bbox 2048 4021 2179 4088; x_wconf 88' lang='lat' dir='ltr'><strong>fieri,</strong></span> 
     </span>
    </p>
   </div>
   <div class='ocr_carea' id='block_1_42' title="bbox 595 4113 2184 4206">
    <p class='ocr_par' dir='ltr' id='par_1_42' title="bbox 595 4113 2184 4206">
     <span class='ocr_line' id='line_1_42' title="bbox 595 4113 2184 4206; baseline -0.015 -14"><span class='ocrx_word' id='word_1_324' title='bbox 595 4148 818 4206; x_wconf 88' lang='lat' dir='ltr'><strong>eamque</strong></span> <span class='ocrx_word' id='word_1_325' title='bbox 845 4146 947 4186; x_wconf 91' lang='lat' dir='ltr'><strong>non</strong></span> <span class='ocrx_word' id='word_1_326' title='bbox 981 4129 1268 4198; x_wconf 90' lang='lat' dir='ltr'><strong>incongrue</strong></span> <span class='ocrx_word' id='word_1_327' title='bbox 1293 4122 1396 4178; x_wconf 89' lang='lat' dir='ltr'><strong>dici</strong></span> <span class='ocrx_word' id='word_1_328' title='bbox 1427 4117 1706 4184; x_wconf 88' lang='lat' dir='ltr'><strong>infinitam,</strong></span> <span class='ocrx_word' id='word_1_329' title='bbox 1744 4131 1848 4171; x_wconf 91' lang='lat' dir='ltr'><strong>non</strong></span> <span class='ocrx_word' id='word_1_330' title='bbox 1891 4131 1983 4186; x_wconf 90' lang='lat' dir='ltr'><strong>per</strong></span> <span class='ocrx_word' id='word_1_331' title='bbox 2015 4113 2184 4184; x_wconf 85' lang='lat' dir='ltr'><strong>spatia</strong></span> 
     </span>
    </p>
   </div>
   <div class='ocr_carea' id='block_1_43' title="bbox 598 4205 2184 4289">
    <p class='ocr_par' dir='ltr' id='par_1_43' title="bbox 598 4205 2184 4289">
     <span class='ocr_line' id='line_1_43' title="bbox 598 4205 2184 4289; baseline -0.015 -7"><span class='ocrx_word' id='word_1_332' title='bbox 598 4205 852 4285; x_wconf 84' lang='lat' dir='ltr'><strong>locorum,</strong></span> <span class='ocrx_word' id='word_1_333' title='bbox 885 4221 977 4276; x_wconf 88' lang='lat' dir='ltr'><strong>sed</strong></span> <span class='ocrx_word' id='word_1_334' title='bbox 1005 4235 1101 4289; x_wconf 88' lang='lat' dir='ltr'><strong>per</strong></span> <span class='ocrx_word' id='word_1_335' title='bbox 1132 4215 1441 4286; x_wconf 85' lang='lat' dir='ltr'><strong>potentiam,</strong></span> <span class='ocrx_word' id='word_1_336' title='bbox 1465 4227 1584 4282; x_wconf 76' lang='lat' dir='ltr'><strong>qua:</strong></span> <span class='ocrx_word' id='word_1_337' title='bbox 1611 4208 1932 4279; x_wconf 82' lang='lat' dir='ltr'><strong>cogitatione</strong></span> <span class='ocrx_word' id='word_1_338' title='bbox 1955 4205 2184 4289; x_wconf 78' lang='lat' dir='ltr'><strong>humana</strong></span> 
     </span>
    </p>
   </div>
   <div class='ocr_carea' id='block_1_44' title="bbox 598 4285 2184 4384">
    <p class='ocr_par' dir='ltr' id='par_1_44' title="bbox 598 4285 2184 4384">
     <span class='ocr_line' id='line_1_44' title="bbox 598 4285 2184 4384; baseline -0.013 -14"><span class='ocrx_word' id='word_1_339' title='bbox 598 4310 977 4384; x_wconf 84' lang='lat' dir='ltr'><strong>comprehendi</strong></span> <span class='ocrx_word' id='word_1_340' title='bbox 1010 4325 1113 4362; x_wconf 92' lang='lat' dir='ltr'><strong>non</strong></span> <span class='ocrx_word' id='word_1_341' title='bbox 1140 4314 1341 4374; x_wconf 87' lang='lat' dir='ltr'><strong>potest;</strong></span> <span class='ocrx_word' id='word_1_342' title='bbox 1372 4317 1543 4372; x_wconf 89' lang='lat' dir='ltr'><strong>neque</strong></span> <span class='ocrx_word' id='word_1_343' title='bbox 1571 4297 1711 4369; x_wconf 85' lang='lat' dir='ltr'><strong>quod</strong></span> <span class='ocrx_word' id='word_1_344' title='bbox 1742 4295 1966 4351; x_wconf 88' lang='lat' dir='ltr'><strong>informe</strong></span> <span class='ocrx_word' id='word_1_345' title='bbox 1985 4285 2184 4364; x_wconf 83' lang='lat' dir='ltr'><strong>aliquid</strong></span> 
     </span>
    </p>
   </div>
   <div class='ocr_carea' id='block_1_45' title="bbox 599 4394 2187 4475">
    <p class='ocr_par' dir='ltr' id='par_1_45' title="bbox 599 4394 2187 4475">
     <span class='ocr_line' id='line_1_45' title="bbox 599 4394 2187 4475; baseline -0.015 -13"><span class='ocrx_word' id='word_1_346' title='bbox 599 4409 667 4462; x_wconf 89' lang='lat' dir='ltr'><strong>sit</strong></span> <span class='ocrx_word' id='word_1_347' title='bbox 687 4407 798 4475; x_wconf 87' lang='lat' dir='ltr'><strong>ipsa</strong></span> <span class='ocrx_word' id='word_1_348' title='bbox 821 4399 1098 4471; x_wconf 87' lang='lat' dir='ltr'><strong>sapientia,</strong></span> <span class='ocrx_word' id='word_1_349' title='bbox 1119 4397 1222 4451; x_wconf 88' lang='lat' dir='ltr'><strong>hoc</strong></span> <span class='ocrx_word' id='word_1_350' title='bbox 1245 4396 1385 4450; x_wconf 88' lang='lat' dir='ltr'><strong>enim</strong></span> <span class='ocrx_word' id='word_1_351' title='bbox 1416 4394 1697 4460; x_wconf 86' lang='lat' dir='ltr'><strong>corporum</strong></span> <span class='ocrx_word' id='word_1_352' title='bbox 1715 4396 1818 4454; x_wconf 91' lang='lat' dir='ltr'><strong>est,</strong></span> <span class='ocrx_word' id='word_1_353' title='bbox 1843 4395 1900 4441; x_wconf 91' lang='lat' dir='ltr'><strong>ut</strong></span> <span class='ocrx_word' id='word_1_354' title='bbox 1916 4399 2187 4456; x_wconf 67' lang='lat' dir='ltr'><strong>quaecum-</strong></span> 
     </span>
    </p>
   </div>
   <div class='ocr_carea' id='block_1_46' title="bbox 601 4477 2186 4570">
    <p class='ocr_par' dir='ltr' id='par_1_46' title="bbox 601 4477 2186 4570">
     <span class='ocr_line' id='line_1_46' title="bbox 601 4477 2186 4570; baseline -0.014 -17"><span class='ocrx_word' id='word_1_355' title='bbox 601 4514 705 4570; x_wconf 91' lang='lat' dir='ltr'><strong>que</strong></span> <span class='ocrx_word' id='word_1_356' title='bbox 735 4491 938 4550; x_wconf 75' lang='lat' dir='ltr'><strong>infinita</strong></span> <span class='ocrx_word' id='word_1_357' title='bbox 978 4487 1193 4551; x_wconf 84' lang='lat' dir='ltr'><strong>fuerint,</strong></span> <span class='ocrx_word' id='word_1_358' title='bbox 1227 4487 1333 4540; x_wconf 89' lang='lat' dir='ltr'><strong>sint</strong></span> <span class='ocrx_word' id='word_1_359' title='bbox 1370 4491 1426 4539; x_wconf 91' lang='lat' dir='ltr'><strong>et</strong></span> <span class='ocrx_word' id='word_1_360' title='bbox 1453 4480 1722 4537; x_wconf 86' lang='lat' dir='ltr'><strong>informia.</strong></span> <span class='ocrx_word' id='word_1_361' title='bbox 1773 4477 1963 4532; x_wconf 85' lang='lat' dir='ltr'><strong>Cicero</strong></span> <span class='ocrx_word' id='word_1_362' title='bbox 2006 4480 2186 4531; x_wconf 86' lang='lat' dir='ltr'><strong>autem</strong></span> 
     </span>
    </p>
   </div>
   <div class='ocr_carea' id='block_1_47' title="bbox 603 4565 2183 4648">
    <p class='ocr_par' dir='ltr' id='par_1_47' title="bbox 603 4565 2183 4648">
     <span class='ocr_line' id='line_1_47' title="bbox 603 4565 2183 4648; baseline -0.016 -2"><span class='ocrx_word' id='word_1_363' title='bbox 603 4565 779 4646; x_wconf 68' lang='lat' dir='ltr'><strong>studio</strong></span> <span class='ocrx_word' id='word_1_364' title='bbox 804 4579 1107 4645; x_wconf 86' lang='lat' dir='ltr'><strong>refellendi,</strong></span> <span class='ocrx_word' id='word_1_365' title='bbox 1143 4587 1399 4648; x_wconf 90' lang='lat' dir='ltr'><strong>quantum</strong></span> <span class='ocrx_word' id='word_1_366' title='bbox 1430 4573 1660 4634; x_wconf 85' lang='lat' dir='ltr'><strong>videtur,</strong></span> <span class='ocrx_word' id='word_1_367' title='bbox 1691 4577 1904 4639; x_wconf 82' lang='lat' dir='ltr'><strong>prepter</strong></span> <span class='ocrx_word' id='word_1_368' title='bbox 1931 4565 2183 4622; x_wconf 84' lang='lat' dir='ltr'><strong>adversa-</strong></span> 
     </span>
    </p>
   </div>
   <div class='ocr_carea' id='block_1_48' title="bbox 604 4657 2188 4750">
    <p class='ocr_par' dir='ltr' id='par_1_48' title="bbox 604 4657 2188 4750">
     <span class='ocr_line' id='line_1_48' title="bbox 604 4657 2188 4750; baseline -0.018 -11"><span class='ocrx_word' id='word_1_369' title='bbox 604 4684 714 4739; x_wconf 89' lang='lat' dir='ltr'><strong>rios</strong></span> <span class='ocrx_word' id='word_1_370' title='bbox 737 4673 1081 4750; x_wconf 85' lang='lat' dir='ltr'><strong>corporaliter</strong></span> <span class='ocrx_word' id='word_1_371' title='bbox 1110 4667 1404 4726; x_wconf 89' lang='lat' dir='ltr'><strong>sentientes</strong></span> <span class='ocrx_word' id='word_1_372' title='bbox 1429 4671 1584 4736; x_wconf 84' lang='lat' dir='ltr'><strong>negat</strong></span> <span class='ocrx_word' id='word_1_373' title='bbox 1608 4660 1814 4717; x_wconf 87' lang='lat' dir='ltr'><strong>infinito</strong></span> <span class='ocrx_word' id='word_1_374' title='bbox 1829 4657 2188 4730; x_wconf 76' lang='lat' dir='ltr'><strong>aliquidjungi</strong></span> 
     </span>
    </p>
   </div>
   <div class='ocr_carea' id='block_1_49' title="bbox 605 4750 2187 4849">
    <p class='ocr_par' dir='ltr' id='par_1_49' title="bbox 605 4750 2187 4849">
     <span class='ocr_line' id='line_1_49' title="bbox 605 4750 2187 4849; baseline -0.02 -16"><span class='ocrx_word' id='word_1_375' title='bbox 605 4790 782 4849; x_wconf 82' lang='lat' dir='ltr'><strong>posse,</strong></span> <span class='ocrx_word' id='word_1_376' title='bbox 803 4769 926 4844; x_wconf 86' lang='lat' dir='ltr'><strong>quia</strong></span> <span class='ocrx_word' id='word_1_377' title='bbox 952 4785 1017 4824; x_wconf 78' lang='lat' dir='ltr'><strong>ex</strong></span> <span class='ocrx_word' id='word_1_378' title='bbox 1049 4782 1108 4819; x_wconf 86' lang='lat' dir='ltr'><strong>ea</strong></span> <span class='ocrx_word' id='word_1_379' title='bbox 1134 4769 1280 4833; x_wconf 90' lang='lat' dir='ltr'><strong>parte</strong></span> <span class='ocrx_word' id='word_1_380' title='bbox 1308 4765 1410 4830; x_wconf 88' lang='lat' dir='ltr'><strong>qua</strong></span> <span class='ocrx_word' id='word_1_381' title='bbox 1438 4755 1721 4849; x_wconf 80' lang='lat' dir='ltr'><strong>quidquam</strong></span> <span class='ocrx_word' id='word_1_382' title='bbox 1742 4750 2064 4849; x_wconf 54' lang='lat' dir='ltr'><strong>adiungitur,</strong></span> <span class='ocrx_word' id='word_1_383' title='bbox 2091 4755 2187 4803; x_wconf 85' lang='lat' dir='ltr'><strong>ne-</strong></span> 
     </span>
    </p>
   </div>
   <div class='ocr_carea' id='block_1_50' title="bbox 604 4841 2191 4925">
    <p class='ocr_par' dir='ltr' id='par_1_50' title="bbox 604 4841 2191 4925">
     <span class='ocr_line' id='line_1_50' title="bbox 604 4841 2191 4925; baseline -0.018 -4"><span class='ocrx_word' id='word_1_384' title='bbox 604 4841 753 4921; x_wconf 74' lang='lat' dir='ltr'><strong>cesse</strong></span> <span class='ocrx_word' id='word_1_385' title='bbox 777 4841 897 4919; x_wconf 66' lang='lat' dir='ltr'><strong>esse</strong></span> <span class='ocrx_word' id='word_1_386' title='bbox 923 4859 975 4914; x_wconf 92' lang='lat' dir='ltr'><strong>in</strong></span> <span class='ocrx_word' id='word_1_387' title='bbox 1002 4852 1312 4925; x_wconf 89' lang='lat' dir='ltr'><strong>corporibus</strong></span> <span class='ocrx_word' id='word_1_388' title='bbox 1342 4849 1575 4918; x_wconf 89' lang='lat' dir='ltr'><strong>aliquem</strong></span> <span class='ocrx_word' id='word_1_389' title='bbox 1605 4843 1783 4900; x_wconf 84' lang='lat' dir='ltr'><strong>tinem.</strong></span> <span class='ocrx_word' id='word_1_390' title='bbox 1818 4841 1942 4898; x_wconf 90' lang='lat' dir='ltr'><strong>Ideo</strong></span> <span class='ocrx_word' id='word_1_391' title='bbox 1979 4843 2053 4897; x_wconf 87' lang='lat' dir='ltr'><strong>ait</strong></span> <span class='ocrx_word' id='word_1_392' title='bbox 2091 4847 2191 4895; x_wconf 84' lang='lat' dir='ltr'><strong>non</strong></span> 
     </span>
    </p>
   </div>
   <div class='ocr_carea' id='block_1_51' title="bbox 607 4933 2190 5019">
    <p class='ocr_par' dir='ltr' id='par_1_51' title="bbox 607 4933 2190 5019">
     <span class='ocr_line' id='line_1_51' title="bbox 607 4933 2190 5019; baseline -0.016 -9"><span class='ocrx_word' id='word_1_393' title='bbox 607 4971 718 5010; x_wconf 89' lang='lat' dir='ltr'><strong>eum</strong></span> <span class='ocrx_word' id='word_1_394' title='bbox 741 4952 942 5018; x_wconf 81' lang='lat' dir='ltr'><strong>vidisse,</strong></span> <span class='ocrx_word' id='word_1_395' title='bbox 973 4963 1130 5019; x_wconf 82' lang='lat' dir='ltr'><strong>neque</strong></span> <span class='ocrx_word' id='word_1_396' title='bbox 1159 4953 1349 4998; x_wconf 82' lang='lat' dir='ltr'><strong>motum</strong></span> <span class='ocrx_word' id='word_1_397' title='bbox 1374 4935 1543 4994; x_wconf 72' lang='lat' dir='ltr'><strong>sensui</strong></span> <span class='ocrx_word' id='word_1_398' title='bbox 1562 4947 1798 5007; x_wconf 65' lang='lat' dir='ltr'><strong>Junctum</strong></span> <span class='ocrx_word' id='word_1_399' title='bbox 1831 4943 1886 4998; x_wconf 65' lang='grc' dir='ltr'><strong>,ει</strong></span> <span class='ocrx_word' id='word_1_400' title='bbox 1927 4933 2190 4989; x_wconf 81' lang='lat' dir='ltr'><strong>continen-</strong></span> 
     </span>
    </p>
   </div>
   <div class='ocr_carea' id='block_1_52' title="bbox 611 5025 2188 5107">
    <p class='ocr_par' dir='ltr' id='par_1_52' title="bbox 611 5025 2188 5107">
     <span class='ocr_line' id='line_1_52' title="bbox 611 5025 2188 5107; baseline -0.015 -7"><span class='ocrx_word' id='word_1_401' title='bbox 611 5057 725 5107; x_wconf 85' lang='lat' dir='ltr'><strong>tem,</strong></span> <span class='ocrx_word' id='word_1_402' title='bbox 754 5042 805 5098; x_wconf 91' lang='lat' dir='ltr'><strong>id</strong></span> <span class='ocrx_word' id='word_1_403' title='bbox 831 5053 908 5096; x_wconf 87' lang='lat' dir='ltr'><strong>est</strong></span> <span class='ocrx_word' id='word_1_404' title='bbox 935 5040 1183 5094; x_wconf 87' lang='lat' dir='ltr'><strong>continua</strong></span> <span class='ocrx_word' id='word_1_405' title='bbox 1201 5032 1536 5104; x_wconf 82' lang='lat' dir='ltr'><strong>copulatione</strong></span> <span class='ocrx_word' id='word_1_406' title='bbox 1559 5027 1940 5090; x_wconf 67' lang='lat' dir='ltr'><strong>adhaerentem,</strong></span> <span class='ocrx_word' id='word_1_407' title='bbox 1968 5025 2188 5094; x_wconf 79' lang='lat' dir='ltr'><strong>inﬁnito,</strong></span> 
     </span>
    </p>
   </div>
   <div class='ocr_carea' id='block_1_53' title="bbox 611 5111 2191 5194">
    <p class='ocr_par' dir='ltr' id='par_1_53' title="bbox 611 5111 2191 5194">
     <span class='ocr_line' id='line_1_53' title="bbox 611 5111 2191 5194; baseline -0.016 -2"><span class='ocrx_word' id='word_1_408' title='bbox 611 5136 660 5192; x_wconf 89' lang='lat' dir='ltr'><strong>id</strong></span> <span class='ocrx_word' id='word_1_409' title='bbox 686 5141 768 5189; x_wconf 90' lang='lat' dir='ltr'><strong>est</strong></span> <span class='ocrx_word' id='word_1_410' title='bbox 790 5130 1006 5186; x_wconf 65' lang='grc' dir='ltr'>ἱιιῐὶιιῑιω</span> <span class='ocrx_word' id='word_1_411' title='bbox 1033 5128 1129 5194; x_wconf 88' lang='lat' dir='ltr'><strong>rei,</strong></span> <span class='ocrx_word' id='word_1_412' title='bbox 1163 5126 1324 5180; x_wconf 79' lang='lat' dir='ltr'><strong>ullum</strong></span> <span class='ocrx_word' id='word_1_413' title='bbox 1352 5138 1458 5176; x_wconf 79' lang='lat' dir='ltr'><strong>esse</strong></span> <span class='ocrx_word' id='word_1_414' title='bbox 1486 5134 1648 5190; x_wconf 79' lang='lat' dir='ltr'><strong>posse,</strong></span> <span class='ocrx_word' id='word_1_415' title='bbox 1673 5118 1820 5188; x_wconf 89' lang='lat' dir='ltr'><strong>quasi</strong></span> <span class='ocrx_word' id='word_1_416' title='bbox 1851 5115 1919 5171; x_wconf 90' lang='lat' dir='ltr'><strong>de</strong></span> <span class='ocrx_word' id='word_1_417' title='bbox 1948 5111 2157 5186; x_wconf 85' lang='lat' dir='ltr'><strong>corpori</strong></span> <span class='ocrx_word' id='word_1_418' title='bbox 2175 5150 2191 5158; x_wconf 84' lang='grc'><strong><em>-</em></strong></span> 
     </span>
    </p>
   </div>
   <div class='ocr_carea' id='block_1_54' title="bbox 610 5209 2193 5297">
    <p class='ocr_par' dir='ltr' id='par_1_54' title="bbox 610 5209 2193 5297">
     <span class='ocr_line' id='line_1_54' title="bbox 610 5209 2193 5297; baseline -0.017 -10"><span class='ocrx_word' id='word_1_419' title='bbox 610 5232 710 5287; x_wconf 91' lang='lat' dir='ltr'><strong>bus</strong></span> <span class='ocrx_word' id='word_1_420' title='bbox 739 5232 941 5297; x_wconf 89' lang='lat' dir='ltr'><strong>ageret,</strong></span> <span class='ocrx_word' id='word_1_421' title='bbox 982 5221 1172 5294; x_wconf 85' lang='lat' dir='ltr'><strong>quibus</strong></span> <span class='ocrx_word' id='word_1_422' title='bbox 1199 5218 1325 5273; x_wconf 90' lang='lat' dir='ltr'><strong>nihil</strong></span> <span class='ocrx_word' id='word_1_423' title='bbox 1363 5214 1510 5288; x_wconf 86' lang='lat' dir='ltr'><strong>jungi</strong></span> <span class='ocrx_word' id='word_1_424' title='bbox 1543 5212 1640 5266; x_wconf 85' lang='lat' dir='ltr'><strong>nisi</strong></span> <span class='ocrx_word' id='word_1_425' title='bbox 1674 5225 1768 5279; x_wconf 87' lang='lat' dir='ltr'><strong>per</strong></span> <span class='ocrx_word' id='word_1_426' title='bbox 1799 5211 1929 5264; x_wconf 77' lang='lat' dir='ltr'><strong>fines</strong></span> <span class='ocrx_word' id='word_1_427' title='bbox 1955 5209 2193 5263; x_wconf 82' lang='lat' dir='ltr'><strong>locorum</strong></span> 
     </span>
    </p>
   </div>
   <div class='ocr_carea' id='block_1_55' title="bbox 679 5345 1882 5417">
    <p class='ocr_par' dir='ltr' id='par_1_55' title="bbox 679 5345 1882 5417">
     <span class='ocr_line' id='line_1_55' title="bbox 679 5345 1882 5417; baseline -0.02 1"><span class='ocrx_word' id='word_1_428' title='bbox 679 5369 697 5402; x_wconf 78' lang='grc' dir='ltr'>ί</span> <span class='ocrx_word' id='word_1_429' title='bbox 726 5365 872 5416; x_wconf 78' lang='lat' dir='ltr'><strong>vatio.</strong></span> <span class='ocrx_word' id='word_1_430' title='bbox 893 5361 992 5411; x_wconf 86' lang='lat' dir='ltr'><strong>duo</strong></span> <span class='ocrx_word' id='word_1_431' title='bbox 1013 5373 1026 5408; x_wconf 88' lang='lat'><strong>:</strong></span> <span class='ocrx_word' id='word_1_432' title='bbox 1047 5355 1147 5409; x_wconf 74' lang='lat' dir='ltr'><strong>Nisi</strong></span> <span class='ocrx_word' id='word_1_433' title='bbox 1169 5364 1297 5407; x_wconf 79' lang='lat' dir='ltr'><strong>Deus</strong></span> <span class='ocrx_word' id='word_1_434' title='bbox 1327 5359 1374 5406; x_wconf 83' lang='lat' dir='ltr'><strong>et</strong></span> <span class='ocrx_word' id='word_1_435' title='bbox 1394 5351 1474 5405; x_wconf 78' lang='lat' dir='ltr'><strong>cui</strong></span> <span class='ocrx_word' id='word_1_436' title='bbox 1494 5350 1596 5417; x_wconf 80' lang='lat' dir='ltr'><strong>ipse</strong></span> <span class='ocrx_word' id='word_1_437' title='bbox 1617 5345 1882 5414; x_wconf 68' lang='grc' dir='ltr'><strong>ἕηδρὶιοαήι.</strong></span> 
     </span>
    </p>
   </div>
   <div class='ocr_carea' id='block_1_56' title="bbox 673 5427 2195 5513">
    <p class='ocr_par' dir='ltr' id='par_1_56' title="bbox 673 5427 2195 5513">
     <span class='ocr_line' id='line_1_56' title="bbox 673 5427 2195 5513; baseline -0.015 -17"><span class='ocrx_word' id='word_1_438' title='bbox 673 5450 747 5513; x_wconf 70' lang='grc' dir='ltr'>(ιι)</span> <span class='ocrx_word' id='word_1_439' title='bbox 770 5447 944 5513; x_wconf 65' lang='lat' dir='ltr'><strong>Verba</strong></span> <span class='ocrx_word' id='word_1_440' title='bbox 962 5439 1207 5491; x_wconf 65' lang='lat' dir='ltr'><strong>ticeroois</strong></span> <span class='ocrx_word' id='word_1_441' title='bbox 1238 5448 1349 5513; x_wconf 66' lang='lat' dir='ltr'><strong>quae</strong></span> <span class='ocrx_word' id='word_1_442' title='bbox 1383 5427 2008 5513; x_wconf 50' lang='lat' dir='ltr'><strong>hicmversanttn‘</strong></span> 
     </span>
    </p>
   </div>
   <div class='ocr_carea' id='block_1_57' title="bbox 621 5495 2199 5570">
    <p class='ocr_par' dir='ltr' id='par_1_57' title="bbox 621 5495 2199 5570">
     <span class='ocr_line' id='line_1_57' title="bbox 621 5495 2199 5570; baseline -0.016 -9"><span class='ocrx_word' id='word_1_443' title='bbox 621 5535 642 5562; x_wconf 70' lang='grc' dir='ltr'><strong>α</strong></span> <span class='ocrx_word' id='word_1_444' title='bbox 657 5495 781 5570; x_wconf 49' lang='lat' dir='ltr'><strong>Post,</strong></span> <span class='ocrx_word' id='word_1_445' title='bbox 804 5495 1123 5558; x_wconf 42' lang='lat' dir='ltr'><strong>anaximenes</strong></span> <span class='ocrx_word' id='word_1_446' title='bbox 1141 5495 1422 5570; x_wconf 50' lang='lat' dir='ltr'><strong>aena-penu)</strong></span> <span class='ocrx_word' id='word_1_447' title='bbox 1441 5495 1623 5552; x_wconf 81' lang='lat' dir='ltr'><strong>statuit,</strong></span> <span class='ocrx_word' id='word_1_448' title='bbox 1646 5505 1857 5564; x_wconf 68' lang='lat' dir='ltr'><strong>eumque</strong></span> <span class='ocrx_word' id='word_1_449' title='bbox 1877 5495 2008 5570; x_wconf 64' lang='lat' dir='ltr'><strong>gigni</strong></span> <span class='ocrx_word' id='word_1_450' title='bbox 2023 5523 2037 5546; x_wconf 89' lang='lat'><strong>,</strong></span> <span class='ocrx_word' id='word_1_451' title='bbox 2060 5497 2199 5562; x_wconf 51' lang='lat' dir='ltr'><strong>esse:</strong></span> 
     </span>
    </p>
   </div>
   <div class='ocr_carea' id='block_1_58' title="bbox 621 5549 2200 5638">
    <p class='ocr_par' dir='ltr' id='par_1_58' title="bbox 621 5549 2200 5638">
     <span class='ocr_line' id='line_1_58' title="bbox 621 5549 2200 5638; baseline -0.015 -17"><span class='ocrx_word' id='word_1_452' title='bbox 621 5549 1090 5638; x_wconf 51' lang='lat' dir='ltr'><strong>i’téiiaiéiigiipi;</strong></span> <span class='ocrx_word' id='word_1_453' title='bbox 1104 5549 1182 5638; x_wconf 84' lang='lat' dir='ltr'><strong>et</strong></span> <span class='ocrx_word' id='word_1_454' title='bbox 1217 5560 1469 5638; x_wconf 53' lang='lat' dir='ltr'><strong>infinitum,</strong></span> <span class='ocrx_word' id='word_1_455' title='bbox 1508 5565 1559 5606; x_wconf 88' lang='lat' dir='ltr'><strong>et</strong></span> <span class='ocrx_word' id='word_1_456' title='bbox 1575 5549 1772 5638; x_wconf 14' lang='lat' dir='ltr'><strong>suun-per</strong></span> <span class='ocrx_word' id='word_1_457' title='bbox 1861 5549 2200 5638; x_wconf 35' lang='lat' dir='ltr'><strong>litatur</strong></span> 
     </span>
    </p>
   </div>
   <div class='ocr_carea' id='block_1_59' title="bbox 620 5619 2202 5685">
    <p class='ocr_par' dir='ltr' id='par_1_59' title="bbox 620 5619 2202 5685">
     <span class='ocr_line' id='line_1_59' title="bbox 620 5619 2202 5685; baseline -0.016 0"><span class='ocrx_word' id='word_1_458' title='bbox 620 5619 844 5685; x_wconf 26' lang='lat' dir='ltr'><strong>ﬂio—laver</strong></span> <span class='ocrx_word' id='word_1_459' title='bbox 860 5634 966 5682; x_wconf 83' lang='lat' dir='ltr'><strong>sine</strong></span> <span class='ocrx_word' id='word_1_460' title='bbox 986 5619 1086 5678; x_wconf 65' lang='lat' dir='ltr'><strong>ulla</strong></span> <span class='ocrx_word' id='word_1_461' title='bbox 1103 5625 1250 5674; x_wconf 83' lang='lat' dir='ltr'><strong>forma</strong></span> <span class='ocrx_word' id='word_1_462' title='bbox 1268 5630 1395 5685; x_wconf 76' lang='lat' dir='ltr'><strong>Deus</strong></span> <span class='ocrx_word' id='word_1_463' title='bbox 1430 5633 1541 5685; x_wconf 72' lang='lat' dir='ltr'><strong>esse</strong></span> <span class='ocrx_word' id='word_1_464' title='bbox 1581 5619 1746 5685; x_wconf 63' lang='lat' dir='ltr'><strong>t.0_5.ii!.</strong></span> <span class='ocrx_word' id='word_1_465' title='bbox 1783 5628 1894 5685; x_wconf 69' lang='lat' dir='ltr'><strong>euut</strong></span> <span class='ocrx_word' id='word_1_466' title='bbox 1930 5619 2202 5685; x_wconf 62' lang='lat' dir='ltr'><strong>praesertim</strong></span> 
     </span>
    </p>
   </div>
   <div class='ocr_carea' id='block_1_60' title="bbox 622 5673 2200 5750">
    <p class='ocr_par' dir='ltr' id='par_1_60' title="bbox 622 5673 2200 5750">
     <span class='ocr_line' id='line_1_60' title="bbox 622 5673 2200 5750; baseline -0.016 -4"><span class='ocrx_word' id='word_1_467' title='bbox 622 5673 1087 5746; x_wconf 47' lang='lat' dir='ltr'><strong>ibéltiﬁ&#39;nt&#39;ii&#39;hiid</strong></span> <span class='ocrx_word' id='word_1_468' title='bbox 1105 5673 1279 5750; x_wconf 82' lang='lat' dir='ltr'><strong>aliqua,</strong></span> <span class='ocrx_word' id='word_1_469' title='bbox 1301 5681 1386 5750; x_wconf 74' lang='lat' dir='ltr'><strong>sed</strong></span> <span class='ocrx_word' id='word_1_470' title='bbox 1409 5697 1420 5744; x_wconf 83' lang='grc' dir='ltr'><strong>ι</strong></span> <span class='ocrx_word' id='word_1_471' title='bbox 1439 5673 1728 5750; x_wconf 63' lang='lat' dir='ltr'><strong>ulchei&#39;rinta</strong></span> <span class='ocrx_word' id='word_1_472' title='bbox 1747 5673 2079 5750; x_wconf 13' lang='lat' dir='ltr'><strong>_sp.ecie&#39;ress_e</strong></span> <span class='ocrx_word' id='word_1_473' title='bbox 2111 5673 2200 5750; x_wconf 77' lang='lat' dir='ltr'><strong>de-</strong></span> 
     </span>
    </p>
   </div>
   <div class='ocr_carea' id='block_1_61' title="bbox 623 5740 2204 5814">
    <p class='ocr_par' dir='ltr' id='par_1_61' title="bbox 623 5740 2204 5814">
     <span class='ocr_line' id='line_1_61' title="bbox 623 5740 2204 5814; baseline -0.014 -8"><span class='ocrx_word' id='word_1_474' title='bbox 623 5740 1015 5814; x_wconf 42' lang='lat' dir='ltr'><strong>iceat&#39;Eatttnou</strong></span> <span class='ocrx_word' id='word_1_475' title='bbox 1033 5740 1322 5810; x_wconf 65' lang='lat' dir='ltr'><strong>omne&#39;qnbd</strong></span> <span class='ocrx_word' id='word_1_476' title='bbox 1359 5740 1518 5794; x_wconf 79' lang='lat' dir='ltr'><strong>ortum</strong></span> <span class='ocrx_word' id='word_1_477' title='bbox 1535 5743 1616 5801; x_wconf 86' lang='lat' dir='ltr'><strong>sit,</strong></span> <span class='ocrx_word' id='word_1_478' title='bbox 1639 5740 1906 5791; x_wconf 79' lang='lat' dir='ltr'><strong>mortalitas</strong></span> <span class='ocrx_word' id='word_1_479' title='bbox 1936 5747 2204 5798; x_wconf 81' lang='lat' dir='ltr'><strong>consequa-</strong></span> 
     </span>
    </p>
   </div>
   <div class='ocr_carea' id='block_1_62' title="bbox 624 5813 1412 5869">
    <p class='ocr_par' dir='ltr' id='par_1_62' title="bbox 624 5813 1412 5869">
     <span class='ocr_line' id='line_1_62' title="bbox 624 5813 1412 5869; baseline -0.014 -3"><span class='ocrx_word' id='word_1_480' title='bbox 624 5836 644 5866; x_wconf 76' lang='grc' dir='ltr'><strong><em>ο</em></strong></span> <span class='ocrx_word' id='word_1_481' title='bbox 667 5829 745 5869; x_wconf 83' lang='lat' dir='ltr'><strong>tur</strong></span> <span class='ocrx_word' id='word_1_482' title='bbox 779 5834 801 5863; x_wconf 74' lang='grc' dir='ltr'><strong>ι</strong></span> <span class='ocrx_word' id='word_1_483' title='bbox 825 5815 924 5864; x_wconf 82' lang='lat' dir='ltr'><strong>Lib.</strong></span> <span class='ocrx_word' id='word_1_484' title='bbox 944 5814 967 5864; x_wconf 84' lang='grc'><strong>1</strong></span> <span class='ocrx_word' id='word_1_485' title='bbox 986 5813 1051 5863; x_wconf 87' lang='lat' dir='ltr'><strong>de</strong></span> <span class='ocrx_word' id='word_1_486' title='bbox 1067 5818 1168 5862; x_wconf 61' lang='lat' dir='ltr'><strong>nat.</strong></span> <span class='ocrx_word' id='word_1_487' title='bbox 1189 5817 1412 5860; x_wconf 85' lang='lat' dir='ltr'><strong>Deorum.</strong></span> 
     </span>
    </p>
   </div>
   <div class='ocr_carea' id='block_1_63' title="bbox 1800 313 2609 395">
    <p class='ocr_par' dir='ltr' id='par_1_63' title="bbox 1800 313 2609 395">
     <span class='ocr_line' id='line_1_63' title="bbox 1800 313 2609 395; baseline -0.006 0"><span class='ocrx_word' id='word_1_488' title='bbox 1800 339 1859 395; x_wconf 88' lang='lat' dir='ltr'><strong>s.</strong></span> <span class='ocrx_word' id='word_1_489' title='bbox 1899 329 2269 394; x_wconf 78' lang='lat' dir='ltr'><strong>AUGUSTINI</strong></span> <span class='ocrx_word' id='word_1_490' title='bbox 2304 313 2609 390; x_wconf 69' lang='lat' dir='ltr'><strong>EPIStJOPl</strong></span> 
     </span>
    </p>
   </div>
   <div class='ocr_carea' id='block_1_64' title="bbox 3736 341 3832 406">
    <p class='ocr_par' dir='ltr' id='par_1_64' title="bbox 3736 341 3832 406">
     <span class='ocr_line' id='line_1_64' title="bbox 3736 341 3832 406; baseline 0 0"><span class='ocrx_word' id='word_1_491' title='bbox 3736 341 3832 406; x_wconf 74' lang='grc' dir='ltr'><strong>ιιι</strong></span> 
     </span>
    </p>
   </div>
   <div class='ocr_carea' id='block_1_65' title="bbox 2257 437 3821 530">
    <p class='ocr_par' dir='ltr' id='par_1_65' title="bbox 2257 437 3821 530">
     <span class='ocr_line' id='line_1_65' title="bbox 2257 437 3821 530; baseline 0.009 -29"><span class='ocrx_word' id='word_1_492' title='bbox 2257 457 2449 518; x_wconf 89' lang='lat' dir='ltr'><strong>potest.</strong></span> <span class='ocrx_word' id='word_1_493' title='bbox 2479 448 2570 505; x_wconf 90' lang='lat' dir='ltr'><strong>Sic</strong></span> <span class='ocrx_word' id='word_1_494' title='bbox 2595 457 2771 506; x_wconf 88' lang='lat' dir='ltr'><strong>autem</strong></span> <span class='ocrx_word' id='word_1_495' title='bbox 2797 451 3032 508; x_wconf 85' lang='lat' dir='ltr'><strong>addidit:</strong></span> <span class='ocrx_word' id='word_1_496' title='bbox 3058 437 3240 522; x_wconf 72' lang='lat' dir='ltr'><strong>Nequa</strong></span> <span class='ocrx_word' id='word_1_497' title='bbox 3258 471 3458 512; x_wconf 68' lang='lat' dir='ltr'><strong>senum</strong></span> <span class='ocrx_word' id='word_1_498' title='bbox 3486 458 3711 526; x_wconf 76' lang='lat' dir='ltr'><strong>omsino,</strong></span> <span class='ocrx_word' id='word_1_499' title='bbox 3731 477 3821 530; x_wconf 76' lang='lat' dir='ltr'><strong>quo</strong></span> 
     </span>
    </p>
   </div>
   <div class='ocr_carea' id='block_1_66' title="bbox 2257 543 3827 618">
    <p class='ocr_par' dir='ltr' id='par_1_66' title="bbox 2257 543 3827 618">
     <span class='ocr_line' id='line_1_66' title="bbox 2257 543 3827 618; baseline 0.008 -23"><span class='ocrx_word' id='word_1_500' title='bbox 2257 555 2359 596; x_wconf 88' lang='lat' dir='ltr'><strong>non</strong></span> <span class='ocrx_word' id='word_1_501' title='bbox 2385 550 2491 596; x_wconf 86' lang='lat' dir='ltr'><strong>tota</strong></span> <span class='ocrx_word' id='word_1_502' title='bbox 2513 552 2696 597; x_wconf 87' lang='lat' dir='ltr'><strong>natura</strong></span> <span class='ocrx_word' id='word_1_503' title='bbox 2722 543 2868 612; x_wconf 84' lang='lat' dir='ltr'><strong>pulsa</strong></span> <span class='ocrx_word' id='word_1_504' title='bbox 2893 545 3134 610; x_wconf 78' lang='lat' dir='ltr'><strong>sentiret;</strong></span> <span class='ocrx_word' id='word_1_505' title='bbox 3160 547 3310 618; x_wconf 91' lang='lat' dir='ltr'><strong>quasi</strong></span> <span class='ocrx_word' id='word_1_506' title='bbox 3341 547 3429 603; x_wconf 84' lang='lat' dir='ltr'><strong>ille</strong></span> <span class='ocrx_word' id='word_1_507' title='bbox 3448 547 3666 604; x_wconf 80' lang='lat' dir='ltr'><strong>dixisset</strong></span> <span class='ocrx_word' id='word_1_508' title='bbox 3687 566 3827 609; x_wconf 85' lang='lat' dir='ltr'><strong>men-</strong></span> 
     </span>
    </p>
   </div>
   <div class='ocr_carea' id='block_1_67' title="bbox 2260 633 3826 703">
    <p class='ocr_par' dir='ltr' id='par_1_67' title="bbox 2260 633 3826 703">
     <span class='ocr_line' id='line_1_67' title="bbox 2260 633 3826 703; baseline 0.01 -16"><span class='ocrx_word' id='word_1_509' title='bbox 2260 640 2366 688; x_wconf 89' lang='lat' dir='ltr'><strong>tem</strong></span> <span class='ocrx_word' id='word_1_510' title='bbox 2395 633 2540 690; x_wconf 89' lang='lat' dir='ltr'><strong>illam</strong></span> <span class='ocrx_word' id='word_1_511' title='bbox 2578 633 2958 692; x_wconf 88' lang='lat' dir='ltr'><strong>ordinatricem</strong></span> <span class='ocrx_word' id='word_1_512' title='bbox 2986 645 3042 692; x_wconf 89' lang='lat' dir='ltr'><strong>et</strong></span> <span class='ocrx_word' id='word_1_513' title='bbox 3069 635 3476 697; x_wconf 65' lang='lat' dir='ltr'><strong>madera‘ricem</strong></span> <span class='ocrx_word' id='word_1_514' title='bbox 3514 657 3689 697; x_wconf 83' lang='lat' dir='ltr'><strong>rerum</strong></span> <span class='ocrx_word' id='word_1_515' title='bbox 3719 658 3826 703; x_wconf 77' lang='lat' dir='ltr'><strong>orn-</strong></span> 
     </span>
    </p>
   </div>
   <div class='ocr_carea' id='block_1_68' title="bbox 2260 724 3827 805">
    <p class='ocr_par' dir='ltr' id='par_1_68' title="bbox 2260 724 3827 805">
     <span class='ocr_line' id='line_1_68' title="bbox 2260 724 3827 805; baseline 0.008 -27"><span class='ocrx_word' id='word_1_516' title='bbox 2260 724 2404 779; x_wconf 89' lang='lat' dir='ltr'><strong>nium</strong></span> <span class='ocrx_word' id='word_1_517' title='bbox 2425 725 2622 782; x_wconf 89' lang='lat' dir='ltr'><strong>habere</strong></span> <span class='ocrx_word' id='word_1_518' title='bbox 2640 743 2881 795; x_wconf 80' lang='lat' dir='ltr'><strong>sensum,</strong></span> <span class='ocrx_word' id='word_1_519' title='bbox 2900 729 3111 799; x_wconf 88' lang='lat' dir='ltr'><strong>qualem</strong></span> <span class='ocrx_word' id='word_1_520' title='bbox 3139 729 3299 786; x_wconf 84' lang='lat' dir='ltr'><strong>habet</strong></span> <span class='ocrx_word' id='word_1_521' title='bbox 3324 732 3497 786; x_wconf 89' lang='lat' dir='ltr'><strong>anima</strong></span> <span class='ocrx_word' id='word_1_522' title='bbox 3519 747 3613 803; x_wconf 87' lang='lat' dir='ltr'><strong>per</strong></span> <span class='ocrx_word' id='word_1_523' title='bbox 3630 748 3827 805; x_wconf 82' lang='lat' dir='ltr'><strong>corpus.</strong></span> 
     </span>
    </p>
   </div>
   <div class='ocr_carea' id='block_1_69' title="bbox 2258 816 3829 897">
    <p class='ocr_par' dir='ltr' id='par_1_69' title="bbox 2258 816 3829 897">
     <span class='ocr_line' id='line_1_69' title="bbox 2258 816 3829 897; baseline 0.006 -24"><span class='ocrx_word' id='word_1_524' title='bbox 2258 816 2391 874; x_wconf 83' lang='lat' dir='ltr'><strong>Nam</strong></span> <span class='ocrx_word' id='word_1_525' title='bbox 2422 820 2762 876; x_wconf 84' lang='lat' dir='ltr'><strong>manifestum</strong></span> <span class='ocrx_word' id='word_1_526' title='bbox 2787 831 2870 876; x_wconf 87' lang='lat' dir='ltr'><strong>est</strong></span> <span class='ocrx_word' id='word_1_527' title='bbox 2901 831 3065 877; x_wconf 87' lang='lat' dir='ltr'><strong>totam</strong></span> <span class='ocrx_word' id='word_1_528' title='bbox 3092 822 3293 879; x_wconf 86' lang='lat' dir='ltr'><strong>sentire</strong></span> <span class='ocrx_word' id='word_1_529' title='bbox 3318 823 3572 889; x_wconf 85' lang='lat' dir='ltr'><strong>animam.</strong></span> <span class='ocrx_word' id='word_1_530' title='bbox 3600 840 3716 881; x_wconf 86' lang='lat' dir='ltr'><strong>eum</strong></span> <span class='ocrx_word' id='word_1_531' title='bbox 3746 825 3829 897; x_wconf 76' lang='lat' dir='ltr'><strong>pes</strong></span> 
     </span>
    </p>
   </div>
   <div class='ocr_carea' id='block_1_70' title="bbox 2260 913 3828 988">
    <p class='ocr_par' dir='ltr' id='par_1_70' title="bbox 2260 913 3828 988">
     <span class='ocr_line' id='line_1_70' title="bbox 2260 913 3828 988; baseline 0.006 -22"><span class='ocrx_word' id='word_1_532' title='bbox 2260 926 2456 982; x_wconf 91' lang='lat' dir='ltr'><strong>corpus</strong></span> <span class='ocrx_word' id='word_1_533' title='bbox 2494 913 2690 984; x_wconf 84' lang='lat' dir='ltr'><strong>aliquid</strong></span> <span class='ocrx_word' id='word_1_534' title='bbox 2726 915 2888 970; x_wconf 90' lang='lat' dir='ltr'><strong>sentit</strong></span> <span class='ocrx_word' id='word_1_535' title='bbox 2918 931 3078 970; x_wconf 91' lang='lat' dir='ltr'><strong>:nam</strong></span> <span class='ocrx_word' id='word_1_536' title='bbox 3123 925 3290 972; x_wconf 89' lang='lat' dir='ltr'><strong>totam</strong></span> <span class='ocrx_word' id='word_1_537' title='bbox 3335 918 3513 988; x_wconf 90' lang='lat' dir='ltr'><strong>utique</strong></span> <span class='ocrx_word' id='word_1_538' title='bbox 3551 934 3659 974; x_wconf 89' lang='lat' dir='ltr'><strong>non</strong></span> <span class='ocrx_word' id='word_1_539' title='bbox 3695 919 3828 988; x_wconf 84' lang='lat' dir='ltr'><strong>latet,</strong></span> 
     </span>
    </p>
   </div>
   <div class='ocr_carea' id='block_1_71' title="bbox 2261 1002 3831 1078">
    <p class='ocr_par' dir='ltr' id='par_1_71' title="bbox 2261 1002 3831 1078">
     <span class='ocr_line' id='line_1_71' title="bbox 2261 1002 3831 1078; baseline 0.008 -24"><span class='ocrx_word' id='word_1_540' title='bbox 2261 1002 2516 1074; x_wconf 90' lang='lat' dir='ltr'><strong>quidquid</strong></span> <span class='ocrx_word' id='word_1_541' title='bbox 2543 1005 2675 1060; x_wconf 91' lang='lat' dir='ltr'><strong>illud</strong></span> <span class='ocrx_word' id='word_1_542' title='bbox 2703 1014 2788 1061; x_wconf 76' lang='lat' dir='ltr'><strong>est</strong></span> <span class='ocrx_word' id='word_1_543' title='bbox 2820 1007 2963 1078; x_wconf 92' lang='lat' dir='ltr'><strong>quod</strong></span> <span class='ocrx_word' id='word_1_544' title='bbox 2993 1010 3244 1064; x_wconf 86' lang='lat' dir='ltr'><strong>sentitur.</strong></span> <span class='ocrx_word' id='word_1_545' title='bbox 3274 1008 3354 1063; x_wconf 82' lang='lat' dir='ltr'><strong>Ad</strong></span> <span class='ocrx_word' id='word_1_546' title='bbox 3383 1005 3487 1065; x_wconf 85' lang='lat' dir='ltr'><strong>hoc</strong></span> <span class='ocrx_word' id='word_1_547' title='bbox 3518 1018 3693 1065; x_wconf 87' lang='lat' dir='ltr'><strong>autem</strong></span> <span class='ocrx_word' id='word_1_548' title='bbox 3715 1011 3831 1068; x_wconf 73' lang='lat' dir='ltr'><strong>dixit</strong></span> 
     </span>
    </p>
   </div>
   <div class='ocr_carea' id='block_1_72' title="bbox 2261 1099 3832 1170">
    <p class='ocr_par' dir='ltr' id='par_1_72' title="bbox 2261 1099 3832 1170">
     <span class='ocr_line' id='line_1_72' title="bbox 2261 1099 3832 1170; baseline 0.006 -23"><span class='ocrx_word' id='word_1_549' title='bbox 2261 1101 2426 1148; x_wconf 91' lang='lat' dir='ltr'><strong>totam</strong></span> <span class='ocrx_word' id='word_1_550' title='bbox 2464 1104 2705 1150; x_wconf 92' lang='lat' dir='ltr'><strong>naturam</strong></span> <span class='ocrx_word' id='word_1_551' title='bbox 2741 1099 2961 1162; x_wconf 86' lang='lat' dir='ltr'><strong>sentire,</strong></span> <span class='ocrx_word' id='word_1_552' title='bbox 2992 1107 3050 1153; x_wconf 91' lang='lat' dir='ltr'><strong>ut</strong></span> <span class='ocrx_word' id='word_1_553' title='bbox 3073 1099 3144 1153; x_wconf 92' lang='lat' dir='ltr'><strong>illi</strong></span> <span class='ocrx_word' id='word_1_554' title='bbox 3171 1099 3321 1169; x_wconf 90' lang='lat' dir='ltr'><strong>quasi</strong></span> <span class='ocrx_word' id='word_1_555' title='bbox 3349 1099 3586 1156; x_wconf 84' lang='lat' dir='ltr'><strong>auferret</strong></span> <span class='ocrx_word' id='word_1_556' title='bbox 3613 1101 3745 1170; x_wconf 89' lang='lat' dir='ltr'><strong>quod</strong></span> <span class='ocrx_word' id='word_1_557' title='bbox 3769 1102 3832 1156; x_wconf 87' lang='lat' dir='ltr'><strong>ait</strong></span> 
     </span>
    </p>
   </div>
   <div class='ocr_carea' id='block_1_73' title="bbox 2263 1186 3830 1257">
    <p class='ocr_par' dir='ltr' id='par_1_73' title="bbox 2263 1186 3830 1257">
     <span class='ocr_line' id='line_1_73' title="bbox 2263 1186 3830 1257; baseline 0.006 -19"><span class='ocrx_word' id='word_1_558' title='bbox 2263 1193 2498 1241; x_wconf 85' lang='lat' dir='ltr'><strong>mentem</strong></span> <span class='ocrx_word' id='word_1_559' title='bbox 2529 1186 2807 1242; x_wconf 85' lang='lat' dir='ltr'><strong>infinitam.</strong></span> <span class='ocrx_word' id='word_1_560' title='bbox 2837 1188 3115 1257; x_wconf 79' lang='lat' dir='ltr'><strong>Quomodo</strong></span> <span class='ocrx_word' id='word_1_561' title='bbox 3139 1190 3282 1246; x_wconf 90' lang='lat' dir='ltr'><strong>enim</strong></span> <span class='ocrx_word' id='word_1_562' title='bbox 3310 1198 3419 1245; x_wconf 89' lang='lat' dir='ltr'><strong>tota</strong></span> <span class='ocrx_word' id='word_1_563' title='bbox 3449 1191 3633 1257; x_wconf 91' lang='lat' dir='ltr'><strong>sentit,</strong></span> <span class='ocrx_word' id='word_1_564' title='bbox 3661 1192 3702 1245; x_wconf 82' lang='lat' dir='ltr'><strong>si</strong></span> <span class='ocrx_word' id='word_1_565' title='bbox 3722 1192 3830 1247; x_wconf 82' lang='lat' dir='ltr'><strong>inll-</strong></span> 
     </span>
    </p>
   </div>
   <div class='ocr_carea' id='block_1_74' title="bbox 2264 1275 3830 1351">
    <p class='ocr_par' dir='ltr' id='par_1_74' title="bbox 2264 1275 3830 1351">
     <span class='ocr_line' id='line_1_74' title="bbox 2264 1275 3830 1351; baseline 0.005 -22"><span class='ocrx_word' id='word_1_566' title='bbox 2264 1275 2372 1330; x_wconf 85' lang='lat' dir='ltr'><strong>nita</strong></span> <span class='ocrx_word' id='word_1_567' title='bbox 2400 1277 2516 1331; x_wconf 85' lang='lat' dir='ltr'><strong>est?</strong></span> <span class='ocrx_word' id='word_1_568' title='bbox 2544 1275 2747 1334; x_wconf 88' lang='lat' dir='ltr'><strong>Sensus</strong></span> <span class='ocrx_word' id='word_1_569' title='bbox 2771 1279 2912 1334; x_wconf 89' lang='lat' dir='ltr'><strong>enim</strong></span> <span class='ocrx_word' id='word_1_570' title='bbox 2935 1281 3176 1351; x_wconf 88' lang='lat' dir='ltr'><strong>corporis</strong></span> <span class='ocrx_word' id='word_1_571' title='bbox 3204 1279 3273 1335; x_wconf 90' lang='lat' dir='ltr'><strong>ab</strong></span> <span class='ocrx_word' id='word_1_572' title='bbox 3300 1281 3479 1351; x_wconf 92' lang='lat' dir='ltr'><strong>aliquo</strong></span> <span class='ocrx_word' id='word_1_573' title='bbox 3496 1281 3618 1337; x_wconf 89' lang='lat' dir='ltr'><strong>loco</strong></span> <span class='ocrx_word' id='word_1_574' title='bbox 3646 1281 3830 1351; x_wconf 83' lang='lat' dir='ltr'><strong>incipit,</strong></span> 
     </span>
    </p>
   </div>
   <div class='ocr_carea' id='block_1_75' title="bbox 2265 1369 3830 1443">
    <p class='ocr_par' dir='ltr' id='par_1_75' title="bbox 2265 1369 3830 1443">
     <span class='ocr_line' id='line_1_75' title="bbox 2265 1369 3830 1443; baseline 0.005 -21"><span class='ocrx_word' id='word_1_575' title='bbox 2265 1382 2364 1423; x_wconf 90' lang='lat' dir='ltr'><strong>nec</strong></span> <span class='ocrx_word' id='word_1_576' title='bbox 2399 1369 2660 1438; x_wconf 92' lang='lat' dir='ltr'><strong>percurrit</strong></span> <span class='ocrx_word' id='word_1_577' title='bbox 2686 1379 2879 1437; x_wconf 86' lang='lat' dir='ltr'><strong>totum,</strong></span> <span class='ocrx_word' id='word_1_578' title='bbox 2916 1371 3018 1426; x_wconf 82' lang='lat' dir='ltr'><strong>nisi</strong></span> <span class='ocrx_word' id='word_1_579' title='bbox 3052 1371 3119 1427; x_wconf 91' lang='lat' dir='ltr'><strong>ad</strong></span> <span class='ocrx_word' id='word_1_580' title='bbox 3148 1371 3300 1440; x_wconf 86' lang='lat' dir='ltr'><strong>cujus</strong></span> <span class='ocrx_word' id='word_1_581' title='bbox 3328 1373 3486 1426; x_wconf 90' lang='lat' dir='ltr'><strong>tinem</strong></span> <span class='ocrx_word' id='word_1_582' title='bbox 3515 1373 3830 1443; x_wconf 82' lang='lat' dir='ltr'><strong>pervenerit;</strong></span> 
     </span>
    </p>
   </div>
   <div class='ocr_carea' id='block_1_76' title="bbox 2264 1458 3834 1533">
    <p class='ocr_par' dir='ltr' id='par_1_76' title="bbox 2264 1458 3834 1533">
     <span class='ocr_line' id='line_1_76' title="bbox 2264 1458 3834 1533; baseline 0.004 -21"><span class='ocrx_word' id='word_1_583' title='bbox 2264 1458 2407 1528; x_wconf 87' lang='lat' dir='ltr'><strong>quod</strong></span> <span class='ocrx_word' id='word_1_584' title='bbox 2435 1459 2487 1513; x_wconf 95' lang='lat' dir='ltr'><strong>in</strong></span> <span class='ocrx_word' id='word_1_585' title='bbox 2519 1458 2725 1514; x_wconf 87' lang='lat' dir='ltr'><strong>infinito</strong></span> <span class='ocrx_word' id='word_1_586' title='bbox 2766 1459 2872 1516; x_wconf 91' lang='lat' dir='ltr'><strong>dici</strong></span> <span class='ocrx_word' id='word_1_587' title='bbox 2904 1477 3008 1517; x_wconf 92' lang='lat' dir='ltr'><strong>non</strong></span> <span class='ocrx_word' id='word_1_588' title='bbox 3050 1471 3244 1533; x_wconf 89' lang='lat' dir='ltr'><strong>potest.</strong></span> <span class='ocrx_word' id='word_1_589' title='bbox 3290 1461 3396 1518; x_wconf 86' lang='lat' dir='ltr'><strong>Sed</strong></span> <span class='ocrx_word' id='word_1_590' title='bbox 3443 1478 3614 1533; x_wconf 87' lang='lat' dir='ltr'><strong>neque</strong></span> <span class='ocrx_word' id='word_1_591' title='bbox 3658 1462 3740 1518; x_wconf 89' lang='lat' dir='ltr'><strong>ille</strong></span> <span class='ocrx_word' id='word_1_592' title='bbox 3776 1464 3834 1520; x_wconf 82' lang='lat' dir='ltr'><strong>de</strong></span> 
     </span>
    </p>
   </div>
   <div class='ocr_carea' id='block_1_77' title="bbox 2265 1554 3836 1625">
    <p class='ocr_par' dir='ltr' id='par_1_77' title="bbox 2265 1554 3836 1625">
     <span class='ocr_line' id='line_1_77' title="bbox 2265 1554 3836 1625; baseline 0.005 -20"><span class='ocrx_word' id='word_1_593' title='bbox 2265 1565 2424 1606; x_wconf 89' lang='lat' dir='ltr'><strong>sensu</strong></span> <span class='ocrx_word' id='word_1_594' title='bbox 2449 1554 2691 1623; x_wconf 88' lang='lat' dir='ltr'><strong>corporis</strong></span> <span class='ocrx_word' id='word_1_595' title='bbox 2717 1554 2913 1625; x_wconf 88' lang='lat' dir='ltr'><strong>aliquid</strong></span> <span class='ocrx_word' id='word_1_596' title='bbox 2937 1555 3163 1611; x_wconf 76' lang='lat' dir='ltr'><strong>dixerat.</strong></span> <span class='ocrx_word' id='word_1_597' title='bbox 3199 1555 3264 1610; x_wconf 88' lang='lat' dir='ltr'><strong>Et</strong></span> <span class='ocrx_word' id='word_1_598' title='bbox 3290 1556 3444 1611; x_wconf 87' lang='lat' dir='ltr'><strong>aliter</strong></span> <span class='ocrx_word' id='word_1_599' title='bbox 3462 1557 3660 1612; x_wconf 89' lang='lat' dir='ltr'><strong>dicitur</strong></span> <span class='ocrx_word' id='word_1_600' title='bbox 3686 1566 3836 1613; x_wconf 80' lang='lat' dir='ltr'><strong>totum</strong></span> 
     </span>
    </p>
   </div>
   <div class='ocr_carea' id='block_1_78' title="bbox 2265 1643 3834 1719">
    <p class='ocr_par' dir='ltr' id='par_1_78' title="bbox 2265 1643 3834 1719">
     <span class='ocr_line' id='line_1_78' title="bbox 2265 1643 3834 1719; baseline 0.003 -21"><span class='ocrx_word' id='word_1_601' title='bbox 2265 1643 2405 1713; x_wconf 92' lang='lat' dir='ltr'><strong>quod</strong></span> <span class='ocrx_word' id='word_1_602' title='bbox 2438 1645 2813 1715; x_wconf 91' lang='lat' dir='ltr'><strong>incorporeum</strong></span> <span class='ocrx_word' id='word_1_603' title='bbox 2841 1655 2944 1714; x_wconf 89' lang='lat' dir='ltr'><strong>est,</strong></span> <span class='ocrx_word' id='word_1_604' title='bbox 2975 1648 3098 1719; x_wconf 88' lang='lat' dir='ltr'><strong>quia</strong></span> <span class='ocrx_word' id='word_1_605' title='bbox 3127 1648 3244 1702; x_wconf 88' lang='lat' dir='ltr'><strong>sine</strong></span> <span class='ocrx_word' id='word_1_606' title='bbox 3273 1647 3467 1703; x_wconf 89' lang='lat' dir='ltr'><strong>tinihns</strong></span> <span class='ocrx_word' id='word_1_607' title='bbox 3505 1648 3738 1704; x_wconf 89' lang='lat' dir='ltr'><strong>locorum</strong></span> <span class='ocrx_word' id='word_1_608' title='bbox 3763 1648 3834 1703; x_wconf 87' lang='lat' dir='ltr'><strong>in-</strong></span> 
     </span>
    </p>
   </div>
   <div class='ocr_carea' id='block_1_79' title="bbox 2268 1735 3835 1809">
    <p class='ocr_par' dir='ltr' id='par_1_79' title="bbox 2268 1735 3835 1809">
     <span class='ocr_line' id='line_1_79' title="bbox 2268 1735 3835 1809; baseline 0.003 -20"><span class='ocrx_word' id='word_1_609' title='bbox 2268 1735 2539 1807; x_wconf 72' lang='lat' dir='ltr'><strong>telligitur,</strong></span> <span class='ocrx_word' id='word_1_610' title='bbox 2572 1746 2629 1791; x_wconf 93' lang='lat' dir='ltr'><strong>ut</strong></span> <span class='ocrx_word' id='word_1_611' title='bbox 2650 1745 2706 1792; x_wconf 90' lang='lat' dir='ltr'><strong>et</strong></span> <span class='ocrx_word' id='word_1_612' title='bbox 2731 1745 2900 1793; x_wconf 89' lang='lat' dir='ltr'><strong>totum</strong></span> <span class='ocrx_word' id='word_1_613' title='bbox 2940 1747 2994 1793; x_wconf 90' lang='lat' dir='ltr'><strong>et</strong></span> <span class='ocrx_word' id='word_1_614' title='bbox 3031 1739 3292 1793; x_wconf 91' lang='lat' dir='ltr'><strong>infinitum</strong></span> <span class='ocrx_word' id='word_1_615' title='bbox 3323 1737 3427 1794; x_wconf 82' lang='lat' dir='ltr'><strong>dici</strong></span> <span class='ocrx_word' id='word_1_616' title='bbox 3463 1739 3835 1809; x_wconf 65' lang='lat' dir='ltr'><strong>possintoton</strong></span> 
     </span>
    </p>
   </div>
   <div class='ocr_carea' id='block_1_80' title="bbox 2268 1827 3835 1902">
    <p class='ocr_par' dir='ltr' id='par_1_80' title="bbox 2268 1827 3835 1902">
     <span class='ocr_line' id='line_1_80' title="bbox 2268 1827 3835 1902; baseline 0.004 -21"><span class='ocrx_word' id='word_1_617' title='bbox 2268 1837 2483 1898; x_wconf 90' lang='lat' dir='ltr'><strong>propter</strong></span> <span class='ocrx_word' id='word_1_618' title='bbox 2504 1827 2887 1900; x_wconf 86' lang='lat' dir='ltr'><strong>integritatem;</strong></span> <span class='ocrx_word' id='word_1_619' title='bbox 2920 1828 3208 1896; x_wconf 82' lang='lat' dir='ltr'><strong>inﬁnitum,</strong></span> <span class='ocrx_word' id='word_1_620' title='bbox 3247 1830 3370 1902; x_wconf 90' lang='lat' dir='ltr'><strong>quia</strong></span> <span class='ocrx_word' id='word_1_621' title='bbox 3395 1832 3636 1887; x_wconf 84' lang='lat' dir='ltr'><strong>locorum</strong></span> <span class='ocrx_word' id='word_1_622' title='bbox 3666 1833 3835 1888; x_wconf 82' lang='lat' dir='ltr'><strong>limbus</strong></span> 
     </span>
    </p>
   </div>
   <div class='ocr_carea' id='block_1_81' title="bbox 2271 1919 2651 1974">
    <p class='ocr_par' dir='ltr' id='par_1_81' title="bbox 2271 1919 2651 1974">
     <span class='ocr_line' id='line_1_81' title="bbox 2271 1919 2651 1974; baseline 0.005 -2"><span class='ocrx_word' id='word_1_623' title='bbox 2271 1935 2374 1973; x_wconf 90' lang='lat' dir='ltr'><strong>non</strong></span> <span class='ocrx_word' id='word_1_624' title='bbox 2400 1919 2651 1974; x_wconf 89' lang='lat' dir='ltr'><strong>ambitur.</strong></span> 
     </span>
    </p>
   </div>
   <div class='ocr_carea' id='block_1_82' title="bbox 2339 2009 3837 2083">
    <p class='ocr_par' dir='ltr' id='par_1_82' title="bbox 2339 2009 3837 2083">
     <span class='ocr_line' id='line_1_82' title="bbox 2339 2009 3837 2083; baseline -0.001 -19"><span class='ocrx_word' id='word_1_625' title='bbox 2339 2009 2430 2066; x_wconf 76' lang='lat'><strong>25.</strong></span> <span class='ocrx_word' id='word_1_626' title='bbox 2475 2010 2690 2079; x_wconf 81' lang='lat' dir='ltr'><strong>Deinde,</strong></span> <span class='ocrx_word' id='word_1_627' title='bbox 2737 2012 2928 2083; x_wconf 88' lang='lat' dir='ltr'><strong>inquit,</strong></span> <span class='ocrx_word' id='word_1_628' title='bbox 2959 2011 3003 2066; x_wconf 84' lang='lat' dir='ltr'><strong>si</strong></span> <span class='ocrx_word' id='word_1_629' title='bbox 3034 2020 3247 2066; x_wconf 81' lang='lat' dir='ltr'><strong>mentem</strong></span> <span class='ocrx_word' id='word_1_630' title='bbox 3284 2012 3446 2080; x_wconf 80' lang='lat' dir='ltr'><strong>ipsam</strong></span> <span class='ocrx_word' id='word_1_631' title='bbox 3489 2010 3634 2082; x_wconf 79' lang='lat' dir='ltr'><strong>quasi</strong></span> <span class='ocrx_word' id='word_1_632' title='bbox 3671 2011 3837 2064; x_wconf 68' lang='lat' dir='ltr'><strong>ultima!</strong></span> 
     </span>
    </p>
   </div>
   <div class='ocr_carea' id='block_1_83' title="bbox 2270 2099 3835 2172">
    <p class='ocr_par' dir='ltr' id='par_1_83' title="bbox 2270 2099 3835 2172">
     <span class='ocr_line' id='line_1_83' title="bbox 2270 2099 3835 2172; baseline 0.001 -19"><span class='ocrx_word' id='word_1_633' title='bbox 2270 2099 2477 2172; x_wconf 82' lang='lat' dir='ltr'><strong>aliquod</strong></span> <span class='ocrx_word' id='word_1_634' title='bbox 2499 2119 2603 2158; x_wconf 83' lang='lat' dir='ltr'><strong>esse</strong></span> <span class='ocrx_word' id='word_1_635' title='bbox 2628 2101 2802 2166; x_wconf 83' lang='lat' dir='ltr'><strong>voluit,</strong></span> <span class='ocrx_word' id='word_1_636' title='bbox 2835 2103 2926 2156; x_wconf 84' lang='lat' dir='ltr'><strong>erit</strong></span> <span class='ocrx_word' id='word_1_637' title='bbox 2947 2101 3142 2172; x_wconf 85' lang='lat' dir='ltr'><strong>aliquid</strong></span> <span class='ocrx_word' id='word_1_638' title='bbox 3159 2103 3366 2156; x_wconf 77' lang='lat' dir='ltr'><strong>interius</strong></span> <span class='ocrx_word' id='word_1_639' title='bbox 3386 2117 3448 2155; x_wconf 78' lang='lat' dir='ltr'><strong>ex</strong></span> <span class='ocrx_word' id='word_1_640' title='bbox 3463 2118 3560 2172; x_wconf 85' lang='lat' dir='ltr'><strong>quo</strong></span> <span class='ocrx_word' id='word_1_641' title='bbox 3585 2100 3716 2154; x_wconf 85' lang='lat' dir='ltr'><strong>illud</strong></span> <span class='ocrx_word' id='word_1_642' title='bbox 3738 2101 3835 2154; x_wconf 81' lang='lat' dir='ltr'><strong>ani-</strong></span> 
     </span>
    </p>
   </div>
   <div class='ocr_carea' id='block_1_84' title="bbox 2274 2187 3838 2264">
    <p class='ocr_par' dir='ltr' id='par_1_84' title="bbox 2274 2187 3838 2264">
     <span class='ocr_line' id='line_1_84' title="bbox 2274 2187 3838 2264; baseline -0.001 -19"><span class='ocrx_word' id='word_1_643' title='bbox 2274 2193 2375 2246; x_wconf 83' lang='lat' dir='ltr'><strong>mal</strong></span> <span class='ocrx_word' id='word_1_644' title='bbox 2397 2193 2711 2258; x_wconf 87' lang='lat' dir='ltr'><strong>nominetur;</strong></span> <span class='ocrx_word' id='word_1_645' title='bbox 2737 2203 2794 2247; x_wconf 89' lang='lat' dir='ltr'><strong>ut</strong></span> <span class='ocrx_word' id='word_1_646' title='bbox 2814 2209 2965 2247; x_wconf 88' lang='lat' dir='ltr'><strong>mens</strong></span> <span class='ocrx_word' id='word_1_647' title='bbox 2992 2194 3086 2247; x_wconf 89' lang='lat' dir='ltr'><strong>ista</strong></span> <span class='ocrx_word' id='word_1_648' title='bbox 3109 2193 3258 2263; x_wconf 86' lang='lat' dir='ltr'><strong>quasi</strong></span> <span class='ocrx_word' id='word_1_649' title='bbox 3279 2207 3472 2264; x_wconf 76' lang='lat' dir='ltr'><strong>corpus</strong></span> <span class='ocrx_word' id='word_1_650' title='bbox 3493 2192 3582 2256; x_wconf 85' lang='lat' dir='ltr'><strong>sit,</strong></span> <span class='ocrx_word' id='word_1_651' title='bbox 3599 2201 3655 2246; x_wconf 89' lang='lat' dir='ltr'><strong>et</strong></span> <span class='ocrx_word' id='word_1_652' title='bbox 3671 2187 3838 2244; x_wconf 80' lang='lat' dir='ltr'><strong>habeat</strong></span> 
     </span>
    </p>
   </div>
   <div class='ocr_carea' id='block_1_85' title="bbox 2273 2279 3838 2354">
    <p class='ocr_par' dir='ltr' id='par_1_85' title="bbox 2273 2279 3838 2354">
     <span class='ocr_line' id='line_1_85' title="bbox 2273 2279 3838 2354; baseline -0.001 -17"><span class='ocrx_word' id='word_1_653' title='bbox 2273 2283 2414 2338; x_wconf 91' lang='lat' dir='ltr'><strong>intus</strong></span> <span class='ocrx_word' id='word_1_654' title='bbox 2443 2284 2673 2338; x_wconf 91' lang='lat' dir='ltr'><strong>animam</strong></span> <span class='ocrx_word' id='word_1_655' title='bbox 2701 2283 2841 2340; x_wconf 87' lang='lat' dir='ltr'><strong>unde</strong></span> <span class='ocrx_word' id='word_1_656' title='bbox 2867 2284 3063 2338; x_wconf 88' lang='lat' dir='ltr'><strong>animal</strong></span> <span class='ocrx_word' id='word_1_657' title='bbox 3089 2283 3402 2354; x_wconf 86' lang='lat' dir='ltr'><strong>appelletur.</strong></span> <span class='ocrx_word' id='word_1_658' title='bbox 3442 2281 3572 2337; x_wconf 80' lang='lat' dir='ltr'><strong>Vide</strong></span> <span class='ocrx_word' id='word_1_659' title='bbox 3602 2279 3838 2354; x_wconf 83' lang='lat' dir='ltr'><strong>quemad-</strong></span> 
     </span>
    </p>
   </div>
   <div class='ocr_carea' id='block_1_86' title="bbox 2274 2369 3840 2446">
    <p class='ocr_par' dir='ltr' id='par_1_86' title="bbox 2274 2369 3840 2446">
     <span class='ocr_line' id='line_1_86' title="bbox 2274 2369 3840 2446; baseline -0.004 -16"><span class='ocrx_word' id='word_1_660' title='bbox 2274 2374 2491 2430; x_wconf 85' lang='lat' dir='ltr'><strong>modqu</strong></span> <span class='ocrx_word' id='word_1_661' title='bbox 2538 2377 2796 2446; x_wconf 85' lang='lat' dir='ltr'><strong>corporali</strong></span> <span class='ocrx_word' id='word_1_662' title='bbox 2844 2376 3231 2430; x_wconf 87' lang='lat' dir='ltr'><strong>consuetudine</strong></span> <span class='ocrx_word' id='word_1_663' title='bbox 3283 2372 3546 2444; x_wconf 88' lang='lat' dir='ltr'><strong>loquitur,</strong></span> <span class='ocrx_word' id='word_1_664' title='bbox 3594 2369 3840 2445; x_wconf 82' lang='lat' dir='ltr'><strong>quomodo</strong></span> 
     </span>
    </p>
   </div>
   <div class='ocr_carea' id='block_1_87' title="bbox 2275 2457 3839 2537">
    <p class='ocr_par' dir='ltr' id='par_1_87' title="bbox 2275 2457 3839 2537">
     <span class='ocr_line' id='line_1_87' title="bbox 2275 2457 3839 2537; baseline -0.002 -16"><span class='ocrx_word' id='word_1_665' title='bbox 2275 2467 2448 2522; x_wconf 77' lang='lat' dir='ltr'><strong>Solent</strong></span> <span class='ocrx_word' id='word_1_666' title='bbox 2476 2467 2642 2522; x_wconf 87' lang='lat' dir='ltr'><strong>videri</strong></span> <span class='ocrx_word' id='word_1_667' title='bbox 2689 2467 2957 2534; x_wconf 86' lang='lat' dir='ltr'><strong>animalia,</strong></span> <span class='ocrx_word' id='word_1_668' title='bbox 2993 2478 3208 2537; x_wconf 84' lang='lat' dir='ltr'><strong>propter</strong></span> <span class='ocrx_word' id='word_1_669' title='bbox 3236 2480 3451 2522; x_wconf 88' lang='lat' dir='ltr'><strong>sensum</strong></span> <span class='ocrx_word' id='word_1_670' title='bbox 3494 2479 3752 2531; x_wconf 86' lang='lat' dir='ltr'><strong>crassum,</strong></span> <span class='ocrx_word' id='word_1_671' title='bbox 3792 2457 3839 2518; x_wconf 88' lang='lat' dir='ltr'><strong>ut</strong></span> 
     </span>
    </p>
   </div>
   <div class='ocr_carea' id='block_1_88' title="bbox 2275 2555 3842 2630">
    <p class='ocr_par' dir='ltr' id='par_1_88' title="bbox 2275 2555 3842 2630">
     <span class='ocr_line' id='line_1_88' title="bbox 2275 2555 3842 2630; baseline -0.002 -18"><span class='ocrx_word' id='word_1_672' title='bbox 2275 2559 2483 2628; x_wconf 89' lang='lat' dir='ltr'><strong>opinor,</strong></span> <span class='ocrx_word' id='word_1_673' title='bbox 2513 2574 2699 2614; x_wconf 90' lang='lat' dir='ltr'><strong>eorum</strong></span> <span class='ocrx_word' id='word_1_674' title='bbox 2743 2569 2925 2613; x_wconf 85' lang='lat' dir='ltr'><strong>contra</strong></span> <span class='ocrx_word' id='word_1_675' title='bbox 2975 2573 3108 2630; x_wconf 90' lang='lat' dir='ltr'><strong>quos</strong></span> <span class='ocrx_word' id='word_1_676' title='bbox 3155 2556 3400 2612; x_wconf 81' lang='lat' dir='ltr'><strong>disserit:</strong></span> <span class='ocrx_word' id='word_1_677' title='bbox 3429 2565 3483 2612; x_wconf 89' lang='lat' dir='ltr'><strong>et</strong></span> <span class='ocrx_word' id='word_1_678' title='bbox 3513 2565 3690 2612; x_wconf 85' lang='lat' dir='ltr'><strong>tamen</strong></span> <span class='ocrx_word' id='word_1_679' title='bbox 3731 2555 3842 2612; x_wconf 79' lang='lat' dir='ltr'><strong>dixit</strong></span> 
     </span>
    </p>
   </div>
   <div class='ocr_carea' id='block_1_89' title="bbox 2278 2648 3841 2722">
    <p class='ocr_par' dir='ltr' id='par_1_89' title="bbox 2278 2648 3841 2722">
     <span class='ocr_line' id='line_1_89' title="bbox 2278 2648 3841 2722; baseline -0.003 -17"><span class='ocrx_word' id='word_1_680' title='bbox 2278 2665 2388 2705; x_wconf 86' lang='lat' dir='ltr'><strong>rem</strong></span> <span class='ocrx_word' id='word_1_681' title='bbox 2419 2667 2538 2722; x_wconf 76' lang='lat' dir='ltr'><strong>qua:</strong></span> <span class='ocrx_word' id='word_1_682' title='bbox 2567 2651 2706 2718; x_wconf 88' lang='lat' dir='ltr'><strong>illos,</strong></span> <span class='ocrx_word' id='word_1_683' title='bbox 2743 2653 2787 2707; x_wconf 92' lang='lat' dir='ltr'><strong>si</strong></span> <span class='ocrx_word' id='word_1_684' title='bbox 2827 2651 3074 2722; x_wconf 81' lang='lat' dir='ltr'><strong>evigilare</strong></span> <span class='ocrx_word' id='word_1_685' title='bbox 3108 2657 3345 2720; x_wconf 54' lang='lat' dir='ltr'><strong>possent,</strong></span> <span class='ocrx_word' id='word_1_686' title='bbox 3372 2650 3502 2708; x_wconf 73' lang='lat' dir='ltr'><strong>satis</strong></span> <span class='ocrx_word' id='word_1_687' title='bbox 3531 2648 3841 2710; x_wconf 84' lang='lat' dir='ltr'><strong>admoneret,</strong></span> 
     </span>
    </p>
   </div>
   <div class='ocr_carea' id='block_1_90' title="bbox 2278 2738 3842 2815">
    <p class='ocr_par' dir='ltr' id='par_1_90' title="bbox 2278 2738 3842 2815">
     <span class='ocr_line' id='line_1_90' title="bbox 2278 2738 3842 2815; baseline -0.003 -17"><span class='ocrx_word' id='word_1_688' title='bbox 2278 2759 2435 2799; x_wconf 88' lang='lat' dir='ltr'><strong>omne</strong></span> <span class='ocrx_word' id='word_1_689' title='bbox 2459 2743 2600 2815; x_wconf 89' lang='lat' dir='ltr'><strong>quod</strong></span> <span class='ocrx_word' id='word_1_690' title='bbox 2629 2745 2765 2800; x_wconf 90' lang='lat' dir='ltr'><strong>sicut</strong></span> <span class='ocrx_word' id='word_1_691' title='bbox 2793 2758 2987 2813; x_wconf 87' lang='lat' dir='ltr'><strong>corpus</strong></span> <span class='ocrx_word' id='word_1_692' title='bbox 3007 2743 3182 2796; x_wconf 89' lang='lat' dir='ltr'><strong>vivum</strong></span> <span class='ocrx_word' id='word_1_693' title='bbox 3209 2742 3388 2796; x_wconf 86' lang='lat' dir='ltr'><strong>animo</strong></span> <span class='ocrx_word' id='word_1_694' title='bbox 3411 2740 3668 2799; x_wconf 84' lang='lat' dir='ltr'><strong>occurrit.</strong></span> <span class='ocrx_word' id='word_1_695' title='bbox 3701 2738 3842 2809; x_wconf 85' lang='lat' dir='ltr'><strong>magis</strong></span> 
     </span>
    </p>
   </div>
   <div class='ocr_carea' id='block_1_91' title="bbox 2279 2831 3844 2904">
    <p class='ocr_par' dir='ltr' id='par_1_91' title="bbox 2279 2831 3844 2904">
     <span class='ocr_line' id='line_1_91' title="bbox 2279 2831 3844 2904; baseline -0.003 -14"><span class='ocrx_word' id='word_1_696' title='bbox 2279 2838 2508 2892; x_wconf 78' lang='lat' dir='ltr'><strong>animum</strong></span> <span class='ocrx_word' id='word_1_697' title='bbox 2555 2833 2749 2891; x_wconf 87' lang='lat' dir='ltr'><strong>habere</strong></span> <span class='ocrx_word' id='word_1_698' title='bbox 2779 2845 2832 2891; x_wconf 92' lang='lat' dir='ltr'><strong>et</strong></span> <span class='ocrx_word' id='word_1_699' title='bbox 2869 2851 2988 2890; x_wconf 86' lang='lat' dir='ltr'><strong>esse</strong></span> <span class='ocrx_word' id='word_1_700' title='bbox 3029 2831 3247 2898; x_wconf 88' lang='lat' dir='ltr'><strong>animal,</strong></span> <span class='ocrx_word' id='word_1_701' title='bbox 3291 2847 3450 2904; x_wconf 88' lang='lat' dir='ltr'><strong>qnam</strong></span> <span class='ocrx_word' id='word_1_702' title='bbox 3490 2832 3844 2886; x_wconf 80' lang='lat' dir='ltr'><strong>animamessc</strong></span> 
     </span>
    </p>
   </div>
   <div class='ocr_carea' id='block_1_92' title="bbox 2279 2920 3844 3001">
    <p class='ocr_par' dir='ltr' id='par_1_92' title="bbox 2279 2920 3844 3001">
     <span class='ocr_line' id='line_1_92' title="bbox 2279 2920 3844 3001; baseline -0.008 -17"><span class='ocrx_word' id='word_1_703' title='bbox 2279 2929 2498 2999; x_wconf 84' lang='lat' dir='ltr'><strong>c0gitari</strong></span> <span class='ocrx_word' id='word_1_704' title='bbox 2526 2938 2796 3001; x_wconf 86' lang='lat' dir='ltr'><strong>oportere.</strong></span> <span class='ocrx_word' id='word_1_705' title='bbox 2831 2927 2940 2982; x_wconf 84' lang='lat' dir='ltr'><strong>Hoc</strong></span> <span class='ocrx_word' id='word_1_706' title='bbox 2966 2936 3047 2983; x_wconf 86' lang='lat' dir='ltr'><strong>est</strong></span> <span class='ocrx_word' id='word_1_707' title='bbox 3076 2925 3219 2982; x_wconf 92' lang='lat' dir='ltr'><strong>enim</strong></span> <span class='ocrx_word' id='word_1_708' title='bbox 3245 2923 3386 2996; x_wconf 90' lang='lat' dir='ltr'><strong>quod</strong></span> <span class='ocrx_word' id='word_1_709' title='bbox 3412 2924 3518 2978; x_wconf 86' lang='lat' dir='ltr'><strong>ait:</strong></span> <span class='ocrx_word' id='word_1_710' title='bbox 3545 2921 3656 2978; x_wconf 80' lang='lat' dir='ltr'><strong>Erit</strong></span> <span class='ocrx_word' id='word_1_711' title='bbox 3675 2920 3844 2990; x_wconf 77' lang='lat' dir='ltr'><strong>aliquid</strong></span> 
     </span>
    </p>
   </div>
   <div class='ocr_carea' id='block_1_93' title="bbox 2280 3012 3843 3091">
    <p class='ocr_par' dir='ltr' id='par_1_93' title="bbox 2280 3012 3843 3091">
     <span class='ocr_line' id='line_1_93' title="bbox 2280 3012 3843 3091; baseline -0.005 -17"><span class='ocrx_word' id='word_1_712' title='bbox 2280 3020 2510 3086; x_wconf 76' lang='lat' dir='ltr'><strong>interius,</strong></span> <span class='ocrx_word' id='word_1_713' title='bbox 2534 3036 2596 3073; x_wconf 75' lang='lat' dir='ltr'><strong>ea:</strong></span> <span class='ocrx_word' id='word_1_714' title='bbox 2622 3036 2719 3091; x_wconf 88' lang='lat' dir='ltr'><strong>quo</strong></span> <span class='ocrx_word' id='word_1_715' title='bbox 2743 3018 2874 3072; x_wconf 82' lang='lat' dir='ltr'><strong>illud</strong></span> <span class='ocrx_word' id='word_1_716' title='bbox 2899 3017 3089 3071; x_wconf 80' lang='lat' dir='ltr'><strong>animat</strong></span> <span class='ocrx_word' id='word_1_717' title='bbox 3115 3017 3420 3072; x_wconf 85' lang='lat' dir='ltr'><strong>nominetur.</strong></span> <span class='ocrx_word' id='word_1_718' title='bbox 3457 3012 3564 3072; x_wconf 89' lang='lat' dir='ltr'><strong>Sed</strong></span> <span class='ocrx_word' id='word_1_719' title='bbox 3600 3013 3843 3084; x_wconf 72' lang='lat' dir='ltr'><strong>adiungit:</strong></span> 
     </span>
    </p>
   </div>
   <div class='ocr_carea' id='block_1_94' title="bbox 2285 3105 3848 3179">
    <p class='ocr_par' dir='ltr' id='par_1_94' title="bbox 2285 3105 3848 3179">
     <span class='ocr_line' id='line_1_94' title="bbox 2285 3105 3848 3179; baseline -0.004 -15"><span class='ocrx_word' id='word_1_720' title='bbox 2285 3110 2422 3177; x_wconf 83' lang='lat' dir='ltr'><strong>Quid</strong></span> <span class='ocrx_word' id='word_1_721' title='bbox 2447 3121 2613 3165; x_wconf 84' lang='lat' dir='ltr'><strong>autent</strong></span> <span class='ocrx_word' id='word_1_722' title='bbox 2643 3110 2855 3166; x_wconf 83' lang='lat' dir='ltr'><strong>interius</strong></span> <span class='ocrx_word' id='word_1_723' title='bbox 2881 3110 3081 3164; x_wconf 79' lang='lat' dir='ltr'><strong>mente?</strong></span> <span class='ocrx_word' id='word_1_724' title='bbox 3107 3108 3220 3164; x_wconf 73' lang='lat' dir='ltr'><strong>Non</strong></span> <span class='ocrx_word' id='word_1_725' title='bbox 3248 3123 3376 3179; x_wconf 88' lang='lat' dir='ltr'><strong>ergo</strong></span> <span class='ocrx_word' id='word_1_726' title='bbox 3401 3117 3574 3178; x_wconf 85' lang='lat' dir='ltr'><strong>potest</strong></span> <span class='ocrx_word' id='word_1_727' title='bbox 3602 3119 3747 3161; x_wconf 85' lang='lat' dir='ltr'><strong>mens</strong></span> <span class='ocrx_word' id='word_1_728' title='bbox 3769 3105 3848 3158; x_wconf 79' lang='lat' dir='ltr'><strong>ha-</strong></span> 
     </span>
    </p>
   </div>
   <div class='ocr_carea' id='block_1_95' title="bbox 2282 3197 3844 3268">
    <p class='ocr_par' dir='ltr' id='par_1_95' title="bbox 2282 3197 3844 3268">
     <span class='ocr_line' id='line_1_95' title="bbox 2282 3197 3844 3268; baseline -0.005 -11"><span class='ocrx_word' id='word_1_729' title='bbox 2282 3201 2408 3258; x_wconf 87' lang='lat' dir='ltr'><strong>bere</strong></span> <span class='ocrx_word' id='word_1_730' title='bbox 2441 3201 2748 3257; x_wconf 82' lang='lat' dir='ltr'><strong>interiorem</strong></span> <span class='ocrx_word' id='word_1_731' title='bbox 2778 3202 3010 3255; x_wconf 89' lang='lat' dir='ltr'><strong>animam</strong></span> <span class='ocrx_word' id='word_1_732' title='bbox 3043 3209 3100 3254; x_wconf 91' lang='lat' dir='ltr'><strong>ut</strong></span> <span class='ocrx_word' id='word_1_733' title='bbox 3137 3199 3208 3255; x_wconf 90' lang='lat' dir='ltr'><strong>sit</strong></span> <span class='ocrx_word' id='word_1_734' title='bbox 3247 3197 3468 3264; x_wconf 83' lang='lat' dir='ltr'><strong>animal,</strong></span> <span class='ocrx_word' id='word_1_735' title='bbox 3496 3197 3617 3268; x_wconf 89' lang='lat' dir='ltr'><strong>quia</strong></span> <span class='ocrx_word' id='word_1_736' title='bbox 3648 3197 3751 3268; x_wconf 88' lang='lat' dir='ltr'><strong>ipsa</strong></span> <span class='ocrx_word' id='word_1_737' title='bbox 3777 3203 3844 3251; x_wconf 81' lang='lat' dir='ltr'><strong>est</strong></span> 
     </span>
    </p>
   </div>
   <div class='ocr_carea' id='block_1_96' title="bbox 2283 3287 3842 3364">
    <p class='ocr_par' dir='ltr' id='par_1_96' title="bbox 2283 3287 3842 3364">
     <span class='ocr_line' id='line_1_96' title="bbox 2283 3287 3842 3364; baseline -0.004 -15"><span class='ocrx_word' id='word_1_738' title='bbox 2283 3289 2521 3349; x_wconf 90' lang='lat' dir='ltr'><strong>interior.</strong></span> <span class='ocrx_word' id='word_1_739' title='bbox 2555 3293 2698 3364; x_wconf 89' lang='lat' dir='ltr'><strong>Ergo</strong></span> <span class='ocrx_word' id='word_1_740' title='bbox 2723 3309 2917 3363; x_wconf 87' lang='lat' dir='ltr'><strong>corpus</strong></span> <span class='ocrx_word' id='word_1_741' title='bbox 2943 3291 3136 3348; x_wconf 85' lang='lat' dir='ltr'><strong>habeat</strong></span> <span class='ocrx_word' id='word_1_742' title='bbox 3161 3292 3522 3356; x_wconf 80' lang='lat' dir='ltr'><strong>extrinsecus,</strong></span> <span class='ocrx_word' id='word_1_743' title='bbox 3552 3291 3636 3346; x_wconf 91' lang='lat' dir='ltr'><strong>cui</strong></span> <span class='ocrx_word' id='word_1_744' title='bbox 3673 3290 3738 3344; x_wconf 89' lang='lat' dir='ltr'><strong>sit</strong></span> <span class='ocrx_word' id='word_1_745' title='bbox 3775 3287 3842 3343; x_wconf 54' lang='lat' dir='ltr'><strong>in.</strong></span> 
     </span>
    </p>
   </div>
   <div class='ocr_carea' id='block_1_97' title="bbox 2287 3375 3843 3454">
    <p class='ocr_par' dir='ltr' id='par_1_97' title="bbox 2287 3375 3843 3454">
     <span class='ocr_line' id='line_1_97' title="bbox 2287 3375 3843 3454; baseline -0.006 -14"><span class='ocrx_word' id='word_1_746' title='bbox 2287 3387 2466 3449; x_wconf 91' lang='lat' dir='ltr'><strong>terior,</strong></span> <span class='ocrx_word' id='word_1_747' title='bbox 2496 3394 2552 3439; x_wconf 87' lang='lat' dir='ltr'><strong>ut</strong></span> <span class='ocrx_word' id='word_1_748' title='bbox 2577 3385 2646 3440; x_wconf 93' lang='lat' dir='ltr'><strong>sit</strong></span> <span class='ocrx_word' id='word_1_749' title='bbox 2669 3383 2888 3439; x_wconf 89' lang='lat' dir='ltr'><strong>animal.</strong></span> <span class='ocrx_word' id='word_1_750' title='bbox 2919 3383 3029 3439; x_wconf 83' lang='lat' dir='ltr'><strong>Hoc</strong></span> <span class='ocrx_word' id='word_1_751' title='bbox 3057 3375 3142 3440; x_wconf 84' lang='lat' dir='ltr'><strong>est</strong></span> <span class='ocrx_word' id='word_1_752' title='bbox 3179 3383 3321 3439; x_wconf 88' lang='lat' dir='ltr'><strong>enim</strong></span> <span class='ocrx_word' id='word_1_753' title='bbox 3350 3381 3489 3454; x_wconf 89' lang='lat' dir='ltr'><strong>quod</strong></span> <span class='ocrx_word' id='word_1_754' title='bbox 3518 3381 3613 3448; x_wconf 90' lang='lat' dir='ltr'><strong>ait,</strong></span> <span class='ocrx_word' id='word_1_755' title='bbox 3643 3376 3843 3452; x_wconf 76' lang='lat' dir='ltr'><strong>Cingitur</strong></span> 
     </span>
    </p>
   </div>
   <div class='ocr_carea' id='block_1_98' title="bbox 2283 3469 3842 3548">
    <p class='ocr_par' dir='ltr' id='par_1_98' title="bbox 2283 3469 3842 3548">
     <span class='ocr_line' id='line_1_98' title="bbox 2283 3469 3842 3548; baseline -0.004 -17"><span class='ocrx_word' id='word_1_756' title='bbox 2283 3477 2438 3548; x_wconf 85' lang='lat' dir='ltr'><strong>igitur</strong></span> <span class='ocrx_word' id='word_1_757' title='bbox 2467 3494 2678 3548; x_wconf 84' lang='lat' dir='ltr'><strong>corpore</strong></span> <span class='ocrx_word' id='word_1_758' title='bbox 2701 3488 2937 3541; x_wconf 67' lang='lat' dir='ltr'><strong>externo;</strong></span> <span class='ocrx_word' id='word_1_759' title='bbox 2958 3477 3111 3546; x_wconf 87' lang='lat' dir='ltr'><strong>quasi</strong></span> <span class='ocrx_word' id='word_1_760' title='bbox 3133 3479 3476 3546; x_wconf 75' lang='lat' dir='ltr'><strong>Anaxagoras</strong></span> <span class='ocrx_word' id='word_1_761' title='bbox 3517 3473 3728 3535; x_wconf 78' lang='lat' dir='ltr'><strong>dixerit,</strong></span> <span class='ocrx_word' id='word_1_762' title='bbox 3760 3469 3842 3525; x_wconf 88' lang='lat' dir='ltr'><strong>nisi</strong></span> 
     </span>
    </p>
   </div>
   <div class='ocr_carea' id='block_1_99' title="bbox 2283 3559 3842 3638">
    <p class='ocr_par' dir='ltr' id='par_1_99' title="bbox 2283 3559 3842 3638">
     <span class='ocr_line' id='line_1_99' title="bbox 2283 3559 3842 3638; baseline -0.006 -15"><span class='ocrx_word' id='word_1_763' title='bbox 2283 3567 2528 3623; x_wconf 85' lang='lat' dir='ltr'><strong>animalis</strong></span> <span class='ocrx_word' id='word_1_764' title='bbox 2557 3566 2781 3638; x_wconf 81' lang='lat' dir='ltr'><strong>alicujus</strong></span> <span class='ocrx_word' id='word_1_765' title='bbox 2807 3577 2969 3632; x_wconf 89' lang='lat' dir='ltr'><strong>esset,</strong></span> <span class='ocrx_word' id='word_1_766' title='bbox 3017 3576 3247 3621; x_wconf 87' lang='lat' dir='ltr'><strong>mentem</strong></span> <span class='ocrx_word' id='word_1_767' title='bbox 3289 3581 3408 3620; x_wconf 87' lang='lat' dir='ltr'><strong>esse</strong></span> <span class='ocrx_word' id='word_1_768' title='bbox 3451 3579 3557 3619; x_wconf 92' lang='lat' dir='ltr'><strong>non</strong></span> <span class='ocrx_word' id='word_1_769' title='bbox 3603 3576 3764 3634; x_wconf 82' lang='lat' dir='ltr'><strong>posse.</strong></span> <span class='ocrx_word' id='word_1_770' title='bbox 3794 3559 3842 3616; x_wconf 86' lang='lat' dir='ltr'><strong>Si</strong></span> 
     </span>
    </p>
   </div>
   <div class='ocr_carea' id='block_1_100' title="bbox 2286 3651 3838 3731">
    <p class='ocr_par' dir='ltr' id='par_1_100' title="bbox 2286 3651 3838 3731">
     <span class='ocr_line' id='line_1_100' title="bbox 2286 3651 3838 3731; baseline -0.005 -18"><span class='ocrx_word' id='word_1_771' title='bbox 2286 3670 2519 3714; x_wconf 90' lang='lat' dir='ltr'><strong>mentem</strong></span> <span class='ocrx_word' id='word_1_772' title='bbox 2553 3658 2719 3731; x_wconf 88' lang='lat' dir='ltr'><strong>ipsam</strong></span> <span class='ocrx_word' id='word_1_773' title='bbox 2762 3659 3024 3712; x_wconf 86' lang='lat' dir='ltr'><strong>summam</strong></span> <span class='ocrx_word' id='word_1_774' title='bbox 3066 3655 3382 3728; x_wconf 85' lang='lat' dir='ltr'><strong>sapientiam</strong></span> <span class='ocrx_word' id='word_1_775' title='bbox 3425 3669 3547 3711; x_wconf 85' lang='lat' dir='ltr'><strong>esse</strong></span> <span class='ocrx_word' id='word_1_776' title='bbox 3589 3651 3838 3717; x_wconf 83' lang='lat' dir='ltr'><strong>sentiebat,</strong></span> 
     </span>
    </p>
   </div>
   <div class='ocr_carea' id='block_1_101' title="bbox 2285 3744 3842 3824">
    <p class='ocr_par' dir='ltr' id='par_1_101' title="bbox 2285 3744 3842 3824">
     <span class='ocr_line' id='line_1_101' title="bbox 2285 3744 3842 3824; baseline -0.005 -17"><span class='ocrx_word' id='word_1_777' title='bbox 2285 3767 2402 3824; x_wconf 73' lang='lat' dir='ltr'><strong>quze</strong></span> <span class='ocrx_word' id='word_1_778' title='bbox 2443 3751 2636 3808; x_wconf 91' lang='lat' dir='ltr'><strong>nullius</strong></span> <span class='ocrx_word' id='word_1_779' title='bbox 2674 3751 2826 3822; x_wconf 90' lang='lat' dir='ltr'><strong>quasi</strong></span> <span class='ocrx_word' id='word_1_780' title='bbox 2869 3750 3156 3806; x_wconf 88' lang='lat' dir='ltr'><strong>animantis</strong></span> <span class='ocrx_word' id='word_1_781' title='bbox 3187 3747 3398 3820; x_wconf 86' lang='lat' dir='ltr'><strong>propria</strong></span> <span class='ocrx_word' id='word_1_782' title='bbox 3429 3757 3532 3815; x_wconf 88' lang='lat' dir='ltr'><strong>est,</strong></span> <span class='ocrx_word' id='word_1_783' title='bbox 3558 3748 3676 3820; x_wconf 87' lang='lat' dir='ltr'><strong>quia</strong></span> <span class='ocrx_word' id='word_1_784' title='bbox 3702 3744 3842 3801; x_wconf 87' lang='lat' dir='ltr'><strong>omni-</strong></span> 
     </span>
    </p>
   </div>
   <div class='ocr_carea' id='block_1_102' title="bbox 2286 3840 3839 3907">
    <p class='ocr_par' dir='ltr' id='par_1_102' title="bbox 2286 3840 3839 3907">
     <span class='ocr_line' id='line_1_102' title="bbox 2286 3840 3839 3907; baseline -0.004 -9"><span class='ocrx_word' id='word_1_785' title='bbox 2286 3843 2383 3898; x_wconf 87' lang='lat' dir='ltr'><strong>btts</strong></span> <span class='ocrx_word' id='word_1_786' title='bbox 2409 3843 2599 3897; x_wconf 90' lang='lat' dir='ltr'><strong>animis</strong></span> <span class='ocrx_word' id='word_1_787' title='bbox 2620 3859 2678 3898; x_wconf 87' lang='lat' dir='ltr'><strong>se</strong></span> <span class='ocrx_word' id='word_1_788' title='bbox 2704 3840 2807 3896; x_wconf 84' lang='lat' dir='ltr'><strong>frui</strong></span> <span class='ocrx_word' id='word_1_789' title='bbox 2831 3841 3126 3897; x_wconf 86' lang='lat' dir='ltr'><strong>valentibus</strong></span> <span class='ocrx_word' id='word_1_790' title='bbox 3143 3840 3337 3895; x_wconf 78' lang='lat' dir='ltr'><strong>veritas</strong></span> <span class='ocrx_word' id='word_1_791' title='bbox 3366 3841 3707 3896; x_wconf 85' lang='lat' dir='ltr'><strong>communiter</strong></span> <span class='ocrx_word' id='word_1_792' title='bbox 3727 3853 3839 3907; x_wconf 69' lang='lat' dir='ltr'><strong>pra!-</strong></span> 
     </span>
    </p>
   </div>
   <div class='ocr_carea' id='block_1_103' title="bbox 2288 3926 3842 4007">
    <p class='ocr_par' dir='ltr' id='par_1_103' title="bbox 2288 3926 3842 4007">
     <span class='ocr_line' id='line_1_103' title="bbox 2288 3926 3842 4007; baseline -0.006 -15"><span class='ocrx_word' id='word_1_793' title='bbox 2288 3945 2370 3993; x_wconf 88' lang='lat' dir='ltr'><strong>sto</strong></span> <span class='ocrx_word' id='word_1_794' title='bbox 2406 3946 2504 3992; x_wconf 88' lang='lat' dir='ltr'><strong>est.</strong></span> <span class='ocrx_word' id='word_1_795' title='bbox 2536 3935 2604 3991; x_wconf 88' lang='lat' dir='ltr'><strong>Et</strong></span> <span class='ocrx_word' id='word_1_796' title='bbox 2631 3935 2751 3992; x_wconf 88' lang='lat' dir='ltr'><strong>ideo</strong></span> <span class='ocrx_word' id='word_1_797' title='bbox 2780 3935 2900 3991; x_wconf 86' lang='lat' dir='ltr'><strong>vide</strong></span> <span class='ocrx_word' id='word_1_798' title='bbox 2939 3951 3096 4007; x_wconf 91' lang='lat' dir='ltr'><strong>quam</strong></span> <span class='ocrx_word' id='word_1_799' title='bbox 3137 3931 3338 3989; x_wconf 88' lang='lat' dir='ltr'><strong>urbane</strong></span> <span class='ocrx_word' id='word_1_800' title='bbox 3376 3932 3684 3988; x_wconf 85' lang='lat' dir='ltr'><strong>concludat:</strong></span> <span class='ocrx_word' id='word_1_801' title='bbox 3717 3926 3842 3998; x_wconf 75' lang='lat' dir='ltr'><strong>Quod</strong></span> 
     </span>
    </p>
   </div>
   <div class='ocr_carea' id='block_1_104' title="bbox 2287 4025 3837 4100">
    <p class='ocr_par' dir='ltr' id='par_1_104' title="bbox 2287 4025 3837 4100">
     <span class='ocr_line' id='line_1_104' title="bbox 2287 4025 3837 4100; baseline -0.004 -18"><span class='ocrx_word' id='word_1_802' title='bbox 2287 4030 2522 4100; x_wconf 87' lang='lat' dir='ltr'><strong>quoniam</strong></span> <span class='ocrx_word' id='word_1_803' title='bbox 2548 4047 2648 4084; x_wconf 89' lang='lat' dir='ltr'><strong>non</strong></span> <span class='ocrx_word' id='word_1_804' title='bbox 2671 4028 2854 4100; x_wconf 85' lang='lat' dir='ltr'><strong>placet,</strong></span> <span class='ocrx_word' id='word_1_805' title='bbox 2881 4027 3069 4098; x_wconf 90' lang='lat' dir='ltr'><strong>inquit,</strong></span> <span class='ocrx_word' id='word_1_806' title='bbox 3097 4027 3196 4081; x_wconf 91' lang='lat' dir='ltr'><strong>hoc</strong></span> <span class='ocrx_word' id='word_1_807' title='bbox 3215 4035 3423 4083; x_wconf 85' lang='lat' dir='ltr'><strong>estnon</strong></span> <span class='ocrx_word' id='word_1_808' title='bbox 3459 4027 3629 4097; x_wconf 87' lang='lat' dir='ltr'><strong>placet</strong></span> <span class='ocrx_word' id='word_1_809' title='bbox 3655 4025 3837 4082; x_wconf 78' lang='lat' dir='ltr'><strong>Anan-</strong></span> 
     </span>
    </p>
   </div>
   <div class='ocr_carea' id='block_1_105' title="bbox 2288 4117 3838 4191">
    <p class='ocr_par' dir='ltr' id='par_1_105' title="bbox 2288 4117 3838 4191">
     <span class='ocr_line' id='line_1_105' title="bbox 2288 4117 3838 4191; baseline -0.006 -14"><span class='ocrx_word' id='word_1_810' title='bbox 2288 4137 2449 4191; x_wconf 71' lang='lat' dir='ltr'><strong>gorze,</strong></span> <span class='ocrx_word' id='word_1_811' title='bbox 2483 4130 2541 4176; x_wconf 90' lang='lat' dir='ltr'><strong>ut</strong></span> <span class='ocrx_word' id='word_1_812' title='bbox 2571 4121 2657 4177; x_wconf 85' lang='lat' dir='ltr'><strong>illa</strong></span> <span class='ocrx_word' id='word_1_813' title='bbox 2685 4135 2862 4185; x_wconf 91' lang='lat' dir='ltr'><strong>mens,</strong></span> <span class='ocrx_word' id='word_1_814' title='bbox 2893 4135 3053 4190; x_wconf 87' lang='lat' dir='ltr'><strong>quam</strong></span> <span class='ocrx_word' id='word_1_815' title='bbox 3095 4117 3223 4174; x_wconf 93' lang='lat' dir='ltr'><strong>dicit</strong></span> <span class='ocrx_word' id='word_1_816' title='bbox 3262 4118 3451 4184; x_wconf 89' lang='lat' dir='ltr'><strong>Deum,</strong></span> <span class='ocrx_word' id='word_1_817' title='bbox 3483 4119 3718 4190; x_wconf 83' lang='lat' dir='ltr'><strong>cingatur</strong></span> <span class='ocrx_word' id='word_1_818' title='bbox 3740 4129 3838 4170; x_wconf 85' lang='lat' dir='ltr'><strong>cor-</strong></span> 
     </span>
    </p>
   </div>
   <div class='ocr_carea' id='block_1_106' title="bbox 2291 4209 3838 4284">
    <p class='ocr_par' dir='ltr' id='par_1_106' title="bbox 2291 4209 3838 4284">
     <span class='ocr_line' id='line_1_106' title="bbox 2291 4209 3838 4284; baseline -0.003 -17"><span class='ocrx_word' id='word_1_819' title='bbox 2291 4229 2418 4284; x_wconf 91' lang='lat' dir='ltr'><strong>pore</strong></span> <span class='ocrx_word' id='word_1_820' title='bbox 2445 4225 2688 4277; x_wconf 78' lang='lat' dir='ltr'><strong>externo,</strong></span> <span class='ocrx_word' id='word_1_821' title='bbox 2717 4229 2827 4284; x_wconf 91' lang='lat' dir='ltr'><strong>quo</strong></span> <span class='ocrx_word' id='word_1_822' title='bbox 2854 4210 3052 4266; x_wconf 86' lang='lat' dir='ltr'><strong>animal</strong></span> <span class='ocrx_word' id='word_1_823' title='bbox 3080 4226 3199 4266; x_wconf 89' lang='lat' dir='ltr'><strong>esse</strong></span> <span class='ocrx_word' id='word_1_824' title='bbox 3221 4210 3409 4281; x_wconf 81' lang='lat' dir='ltr'><strong>possit,</strong></span> <span class='ocrx_word' id='word_1_825' title='bbox 3435 4221 3610 4280; x_wconf 86' lang='lat' dir='ltr'><strong>aperta</strong></span> <span class='ocrx_word' id='word_1_826' title='bbox 3636 4209 3838 4280; x_wconf 70' lang='lat' dir='ltr'><strong>simples-</strong></span> 
     </span>
    </p>
   </div>
   <div class='ocr_carea' id='block_1_107' title="bbox 2289 4301 3834 4376">
    <p class='ocr_par' dir='ltr' id='par_1_107' title="bbox 2289 4301 3834 4376">
     <span class='ocr_line' id='line_1_107' title="bbox 2289 4301 3834 4376; baseline -0.004 -20"><span class='ocrx_word' id='word_1_827' title='bbox 2289 4321 2382 4376; x_wconf 83' lang='lat' dir='ltr'><strong>que</strong></span> <span class='ocrx_word' id='word_1_828' title='bbox 2411 4322 2550 4359; x_wconf 80' lang='lat' dir='ltr'><strong>mens</strong></span> <span class='ocrx_word' id='word_1_829' title='bbox 2589 4305 2730 4359; x_wconf 83' lang='lat' dir='ltr'><strong>nulla</strong></span> <span class='ocrx_word' id='word_1_830' title='bbox 2759 4320 2812 4358; x_wconf 85' lang='lat' dir='ltr'><strong>re</strong></span> <span class='ocrx_word' id='word_1_831' title='bbox 2847 4303 3089 4376; x_wconf 84' lang='lat' dir='ltr'><strong>adjuncta</strong></span> <span class='ocrx_word' id='word_1_832' title='bbox 3130 4319 3228 4369; x_wconf 85' lang='lat' dir='ltr'><strong>qua</strong></span> <span class='ocrx_word' id='word_1_833' title='bbox 3268 4303 3450 4357; x_wconf 83' lang='lat' dir='ltr'><strong>sentire</strong></span> <span class='ocrx_word' id='word_1_834' title='bbox 3490 4302 3662 4372; x_wconf 80' lang='lat' dir='ltr'><strong>possit,</strong></span> <span class='ocrx_word' id='word_1_835' title='bbox 3704 4301 3748 4355; x_wconf 91' lang='lat' dir='ltr'><strong>id</strong></span> <span class='ocrx_word' id='word_1_836' title='bbox 3772 4301 3834 4354; x_wconf 85' lang='lat' dir='ltr'><strong>est</strong></span> 
     </span>
    </p>
   </div>
   <div class='ocr_carea' id='block_1_108' title="bbox 2292 4393 3837 4466">
    <p class='ocr_par' dir='ltr' id='par_1_108' title="bbox 2292 4393 3837 4466">
     <span class='ocr_line' id='line_1_108' title="bbox 2292 4393 3837 4466; baseline -0.006 -15"><span class='ocrx_word' id='word_1_837' title='bbox 2292 4396 2437 4451; x_wconf 91' lang='lat' dir='ltr'><strong>nullo</strong></span> <span class='ocrx_word' id='word_1_838' title='bbox 2461 4411 2687 4466; x_wconf 89' lang='lat' dir='ltr'><strong>corpore</strong></span> <span class='ocrx_word' id='word_1_839' title='bbox 2713 4395 2963 4464; x_wconf 86' lang='lat' dir='ltr'><strong>adjuncto</strong></span> <span class='ocrx_word' id='word_1_840' title='bbox 2986 4411 3079 4466; x_wconf 88' lang='lat' dir='ltr'><strong>per</strong></span> <span class='ocrx_word' id='word_1_841' title='bbox 3103 4393 3244 4466; x_wconf 91' lang='lat' dir='ltr'><strong>quod</strong></span> <span class='ocrx_word' id='word_1_842' title='bbox 3268 4395 3470 4449; x_wconf 89' lang='lat' dir='ltr'><strong>sentire</strong></span> <span class='ocrx_word' id='word_1_843' title='bbox 3497 4394 3678 4465; x_wconf 90' lang='lat' dir='ltr'><strong>possit,</strong></span> <span class='ocrx_word' id='word_1_844' title='bbox 3700 4394 3837 4464; x_wconf 72' lang='lat' dir='ltr'><strong>fugere</strong></span> 
     </span>
    </p>
   </div>
   <div class='ocr_carea' id='block_1_109' title="bbox 2290 4479 3832 4560">
    <p class='ocr_par' dir='ltr' id='par_1_109' title="bbox 2290 4479 3832 4560">
     <span class='ocr_line' id='line_1_109' title="bbox 2290 4479 3832 4560; baseline -0.004 -18"><span class='ocrx_word' id='word_1_845' title='bbox 2290 4489 2633 4560; x_wconf 74' lang='lat' dir='ltr'><strong>intelligentia:</strong></span> <span class='ocrx_word' id='word_1_846' title='bbox 2662 4499 2848 4542; x_wconf 76' lang='lat' dir='ltr'><strong>nostra:</strong></span> <span class='ocrx_word' id='word_1_847' title='bbox 2870 4487 2969 4541; x_wconf 80' lang='lat' dir='ltr'><strong>vim</strong></span> <span class='ocrx_word' id='word_1_848' title='bbox 2994 4497 3040 4542; x_wconf 83' lang='lat' dir='ltr'><strong>et</strong></span> <span class='ocrx_word' id='word_1_849' title='bbox 3067 4488 3316 4542; x_wconf 83' lang='lat' dir='ltr'><strong>notionem</strong></span> <span class='ocrx_word' id='word_1_850' title='bbox 3334 4485 3526 4540; x_wconf 82' lang='lat' dir='ltr'><strong>videtur</strong></span> <span class='ocrx_word' id='word_1_851' title='bbox 3548 4485 3752 4558; x_wconf 78' lang='lat' dir='ltr'><strong>(Cicero,</strong></span> <span class='ocrx_word' id='word_1_852' title='bbox 3770 4479 3832 4536; x_wconf 81' lang='lat' dir='ltr'><strong>Li</strong></span> 
     </span>
    </p>
   </div>
   <div class='ocr_carea' id='block_1_110' title="bbox 2292 4577 2801 4652">
    <p class='ocr_par' dir='ltr' id='par_1_110' title="bbox 2292 4577 2801 4652">
     <span class='ocr_line' id='line_1_110' title="bbox 2292 4577 2801 4652; baseline -0.012 -17"><span class='ocrx_word' id='word_1_853' title='bbox 2292 4579 2354 4635; x_wconf 83' lang='lat' dir='ltr'><strong>de</strong></span> <span class='ocrx_word' id='word_1_854' title='bbox 2380 4577 2506 4633; x_wconf 85' lang='lat' dir='ltr'><strong>Nat.</strong></span> <span class='ocrx_word' id='word_1_855' title='bbox 2534 4577 2801 4652; x_wconf 78' lang='lat' dir='ltr'><strong>Deorum).</strong></span> 
     </span>
    </p>
   </div>
   <div class='ocr_carea' id='block_1_111' title="bbox 2363 4666 3836 4741">
    <p class='ocr_par' dir='ltr' id='par_1_111' title="bbox 2363 4666 3836 4741">
     <span class='ocr_line' id='line_1_111' title="bbox 2363 4666 3836 4741; baseline -0.007 -15"><span class='ocrx_word' id='word_1_856' title='bbox 2363 4670 2451 4726; x_wconf 74' lang='lat'><strong>26.</strong></span> <span class='ocrx_word' id='word_1_857' title='bbox 2495 4666 2636 4725; x_wconf 78' lang='lat' dir='ltr'><strong>Nihil</strong></span> <span class='ocrx_word' id='word_1_858' title='bbox 2663 4669 2837 4725; x_wconf 91' lang='lat' dir='ltr'><strong>verius</strong></span> <span class='ocrx_word' id='word_1_859' title='bbox 2865 4685 3022 4741; x_wconf 88' lang='lat' dir='ltr'><strong>quam</strong></span> <span class='ocrx_word' id='word_1_860' title='bbox 3055 4669 3234 4741; x_wconf 87' lang='lat' dir='ltr'><strong>fugere</strong></span> <span class='ocrx_word' id='word_1_861' title='bbox 3261 4670 3362 4725; x_wconf 90' lang='lat' dir='ltr'><strong>hoc</strong></span> <span class='ocrx_word' id='word_1_862' title='bbox 3391 4671 3496 4724; x_wconf 90' lang='lat' dir='ltr'><strong>vim</strong></span> <span class='ocrx_word' id='word_1_863' title='bbox 3523 4671 3578 4724; x_wconf 88' lang='lat' dir='ltr'><strong>et</strong></span> <span class='ocrx_word' id='word_1_864' title='bbox 3606 4668 3836 4724; x_wconf 84' lang='lat' dir='ltr'><strong>notionem</strong></span> 
     </span>
    </p>
   </div>
   <div class='ocr_carea' id='block_1_112' title="bbox 2293 4755 3838 4834">
    <p class='ocr_par' dir='ltr' id='par_1_112' title="bbox 2293 4755 3838 4834">
     <span class='ocr_line' id='line_1_112' title="bbox 2293 4755 3838 4834; baseline -0.005 -16"><span class='ocrx_word' id='word_1_865' title='bbox 2293 4762 2652 4834; x_wconf 75' lang='lat' dir='ltr'><strong>intelligentia:</strong></span> <span class='ocrx_word' id='word_1_866' title='bbox 2677 4759 2974 4818; x_wconf 88' lang='lat' dir='ltr'><strong>Stoicorum</strong></span> <span class='ocrx_word' id='word_1_867' title='bbox 3002 4773 3054 4818; x_wconf 89' lang='lat' dir='ltr'><strong>et</strong></span> <span class='ocrx_word' id='word_1_868' title='bbox 3080 4755 3487 4833; x_wconf 81' lang='lat' dir='ltr'><strong>Epicureorum,</strong></span> <span class='ocrx_word' id='word_1_869' title='bbox 3517 4761 3607 4834; x_wconf 89' lang='lat' dir='ltr'><strong>qui</strong></span> <span class='ocrx_word' id='word_1_870' title='bbox 3631 4761 3725 4816; x_wconf 84' lang='lat' dir='ltr'><strong>nisi</strong></span> <span class='ocrx_word' id='word_1_871' title='bbox 3744 4773 3838 4814; x_wconf 80' lang='lat' dir='ltr'><strong>cor-</strong></span> 
     </span>
    </p>
   </div>
   <div class='ocr_carea' id='block_1_113' title="bbox 2297 4855 3836 4927">
    <p class='ocr_par' dir='ltr' id='par_1_113' title="bbox 2297 4855 3836 4927">
     <span class='ocr_line' id='line_1_113' title="bbox 2297 4855 3836 4927; baseline -0.005 -16"><span class='ocrx_word' id='word_1_872' title='bbox 2297 4857 2496 4927; x_wconf 86' lang='lat' dir='ltr'><strong>poralia</strong></span> <span class='ocrx_word' id='word_1_873' title='bbox 2516 4856 2750 4926; x_wconf 86' lang='lat' dir='ltr'><strong>cogitare</strong></span> <span class='ocrx_word' id='word_1_874' title='bbox 2767 4871 2873 4910; x_wconf 93' lang='lat' dir='ltr'><strong>non</strong></span> <span class='ocrx_word' id='word_1_875' title='bbox 2900 4865 3138 4927; x_wconf 87' lang='lat' dir='ltr'><strong>possunt.</strong></span> <span class='ocrx_word' id='word_1_876' title='bbox 3164 4855 3314 4926; x_wconf 84' lang='lat' dir='ltr'><strong>Quod</strong></span> <span class='ocrx_word' id='word_1_877' title='bbox 3342 4866 3519 4912; x_wconf 86' lang='lat' dir='ltr'><strong>autem</strong></span> <span class='ocrx_word' id='word_1_878' title='bbox 3552 4857 3642 4922; x_wconf 88' lang='lat' dir='ltr'><strong>ait,</strong></span> <span class='ocrx_word' id='word_1_879' title='bbox 3668 4863 3836 4914; x_wconf 68' lang='lat' dir='ltr'><strong>nostra,</strong></span> 
     </span>
    </p>
   </div>
   <div class='ocr_carea' id='block_1_114' title="bbox 2298 4939 3835 5019">
    <p class='ocr_par' dir='ltr' id='par_1_114' title="bbox 2298 4939 3835 5019">
     <span class='ocr_line' id='line_1_114' title="bbox 2298 4939 3835 5019; baseline -0.001 -16"><span class='ocrx_word' id='word_1_880' title='bbox 2298 4954 2544 5004; x_wconf 62' lang='lat' dir='ltr'><strong>humanae</strong></span> <span class='ocrx_word' id='word_1_881' title='bbox 2571 4945 2794 5019; x_wconf 89' lang='lat' dir='ltr'><strong>intelligi</strong></span> <span class='ocrx_word' id='word_1_882' title='bbox 2818 4947 3012 5015; x_wconf 88' lang='lat' dir='ltr'><strong>voluit;</strong></span> <span class='ocrx_word' id='word_1_883' title='bbox 3039 4956 3092 5003; x_wconf 91' lang='lat' dir='ltr'><strong>et</strong></span> <span class='ocrx_word' id='word_1_884' title='bbox 3123 4948 3257 5003; x_wconf 90' lang='lat' dir='ltr'><strong>bene</strong></span> <span class='ocrx_word' id='word_1_885' title='bbox 3288 4962 3394 5002; x_wconf 91' lang='lat' dir='ltr'><strong>non</strong></span> <span class='ocrx_word' id='word_1_886' title='bbox 3420 4947 3515 5016; x_wconf 90' lang='lat' dir='ltr'><strong>ait,</strong></span> <span class='ocrx_word' id='word_1_887' title='bbox 3549 4943 3722 5018; x_wconf 77' lang='lat' dir='ltr'><strong>Fugit;</strong></span> <span class='ocrx_word' id='word_1_888' title='bbox 3748 4939 3835 5001; x_wconf 80' lang='lat' dir='ltr'><strong>sed.</strong></span> 
     </span>
    </p>
   </div>
   <div class='ocr_carea' id='block_1_115' title="bbox 2298 5033 3838 5112">
    <p class='ocr_par' dir='ltr' id='par_1_115' title="bbox 2298 5033 3838 5112">
     <span class='ocr_line' id='line_1_115' title="bbox 2298 5033 3838 5112; baseline -0.004 -16"><span class='ocrx_word' id='word_1_889' title='bbox 2298 5040 2499 5112; x_wconf 83' lang='lat' dir='ltr'><strong>Fugere</strong></span> <span class='ocrx_word' id='word_1_890' title='bbox 2525 5040 2736 5096; x_wconf 81' lang='lat' dir='ltr'><strong>videtur.</strong></span> <span class='ocrx_word' id='word_1_891' title='bbox 2768 5033 2880 5097; x_wconf 84' lang='lat' dir='ltr'><strong>Hoc</strong></span> <span class='ocrx_word' id='word_1_892' title='bbox 2905 5042 3044 5098; x_wconf 89' lang='lat' dir='ltr'><strong>enim</strong></span> <span class='ocrx_word' id='word_1_893' title='bbox 3071 5041 3172 5096; x_wconf 91' lang='lat' dir='ltr'><strong>illis</strong></span> <span class='ocrx_word' id='word_1_894' title='bbox 3214 5039 3442 5109; x_wconf 89' lang='lat' dir='ltr'><strong>videtur,</strong></span> <span class='ocrx_word' id='word_1_895' title='bbox 3471 5042 3723 5098; x_wconf 83' lang='lat' dir='ltr'><strong>neminem</strong></span> <span class='ocrx_word' id='word_1_896' title='bbox 3763 5035 3838 5092; x_wconf 82' lang='lat' dir='ltr'><strong>hoc</strong></span> 
     </span>
    </p>
   </div>
   <div class='ocr_carea' id='block_1_116' title="bbox 2299 5133 3835 5206">
    <p class='ocr_par' dir='ltr' id='par_1_116' title="bbox 2299 5133 3835 5206">
     <span class='ocr_line' id='line_1_116' title="bbox 2299 5133 3835 5206; baseline -0.005 -17"><span class='ocrx_word' id='word_1_897' title='bbox 2299 5149 2455 5206; x_wconf 89' lang='lat' dir='ltr'><strong>posse</strong></span> <span class='ocrx_word' id='word_1_898' title='bbox 2481 5135 2793 5206; x_wconf 90' lang='lat' dir='ltr'><strong>intelligere,</strong></span> <span class='ocrx_word' id='word_1_899' title='bbox 2826 5143 2881 5190; x_wconf 90' lang='lat' dir='ltr'><strong>et</strong></span> <span class='ocrx_word' id='word_1_900' title='bbox 2909 5134 3029 5190; x_wconf 87' lang='lat' dir='ltr'><strong>ideo</strong></span> <span class='ocrx_word' id='word_1_901' title='bbox 3055 5135 3184 5190; x_wconf 86' lang='lat' dir='ltr'><strong>nihil</strong></span> <span class='ocrx_word' id='word_1_902' title='bbox 3217 5133 3324 5190; x_wconf 88' lang='lat' dir='ltr'><strong>tale</strong></span> <span class='ocrx_word' id='word_1_903' title='bbox 3360 5149 3482 5190; x_wconf 88' lang='lat' dir='ltr'><strong>esse</strong></span> <span class='ocrx_word' id='word_1_904' title='bbox 3523 5134 3835 5190; x_wconf 83' lang='lat' dir='ltr'><strong>arbitrantur:</strong></span> 
     </span>
    </p>
   </div>
   <div class='ocr_carea' id='block_1_117' title="bbox 2300 5218 3836 5298">
    <p class='ocr_par' dir='ltr' id='par_1_117' title="bbox 2300 5218 3836 5298">
     <span class='ocr_line' id='line_1_117' title="bbox 2300 5218 3836 5298; baseline -0.006 -15"><span class='ocrx_word' id='word_1_905' title='bbox 2300 5226 2392 5283; x_wconf 89' lang='lat' dir='ltr'><strong>sed</strong></span> <span class='ocrx_word' id='word_1_906' title='bbox 2419 5225 2770 5298; x_wconf 90' lang='lat' dir='ltr'><strong>quorumdam</strong></span> <span class='ocrx_word' id='word_1_907' title='bbox 2813 5226 3241 5297; x_wconf 88' lang='lat' dir='ltr'><strong>intelligentiam,</strong></span> <span class='ocrx_word' id='word_1_908' title='bbox 3271 5237 3527 5298; x_wconf 84' lang='lat' dir='ltr'><strong>quantum</strong></span> <span class='ocrx_word' id='word_1_909' title='bbox 3557 5223 3739 5281; x_wconf 89' lang='lat' dir='ltr'><strong>homini</strong></span> <span class='ocrx_word' id='word_1_910' title='bbox 3762 5218 3836 5274; x_wconf 84' lang='lat' dir='ltr'><strong>da-</strong></span> 
     </span>
    </p>
   </div>
   <div class='ocr_carea' id='block_1_118' title="bbox 2304 5312 3837 5390">
    <p class='ocr_par' dir='ltr' id='par_1_118' title="bbox 2304 5312 3837 5390">
     <span class='ocr_line' id='line_1_118' title="bbox 2304 5312 3837 5390; baseline -0.003 -15"><span class='ocrx_word' id='word_1_911' title='bbox 2304 5331 2413 5375; x_wconf 90' lang='lat' dir='ltr'><strong>tum</strong></span> <span class='ocrx_word' id='word_1_912' title='bbox 2439 5331 2542 5388; x_wconf 87' lang='lat' dir='ltr'><strong>est,</strong></span> <span class='ocrx_word' id='word_1_913' title='bbox 2567 5336 2671 5375; x_wconf 92' lang='lat' dir='ltr'><strong>non</strong></span> <span class='ocrx_word' id='word_1_914' title='bbox 2694 5320 2957 5389; x_wconf 85' lang='lat' dir='ltr'><strong>fugitesse</strong></span> <span class='ocrx_word' id='word_1_915' title='bbox 2981 5327 3219 5390; x_wconf 87' lang='lat' dir='ltr'><strong>apertam</strong></span> <span class='ocrx_word' id='word_1_916' title='bbox 3248 5315 3643 5390; x_wconf 88' lang='lat' dir='ltr'><strong>simpliccmque</strong></span> <span class='ocrx_word' id='word_1_917' title='bbox 3667 5312 3837 5382; x_wconf 60' lang='lat' dir='ltr'><strong>sapien&#39;</strong></span> 
     </span>
    </p>
   </div>
   <div class='ocr_carea' id='block_1_119' title="bbox 2303 5405 3835 5482">
    <p class='ocr_par' dir='ltr' id='par_1_119' title="bbox 2303 5405 3835 5482">
     <span class='ocr_line' id='line_1_119' title="bbox 2303 5405 3835 5482; baseline -0.006 -16"><span class='ocrx_word' id='word_1_918' title='bbox 2303 5413 2426 5466; x_wconf 89' lang='lat' dir='ltr'><strong>tiam</strong></span> <span class='ocrx_word' id='word_1_919' title='bbox 2455 5421 2617 5481; x_wconf 88' lang='lat' dir='ltr'><strong>atque</strong></span> <span class='ocrx_word' id='word_1_920' title='bbox 2645 5409 2944 5475; x_wconf 89' lang='lat' dir='ltr'><strong>veritatem,</strong></span> <span class='ocrx_word' id='word_1_921' title='bbox 2980 5425 3096 5482; x_wconf 75' lang='lat' dir='ltr'><strong>quue</strong></span> <span class='ocrx_word' id='word_1_922' title='bbox 3125 5409 3320 5463; x_wconf 89' lang='lat' dir='ltr'><strong>nullius</strong></span> <span class='ocrx_word' id='word_1_923' title='bbox 3352 5408 3632 5463; x_wconf 82' lang='lat' dir='ltr'><strong>animantis</strong></span> <span class='ocrx_word' id='word_1_924' title='bbox 3655 5405 3714 5460; x_wconf 84' lang='lat' dir='ltr'><strong>sit</strong></span> <span class='ocrx_word' id='word_1_925' title='bbox 3737 5411 3835 5472; x_wconf 75' lang='lat' dir='ltr'><strong>pro-</strong></span> 
     </span>
    </p>
   </div>
   <div class='ocr_carea' id='block_1_120' title="bbox 2305 5495 3836 5576">
    <p class='ocr_par' dir='ltr' id='par_1_120' title="bbox 2305 5495 3836 5576">
     <span class='ocr_line' id='line_1_120' title="bbox 2305 5495 3836 5576; baseline -0.009 -15"><span class='ocrx_word' id='word_1_926' title='bbox 2305 5506 2439 5576; x_wconf 90' lang='lat' dir='ltr'><strong>pria,</strong></span> <span class='ocrx_word' id='word_1_927' title='bbox 2462 5504 2554 5559; x_wconf 85' lang='lat' dir='ltr'><strong>sed</strong></span> <span class='ocrx_word' id='word_1_928' title='bbox 2577 5521 2676 5573; x_wconf 90' lang='lat' dir='ltr'><strong>qua</strong></span> <span class='ocrx_word' id='word_1_929' title='bbox 2704 5504 3058 5557; x_wconf 86' lang='lat' dir='ltr'><strong>communiter</strong></span> <span class='ocrx_word' id='word_1_930' title='bbox 3080 5503 3273 5566; x_wconf 70' lang='lat' dir='ltr'><strong>omnis,</strong></span> <span class='ocrx_word' id='word_1_931' title='bbox 3293 5518 3409 5572; x_wconf 72' lang='lat' dir='ltr'><strong>qum</strong></span> <span class='ocrx_word' id='word_1_932' title='bbox 3431 5501 3480 5553; x_wconf 83' lang='lat' dir='ltr'><strong>id</strong></span> <span class='ocrx_word' id='word_1_933' title='bbox 3503 5510 3664 5571; x_wconf 79' lang='lat' dir='ltr'><strong>potest</strong></span> <span class='ocrx_word' id='word_1_934' title='bbox 3678 5495 3836 5556; x_wconf 79' lang='lat' dir='ltr'><strong>anima,</strong></span> 
     </span>
    </p>
   </div>
   <div class='ocr_carea' id='block_1_121' title="bbox 2305 5583 3840 5668">
    <p class='ocr_par' dir='ltr' id='par_1_121' title="bbox 2305 5583 3840 5668">
     <span class='ocr_line' id='line_1_121' title="bbox 2305 5583 3840 5668; baseline -0.012 -16"><span class='ocrx_word' id='word_1_935' title='bbox 2305 5598 2516 5668; x_wconf 83' lang='lat' dir='ltr'><strong>sapiens</strong></span> <span class='ocrx_word' id='word_1_936' title='bbox 2537 5605 2766 5650; x_wconf 80' lang='lat' dir='ltr'><strong>ctverax</strong></span> <span class='ocrx_word' id='word_1_937' title='bbox 2800 5593 3046 5648; x_wconf 85' lang='lat' dir='ltr'><strong>efficitur.</strong></span> <span class='ocrx_word' id='word_1_938' title='bbox 3077 5583 3245 5660; x_wconf 80' lang='lat' dir='ltr'><strong>Quam</strong></span> <span class='ocrx_word' id='word_1_939' title='bbox 3274 5592 3317 5647; x_wconf 88' lang='lat' dir='ltr'><strong>si</strong></span> <span class='ocrx_word' id='word_1_940' title='bbox 3348 5595 3512 5646; x_wconf 70' lang='lat' dir='ltr'><strong>Sensit</strong></span> <span class='ocrx_word' id='word_1_941' title='bbox 3536 5606 3649 5647; x_wconf 89' lang='lat' dir='ltr'><strong>esse</strong></span> <span class='ocrx_word' id='word_1_942' title='bbox 3672 5592 3840 5644; x_wconf 72' lang='lat' dir='ltr'><strong>Anaxa-</strong></span> 
     </span>
    </p>
   </div>
   <div class='ocr_carea' id='block_1_122' title="bbox 2304 5675 3842 5758">
    <p class='ocr_par' dir='ltr' id='par_1_122' title="bbox 2304 5675 3842 5758">
     <span class='ocr_line' id='line_1_122' title="bbox 2304 5675 3842 5758; baseline -0.012 -14"><span class='ocrx_word' id='word_1_943' title='bbox 2304 5704 2482 5758; x_wconf 80' lang='lat' dir='ltr'><strong>goras,</strong></span> <span class='ocrx_word' id='word_1_944' title='bbox 2505 5702 2730 5757; x_wconf 89' lang='lat' dir='ltr'><strong>eamque</strong></span> <span class='ocrx_word' id='word_1_945' title='bbox 2761 5686 2925 5740; x_wconf 86' lang='lat' dir='ltr'><strong>Deum</strong></span> <span class='ocrx_word' id='word_1_946' title='bbox 2950 5697 3072 5741; x_wconf 79' lang='lat' dir='ltr'><strong>esse</strong></span> <span class='ocrx_word' id='word_1_947' title='bbox 3099 5683 3246 5750; x_wconf 83' lang='lat' dir='ltr'><strong>vidit,</strong></span> <span class='ocrx_word' id='word_1_948' title='bbox 3276 5695 3612 5754; x_wconf 63' lang='lat' dir='ltr'><strong>mentemque</strong></span> <span class='ocrx_word' id='word_1_949' title='bbox 3652 5675 3842 5748; x_wconf 81' lang='lat' dir='ltr'><strong>appella-</strong></span> 
     </span>
    </p>
   </div>
   <div class='ocr_carea' id='block_1_123' title="bbox 2308 5768 3842 5849">
    <p class='ocr_par' dir='ltr' id='par_1_123' title="bbox 2308 5768 3842 5849">
     <span class='ocr_line' id='line_1_123' title="bbox 2308 5768 3842 5849; baseline -0.01 -13"><span class='ocrx_word' id='word_1_950' title='bbox 2308 5782 2404 5847; x_wconf 86' lang='lat' dir='ltr'><strong>vit,</strong></span> <span class='ocrx_word' id='word_1_951' title='bbox 2432 5796 2536 5837; x_wconf 88' lang='lat' dir='ltr'><strong>nou</strong></span> <span class='ocrx_word' id='word_1_952' title='bbox 2553 5779 2724 5838; x_wconf 88' lang='lat' dir='ltr'><strong>solum</strong></span> <span class='ocrx_word' id='word_1_953' title='bbox 2742 5794 2936 5835; x_wconf 85' lang='lat' dir='ltr'><strong>nomen</strong></span> <span class='ocrx_word' id='word_1_954' title='bbox 2957 5778 3310 5848; x_wconf 65' lang='lat' dir='ltr'><strong>Anaxagorae,</strong></span> <span class='ocrx_word' id='word_1_955' title='bbox 3342 5775 3482 5849; x_wconf 87' lang='lat' dir='ltr'><strong>quod</strong></span> <span class='ocrx_word' id='word_1_956' title='bbox 3508 5783 3709 5848; x_wconf 87' lang='lat' dir='ltr'><strong>propter</strong></span> <span class='ocrx_word' id='word_1_957' title='bbox 3728 5768 3842 5825; x_wconf 79' lang='lat' dir='ltr'><strong>litte-</strong></span> 
     </span>
    </p>
   </div>
   <div class='ocr_carea' id='block_1_124' title="bbox 3690 5825 3990 6396">
    <p class='ocr_par' dir='ltr' id='par_1_124' title="bbox 3690 5825 3990 6396">
     <span class='ocr_line' id='line_1_124' title="bbox 3690 5825 3990 6396; baseline 0.03 -10"><span class='ocrx_word' id='word_1_958' title='bbox 3690 5949 3990 6396; x_wconf 41' lang='grc' dir='ltr'><strong><em>Α</em></strong></span> 
     </span>
    </p>
   </div>
  </div>
