  <div class='ocr_page' id='page_1' title='image "/cluster/home/n/w/nwhite01/storage/ocr_20150623/33/uva.x000669810/232.png"; bbox 0 0 3990 6382; ppageno 0'>
   <div class='ocr_carea' id='block_1_1' title="bbox 171 370 2218 447">
    <p class='ocr_par' dir='ltr' id='par_1_1' title="bbox 171 370 2218 447">
     <span class='ocr_line' id='line_1_1' title="bbox 171 370 2218 447; baseline -0.002 -9"><span class='ocrx_word' id='word_1_1' title='bbox 171 386 256 447; x_wconf 70' lang='grc' dir='ltr'><strong>ιω</strong></span> <span class='ocrx_word' id='word_1_2' title='bbox 1332 370 1807 436; x_wconf 74' lang='lat' dir='ltr'><strong>EPISTOLARUM</strong></span> <span class='ocrx_word' id='word_1_3' title='bbox 1845 371 2117 433; x_wconf 79' lang='lat' dir='ltr'><strong>CLASSIS</strong></span> <span class='ocrx_word' id='word_1_4' title='bbox 2155 378 2218 435; x_wconf 81' lang='lat' dir='ltr'><strong>ll.</strong></span> 
     </span>
    </p>
   </div>
   <div class='ocr_carea' id='block_1_2' title="bbox 174 497 1686 571">
    <p class='ocr_par' dir='ltr' id='par_1_2' title="bbox 174 497 1686 571">
     <span class='ocr_line' id='line_1_2' title="bbox 174 497 1686 571; baseline -0.011 -7"><span class='ocrx_word' id='word_1_5' title='bbox 174 522 307 564; x_wconf 77' lang='lat' dir='ltr'><strong>tatam</strong></span> <span class='ocrx_word' id='word_1_6' title='bbox 332 516 641 571; x_wconf 69' lang='lat' dir='ltr'><strong>vetustatem,</strong></span> <span class='ocrx_word' id='word_1_7' title='bbox 673 517 880 565; x_wconf 89' lang='lat' dir='ltr'><strong>omnes,</strong></span> <span class='ocrx_word' id='word_1_8' title='bbox 911 510 967 555; x_wconf 89' lang='lat' dir='ltr'><strong>ut</strong></span> <span class='ocrx_word' id='word_1_9' title='bbox 991 500 1290 555; x_wconf 74' lang='lat' dir='ltr'><strong>militariter</strong></span> <span class='ocrx_word' id='word_1_10' title='bbox 1311 500 1516 569; x_wconf 92' lang='lat' dir='ltr'><strong>loquar,</strong></span> <span class='ocrx_word' id='word_1_11' title='bbox 1542 497 1686 550; x_wconf 74' lang='lat' dir='ltr'><strong>litte-</strong></span> 
     </span>
    </p>
   </div>
   <div class='ocr_carea' id='block_1_3' title="bbox 170 592 1686 663">
    <p class='ocr_par' dir='ltr' id='par_1_3' title="bbox 170 592 1686 663">
     <span class='ocr_line' id='line_1_3' title="bbox 170 592 1686 663; baseline -0.011 -4"><span class='ocrx_word' id='word_1_12' title='bbox 170 602 345 659; x_wconf 71' lang='lat' dir='ltr'><strong>rionos‘</strong></span> <span class='ocrx_word' id='word_1_13' title='bbox 373 600 581 654; x_wconf 67' lang='lat' dir='ltr'><strong>libenter</strong></span> <span class='ocrx_word' id='word_1_14' title='bbox 602 596 838 663; x_wconf 83' lang='lat' dir='ltr'><strong>sufﬂant,</strong></span> <span class='ocrx_word' id='word_1_15' title='bbox 872 610 968 650; x_wconf 92' lang='lat' dir='ltr'><strong>nos</strong></span> <span class='ocrx_word' id='word_1_16' title='bbox 996 594 1184 649; x_wconf 84' lang='lat' dir='ltr'><strong>doctos</strong></span> <span class='ocrx_word' id='word_1_17' title='bbox 1209 603 1263 647; x_wconf 90' lang='lat' dir='ltr'><strong>et</strong></span> <span class='ocrx_word' id='word_1_18' title='bbox 1286 592 1551 661; x_wconf 83' lang='lat' dir='ltr'><strong>sapientes</strong></span> <span class='ocrx_word' id='word_1_19' title='bbox 1582 604 1686 642; x_wconf 90' lang='lat' dir='ltr'><strong>non</strong></span> 
     </span>
    </p>
   </div>
   <div class='ocr_carea' id='block_1_4' title="bbox 168 682 1688 759">
    <p class='ocr_par' dir='ltr' id='par_1_4' title="bbox 168 682 1688 759">
     <span class='ocr_line' id='line_1_4' title="bbox 168 682 1688 759; baseline -0.011 -10"><span class='ocrx_word' id='word_1_20' title='bbox 168 693 279 756; x_wconf 72' lang='lat' dir='ltr'><strong>facit,</strong></span> <span class='ocrx_word' id='word_1_21' title='bbox 305 692 465 745; x_wconf 77' lang='lat' dir='ltr'><strong>sedne</strong></span> <span class='ocrx_word' id='word_1_22' title='bbox 490 690 595 759; x_wconf 82' lang='lat' dir='ltr'><strong>ipsa</strong></span> <span class='ocrx_word' id='word_1_23' title='bbox 624 688 837 759; x_wconf 89' lang='lat' dir='ltr'><strong>quidem</strong></span> <span class='ocrx_word' id='word_1_24' title='bbox 867 687 984 754; x_wconf 84' lang='lat' dir='ltr'><strong>ejus</strong></span> <span class='ocrx_word' id='word_1_25' title='bbox 1013 684 1264 757; x_wconf 83' lang='lat' dir='ltr'><strong>cognitio,</strong></span> <span class='ocrx_word' id='word_1_26' title='bbox 1296 699 1397 753; x_wconf 90' lang='lat' dir='ltr'><strong>qua</strong></span> <span class='ocrx_word' id='word_1_27' title='bbox 1426 682 1474 736; x_wconf 90' lang='lat' dir='ltr'><strong>id</strong></span> <span class='ocrx_word' id='word_1_28' title='bbox 1505 696 1688 736; x_wconf 90' lang='lat' dir='ltr'><strong>verum</strong></span> 
     </span>
    </p>
   </div>
   <div class='ocr_carea' id='block_1_5' title="bbox 167 772 1688 854">
    <p class='ocr_par' dir='ltr' id='par_1_5' title="bbox 167 772 1688 854">
     <span class='ocr_line' id='line_1_5' title="bbox 167 772 1688 854; baseline -0.009 -14"><span class='ocrx_word' id='word_1_29' title='bbox 167 800 257 840; x_wconf 69' lang='lat' dir='ltr'><strong>ese</strong></span> <span class='ocrx_word' id='word_1_30' title='bbox 278 784 517 854; x_wconf 78' lang='lat' dir='ltr'><strong>cognovit.</strong></span> <span class='ocrx_word' id='word_1_31' title='bbox 545 780 658 837; x_wconf 85' lang='lat' dir='ltr'><strong>Non</strong></span> <span class='ocrx_word' id='word_1_32' title='bbox 689 781 830 835; x_wconf 92' lang='lat' dir='ltr'><strong>enim</strong></span> <span class='ocrx_word' id='word_1_33' title='bbox 858 779 984 834; x_wconf 85' lang='lat' dir='ltr'><strong>mihi</strong></span> <span class='ocrx_word' id='word_1_34' title='bbox 1012 787 1294 849; x_wconf 88' lang='lat' dir='ltr'><strong>propterea</strong></span> <span class='ocrx_word' id='word_1_35' title='bbox 1313 774 1507 829; x_wconf 86' lang='lat' dir='ltr'><strong>veritas</strong></span> <span class='ocrx_word' id='word_1_36' title='bbox 1526 772 1688 826; x_wconf 78' lang='lat' dir='ltr'><strong>chara</strong></span> 
     </span>
    </p>
   </div>
   <div class='ocr_carea' id='block_1_6' title="bbox 168 863 1686 943">
    <p class='ocr_par' dir='ltr' id='par_1_6' title="bbox 168 863 1686 943">
     <span class='ocr_line' id='line_1_6' title="bbox 168 863 1686 943; baseline -0.011 -11"><span class='ocrx_word' id='word_1_37' title='bbox 168 874 435 937; x_wconf 66' lang='lat' dir='ltr'><strong>essedebet,</strong></span> <span class='ocrx_word' id='word_1_38' title='bbox 461 874 577 943; x_wconf 84' lang='lat' dir='ltr'><strong>quia</strong></span> <span class='ocrx_word' id='word_1_39' title='bbox 602 888 710 927; x_wconf 91' lang='lat' dir='ltr'><strong>non</strong></span> <span class='ocrx_word' id='word_1_40' title='bbox 738 872 889 927; x_wconf 82' lang='lat' dir='ltr'><strong>latuit</strong></span> <span class='ocrx_word' id='word_1_41' title='bbox 914 872 1305 940; x_wconf 76' lang='lat' dir='ltr'><strong>Anaxagoram,</strong></span> <span class='ocrx_word' id='word_1_42' title='bbox 1334 865 1435 922; x_wconf 84' lang='lat' dir='ltr'><strong>sed</strong></span> <span class='ocrx_word' id='word_1_43' title='bbox 1450 863 1571 936; x_wconf 87' lang='lat' dir='ltr'><strong>quia</strong></span> <span class='ocrx_word' id='word_1_44' title='bbox 1593 878 1686 917; x_wconf 85' lang='lat' dir='ltr'><strong>ve-</strong></span> 
     </span>
    </p>
   </div>
   <div class='ocr_carea' id='block_1_7' title="bbox 166 960 1560 1033">
    <p class='ocr_par' dir='ltr' id='par_1_7' title="bbox 166 960 1560 1033">
     <span class='ocr_line' id='line_1_7' title="bbox 166 960 1560 1033; baseline -0.009 -9"><span class='ocrx_word' id='word_1_45' title='bbox 166 970 266 1024; x_wconf 78' lang='lat' dir='ltr'><strong>ritas</strong></span> <span class='ocrx_word' id='word_1_46' title='bbox 288 976 374 1029; x_wconf 80' lang='lat' dir='ltr'><strong>est,</strong></span> <span class='ocrx_word' id='word_1_47' title='bbox 402 965 603 1021; x_wconf 86' lang='lat' dir='ltr'><strong>etiamsi</strong></span> <span class='ocrx_word' id='word_1_48' title='bbox 631 966 807 1020; x_wconf 88' lang='lat' dir='ltr'><strong>nullus</strong></span> <span class='ocrx_word' id='word_1_49' title='bbox 826 979 943 1019; x_wconf 88' lang='lat' dir='ltr'><strong>eam</strong></span> <span class='ocrx_word' id='word_1_50' title='bbox 970 964 1302 1033; x_wconf 82' lang='lat' dir='ltr'><strong>cognovisset</strong></span> <span class='ocrx_word' id='word_1_51' title='bbox 1330 960 1560 1014; x_wconf 76' lang='lat' dir='ltr'><strong>illorum.</strong></span> 
     </span>
    </p>
   </div>
   <div class='ocr_carea' id='block_1_8' title="bbox 218 1047 1686 1125">
    <p class='ocr_par' dir='ltr' id='par_1_8' title="bbox 218 1047 1686 1125">
     <span class='ocr_line' id='line_1_8' title="bbox 218 1047 1686 1125; baseline -0.006 -14"><span class='ocrx_word' id='word_1_52' title='bbox 218 1058 290 1111; x_wconf 70' lang='lat'><strong>37.</strong></span> <span class='ocrx_word' id='word_1_53' title='bbox 323 1056 371 1111; x_wconf 89' lang='lat' dir='ltr'><strong>Si</strong></span> <span class='ocrx_word' id='word_1_54' title='bbox 400 1058 550 1125; x_wconf 79' lang='lat' dir='ltr'><strong>igitur</strong></span> <span class='ocrx_word' id='word_1_55' title='bbox 575 1070 673 1111; x_wconf 76' lang='lat' dir='ltr'><strong>nec</strong></span> <span class='ocrx_word' id='word_1_56' title='bbox 701 1055 821 1123; x_wconf 85' lang='lat' dir='ltr'><strong>ejus</strong></span> <span class='ocrx_word' id='word_1_57' title='bbox 854 1054 1083 1108; x_wconf 80' lang='lat' dir='ltr'><strong>hominis</strong></span> <span class='ocrx_word' id='word_1_58' title='bbox 1122 1052 1207 1124; x_wconf 86' lang='lat' dir='ltr'><strong>qui</strong></span> <span class='ocrx_word' id='word_1_59' title='bbox 1251 1067 1443 1106; x_wconf 83' lang='lat' dir='ltr'><strong>verum</strong></span> <span class='ocrx_word' id='word_1_60' title='bbox 1470 1047 1686 1104; x_wconf 79' lang='lat' dir='ltr'><strong>forsitan</strong></span> 
     </span>
    </p>
   </div>
   <div class='ocr_carea' id='block_1_9' title="bbox 168 1143 1689 1219">
    <p class='ocr_par' dir='ltr' id='par_1_9' title="bbox 168 1143 1689 1219">
     <span class='ocr_line' id='line_1_9' title="bbox 168 1143 1689 1219; baseline -0.005 -16"><span class='ocrx_word' id='word_1_61' title='bbox 168 1150 279 1212; x_wconf 81' lang='lat' dir='ltr'><strong>vidit,</strong></span> <span class='ocrx_word' id='word_1_62' title='bbox 306 1149 518 1219; x_wconf 78' lang='lat' dir='ltr'><strong>cognitio</strong></span> <span class='ocrx_word' id='word_1_63' title='bbox 543 1163 641 1201; x_wconf 88' lang='lat' dir='ltr'><strong>nos</strong></span> <span class='ocrx_word' id='word_1_64' title='bbox 668 1146 851 1200; x_wconf 87' lang='lat' dir='ltr'><strong>inllare</strong></span> <span class='ocrx_word' id='word_1_65' title='bbox 877 1146 1057 1210; x_wconf 89' lang='lat' dir='ltr'><strong>debet,</strong></span> <span class='ocrx_word' id='word_1_66' title='bbox 1088 1154 1222 1201; x_wconf 90' lang='lat' dir='ltr'><strong>utea</strong></span> <span class='ocrx_word' id='word_1_67' title='bbox 1246 1145 1395 1215; x_wconf 80' lang='lat' dir='ltr'><strong>quasi</strong></span> <span class='ocrx_word' id='word_1_68' title='bbox 1412 1143 1550 1198; x_wconf 91' lang='lat' dir='ltr'><strong>docti</strong></span> <span class='ocrx_word' id='word_1_69' title='bbox 1570 1156 1689 1195; x_wconf 83' lang='lat' dir='ltr'><strong>esse</strong></span> 
     </span>
    </p>
   </div>
   <div class='ocr_carea' id='block_1_10' title="bbox 170 1237 1688 1306">
    <p class='ocr_par' dir='ltr' id='par_1_10' title="bbox 170 1237 1688 1306">
     <span class='ocr_line' id='line_1_10' title="bbox 170 1237 1688 1306; baseline -0.003 -13"><span class='ocrx_word' id='word_1_70' title='bbox 170 1240 406 1304; x_wconf 79' lang='lat' dir='ltr'><strong>videamur,</strong></span> <span class='ocrx_word' id='word_1_71' title='bbox 437 1238 524 1294; x_wconf 87' lang='lat' dir='ltr'><strong>sed</strong></span> <span class='ocrx_word' id='word_1_72' title='bbox 571 1240 705 1293; x_wconf 76' lang='lat' dir='ltr'><strong>nec’</strong></span> <span class='ocrx_word' id='word_1_73' title='bbox 729 1238 891 1306; x_wconf 75' lang='lat' dir='ltr'><strong>ipsius</strong></span> <span class='ocrx_word' id='word_1_74' title='bbox 940 1238 1049 1291; x_wconf 82' lang='lat' dir='ltr'><strong>veri</strong></span> <span class='ocrx_word' id='word_1_75' title='bbox 1097 1237 1263 1291; x_wconf 71' lang='lat' dir='ltr'><strong>solida</strong></span> <span class='ocrx_word' id='word_1_76' title='bbox 1297 1252 1402 1298; x_wconf 83' lang='lat' dir='ltr'><strong>res,</strong></span> <span class='ocrx_word' id='word_1_77' title='bbox 1433 1250 1535 1305; x_wconf 77' lang='lat' dir='ltr'><strong>qua</strong></span> <span class='ocrx_word' id='word_1_78' title='bbox 1562 1249 1688 1288; x_wconf 77' lang='lat' dir='ltr'><strong>vere</strong></span> 
     </span>
    </p>
   </div>
   <div class='ocr_carea' id='block_1_11' title="bbox 164 1326 1687 1400">
    <p class='ocr_par' dir='ltr' id='par_1_11' title="bbox 164 1326 1687 1400">
     <span class='ocr_line' id='line_1_11' title="bbox 164 1326 1687 1400; baseline -0.004 -14"><span class='ocrx_word' id='word_1_79' title='bbox 164 1330 272 1386; x_wconf 86' lang='lat' dir='ltr'><strong>docti</strong></span> <span class='ocrx_word' id='word_1_80' title='bbox 294 1346 401 1387; x_wconf 83' lang='lat' dir='ltr'><strong>esse</strong></span> <span class='ocrx_word' id='word_1_81' title='bbox 428 1346 732 1400; x_wconf 82' lang='lat' dir='ltr'><strong>possumus;</strong></span> <span class='ocrx_word' id='word_1_82' title='bbox 760 1338 957 1400; x_wconf 85' lang='lat' dir='ltr'><strong>quanto</strong></span> <span class='ocrx_word' id='word_1_83' title='bbox 987 1329 1159 1383; x_wconf 81' lang='lat' dir='ltr'><strong>minus</strong></span> <span class='ocrx_word' id='word_1_84' title='bbox 1199 1344 1383 1382; x_wconf 87' lang='lat' dir='ltr'><strong>eorum</strong></span> <span class='ocrx_word' id='word_1_85' title='bbox 1416 1326 1687 1380; x_wconf 84' lang='lat' dir='ltr'><strong>hominum</strong></span> 
     </span>
    </p>
   </div>
   <div class='ocr_carea' id='block_1_12' title="bbox 162 1423 1687 1495">
    <p class='ocr_par' dir='ltr' id='par_1_12' title="bbox 162 1423 1687 1495">
     <span class='ocr_line' id='line_1_12' title="bbox 162 1423 1687 1495; baseline -0.003 -16"><span class='ocrx_word' id='word_1_86' title='bbox 162 1428 231 1495; x_wconf 93' lang='lat' dir='ltr'><strong>qui</strong></span> <span class='ocrx_word' id='word_1_87' title='bbox 253 1424 360 1481; x_wconf 78' lang='lat' dir='ltr'><strong>falsa</strong></span> <span class='ocrx_word' id='word_1_88' title='bbox 386 1433 685 1484; x_wconf 77' lang='lat' dir='ltr'><strong>senserunt.</strong></span> <span class='ocrx_word' id='word_1_89' title='bbox 718 1424 928 1478; x_wconf 88' lang='lat' dir='ltr'><strong>nomina</strong></span> <span class='ocrx_word' id='word_1_90' title='bbox 956 1433 1009 1478; x_wconf 90' lang='lat' dir='ltr'><strong>et</strong></span> <span class='ocrx_word' id='word_1_91' title='bbox 1033 1423 1279 1493; x_wconf 86' lang='lat' dir='ltr'><strong>dogmata</strong></span> <span class='ocrx_word' id='word_1_92' title='bbox 1304 1430 1538 1475; x_wconf 63' lang='lat' dir='ltr'><strong>nostrum</strong></span> <span class='ocrx_word' id='word_1_93' title='bbox 1564 1434 1687 1489; x_wconf 83' lang='lat' dir='ltr'><strong>pos-</strong></span> 
     </span>
    </p>
   </div>
   <div class='ocr_carea' id='block_1_13' title="bbox 163 1512 1688 1586">
    <p class='ocr_par' dir='ltr' id='par_1_13' title="bbox 163 1512 1688 1586">
     <span class='ocr_line' id='line_1_13' title="bbox 163 1512 1688 1586; baseline -0.005 -12"><span class='ocrx_word' id='word_1_94' title='bbox 163 1518 504 1586; x_wconf 72' lang='lat' dir='ltr'><strong>sttntadjuvare</strong></span> <span class='ocrx_word' id='word_1_95' title='bbox 531 1517 851 1582; x_wconf 82' lang='lat' dir='ltr'><strong>doctrinam,</strong></span> <span class='ocrx_word' id='word_1_96' title='bbox 892 1527 945 1571; x_wconf 87' lang='lat' dir='ltr'><strong>et</strong></span> <span class='ocrx_word' id='word_1_97' title='bbox 974 1516 1188 1570; x_wconf 87' lang='lat' dir='ltr'><strong>latentia</strong></span> <span class='ocrx_word' id='word_1_98' title='bbox 1222 1515 1428 1586; x_wconf 85' lang='lat' dir='ltr'><strong>rognita</strong></span> <span class='ocrx_word' id='word_1_99' title='bbox 1476 1512 1688 1567; x_wconf 84' lang='lat' dir='ltr'><strong>facere?</strong></span> 
     </span>
    </p>
   </div>
   <div class='ocr_carea' id='block_1_14' title="bbox 161 1606 1689 1678">
    <p class='ocr_par' dir='ltr' id='par_1_14' title="bbox 161 1606 1689 1678">
     <span class='ocr_line' id='line_1_14' title="bbox 161 1606 1689 1678; baseline -0.004 -13"><span class='ocrx_word' id='word_1_100' title='bbox 161 1625 253 1665; x_wconf 73' lang='lat' dir='ltr'><strong>etim</strong></span> <span class='ocrx_word' id='word_1_101' title='bbox 276 1611 312 1663; x_wconf 92' lang='lat' dir='ltr'><strong>si</strong></span> <span class='ocrx_word' id='word_1_102' title='bbox 340 1610 569 1663; x_wconf 71' lang='lat' dir='ltr'><strong>homines</strong></span> <span class='ocrx_word' id='word_1_103' title='bbox 593 1611 782 1673; x_wconf 83' lang='lat' dir='ltr'><strong>simus,</strong></span> <span class='ocrx_word' id='word_1_104' title='bbox 823 1609 992 1678; x_wconf 77' lang='lat' dir='ltr'><strong>magis</strong></span> <span class='ocrx_word' id='word_1_105' title='bbox 1030 1622 1126 1662; x_wconf 90' lang='lat' dir='ltr'><strong>nos</strong></span> <span class='ocrx_word' id='word_1_106' title='bbox 1166 1606 1478 1662; x_wconf 66' lang='lat' dir='ltr'><strong>Ctmtristari</strong></span> <span class='ocrx_word' id='word_1_107' title='bbox 1502 1606 1689 1660; x_wconf 85' lang='lat' dir='ltr'><strong>deceat</strong></span> 
     </span>
    </p>
   </div>
   <div class='ocr_carea' id='block_1_15' title="bbox 162 1699 1687 1761">
    <p class='ocr_par' dir='ltr' id='par_1_15' title="bbox 162 1699 1687 1761">
     <span class='ocr_line' id='line_1_15' title="bbox 162 1699 1687 1761; baseline -0.004 -4"><span class='ocrx_word' id='word_1_108' title='bbox 162 1710 218 1757; x_wconf 81' lang='lat' dir='ltr'><strong>tot</strong></span> <span class='ocrx_word' id='word_1_109' title='bbox 238 1710 281 1756; x_wconf 91' lang='lat' dir='ltr'><strong>et</strong></span> <span class='ocrx_word' id='word_1_110' title='bbox 304 1712 397 1757; x_wconf 89' lang='lat' dir='ltr'><strong>tam</strong></span> <span class='ocrx_word' id='word_1_111' title='bbox 428 1701 817 1756; x_wconf 86' lang='lat' dir='ltr'><strong>nobilitatorum</strong></span> <span class='ocrx_word' id='word_1_112' title='bbox 864 1699 1135 1755; x_wconf 86' lang='lat' dir='ltr'><strong>hominum</strong></span> <span class='ocrx_word' id='word_1_113' title='bbox 1177 1700 1466 1761; x_wconf 83' lang='lat' dir='ltr'><strong>erroribus,</strong></span> <span class='ocrx_word' id='word_1_114' title='bbox 1510 1699 1554 1751; x_wconf 93' lang='lat' dir='ltr'><strong>si</strong></span> <span class='ocrx_word' id='word_1_115' title='bbox 1594 1712 1687 1752; x_wconf 89' lang='lat' dir='ltr'><strong>eos</strong></span> 
     </span>
    </p>
   </div>
   <div class='ocr_carea' id='block_1_16' title="bbox 159 1791 1689 1863">
    <p class='ocr_par' dir='ltr' id='par_1_16' title="bbox 159 1791 1689 1863">
     <span class='ocr_line' id='line_1_16' title="bbox 159 1791 1689 1863; baseline -0.004 -13"><span class='ocrx_word' id='word_1_116' title='bbox 159 1794 305 1850; x_wconf 83' lang='lat' dir='ltr'><strong>audire</strong></span> <span class='ocrx_word' id='word_1_117' title='bbox 328 1795 613 1860; x_wconf 79' lang='lat' dir='ltr'><strong>contigerit,</strong></span> <span class='ocrx_word' id='word_1_118' title='bbox 644 1808 803 1863; x_wconf 87' lang='lat' dir='ltr'><strong>quam</strong></span> <span class='ocrx_word' id='word_1_119' title='bbox 835 1791 948 1847; x_wconf 72' lang='lat' dir='ltr'><strong>inec</strong></span> <span class='ocrx_word' id='word_1_120' title='bbox 979 1802 1255 1861; x_wconf 79' lang='lat' dir='ltr'><strong>propterea</strong></span> <span class='ocrx_word' id='word_1_121' title='bbox 1282 1791 1518 1845; x_wconf 87' lang='lat' dir='ltr'><strong>studiose</strong></span> <span class='ocrx_word' id='word_1_122' title='bbox 1543 1806 1689 1861; x_wconf 74' lang='lat' dir='ltr'><strong>qum-</strong></span> 
     </span>
    </p>
   </div>
   <div class='ocr_carea' id='block_1_17' title="bbox 159 1882 1684 1956">
    <p class='ocr_par' dir='ltr' id='par_1_17' title="bbox 159 1882 1684 1956">
     <span class='ocr_line' id='line_1_17' title="bbox 159 1882 1684 1956; baseline -0.003 -16"><span class='ocrx_word' id='word_1_123' title='bbox 159 1900 265 1949; x_wconf 81' lang='lat' dir='ltr'><strong>rere,</strong></span> <span class='ocrx_word' id='word_1_124' title='bbox 289 1897 337 1941; x_wconf 85' lang='lat' dir='ltr'><strong>ut</strong></span> <span class='ocrx_word' id='word_1_125' title='bbox 357 1886 486 1941; x_wconf 65' lang='lat' dir='ltr'><strong>inter</strong></span> <span class='ocrx_word' id='word_1_126' title='bbox 510 1901 606 1941; x_wconf 90' lang='lat' dir='ltr'><strong>eos</strong></span> <span class='ocrx_word' id='word_1_127' title='bbox 630 1885 720 1956; x_wconf 85' lang='lat' dir='ltr'><strong>qui</strong></span> <span class='ocrx_word' id='word_1_128' title='bbox 752 1885 838 1939; x_wconf 89' lang='lat' dir='ltr'><strong>illa</strong></span> <span class='ocrx_word' id='word_1_129' title='bbox 868 1885 1133 1945; x_wconf 84' lang='lat' dir='ltr'><strong>nesciunt.</strong></span> <span class='ocrx_word' id='word_1_130' title='bbox 1168 1882 1456 1952; x_wconf 67' lang='lat' dir='ltr'><strong>jtctatione</strong></span> <span class='ocrx_word' id='word_1_131' title='bbox 1486 1882 1684 1937; x_wconf 88' lang='lat' dir='ltr'><strong>inanis-</strong></span> 
     </span>
    </p>
   </div>
   <div class='ocr_carea' id='block_1_18' title="bbox 154 1973 1685 2044">
    <p class='ocr_par' dir='ltr' id='par_1_18' title="bbox 154 1973 1685 2044">
     <span class='ocr_line' id='line_1_18' title="bbox 154 1973 1685 2044; baseline -0.004 -12"><span class='ocrx_word' id='word_1_132' title='bbox 154 1978 257 2032; x_wconf 77' lang='lat' dir='ltr'><strong>sima</strong></span> <span class='ocrx_word' id='word_1_133' title='bbox 284 1979 598 2033; x_wconf 87' lang='lat' dir='ltr'><strong>vcntilenmr.</strong></span> <span class='ocrx_word' id='word_1_134' title='bbox 642 1977 852 2044; x_wconf 84' lang='lat' dir='ltr'><strong>Quanto</strong></span> <span class='ocrx_word' id='word_1_135' title='bbox 891 1976 1032 2029; x_wconf 87' lang='lat' dir='ltr'><strong>enim</strong></span> <span class='ocrx_word' id='word_1_136' title='bbox 1079 1974 1268 2029; x_wconf 87' lang='lat' dir='ltr'><strong>melius</strong></span> <span class='ocrx_word' id='word_1_137' title='bbox 1309 1989 1375 2029; x_wconf 86' lang='lat' dir='ltr'><strong>ne</strong></span> <span class='ocrx_word' id='word_1_138' title='bbox 1416 1973 1685 2027; x_wconf 71' lang='lat' dir='ltr'><strong>audissem</strong></span> 
     </span>
    </p>
   </div>
   <div class='ocr_carea' id='block_1_19' title="bbox 156 2064 1685 2137">
    <p class='ocr_par' dir='ltr' id='par_1_19' title="bbox 156 2064 1685 2137">
     <span class='ocr_line' id='line_1_19' title="bbox 156 2064 1685 2137; baseline -0.003 -17"><span class='ocrx_word' id='word_1_139' title='bbox 156 2068 326 2137; x_wconf 85' lang='lat' dir='ltr'><strong>quidem</strong></span> <span class='ocrx_word' id='word_1_140' title='bbox 354 2084 537 2121; x_wconf 91' lang='lat' dir='ltr'><strong>nomen</strong></span> <span class='ocrx_word' id='word_1_141' title='bbox 583 2066 893 2131; x_wconf 81' lang='lat' dir='ltr'><strong>Democriti,</strong></span> <span class='ocrx_word' id='word_1_142' title='bbox 924 2082 1082 2135; x_wconf 84' lang='lat' dir='ltr'><strong>quam</strong></span> <span class='ocrx_word' id='word_1_143' title='bbox 1111 2081 1233 2120; x_wconf 89' lang='lat' dir='ltr'><strong>eum</strong></span> <span class='ocrx_word' id='word_1_144' title='bbox 1262 2064 1445 2118; x_wconf 82' lang='lat' dir='ltr'><strong>dolore</strong></span> <span class='ocrx_word' id='word_1_145' title='bbox 1482 2064 1685 2133; x_wconf 81' lang='lat' dir='ltr'><strong>cogita-</strong></span> 
     </span>
    </p>
   </div>
   <div class='ocr_carea' id='block_1_20' title="bbox 157 2158 1683 2229">
    <p class='ocr_par' dir='ltr' id='par_1_20' title="bbox 157 2158 1683 2229">
     <span class='ocr_line' id='line_1_20' title="bbox 157 2158 1683 2229; baseline -0.005 -14"><span class='ocrx_word' id='word_1_146' title='bbox 157 2174 260 2218; x_wconf 82' lang='lat' dir='ltr'><strong>rem.</strong></span> <span class='ocrx_word' id='word_1_147' title='bbox 284 2160 447 2214; x_wconf 78' lang='lat' dir='ltr'><strong>nescio</strong></span> <span class='ocrx_word' id='word_1_148' title='bbox 470 2172 631 2229; x_wconf 80' lang='lat' dir='ltr'><strong>quem</strong></span> <span class='ocrx_word' id='word_1_149' title='bbox 654 2160 765 2214; x_wconf 84' lang='lat' dir='ltr'><strong>suis</strong></span> <span class='ocrx_word' id='word_1_150' title='bbox 792 2158 1121 2229; x_wconf 79' lang='lat' dir='ltr'><strong>temporibus</strong></span> <span class='ocrx_word' id='word_1_151' title='bbox 1148 2172 1395 2225; x_wconf 84' lang='lat' dir='ltr'><strong>magnum</strong></span> <span class='ocrx_word' id='word_1_152' title='bbox 1425 2163 1683 2223; x_wconf 84' lang='lat' dir='ltr'><strong>putatum,</strong></span> 
     </span>
    </p>
   </div>
   <div class='ocr_carea' id='block_1_21' title="bbox 155 2246 1689 2322">
    <p class='ocr_par' dir='ltr' id='par_1_21' title="bbox 155 2246 1689 2322">
     <span class='ocr_line' id='line_1_21' title="bbox 155 2246 1689 2322; baseline -0.004 -17"><span class='ocrx_word' id='word_1_153' title='bbox 155 2251 222 2322; x_wconf 79' lang='lat' dir='ltr'><strong>qui</strong></span> <span class='ocrx_word' id='word_1_154' title='bbox 257 2251 368 2306; x_wconf 73' lang='lat' dir='ltr'><strong>deos</strong></span> <span class='ocrx_word' id='word_1_155' title='bbox 392 2266 512 2306; x_wconf 85' lang='lat' dir='ltr'><strong>esse</strong></span> <span class='ocrx_word' id='word_1_156' title='bbox 554 2251 906 2305; x_wconf 84' lang='lat' dir='ltr'><strong>arbitraretur</strong></span> <span class='ocrx_word' id='word_1_157' title='bbox 945 2248 1223 2319; x_wconf 71' lang='lat' dir='ltr'><strong>imagines,</strong></span> <span class='ocrx_word' id='word_1_158' title='bbox 1255 2263 1375 2317; x_wconf 69' lang='lat' dir='ltr'><strong>qum</strong></span> <span class='ocrx_word' id='word_1_159' title='bbox 1406 2247 1473 2300; x_wconf 89' lang='lat' dir='ltr'><strong>de</strong></span> <span class='ocrx_word' id='word_1_160' title='bbox 1505 2246 1689 2301; x_wconf 80' lang='lat' dir='ltr'><strong>solidis</strong></span> 
     </span>
    </p>
   </div>
   <div class='ocr_carea' id='block_1_22' title="bbox 153 2340 1691 2410">
    <p class='ocr_par' dir='ltr' id='par_1_22' title="bbox 153 2340 1691 2410">
     <span class='ocr_line' id='line_1_22' title="bbox 153 2340 1691 2410; baseline -0.002 -14"><span class='ocrx_word' id='word_1_161' title='bbox 153 2343 411 2409; x_wconf 79' lang='lat' dir='ltr'><strong>corporibus</strong></span> <span class='ocrx_word' id='word_1_162' title='bbox 452 2341 703 2407; x_wconf 69' lang='lat' dir='ltr'><strong>fluerent,</strong></span> <span class='ocrx_word' id='word_1_163' title='bbox 740 2340 1031 2410; x_wconf 74' lang='lat' dir='ltr'><strong>solidzeque</strong></span> <span class='ocrx_word' id='word_1_164' title='bbox 1058 2340 1187 2409; x_wconf 74' lang='lat' dir='ltr'><strong>ipsa:</strong></span> <span class='ocrx_word' id='word_1_165' title='bbox 1213 2354 1317 2393; x_wconf 91' lang='lat' dir='ltr'><strong>non</strong></span> <span class='ocrx_word' id='word_1_166' title='bbox 1344 2347 1544 2405; x_wconf 83' lang='lat' dir='ltr'><strong>essent,</strong></span> <span class='ocrx_word' id='word_1_167' title='bbox 1572 2353 1691 2393; x_wconf 73' lang='lat' dir='ltr'><strong>eas-</strong></span> 
     </span>
    </p>
   </div>
   <div class='ocr_carea' id='block_1_23' title="bbox 151 2433 1689 2504">
    <p class='ocr_par' dir='ltr' id='par_1_23' title="bbox 151 2433 1689 2504">
     <span class='ocr_line' id='line_1_23' title="bbox 151 2433 1689 2504; baseline -0.001 -15"><span class='ocrx_word' id='word_1_168' title='bbox 151 2450 230 2504; x_wconf 77' lang='lat' dir='ltr'><strong>que</strong></span> <span class='ocrx_word' id='word_1_169' title='bbox 253 2434 337 2489; x_wconf 84' lang='lat' dir='ltr'><strong>bac</strong></span> <span class='ocrx_word' id='word_1_170' title='bbox 357 2446 511 2503; x_wconf 88' lang='lat' dir='ltr'><strong>atque</strong></span> <span class='ocrx_word' id='word_1_171' title='bbox 545 2435 647 2489; x_wconf 85' lang='lat' dir='ltr'><strong>hac</strong></span> <span class='ocrx_word' id='word_1_172' title='bbox 691 2445 836 2488; x_wconf 86' lang='lat' dir='ltr'><strong>motu</strong></span> <span class='ocrx_word' id='word_1_173' title='bbox 877 2434 1093 2503; x_wconf 84' lang='lat' dir='ltr'><strong>proprio</strong></span> <span class='ocrx_word' id='word_1_174' title='bbox 1125 2433 1504 2489; x_wconf 87' lang='lat' dir='ltr'><strong>circumeundo</strong></span> <span class='ocrx_word' id='word_1_175' title='bbox 1530 2442 1689 2503; x_wconf 88' lang='lat' dir='ltr'><strong>atque</strong></span> 
     </span>
    </p>
   </div>
   <div class='ocr_carea' id='block_1_24' title="bbox 152 2525 1691 2583">
    <p class='ocr_par' dir='ltr' id='par_1_24' title="bbox 152 2525 1691 2583">
     <span class='ocr_line' id='line_1_24' title="bbox 152 2525 1691 2583; baseline -0.002 -1"><span class='ocrx_word' id='word_1_176' title='bbox 152 2528 371 2583; x_wconf 79' lang='lat' dir='ltr'><strong>illabendo</strong></span> <span class='ocrx_word' id='word_1_177' title='bbox 396 2529 447 2583; x_wconf 87' lang='lat' dir='ltr'><strong>in</strong></span> <span class='ocrx_word' id='word_1_178' title='bbox 464 2529 677 2582; x_wconf 84' lang='lat' dir='ltr'><strong>animos</strong></span> <span class='ocrx_word' id='word_1_179' title='bbox 707 2527 979 2580; x_wconf 87' lang='lat' dir='ltr'><strong>hominum</strong></span> <span class='ocrx_word' id='word_1_180' title='bbox 1008 2526 1185 2581; x_wconf 87' lang='lat' dir='ltr'><strong>facere</strong></span> <span class='ocrx_word' id='word_1_181' title='bbox 1209 2535 1265 2580; x_wconf 91' lang='lat' dir='ltr'><strong>ut</strong></span> <span class='ocrx_word' id='word_1_182' title='bbox 1293 2526 1371 2578; x_wconf 88' lang='lat' dir='ltr'><strong>vis</strong></span> <span class='ocrx_word' id='word_1_183' title='bbox 1396 2525 1571 2579; x_wconf 89' lang='lat' dir='ltr'><strong>divina</strong></span> <span class='ocrx_word' id='word_1_184' title='bbox 1599 2540 1691 2579; x_wconf 87' lang='lat' dir='ltr'><strong>co-</strong></span> 
     </span>
    </p>
   </div>
   <div class='ocr_carea' id='block_1_25' title="bbox 148 2610 1686 2682">
    <p class='ocr_par' dir='ltr' id='par_1_25' title="bbox 148 2610 1686 2682">
     <span class='ocr_line' id='line_1_25' title="bbox 148 2610 1686 2682; baseline 0 -17"><span class='ocrx_word' id='word_1_185' title='bbox 148 2612 331 2681; x_wconf 83' lang='lat' dir='ltr'><strong>gitetur;</strong></span> <span class='ocrx_word' id='word_1_186' title='bbox 357 2628 470 2669; x_wconf 90' lang='lat' dir='ltr'><strong>cum</strong></span> <span class='ocrx_word' id='word_1_187' title='bbox 504 2613 744 2682; x_wconf 75' lang='lat' dir='ltr'><strong>proiecto</strong></span> <span class='ocrx_word' id='word_1_188' title='bbox 783 2612 907 2666; x_wconf 83' lang='lat' dir='ltr'><strong>illud</strong></span> <span class='ocrx_word' id='word_1_189' title='bbox 935 2626 1149 2681; x_wconf 88' lang='lat' dir='ltr'><strong>eorpus,</strong></span> <span class='ocrx_word' id='word_1_190' title='bbox 1182 2611 1321 2665; x_wconf 90' lang='lat' dir='ltr'><strong>unde</strong></span> <span class='ocrx_word' id='word_1_191' title='bbox 1356 2612 1527 2681; x_wconf 85' lang='lat' dir='ltr'><strong>imago</strong></span> <span class='ocrx_word' id='word_1_192' title='bbox 1553 2610 1686 2665; x_wconf 79' lang='lat' dir='ltr'><strong>liue-</strong></span> 
     </span>
    </p>
   </div>
   <div class='ocr_carea' id='block_1_26' title="bbox 150 2704 1691 2774">
    <p class='ocr_par' dir='ltr' id='par_1_26' title="bbox 150 2704 1691 2774">
     <span class='ocr_line' id='line_1_26' title="bbox 150 2704 1691 2774; baseline -0.001 -16"><span class='ocrx_word' id='word_1_193' title='bbox 150 2711 233 2764; x_wconf 82' lang='lat' dir='ltr'><strong>ret,</strong></span> <span class='ocrx_word' id='word_1_194' title='bbox 250 2716 416 2774; x_wconf 82' lang='lat' dir='ltr'><strong>quanto</strong></span> <span class='ocrx_word' id='word_1_195' title='bbox 436 2705 661 2759; x_wconf 83' lang='lat' dir='ltr'><strong>solidius</strong></span> <span class='ocrx_word' id='word_1_196' title='bbox 683 2713 783 2768; x_wconf 89' lang='lat' dir='ltr'><strong>est,</strong></span> <span class='ocrx_word' id='word_1_197' title='bbox 808 2712 953 2758; x_wconf 86' lang='lat' dir='ltr'><strong>tanto</strong></span> <span class='ocrx_word' id='word_1_198' title='bbox 982 2704 1319 2772; x_wconf 54' lang='lat' dir='ltr'><strong>praestantius</strong></span> <span class='ocrx_word' id='word_1_199' title='bbox 1338 2718 1550 2773; x_wconf 87' lang='lat' dir='ltr'><strong>quoque</strong></span> <span class='ocrx_word' id='word_1_200' title='bbox 1570 2717 1691 2757; x_wconf 81' lang='lat' dir='ltr'><strong>esse</strong></span> 
     </span>
    </p>
   </div>
   <div class='ocr_carea' id='block_1_27' title="bbox 149 2794 1687 2866">
    <p class='ocr_par' dir='ltr' id='par_1_27' title="bbox 149 2794 1687 2866">
     <span class='ocr_line' id='line_1_27' title="bbox 149 2794 1687 2866; baseline 0.001 -18"><span class='ocrx_word' id='word_1_201' title='bbox 149 2794 393 2863; x_wconf 76' lang='lat' dir='ltr'><strong>iudicetur?</strong></span> <span class='ocrx_word' id='word_1_202' title='bbox 414 2794 651 2866; x_wconf 81' lang='lat' dir='ltr'><strong>Ideoque</strong></span> <span class='ocrx_word' id='word_1_203' title='bbox 680 2794 949 2851; x_wconf 84' lang='lat' dir='ltr'><strong>liuetuavit</strong></span> <span class='ocrx_word' id='word_1_204' title='bbox 988 2795 1127 2863; x_wconf 82' lang='lat' dir='ltr'><strong>ejus,</strong></span> <span class='ocrx_word' id='word_1_205' title='bbox 1178 2794 1314 2850; x_wconf 88' lang='lat' dir='ltr'><strong>sicut</strong></span> <span class='ocrx_word' id='word_1_206' title='bbox 1357 2795 1442 2849; x_wconf 87' lang='lat' dir='ltr'><strong>isti</strong></span> <span class='ocrx_word' id='word_1_207' title='bbox 1484 2794 1687 2862; x_wconf 89' lang='lat' dir='ltr'><strong>dicunt,</strong></span> 
     </span>
    </p>
   </div>
   <div class='ocr_carea' id='block_1_28' title="bbox 150 2885 1690 2957">
    <p class='ocr_par' dir='ltr' id='par_1_28' title="bbox 150 2885 1690 2957">
     <span class='ocr_line' id='line_1_28' title="bbox 150 2885 1690 2957; baseline 0.001 -17"><span class='ocrx_word' id='word_1_208' title='bbox 150 2888 403 2957; x_wconf 71' lang='lat' dir='ltr'><strong>notariique</strong></span> <span class='ocrx_word' id='word_1_209' title='bbox 422 2886 711 2949; x_wconf 85' lang='lat' dir='ltr'><strong>sententia,</strong></span> <span class='ocrx_word' id='word_1_210' title='bbox 744 2895 803 2941; x_wconf 93' lang='lat' dir='ltr'><strong>ut</strong></span> <span class='ocrx_word' id='word_1_211' title='bbox 825 2885 1109 2956; x_wconf 78' lang='lat' dir='ltr'><strong>aliquando</strong></span> <span class='ocrx_word' id='word_1_212' title='bbox 1137 2896 1380 2941; x_wconf 89' lang='lat' dir='ltr'><strong>naturam</strong></span> <span class='ocrx_word' id='word_1_213' title='bbox 1406 2886 1690 2957; x_wconf 76' lang='lat' dir='ltr'><strong>quamdam</strong></span> 
     </span>
    </p>
   </div>
   <div class='ocr_carea' id='block_1_29' title="bbox 148 2978 1691 3050">
    <p class='ocr_par' dir='ltr' id='par_1_29' title="bbox 148 2978 1691 3050">
     <span class='ocr_line' id='line_1_29' title="bbox 148 2978 1691 3050; baseline 0 -17"><span class='ocrx_word' id='word_1_214' title='bbox 148 2979 203 3035; x_wconf 85' lang='lat' dir='ltr'><strong>de</strong></span> <span class='ocrx_word' id='word_1_215' title='bbox 224 2996 307 3048; x_wconf 81' lang='lat' dir='ltr'><strong>qua</strong></span> <span class='ocrx_word' id='word_1_216' title='bbox 332 2981 557 3037; x_wconf 79' lang='lat' dir='ltr'><strong>ﬂuerent</strong></span> <span class='ocrx_word' id='word_1_217' title='bbox 599 2979 856 3050; x_wconf 78' lang='lat' dir='ltr'><strong>imagines</strong></span> <span class='ocrx_word' id='word_1_218' title='bbox 883 2979 1047 3033; x_wconf 73' lang='lat' dir='ltr'><strong>Deum</strong></span> <span class='ocrx_word' id='word_1_219' title='bbox 1077 2994 1198 3034; x_wconf 86' lang='lat' dir='ltr'><strong>esse</strong></span> <span class='ocrx_word' id='word_1_220' title='bbox 1233 2978 1456 3043; x_wconf 85' lang='lat' dir='ltr'><strong>diceret,</strong></span> <span class='ocrx_word' id='word_1_221' title='bbox 1485 2980 1573 3049; x_wconf 88' lang='lat' dir='ltr'><strong>qui</strong></span> <span class='ocrx_word' id='word_1_222' title='bbox 1610 2988 1691 3033; x_wconf 84' lang='lat' dir='ltr'><strong>ta-</strong></span> 
     </span>
    </p>
   </div>
   <div class='ocr_carea' id='block_1_30' title="bbox 149 3071 1690 3144">
    <p class='ocr_par' dir='ltr' id='par_1_30' title="bbox 149 3071 1690 3144">
     <span class='ocr_line' id='line_1_30' title="bbox 149 3071 1690 3144; baseline 0.003 -18"><span class='ocrx_word' id='word_1_223' title='bbox 149 3087 241 3129; x_wconf 83' lang='lat' dir='ltr'><strong>men</strong></span> <span class='ocrx_word' id='word_1_224' title='bbox 264 3074 466 3144; x_wconf 87' lang='lat' dir='ltr'><strong>cogitari</strong></span> <span class='ocrx_word' id='word_1_225' title='bbox 498 3088 607 3127; x_wconf 90' lang='lat' dir='ltr'><strong>non</strong></span> <span class='ocrx_word' id='word_1_226' title='bbox 636 3080 837 3141; x_wconf 79' lang='lat' dir='ltr'><strong>posset,</strong></span> <span class='ocrx_word' id='word_1_227' title='bbox 865 3071 964 3125; x_wconf 89' lang='lat' dir='ltr'><strong>nisi</strong></span> <span class='ocrx_word' id='word_1_228' title='bbox 1007 3088 1101 3140; x_wconf 84' lang='lat' dir='ltr'><strong>per</strong></span> <span class='ocrx_word' id='word_1_229' title='bbox 1140 3086 1232 3127; x_wconf 84' lang='lat' dir='ltr'><strong>cas</strong></span> <span class='ocrx_word' id='word_1_230' title='bbox 1272 3072 1528 3143; x_wconf 73' lang='lat' dir='ltr'><strong>imagines</strong></span> <span class='ocrx_word' id='word_1_231' title='bbox 1558 3090 1690 3143; x_wconf 85' lang='lat' dir='ltr'><strong>quas</strong></span> 
     </span>
    </p>
   </div>
   <div class='ocr_carea' id='block_1_31' title="bbox 149 3161 1690 3235">
    <p class='ocr_par' dir='ltr' id='par_1_31' title="bbox 149 3161 1690 3235">
     <span class='ocr_line' id='line_1_31' title="bbox 149 3161 1690 3235; baseline 0.005 -21"><span class='ocrx_word' id='word_1_232' title='bbox 149 3163 279 3218; x_wconf 80' lang='lat' dir='ltr'><strong>fundit</strong></span> <span class='ocrx_word' id='word_1_233' title='bbox 299 3179 355 3219; x_wconf 89' lang='lat' dir='ltr'><strong>ac</strong></span> <span class='ocrx_word' id='word_1_234' title='bbox 374 3164 593 3230; x_wconf 79' lang='lat' dir='ltr'><strong>emittit,</strong></span> <span class='ocrx_word' id='word_1_235' title='bbox 630 3162 682 3217; x_wconf 88' lang='lat' dir='ltr'><strong>id</strong></span> <span class='ocrx_word' id='word_1_236' title='bbox 717 3172 798 3217; x_wconf 87' lang='lat' dir='ltr'><strong>est</strong></span> <span class='ocrx_word' id='word_1_237' title='bbox 819 3177 938 3233; x_wconf 74' lang='lat' dir='ltr'><strong>qua:</strong></span> <span class='ocrx_word' id='word_1_238' title='bbox 967 3161 1035 3217; x_wconf 84' lang='lat' dir='ltr'><strong>tle</strong></span> <span class='ocrx_word' id='word_1_239' title='bbox 1063 3162 1147 3216; x_wconf 86' lang='lat' dir='ltr'><strong>illa</strong></span> <span class='ocrx_word' id='word_1_240' title='bbox 1171 3172 1380 3227; x_wconf 90' lang='lat' dir='ltr'><strong>natura,</strong></span> <span class='ocrx_word' id='word_1_241' title='bbox 1411 3181 1569 3235; x_wconf 89' lang='lat' dir='ltr'><strong>quam</strong></span> <span class='ocrx_word' id='word_1_242' title='bbox 1597 3182 1690 3222; x_wconf 90' lang='lat' dir='ltr'><strong>ne-</strong></span> 
     </span>
    </p>
   </div>
   <div class='ocr_carea' id='block_1_32' title="bbox 147 3261 1688 3332">
    <p class='ocr_par' dir='ltr' id='par_1_32' title="bbox 147 3261 1688 3332">
     <span class='ocr_line' id='line_1_32' title="bbox 147 3261 1688 3332; baseline 0.001 -19"><span class='ocrx_word' id='word_1_243' title='bbox 147 3261 231 3314; x_wconf 74' lang='lat' dir='ltr'><strong>scio</strong></span> <span class='ocrx_word' id='word_1_244' title='bbox 250 3277 387 3330; x_wconf 86' lang='lat' dir='ltr'><strong>quam</strong></span> <span class='ocrx_word' id='word_1_245' title='bbox 429 3277 744 3332; x_wconf 71' lang='lat' dir='ltr'><strong>mpuream</strong></span> <span class='ocrx_word' id='word_1_246' title='bbox 788 3269 845 3317; x_wconf 86' lang='lat' dir='ltr'><strong>et</strong></span> <span class='ocrx_word' id='word_1_247' title='bbox 881 3263 1281 3331; x_wconf 81' lang='lat' dir='ltr'><strong>sempiternam,</strong></span> <span class='ocrx_word' id='word_1_248' title='bbox 1309 3278 1372 3318; x_wconf 91' lang='lat' dir='ltr'><strong>ac</strong></span> <span class='ocrx_word' id='word_1_249' title='bbox 1397 3263 1556 3319; x_wconf 86' lang='lat' dir='ltr'><strong>etiam</strong></span> <span class='ocrx_word' id='word_1_250' title='bbox 1596 3276 1688 3331; x_wconf 89' lang='lat' dir='ltr'><strong>per</strong></span> 
     </span>
    </p>
   </div>
   <div class='ocr_carea' id='block_1_33' title="bbox 148 3353 1688 3425">
    <p class='ocr_par' dir='ltr' id='par_1_33' title="bbox 148 3353 1688 3425">
     <span class='ocr_line' id='line_1_33' title="bbox 148 3353 1688 3425; baseline 0.001 -18"><span class='ocrx_word' id='word_1_251' title='bbox 148 3353 223 3408; x_wconf 81' lang='lat' dir='ltr'><strong>hoc</strong></span> <span class='ocrx_word' id='word_1_252' title='bbox 243 3356 455 3411; x_wconf 85' lang='lat' dir='ltr'><strong>divinam</strong></span> <span class='ocrx_word' id='word_1_253' title='bbox 490 3363 659 3425; x_wconf 85' lang='lat' dir='ltr'><strong>putat,</strong></span> <span class='ocrx_word' id='word_1_254' title='bbox 689 3356 841 3425; x_wconf 79' lang='lat' dir='ltr'><strong>quasi</strong></span> <span class='ocrx_word' id='word_1_255' title='bbox 872 3356 1083 3425; x_wconf 83' lang='lat' dir='ltr'><strong>vaporis</strong></span> <span class='ocrx_word' id='word_1_256' title='bbox 1112 3356 1492 3411; x_wconf 81' lang='lat' dir='ltr'><strong>similitudine&#39;</strong></span> <span class='ocrx_word' id='word_1_257' title='bbox 1519 3356 1688 3411; x_wconf 87' lang='lat' dir='ltr'><strong>conti-</strong></span> 
     </span>
    </p>
   </div>
   <div class='ocr_carea' id='block_1_34' title="bbox 146 3445 1685 3517">
    <p class='ocr_par' dir='ltr' id='par_1_34' title="bbox 146 3445 1685 3517">
     <span class='ocr_line' id='line_1_34' title="bbox 146 3445 1685 3517; baseline 0.001 -18"><span class='ocrx_word' id='word_1_258' title='bbox 146 3461 222 3499; x_wconf 81' lang='lat' dir='ltr'><strong>tun</strong></span> <span class='ocrx_word' id='word_1_259' title='bbox 243 3447 365 3502; x_wconf 87' lang='lat' dir='ltr'><strong>velut</strong></span> <span class='ocrx_word' id='word_1_260' title='bbox 386 3447 733 3502; x_wconf 84' lang='lat' dir='ltr'><strong>emanatione</strong></span> <span class='ocrx_word' id='word_1_261' title='bbox 758 3445 1044 3511; x_wconf 85' lang='lat' dir='ltr'><strong>ferrentur,</strong></span> <span class='ocrx_word' id='word_1_262' title='bbox 1072 3456 1125 3502; x_wconf 87' lang='lat' dir='ltr'><strong>et</strong></span> <span class='ocrx_word' id='word_1_263' title='bbox 1153 3447 1400 3502; x_wconf 82' lang='lat' dir='ltr'><strong>venirent</strong></span> <span class='ocrx_word' id='word_1_264' title='bbox 1424 3457 1583 3517; x_wconf 87' lang='lat' dir='ltr'><strong>atque</strong></span> <span class='ocrx_word' id='word_1_265' title='bbox 1605 3448 1685 3501; x_wconf 86' lang='lat' dir='ltr'><strong>in-</strong></span> 
     </span>
    </p>
   </div>
   <div class='ocr_carea' id='block_1_35' title="bbox 146 3538 1687 3610">
    <p class='ocr_par' dir='ltr' id='par_1_35' title="bbox 146 3538 1687 3610">
     <span class='ocr_line' id='line_1_35' title="bbox 146 3538 1687 3610; baseline 0.005 -22"><span class='ocrx_word' id='word_1_266' title='bbox 146 3544 303 3592; x_wconf 74' lang='lat' dir='ltr'><strong>&quot;arent</strong></span> <span class='ocrx_word' id='word_1_267' title='bbox 327 3538 375 3592; x_wconf 85' lang='lat' dir='ltr'><strong>in</strong></span> <span class='ocrx_word' id='word_1_268' title='bbox 400 3539 613 3593; x_wconf 81' lang='lat' dir='ltr'><strong>animos</strong></span> <span class='ocrx_word' id='word_1_269' title='bbox 638 3548 867 3601; x_wconf 80' lang='lat' dir='ltr'><strong>nostros,</strong></span> <span class='ocrx_word' id='word_1_270' title='bbox 906 3548 962 3593; x_wconf 91' lang='lat' dir='ltr'><strong>ut</strong></span> <span class='ocrx_word' id='word_1_271' title='bbox 993 3540 1157 3593; x_wconf 85' lang='lat' dir='ltr'><strong>Dettnt</strong></span> <span class='ocrx_word' id='word_1_272' title='bbox 1188 3539 1267 3595; x_wconf 86' lang='lat' dir='ltr'><strong>vel</strong></span> <span class='ocrx_word' id='word_1_273' title='bbox 1293 3538 1427 3594; x_wconf 79' lang='lat' dir='ltr'><strong>deos</strong></span> <span class='ocrx_word' id='word_1_274' title='bbox 1454 3541 1687 3610; x_wconf 84' lang='lat' dir='ltr'><strong>cogitare</strong></span> 
     </span>
    </p>
   </div>
   <div class='ocr_carea' id='block_1_36' title="bbox 146 3630 1687 3704">
    <p class='ocr_par' dir='ltr' id='par_1_36' title="bbox 146 3630 1687 3704">
     <span class='ocr_line' id='line_1_36' title="bbox 146 3630 1687 3704; baseline 0.001 -19"><span class='ocrx_word' id='word_1_275' title='bbox 146 3644 385 3695; x_wconf 73' lang='lat' dir='ltr'><strong>possemus.</strong></span> <span class='ocrx_word' id='word_1_276' title='bbox 413 3630 631 3685; x_wconf 81' lang='lat' dir='ltr'><strong>Nullam</strong></span> <span class='ocrx_word' id='word_1_277' title='bbox 655 3632 796 3685; x_wconf 87' lang='lat' dir='ltr'><strong>enim</strong></span> <span class='ocrx_word' id='word_1_278' title='bbox 818 3631 974 3685; x_wconf 85' lang='lat' dir='ltr'><strong>aliam</strong></span> <span class='ocrx_word' id='word_1_279' title='bbox 1000 3646 1210 3689; x_wconf 82' lang='lat' dir='ltr'><strong>rausam</strong></span> <span class='ocrx_word' id='word_1_280' title='bbox 1233 3634 1517 3701; x_wconf 84' lang='lat' dir='ltr'><strong>cujuslibrt</strong></span> <span class='ocrx_word' id='word_1_281' title='bbox 1539 3636 1687 3704; x_wconf 78' lang='lat' dir='ltr'><strong>engi-</strong></span> 
     </span>
    </p>
   </div>
   <div class='ocr_carea' id='block_1_37' title="bbox 145 3722 1685 3795">
    <p class='ocr_par' dir='ltr' id='par_1_37' title="bbox 145 3722 1685 3795">
     <span class='ocr_line' id='line_1_37' title="bbox 145 3722 1685 3795; baseline 0.003 -22"><span class='ocrx_word' id='word_1_282' title='bbox 145 3722 311 3777; x_wconf 74' lang='lat' dir='ltr'><strong>tati-uis</strong></span> <span class='ocrx_word' id='word_1_283' title='bbox 335 3733 537 3778; x_wconf 74' lang='lat' dir='ltr'><strong>nostra:</strong></span> <span class='ocrx_word' id='word_1_284' title='bbox 563 3722 850 3791; x_wconf 67' lang='lat' dir='ltr'><strong>opinantur</strong></span> <span class='ocrx_word' id='word_1_285' title='bbox 874 3723 979 3787; x_wconf 77' lang='lat' dir='ltr'><strong>isti,</strong></span> <span class='ocrx_word' id='word_1_286' title='bbox 1006 3724 1108 3778; x_wconf 89' lang='lat' dir='ltr'><strong>nisi</strong></span> <span class='ocrx_word' id='word_1_287' title='bbox 1137 3740 1257 3779; x_wconf 89' lang='lat' dir='ltr'><strong>cum</strong></span> <span class='ocrx_word' id='word_1_288' title='bbox 1282 3725 1352 3781; x_wconf 89' lang='lat' dir='ltr'><strong>ab</strong></span> <span class='ocrx_word' id='word_1_289' title='bbox 1379 3726 1461 3780; x_wconf 86' lang='lat' dir='ltr'><strong>bis</strong></span> <span class='ocrx_word' id='word_1_290' title='bbox 1497 3740 1685 3795; x_wconf 85' lang='lat' dir='ltr'><strong>corpo-</strong></span> 
     </span>
    </p>
   </div>
   <div class='ocr_carea' id='block_1_38' title="bbox 144 3812 1685 3888">
    <p class='ocr_par' dir='ltr' id='par_1_38' title="bbox 144 3812 1685 3888">
     <span class='ocr_line' id='line_1_38' title="bbox 144 3812 1685 3888; baseline 0.006 -24"><span class='ocrx_word' id='word_1_291' title='bbox 144 3812 258 3867; x_wconf 82' lang='lat' dir='ltr'><strong>ribus</strong></span> <span class='ocrx_word' id='word_1_292' title='bbox 273 3831 375 3882; x_wconf 74' lang='lat' dir='ltr'><strong>qua:</strong></span> <span class='ocrx_word' id='word_1_293' title='bbox 402 3814 727 3884; x_wconf 74' lang='lat' dir='ltr'><strong>cogitamus,</strong></span> <span class='ocrx_word' id='word_1_294' title='bbox 759 3813 977 3869; x_wconf 76' lang='lat' dir='ltr'><strong>veniunt</strong></span> <span class='ocrx_word' id='word_1_295' title='bbox 1003 3824 1163 3886; x_wconf 89' lang='lat' dir='ltr'><strong>atque</strong></span> <span class='ocrx_word' id='word_1_296' title='bbox 1202 3817 1401 3872; x_wconf 90' lang='lat' dir='ltr'><strong>intrant</strong></span> <span class='ocrx_word' id='word_1_297' title='bbox 1431 3817 1685 3888; x_wconf 86' lang='lat' dir='ltr'><strong>imagines</strong></span> 
     </span>
    </p>
   </div>
   <div class='ocr_carea' id='block_1_39' title="bbox 143 3901 1687 3978">
    <p class='ocr_par' dir='ltr' id='par_1_39' title="bbox 143 3901 1687 3978">
     <span class='ocr_line' id='line_1_39' title="bbox 143 3901 1687 3978; baseline 0.006 -23"><span class='ocrx_word' id='word_1_298' title='bbox 143 3901 370 3959; x_wconf 74' lang='lat' dir='ltr'><strong>ittauitttos</strong></span> <span class='ocrx_word' id='word_1_299' title='bbox 397 3915 616 3960; x_wconf 85' lang='lat' dir='ltr'><strong>nostros</strong></span> <span class='ocrx_word' id='word_1_300' title='bbox 642 3924 653 3959; x_wconf 89' lang='lat'><strong>:</strong></span> <span class='ocrx_word' id='word_1_301' title='bbox 677 3907 825 3974; x_wconf 86' lang='lat' dir='ltr'><strong>quasi</strong></span> <span class='ocrx_word' id='word_1_302' title='bbox 848 3920 953 3961; x_wconf 91' lang='lat' dir='ltr'><strong>non</strong></span> <span class='ocrx_word' id='word_1_303' title='bbox 980 3908 1141 3961; x_wconf 90' lang='lat' dir='ltr'><strong>multa</strong></span> <span class='ocrx_word' id='word_1_304' title='bbox 1168 3923 1231 3963; x_wconf 90' lang='lat' dir='ltr'><strong>ac</strong></span> <span class='ocrx_word' id='word_1_305' title='bbox 1254 3924 1417 3978; x_wconf 76' lang='lat' dir='ltr'><strong>prone</strong></span> <span class='ocrx_word' id='word_1_306' title='bbox 1446 3911 1687 3965; x_wconf 88' lang='lat' dir='ltr'><strong>inmune-</strong></span> 
     </span>
    </p>
   </div>
   <div class='ocr_carea' id='block_1_40' title="bbox 145 3994 1689 4073">
    <p class='ocr_par' dir='ltr' id='par_1_40' title="bbox 145 3994 1689 4073">
     <span class='ocr_line' id='line_1_40' title="bbox 145 3994 1689 4073; baseline 0.008 -27"><span class='ocrx_word' id='word_1_307' title='bbox 145 3994 287 4049; x_wconf 83' lang='lat' dir='ltr'><strong>rabilia</strong></span> <span class='ocrx_word' id='word_1_308' title='bbox 321 3998 625 4067; x_wconf 88' lang='lat' dir='ltr'><strong>cogitentur</strong></span> <span class='ocrx_word' id='word_1_309' title='bbox 668 3998 1072 4066; x_wconf 84' lang='lat' dir='ltr'><strong>incorporaliter</strong></span> <span class='ocrx_word' id='word_1_310' title='bbox 1098 4008 1257 4069; x_wconf 87' lang='lat' dir='ltr'><strong>atque</strong></span> <span class='ocrx_word' id='word_1_311' title='bbox 1288 4003 1689 4073; x_wconf 80' lang='lat' dir='ltr'><strong>intelligibilitrr</strong></span> 
     </span>
    </p>
   </div>
   <div class='ocr_carea' id='block_1_41' title="bbox 144 4087 1687 4166">
    <p class='ocr_par' dir='ltr' id='par_1_41' title="bbox 144 4087 1687 4166">
     <span class='ocr_line' id='line_1_41' title="bbox 144 4087 1687 4166; baseline 0.011 -32"><span class='ocrx_word' id='word_1_312' title='bbox 144 4087 194 4137; x_wconf 81' lang='lat' dir='ltr'><strong>ab</strong></span> <span class='ocrx_word' id='word_1_313' title='bbox 216 4088 281 4141; x_wconf 78' lang='lat' dir='ltr'><strong>eis</strong></span> <span class='ocrx_word' id='word_1_314' title='bbox 300 4090 379 4158; x_wconf 91' lang='lat' dir='ltr'><strong>qtti</strong></span> <span class='ocrx_word' id='word_1_315' title='bbox 414 4088 540 4143; x_wconf 86' lang='lat' dir='ltr'><strong>talia</strong></span> <span class='ocrx_word' id='word_1_316' title='bbox 562 4090 795 4160; x_wconf 82' lang='lat' dir='ltr'><strong>cogitare</strong></span> <span class='ocrx_word' id='word_1_317' title='bbox 821 4101 1104 4158; x_wconf 87' lang='lat' dir='ltr'><strong>noverunt,</strong></span> <span class='ocrx_word' id='word_1_318' title='bbox 1128 4094 1266 4147; x_wconf 85' lang='lat' dir='ltr'><strong>sicut</strong></span> <span class='ocrx_word' id='word_1_319' title='bbox 1291 4094 1401 4163; x_wconf 87' lang='lat' dir='ltr'><strong>ipsa</strong></span> <span class='ocrx_word' id='word_1_320' title='bbox 1429 4098 1687 4166; x_wconf 76' lang='lat' dir='ltr'><strong>sapientia</strong></span> 
     </span>
    </p>
   </div>
   <div class='ocr_carea' id='block_1_42' title="bbox 144 4179 1689 4257">
    <p class='ocr_par' dir='ltr' id='par_1_42' title="bbox 144 4179 1689 4257">
     <span class='ocr_line' id='line_1_42' title="bbox 144 4179 1689 4257; baseline 0.008 -28"><span class='ocrx_word' id='word_1_321' title='bbox 144 4185 185 4229; x_wconf 84' lang='lat' dir='ltr'><strong>ct</strong></span> <span class='ocrx_word' id='word_1_322' title='bbox 206 4179 391 4251; x_wconf 65' lang='lat' dir='ltr'><strong>vetitas.</strong></span> <span class='ocrx_word' id='word_1_323' title='bbox 420 4180 596 4247; x_wconf 81' lang='lat' dir='ltr'><strong>Quam</strong></span> <span class='ocrx_word' id='word_1_324' title='bbox 622 4181 666 4234; x_wconf 88' lang='lat' dir='ltr'><strong>si</strong></span> <span class='ocrx_word' id='word_1_325' title='bbox 697 4180 782 4235; x_wconf 88' lang='lat' dir='ltr'><strong>isti</strong></span> <span class='ocrx_word' id='word_1_326' title='bbox 812 4197 917 4236; x_wconf 89' lang='lat' dir='ltr'><strong>non</strong></span> <span class='ocrx_word' id='word_1_327' title='bbox 941 4183 1195 4253; x_wconf 88' lang='lat' dir='ltr'><strong>cogitant,</strong></span> <span class='ocrx_word' id='word_1_328' title='bbox 1228 4184 1393 4239; x_wconf 89' lang='lat' dir='ltr'><strong>miror</strong></span> <span class='ocrx_word' id='word_1_329' title='bbox 1420 4187 1689 4257; x_wconf 86' lang='lat' dir='ltr'><strong>quomodo</strong></span> 
     </span>
    </p>
   </div>
   <div class='ocr_carea' id='block_1_43' title="bbox 143 4268 1687 4348">
    <p class='ocr_par' dir='ltr' id='par_1_43' title="bbox 143 4268 1687 4348">
     <span class='ocr_line' id='line_1_43' title="bbox 143 4268 1687 4348; baseline 0.008 -23"><span class='ocrx_word' id='word_1_330' title='bbox 143 4268 195 4326; x_wconf 69' lang='lat' dir='ltr'><strong>de</strong></span> <span class='ocrx_word' id='word_1_331' title='bbox 215 4273 285 4327; x_wconf 84' lang='lat' dir='ltr'><strong>illa</strong></span> <span class='ocrx_word' id='word_1_332' title='bbox 316 4285 603 4344; x_wconf 83' lang='lat' dir='ltr'><strong>utcumque</strong></span> <span class='ocrx_word' id='word_1_333' title='bbox 626 4276 929 4345; x_wconf 80' lang='lat' dir='ltr'><strong>disputent:</strong></span> <span class='ocrx_word' id='word_1_334' title='bbox 953 4278 996 4331; x_wconf 87' lang='lat' dir='ltr'><strong>si</strong></span> <span class='ocrx_word' id='word_1_335' title='bbox 1018 4287 1194 4332; x_wconf 89' lang='lat' dir='ltr'><strong>autem</strong></span> <span class='ocrx_word' id='word_1_336' title='bbox 1217 4280 1470 4348; x_wconf 89' lang='lat' dir='ltr'><strong>cogitant,</strong></span> <span class='ocrx_word' id='word_1_337' title='bbox 1499 4281 1687 4338; x_wconf 80' lang='lat' dir='ltr'><strong>vellem</strong></span> 
     </span>
    </p>
   </div>
   <div class='ocr_carea' id='block_1_44' title="bbox 148 4363 1688 4443">
    <p class='ocr_par' dir='ltr' id='par_1_44' title="bbox 148 4363 1688 4443">
     <span class='ocr_line' id='line_1_44' title="bbox 148 4363 1688 4443; baseline 0.012 -30"><span class='ocrx_word' id='word_1_338' title='bbox 148 4363 245 4418; x_wconf 84' lang='lat' dir='ltr'><strong>mihi</strong></span> <span class='ocrx_word' id='word_1_339' title='bbox 270 4365 521 4430; x_wconf 64' lang='lat' dir='ltr'><strong>dicerent,</strong></span> <span class='ocrx_word' id='word_1_340' title='bbox 552 4368 637 4421; x_wconf 87' lang='lat' dir='ltr'><strong>vel</strong></span> <span class='ocrx_word' id='word_1_341' title='bbox 652 4367 719 4422; x_wconf 87' lang='lat' dir='ltr'><strong>de</strong></span> <span class='ocrx_word' id='word_1_342' title='bbox 740 4384 847 4439; x_wconf 81' lang='lat' dir='ltr'><strong>quo</strong></span> <span class='ocrx_word' id='word_1_343' title='bbox 862 4383 1105 4439; x_wconf 87' lang='lat' dir='ltr'><strong>corpore,</strong></span> <span class='ocrx_word' id='word_1_344' title='bbox 1129 4373 1210 4428; x_wconf 90' lang='lat' dir='ltr'><strong>vel</strong></span> <span class='ocrx_word' id='word_1_345' title='bbox 1231 4374 1402 4443; x_wconf 84' lang='lat' dir='ltr'><strong>qualis</strong></span> <span class='ocrx_word' id='word_1_346' title='bbox 1429 4375 1479 4429; x_wconf 91' lang='lat' dir='ltr'><strong>in</strong></span> <span class='ocrx_word' id='word_1_347' title='bbox 1502 4388 1688 4432; x_wconf 86' lang='lat' dir='ltr'><strong>eorum</strong></span> 
     </span>
    </p>
   </div>
   <div class='ocr_carea' id='block_1_45' title="bbox 145 4458 999 4531">
    <p class='ocr_par' dir='ltr' id='par_1_45' title="bbox 145 4458 999 4531">
     <span class='ocr_line' id='line_1_45' title="bbox 145 4458 999 4531; baseline 0.008 -23"><span class='ocrx_word' id='word_1_348' title='bbox 145 4458 307 4514; x_wconf 84' lang='lat' dir='ltr'><strong>animos</strong></span> <span class='ocrx_word' id='word_1_349' title='bbox 333 4461 513 4517; x_wconf 84' lang='lat' dir='ltr'><strong>veniat</strong></span> <span class='ocrx_word' id='word_1_350' title='bbox 539 4460 713 4531; x_wconf 83' lang='lat' dir='ltr'><strong>imago</strong></span> <span class='ocrx_word' id='word_1_351' title='bbox 742 4463 999 4517; x_wconf 86' lang='lat' dir='ltr'><strong>veritatis.</strong></span> 
     </span>
    </p>
   </div>
   <div class='ocr_carea' id='block_1_46' title="bbox 198 4548 1687 4623">
    <p class='ocr_par' dir='ltr' id='par_1_46' title="bbox 198 4548 1687 4623">
     <span class='ocr_line' id='line_1_46' title="bbox 198 4548 1687 4623; baseline 0.007 -18"><span class='ocrx_word' id='word_1_352' title='bbox 198 4548 267 4605; x_wconf 73' lang='lat'><strong>28.</strong></span> <span class='ocrx_word' id='word_1_353' title='bbox 302 4553 613 4623; x_wconf 85' lang='lat' dir='ltr'><strong>Quanquam</strong></span> <span class='ocrx_word' id='word_1_354' title='bbox 644 4553 971 4609; x_wconf 87' lang='lat' dir='ltr'><strong>Democritus</strong></span> <span class='ocrx_word' id='word_1_355' title='bbox 989 4556 1148 4610; x_wconf 88' lang='lat' dir='ltr'><strong>etiam</strong></span> <span class='ocrx_word' id='word_1_356' title='bbox 1172 4558 1271 4613; x_wconf 82' lang='lat' dir='ltr'><strong>hoc</strong></span> <span class='ocrx_word' id='word_1_357' title='bbox 1292 4558 1489 4615; x_wconf 86' lang='lat' dir='ltr'><strong>distare</strong></span> <span class='ocrx_word' id='word_1_358' title='bbox 1516 4560 1568 4614; x_wconf 91' lang='lat' dir='ltr'><strong>in</strong></span> <span class='ocrx_word' id='word_1_359' title='bbox 1590 4568 1687 4615; x_wconf 78' lang='lat' dir='ltr'><strong>na-</strong></span> 
     </span>
    </p>
   </div>
   <div class='ocr_carea' id='block_1_47' title="bbox 147 4643 1688 4721">
    <p class='ocr_par' dir='ltr' id='par_1_47' title="bbox 147 4643 1688 4721">
     <span class='ocr_line' id='line_1_47' title="bbox 147 4643 1688 4721; baseline 0.01 -27"><span class='ocrx_word' id='word_1_360' title='bbox 147 4643 357 4700; x_wconf 84' lang='lat' dir='ltr'><strong>turalibus</strong></span> <span class='ocrx_word' id='word_1_361' title='bbox 398 4644 784 4715; x_wconf 60' lang='lat' dir='ltr'><strong>quaestionibus</strong></span> <span class='ocrx_word' id='word_1_362' title='bbox 812 4646 883 4700; x_wconf 89' lang='lat' dir='ltr'><strong>ab</strong></span> <span class='ocrx_word' id='word_1_363' title='bbox 917 4646 1146 4715; x_wconf 88' lang='lat' dir='ltr'><strong>Epicuro</strong></span> <span class='ocrx_word' id='word_1_364' title='bbox 1173 4648 1383 4713; x_wconf 82' lang='lat' dir='ltr'><strong>dicitur,</strong></span> <span class='ocrx_word' id='word_1_365' title='bbox 1417 4652 1558 4721; x_wconf 90' lang='lat' dir='ltr'><strong>quod</strong></span> <span class='ocrx_word' id='word_1_366' title='bbox 1590 4654 1688 4711; x_wconf 89' lang='lat' dir='ltr'><strong>iste</strong></span> 
     </span>
    </p>
   </div>
   <div class='ocr_carea' id='block_1_48' title="bbox 147 4734 1689 4810">
    <p class='ocr_par' dir='ltr' id='par_1_48' title="bbox 147 4734 1689 4810">
     <span class='ocr_line' id='line_1_48' title="bbox 147 4734 1689 4810; baseline 0.008 -24"><span class='ocrx_word' id='word_1_367' title='bbox 147 4734 270 4789; x_wconf 68' lang='lat' dir='ltr'><strong>sentit</strong></span> <span class='ocrx_word' id='word_1_368' title='bbox 285 4736 457 4792; x_wconf 83' lang='lat' dir='ltr'><strong>inesse</strong></span> <span class='ocrx_word' id='word_1_369' title='bbox 478 4737 815 4792; x_wconf 84' lang='lat' dir='ltr'><strong>concursioui</strong></span> <span class='ocrx_word' id='word_1_370' title='bbox 836 4747 1135 4792; x_wconf 83' lang='lat' dir='ltr'><strong>atomorum</strong></span> <span class='ocrx_word' id='word_1_371' title='bbox 1160 4740 1262 4793; x_wconf 87' lang='lat' dir='ltr'><strong>vim</strong></span> <span class='ocrx_word' id='word_1_372' title='bbox 1279 4744 1561 4810; x_wconf 88' lang='lat' dir='ltr'><strong>quamdam</strong></span> <span class='ocrx_word' id='word_1_373' title='bbox 1584 4747 1689 4800; x_wconf 88' lang='lat' dir='ltr'><strong>ani-</strong></span> 
     </span>
    </p>
   </div>
   <div class='ocr_carea' id='block_1_49' title="bbox 147 4824 1687 4906">
    <p class='ocr_par' dir='ltr' id='par_1_49' title="bbox 147 4824 1687 4906">
     <span class='ocr_line' id='line_1_49' title="bbox 147 4824 1687 4906; baseline 0.01 -29"><span class='ocrx_word' id='word_1_374' title='bbox 147 4824 298 4880; x_wconf 78' lang='lat' dir='ltr'><strong>malem</strong></span> <span class='ocrx_word' id='word_1_375' title='bbox 321 4838 372 4882; x_wconf 89' lang='lat' dir='ltr'><strong>et</strong></span> <span class='ocrx_word' id='word_1_376' title='bbox 397 4826 709 4897; x_wconf 80' lang='lat' dir='ltr'><strong>spirabilem</strong></span> <span class='ocrx_word' id='word_1_377' title='bbox 727 4825 749 4858; x_wconf 71' lang='grc' dir='ltr'>δ</span> <span class='ocrx_word' id='word_1_378' title='bbox 768 4845 782 4882; x_wconf 90' lang='lat'>:</span> <span class='ocrx_word' id='word_1_379' title='bbox 800 4843 901 4898; x_wconf 86' lang='lat' dir='ltr'><strong>qua</strong></span> <span class='ocrx_word' id='word_1_380' title='bbox 926 4828 972 4881; x_wconf 89' lang='lat' dir='ltr'><strong>vi</strong></span> <span class='ocrx_word' id='word_1_381' title='bbox 996 4843 1115 4883; x_wconf 90' lang='lat' dir='ltr'><strong>eum</strong></span> <span class='ocrx_word' id='word_1_382' title='bbox 1150 4832 1311 4885; x_wconf 85' lang='lat' dir='ltr'><strong>credo</strong></span> <span class='ocrx_word' id='word_1_383' title='bbox 1344 4843 1399 4886; x_wconf 84' lang='lat' dir='ltr'><strong>et</strong></span> <span class='ocrx_word' id='word_1_384' title='bbox 1432 4835 1687 4906; x_wconf 79' lang='lat' dir='ltr'><strong>imagines</strong></span> 
     </span>
    </p>
   </div>
   <div class='ocr_carea' id='block_1_50' title="bbox 148 4912 1685 4989">
    <p class='ocr_par' dir='ltr' id='par_1_50' title="bbox 148 4912 1685 4989">
     <span class='ocr_line' id='line_1_50' title="bbox 148 4912 1685 4989; baseline 0.008 -19"><span class='ocrx_word' id='word_1_385' title='bbox 148 4912 255 4982; x_wconf 77' lang='lat' dir='ltr'><strong>ipsas</strong></span> <span class='ocrx_word' id='word_1_386' title='bbox 275 4920 543 4975; x_wconf 80' lang='lat' dir='ltr'><strong>divinitate</strong></span> <span class='ocrx_word' id='word_1_387' title='bbox 573 4920 822 4989; x_wconf 71' lang='lat' dir='ltr'><strong>praeditas</strong></span> <span class='ocrx_word' id='word_1_388' title='bbox 850 4921 1047 4986; x_wconf 70' lang='lat' dir='ltr'><strong>dicere,</strong></span> <span class='ocrx_word' id='word_1_389' title='bbox 1089 4937 1191 4976; x_wconf 92' lang='lat' dir='ltr'><strong>non</strong></span> <span class='ocrx_word' id='word_1_390' title='bbox 1220 4939 1409 4980; x_wconf 90' lang='lat' dir='ltr'><strong>omnes</strong></span> <span class='ocrx_word' id='word_1_391' title='bbox 1449 4930 1685 4984; x_wconf 88' lang='lat' dir='ltr'><strong>omnium</strong></span> 
     </span>
    </p>
   </div>
   <div class='ocr_carea' id='block_1_51' title="bbox 148 5010 1685 5082">
    <p class='ocr_par' dir='ltr' id='par_1_51' title="bbox 148 5010 1685 5082">
     <span class='ocr_line' id='line_1_51' title="bbox 148 5010 1685 5082; baseline 0.008 -20"><span class='ocrx_word' id='word_1_392' title='bbox 148 5019 307 5074; x_wconf 76' lang='lat' dir='ltr'><strong>rerum,</strong></span> <span class='ocrx_word' id='word_1_393' title='bbox 331 5010 423 5066; x_wconf 85' lang='lat' dir='ltr'><strong>sed</strong></span> <span class='ocrx_word' id='word_1_394' title='bbox 452 5010 701 5076; x_wconf 85' lang='lat' dir='ltr'><strong>deorum,</strong></span> <span class='ocrx_word' id='word_1_395' title='bbox 733 5020 788 5066; x_wconf 87' lang='lat' dir='ltr'><strong>et</strong></span> <span class='ocrx_word' id='word_1_396' title='bbox 817 5012 1076 5082; x_wconf 86' lang='lat' dir='ltr'><strong>principia</strong></span> <span class='ocrx_word' id='word_1_397' title='bbox 1117 5015 1311 5069; x_wconf 90' lang='lat' dir='ltr'><strong>mentis</strong></span> <span class='ocrx_word' id='word_1_398' title='bbox 1335 5031 1453 5073; x_wconf 80' lang='lat' dir='ltr'><strong>esse</strong></span> <span class='ocrx_word' id='word_1_399' title='bbox 1487 5020 1539 5073; x_wconf 90' lang='lat' dir='ltr'><strong>in</strong></span> <span class='ocrx_word' id='word_1_400' title='bbox 1567 5022 1685 5075; x_wconf 81' lang='lat' dir='ltr'><strong>uni-</strong></span> 
     </span>
    </p>
   </div>
   <div class='ocr_carea' id='block_1_52' title="bbox 149 5098 1683 5171">
    <p class='ocr_par' dir='ltr' id='par_1_52' title="bbox 149 5098 1683 5171">
     <span class='ocr_line' id='line_1_52' title="bbox 149 5098 1683 5171; baseline 0.012 -19"><span class='ocrx_word' id='word_1_401' title='bbox 149 5098 295 5164; x_wconf 75' lang='lat' dir='ltr'><strong>tersis,</strong></span> <span class='ocrx_word' id='word_1_402' title='bbox 322 5102 513 5170; x_wconf 81' lang='lat' dir='ltr'><strong>quibus</strong></span> <span class='ocrx_word' id='word_1_403' title='bbox 538 5101 864 5158; x_wconf 82' lang='lat' dir='ltr'><strong>divinitatem</strong></span> <span class='ocrx_word' id='word_1_404' title='bbox 908 5104 1109 5171; x_wconf 88' lang='lat' dir='ltr'><strong>tribuit,</strong></span> <span class='ocrx_word' id='word_1_405' title='bbox 1136 5117 1190 5161; x_wconf 90' lang='lat' dir='ltr'><strong>et</strong></span> <span class='ocrx_word' id='word_1_406' title='bbox 1228 5110 1524 5166; x_wconf 85' lang='lat' dir='ltr'><strong>animantes</strong></span> <span class='ocrx_word' id='word_1_407' title='bbox 1553 5114 1683 5169; x_wconf 63' lang='lat' dir='ltr'><strong>ima«</strong></span> 
     </span>
    </p>
   </div>
   <div class='ocr_carea' id='block_1_53' title="bbox 145 5187 1687 5276">
    <p class='ocr_par' dir='ltr' id='par_1_53' title="bbox 145 5187 1687 5276">
     <span class='ocr_line' id='line_1_53' title="bbox 145 5187 1687 5276; baseline 0.014 -37"><span class='ocrx_word' id='word_1_408' title='bbox 145 5187 281 5257; x_wconf 71' lang='lat' dir='ltr'><strong>git-es,</strong></span> <span class='ocrx_word' id='word_1_409' title='bbox 302 5210 413 5262; x_wconf 78' lang='lat' dir='ltr'><strong>qua:</strong></span> <span class='ocrx_word' id='word_1_410' title='bbox 434 5194 517 5250; x_wconf 87' lang='lat' dir='ltr'><strong>vel</strong></span> <span class='ocrx_word' id='word_1_411' title='bbox 542 5195 794 5265; x_wconf 73' lang='lat' dir='ltr'><strong>prodesse</strong></span> <span class='ocrx_word' id='word_1_412' title='bbox 822 5196 974 5250; x_wconf 92' lang='lat' dir='ltr'><strong>nobis</strong></span> <span class='ocrx_word' id='word_1_413' title='bbox 995 5197 1202 5253; x_wconf 88' lang='lat' dir='ltr'><strong>soleant</strong></span> <span class='ocrx_word' id='word_1_414' title='bbox 1224 5201 1304 5256; x_wconf 89' lang='lat' dir='ltr'><strong>vel</strong></span> <span class='ocrx_word' id='word_1_415' title='bbox 1329 5216 1539 5259; x_wconf 89' lang='lat' dir='ltr'><strong>nocere.</strong></span> <span class='ocrx_word' id='word_1_416' title='bbox 1563 5206 1687 5276; x_wconf 84' lang='lat' dir='ltr'><strong>Epi-</strong></span> 
     </span>
    </p>
   </div>
   <div class='ocr_carea' id='block_1_54' title="bbox 146 5290 1686 5370">
    <p class='ocr_par' dir='ltr' id='par_1_54' title="bbox 146 5290 1686 5370">
     <span class='ocr_line' id='line_1_54' title="bbox 146 5290 1686 5370; baseline 0.015 -37"><span class='ocrx_word' id='word_1_417' title='bbox 146 5294 273 5338; x_wconf 82' lang='lat' dir='ltr'><strong>curus</strong></span> <span class='ocrx_word' id='word_1_418' title='bbox 295 5301 414 5343; x_wconf 86' lang='lat' dir='ltr'><strong>vero</strong></span> <span class='ocrx_word' id='word_1_419' title='bbox 445 5303 617 5355; x_wconf 88' lang='lat' dir='ltr'><strong>neque</strong></span> <span class='ocrx_word' id='word_1_420' title='bbox 659 5290 855 5360; x_wconf 88' lang='lat' dir='ltr'><strong>aliquid</strong></span> <span class='ocrx_word' id='word_1_421' title='bbox 906 5291 957 5345; x_wconf 88' lang='lat' dir='ltr'><strong>ltt</strong></span> <span class='ocrx_word' id='word_1_422' title='bbox 1005 5292 1279 5363; x_wconf 88' lang='lat' dir='ltr'><strong>principiis</strong></span> <span class='ocrx_word' id='word_1_423' title='bbox 1317 5311 1493 5353; x_wconf 90' lang='lat' dir='ltr'><strong>rerum</strong></span> <span class='ocrx_word' id='word_1_424' title='bbox 1538 5303 1686 5370; x_wconf 83' lang='lat' dir='ltr'><strong>ponit</strong></span> 
     </span>
    </p>
   </div>
   <div class='ocr_carea' id='block_1_55' title="bbox 192 5396 1685 5476">
    <p class='ocr_par' dir='ltr' id='par_1_55' title="bbox 192 5396 1685 5476">
     <span class='ocr_line' id='line_1_55' title="bbox 192 5396 1685 5476; baseline -0.007 1"><span class='ocrx_word' id='word_1_425' title='bbox 192 5396 661 5476; x_wconf 57' lang='grc' dir='ltr'><strong>ῬἚηβιιενεὲξ</strong></span> <span class='ocrx_word' id='word_1_426' title='bbox 812 5412 1037 5476; x_wconf 60' lang='grc' dir='ltr'><strong>Πηλψθῗῑ</strong></span> <span class='ocrx_word' id='word_1_427' title='bbox 1054 5403 1386 5476; x_wconf 56' lang='lat' dir='ltr'><strong>“imm.</strong></span> <span class='ocrx_word' id='word_1_428' title='bbox 1414 5412 1499 5461; x_wconf 82' lang='lat' dir='ltr'><strong>Alii</strong></span> <span class='ocrx_word' id='word_1_429' title='bbox 1518 5414 1685 5476; x_wconf 76' lang='lat' dir='ltr'><strong>plures</strong></span> 
     </span>
    </p>
   </div>
   <div class='ocr_carea' id='block_1_56' title="bbox 147 5459 1682 5536">
    <p class='ocr_par' dir='ltr' id='par_1_56' title="bbox 147 5459 1682 5536">
     <span class='ocr_line' id='line_1_56' title="bbox 147 5459 1682 5536; baseline 0.016 -32"><span class='ocrx_word' id='word_1_430' title='bbox 147 5459 401 5536; x_wconf 49' lang='grc' dir='ltr'><strong>ἱ</strong></span> <span class='ocrx_word' id='word_1_431' title='bbox 432 5471 560 5536; x_wconf 66' lang='lat' dir='ltr'><strong>notae</strong></span> <span class='ocrx_word' id='word_1_432' title='bbox 600 5459 712 5536; x_wconf 63' lang='lat' dir='ltr'><strong>cdd.</strong></span> <span class='ocrx_word' id='word_1_433' title='bbox 748 5459 954 5536; x_wconf 64' lang='lat' dir='ltr'><strong>habent,</strong></span> <span class='ocrx_word' id='word_1_434' title='bbox 1001 5459 1281 5530; x_wconf 76' lang='lat' dir='ltr'><strong>litteriones,</strong></span> <span class='ocrx_word' id='word_1_435' title='bbox 1328 5459 1445 5536; x_wconf 70' lang='lat' dir='ltr'><strong>quo</strong></span> <span class='ocrx_word' id='word_1_436' title='bbox 1473 5459 1682 5530; x_wconf 54' lang='lat' dir='ltr'><strong>satis;</strong></span> 
     </span>
    </p>
   </div>
   <div class='ocr_carea' id='block_1_57' title="bbox 146 5522 1677 5598">
    <p class='ocr_par' dir='ltr' id='par_1_57' title="bbox 146 5522 1677 5598">
     <span class='ocr_line' id='line_1_57' title="bbox 146 5522 1677 5598; baseline 0.009 -22"><span class='ocrx_word' id='word_1_437' title='bbox 449 5525 765 5598; x_wconf 66' lang='lat' dir='ltr'><strong>conlenqitim</strong></span> <span class='ocrx_word' id='word_1_438' title='bbox 779 5522 996 5598; x_wconf 60' lang='lat' dir='ltr'><strong>appellat</strong></span> <span class='ocrx_word' id='word_1_439' title='bbox 1014 5522 1304 5593; x_wconf 65' lang='lat' dir='ltr'><strong>augusttnus</strong></span> <span class='ocrx_word' id='word_1_440' title='bbox 1326 5522 1373 5583; x_wconf 68' lang='lat' dir='ltr'><strong>iii</strong></span> <span class='ocrx_word' id='word_1_441' title='bbox 1392 5535 1473 5585; x_wconf 82' lang='lat' dir='ltr'><strong>lib.</strong></span> <span class='ocrx_word' id='word_1_442' title='bbox 1489 5522 1677 5598; x_wconf 54' lang='lat' dir='ltr'><strong>“tl-&#39;65:”,</strong></span> 
     </span>
    </p>
   </div>
   <div class='ocr_carea' id='block_1_58' title="bbox 147 5578 811 5647">
    <p class='ocr_par' dir='ltr' id='par_1_58' title="bbox 147 5578 811 5647">
     <span class='ocr_line' id='line_1_58' title="bbox 147 5578 811 5647; baseline 0.014 -19"><span class='ocrx_word' id='word_1_443' title='bbox 147 5578 430 5647; x_wconf 71' lang='lat' dir='ltr'><strong>tdyersarinm</strong></span> <span class='ocrx_word' id='word_1_444' title='bbox 464 5588 621 5647; x_wconf 58' lang='lat' dir='ltr'><strong>largis.</strong></span> <span class='ocrx_word' id='word_1_445' title='bbox 647 5578 700 5636; x_wconf 81' lang='grc' dir='ltr'><strong>ὀ.</strong></span> <span class='ocrx_word' id='word_1_446' title='bbox 734 5586 811 5638; x_wconf 71' lang='lat' dir='ltr'><strong>2L</strong></span> 
     </span>
    </p>
   </div>
   <div class='ocr_carea' id='block_1_59' title="bbox 145 5642 1674 5751">
    <p class='ocr_par' dir='ltr' id='par_1_59' title="bbox 145 5642 1674 5751">
     <span class='ocr_line' id='line_1_59' title="bbox 145 5642 1674 5751; baseline 0.016 -60"><span class='ocrx_word' id='word_1_447' title='bbox 145 5642 214 5751; x_wconf 43' lang='grc' dir='ltr'><strong>ἥς</strong></span> <span class='ocrx_word' id='word_1_448' title='bbox 392 5642 653 5751; x_wconf 48' lang='grc' dir='ltr'><strong>1ιέῗμίειιιει</strong></span> <span class='ocrx_word' id='word_1_449' title='bbox 709 5660 796 5701; x_wconf 75' lang='lat' dir='ltr'><strong>nec</strong></span> <span class='ocrx_word' id='word_1_450' title='bbox 831 5666 859 5701; x_wconf 87' lang='lat' dir='ltr'><strong>a</strong></span> <span class='ocrx_word' id='word_1_451' title='bbox 900 5653 1156 5704; x_wconf 81' lang='lat' dir='ltr'><strong>duodecim</strong></span> <span class='ocrx_word' id='word_1_452' title='bbox 1208 5664 1316 5708; x_wconf 72' lang='lat' dir='ltr'><strong>Mss.</strong></span> <span class='ocrx_word' id='word_1_453' title='bbox 1370 5670 1420 5709; x_wconf 86' lang='lat' dir='ltr'><strong>et</strong></span> <span class='ocrx_word' id='word_1_454' title='bbox 1459 5664 1519 5711; x_wconf 81' lang='lat' dir='ltr'><strong>ab</strong></span> <span class='ocrx_word' id='word_1_455' title='bbox 1564 5666 1674 5715; x_wconf 70' lang='lat' dir='ltr'><strong>tidd.</strong></span> 
     </span>
     <span class='ocr_line' id='line_1_60' title="bbox 217 5726 503 5751; baseline 0 0"><span class='ocrx_word' id='word_1_456' title='bbox 217 5739 229 5751; x_wconf 77' lang='grc' dir='ltr'><strong>ο</strong></span> <span class='ocrx_word' id='word_1_457' title='bbox 324 5744 335 5751; x_wconf 92' lang='grc'>.</span> <span class='ocrx_word' id='word_1_458' title='bbox 359 5726 389 5751; x_wconf 72' lang='lat' dir='ltr'><strong>P.</strong></span> <span class='ocrx_word' id='word_1_459' title='bbox 456 5750 462 5751; x_wconf 61' lang='lat'><strong><em>,</em></strong></span> <span class='ocrx_word' id='word_1_460' title='bbox 492 5746 503 5751; x_wconf 86' lang='lat'><strong>-</strong></span> 
     </span>
    </p>
   </div>
   <div class='ocr_carea' id='block_1_60' title="bbox 217 5715 504 5759">
    <p class='ocr_par' dir='ltr' id='par_1_60' title="bbox 217 5715 504 5759">
     <span class='ocr_line' id='line_1_61' title="bbox 217 5715 504 5759; baseline 0.021 -7"><span class='ocrx_word' id='word_1_461' title='bbox 217 5739 229 5752; x_wconf 91' lang='lat'><strong>.</strong></span> <span class='ocrx_word' id='word_1_462' title='bbox 250 5715 335 5758; x_wconf 78' lang='lat' dir='ltr'><strong>Am.</strong></span> <span class='ocrx_word' id='word_1_463' title='bbox 359 5718 410 5759; x_wconf 82' lang='lat' dir='ltr'><strong>et</strong></span> <span class='ocrx_word' id='word_1_464' title='bbox 432 5717 504 5759; x_wconf 85' lang='lat' dir='ltr'><strong>Er.</strong></span> 
     </span>
    </p>
   </div>
   <div class='ocr_carea' id='block_1_61' title="bbox 193 5764 1221 5835">
    <p class='ocr_par' dir='ltr' id='par_1_61' title="bbox 193 5764 1221 5835">
     <span class='ocr_line' id='line_1_62' title="bbox 193 5764 1221 5835; baseline -0.001 -6"><span class='ocrx_word' id='word_1_465' title='bbox 193 5764 211 5835; x_wconf 69' lang='grc' dir='ltr'><strong><em>ξ</em></strong></span> <span class='ocrx_word' id='word_1_466' title='bbox 237 5776 327 5835; x_wconf 57' lang='lat' dir='ltr'><strong>5st</strong></span> <span class='ocrx_word' id='word_1_467' title='bbox 341 5772 613 5835; x_wconf 62' lang='grc' dir='ltr'><strong>άιωφάμι,</strong></span> <span class='ocrx_word' id='word_1_468' title='bbox 638 5773 826 5835; x_wconf 68' lang='lat' dir='ltr'><strong>vaporis</strong></span> <span class='ocrx_word' id='word_1_469' title='bbox 844 5774 1221 5828; x_wconf 74' lang='lat' dir='ltr'><strong>sirrrilltndt&#39;nem.</strong></span> 
     </span>
    </p>
   </div>
   <div class='ocr_carea' id='block_1_62' title="bbox 193 5823 1410 5902">
    <p class='ocr_par' dir='ltr' id='par_1_62' title="bbox 193 5823 1410 5902">
     <span class='ocr_line' id='line_1_63' title="bbox 193 5823 1410 5902; baseline 0.013 -21"><span class='ocrx_word' id='word_1_470' title='bbox 193 5823 211 5857; x_wconf 75' lang='grc' dir='ltr'><strong>ι</strong></span> <span class='ocrx_word' id='word_1_471' title='bbox 236 5828 456 5898; x_wconf 50' lang='lat' dir='ltr'><strong>mnos</strong></span> <span class='ocrx_word' id='word_1_472' title='bbox 469 5823 649 5886; x_wconf 71' lang='grc' dir='ltr'><strong>ίιαιεὴι.</strong></span> <span class='ocrx_word' id='word_1_473' title='bbox 678 5823 731 5887; x_wconf 61' lang='lat' dir='ltr'><strong>tt</strong></span> <span class='ocrx_word' id='word_1_474' title='bbox 746 5823 1410 5902; x_wconf 48' lang='lat' dir='ltr'><strong>L&#39;t&#39;e&#39;tiiqdé,&quot;sin&quot;I-atttem</strong></span> 
     </span>
    </p>
   </div>
   <div class='ocr_carea' id='block_1_63' title="bbox 3286 392 3391 453">
    <p class='ocr_par' dir='ltr' id='par_1_63' title="bbox 3286 392 3391 453">
     <span class='ocr_line' id='line_1_64' title="bbox 3286 392 3391 453; baseline 0 0"><span class='ocrx_word' id='word_1_475' title='bbox 3286 392 3391 453; x_wconf 66' lang='lat'><strong>448</strong></span> 
     </span>
    </p>
   </div>
   <div class='ocr_carea' id='block_1_64' title="bbox 1797 496 3385 580">
    <p class='ocr_par' dir='ltr' id='par_1_64' title="bbox 1797 496 3385 580">
     <span class='ocr_line' id='line_1_65' title="bbox 1797 496 3385 580; baseline 0.013 -35"><span class='ocrx_word' id='word_1_476' title='bbox 1797 503 1990 561; x_wconf 63' lang='lat' dir='ltr'><strong>praeter</strong></span> <span class='ocrx_word' id='word_1_477' title='bbox 2010 504 2237 562; x_wconf 81' lang='lat' dir='ltr'><strong>atomos,</strong></span> <span class='ocrx_word' id='word_1_478' title='bbox 2263 496 2314 552; x_wconf 91' lang='lat' dir='ltr'><strong>id</strong></span> <span class='ocrx_word' id='word_1_479' title='bbox 2337 506 2419 554; x_wconf 90' lang='lat' dir='ltr'><strong>est</strong></span> <span class='ocrx_word' id='word_1_480' title='bbox 2438 502 2754 569; x_wconf 82' lang='lat' dir='ltr'><strong>corpuscula</strong></span> <span class='ocrx_word' id='word_1_481' title='bbox 2774 503 3015 573; x_wconf 53' lang='lat' dir='ltr'><strong>quoidam</strong></span> <span class='ocrx_word' id='word_1_482' title='bbox 3038 514 3143 562; x_wconf 89' lang='lat' dir='ltr'><strong>tam</strong></span> <span class='ocrx_word' id='word_1_483' title='bbox 3161 510 3385 580; x_wconf 88' lang='lat' dir='ltr'><strong>minuta,</strong></span> 
     </span>
    </p>
   </div>
   <div class='ocr_carea' id='block_1_65' title="bbox 1797 583 3387 665">
    <p class='ocr_par' dir='ltr' id='par_1_65' title="bbox 1797 583 3387 665">
     <span class='ocr_line' id='line_1_66' title="bbox 1797 583 3387 665; baseline 0.015 -30"><span class='ocrx_word' id='word_1_484' title='bbox 1797 591 1854 636; x_wconf 92' lang='lat' dir='ltr'><strong>ut</strong></span> <span class='ocrx_word' id='word_1_485' title='bbox 1875 583 1984 653; x_wconf 89' lang='lat' dir='ltr'><strong>jam</strong></span> <span class='ocrx_word' id='word_1_486' title='bbox 2015 585 2175 639; x_wconf 83' lang='lat' dir='ltr'><strong>dividi</strong></span> <span class='ocrx_word' id='word_1_487' title='bbox 2212 598 2495 657; x_wconf 85' lang='lat' dir='ltr'><strong>nequeant,</strong></span> <span class='ocrx_word' id='word_1_488' title='bbox 2536 606 2708 659; x_wconf 86' lang='lat' dir='ltr'><strong>neque</strong></span> <span class='ocrx_word' id='word_1_489' title='bbox 2754 595 2962 659; x_wconf 86' lang='lat' dir='ltr'><strong>sentiri,</strong></span> <span class='ocrx_word' id='word_1_490' title='bbox 3008 610 3095 652; x_wconf 89' lang='lat' dir='ltr'><strong>aut</strong></span> <span class='ocrx_word' id='word_1_491' title='bbox 3136 599 3268 665; x_wconf 88' lang='lat' dir='ltr'><strong>visu,</strong></span> <span class='ocrx_word' id='word_1_492' title='bbox 3297 611 3387 659; x_wconf 79' lang='lat' dir='ltr'><strong>aut</strong></span> 
     </span>
    </p>
   </div>
   <div class='ocr_carea' id='block_1_66' title="bbox 1797 680 3389 756">
    <p class='ocr_par' dir='ltr' id='par_1_66' title="bbox 1797 680 3389 756">
     <span class='ocr_line' id='line_1_67' title="bbox 1797 680 3389 756; baseline 0.012 -24"><span class='ocrx_word' id='word_1_493' title='bbox 1797 685 1939 732; x_wconf 87' lang='lat' dir='ltr'><strong>tactu</strong></span> <span class='ocrx_word' id='word_1_494' title='bbox 1971 680 2202 749; x_wconf 66' lang='lat' dir='ltr'><strong>possint;</strong></span> <span class='ocrx_word' id='word_1_495' title='bbox 2245 697 2468 752; x_wconf 85' lang='lat' dir='ltr'><strong>quorum</strong></span> <span class='ocrx_word' id='word_1_496' title='bbox 2515 685 2951 756; x_wconf 82' lang='lat' dir='ltr'><strong>corpusculorum</strong></span> <span class='ocrx_word' id='word_1_497' title='bbox 2991 704 3251 746; x_wconf 72' lang='lat' dir='ltr'><strong>concursu</strong></span> <span class='ocrx_word' id='word_1_498' title='bbox 3282 694 3389 750; x_wconf 88' lang='lat' dir='ltr'><strong>for-</strong></span> 
     </span>
    </p>
   </div>
   <div class='ocr_carea' id='block_1_67' title="bbox 1799 770 3389 855">
    <p class='ocr_par' dir='ltr' id='par_1_67' title="bbox 1799 770 3389 855">
     <span class='ocr_line' id='line_1_68' title="bbox 1799 770 3389 855; baseline 0.013 -32"><span class='ocrx_word' id='word_1_499' title='bbox 1799 770 1952 834; x_wconf 89' lang='lat' dir='ltr'><strong>tuito,</strong></span> <span class='ocrx_word' id='word_1_500' title='bbox 1975 780 2031 825; x_wconf 91' lang='lat' dir='ltr'><strong>et</strong></span> <span class='ocrx_word' id='word_1_501' title='bbox 2053 774 2282 827; x_wconf 90' lang='lat' dir='ltr'><strong>mundos</strong></span> <span class='ocrx_word' id='word_1_502' title='bbox 2304 774 2736 839; x_wconf 83' lang='lat' dir='ltr'><strong>innumerabiles,</strong></span> <span class='ocrx_word' id='word_1_503' title='bbox 2763 788 2817 833; x_wconf 82' lang='lat' dir='ltr'><strong>et</strong></span> <span class='ocrx_word' id='word_1_504' title='bbox 2844 782 3153 847; x_wconf 86' lang='lat' dir='ltr'><strong>animantia,</strong></span> <span class='ocrx_word' id='word_1_505' title='bbox 3176 796 3228 841; x_wconf 88' lang='lat' dir='ltr'><strong>et</strong></span> <span class='ocrx_word' id='word_1_506' title='bbox 3248 787 3389 855; x_wconf 81' lang='lat' dir='ltr'><strong>ipsas</strong></span> 
     </span>
    </p>
   </div>
   <div class='ocr_carea' id='block_1_68' title="bbox 1796 861 3387 938">
    <p class='ocr_par' dir='ltr' id='par_1_68' title="bbox 1796 861 3387 938">
     <span class='ocr_line' id='line_1_69' title="bbox 1796 861 3387 938; baseline 0.016 -26"><span class='ocrx_word' id='word_1_507' title='bbox 1796 861 2002 917; x_wconf 88' lang='lat' dir='ltr'><strong>animas</strong></span> <span class='ocrx_word' id='word_1_508' title='bbox 2032 865 2143 917; x_wconf 82' lang='lat' dir='ltr'><strong>ﬁeri</strong></span> <span class='ocrx_word' id='word_1_509' title='bbox 2176 865 2322 928; x_wconf 88' lang='lat' dir='ltr'><strong>dicit,</strong></span> <span class='ocrx_word' id='word_1_510' title='bbox 2346 874 2400 920; x_wconf 87' lang='lat' dir='ltr'><strong>et</strong></span> <span class='ocrx_word' id='word_1_511' title='bbox 2423 867 2553 922; x_wconf 89' lang='lat' dir='ltr'><strong>deos</strong></span> <span class='ocrx_word' id='word_1_512' title='bbox 2575 884 2711 938; x_wconf 87' lang='lat' dir='ltr'><strong>quos</strong></span> <span class='ocrx_word' id='word_1_513' title='bbox 2745 870 2973 929; x_wconf 81' lang='lat' dir='ltr'><strong>humana</strong></span> <span class='ocrx_word' id='word_1_514' title='bbox 3000 874 3167 931; x_wconf 84' lang='lat' dir='ltr'><strong>forma</strong></span> <span class='ocrx_word' id='word_1_515' title='bbox 3200 894 3301 931; x_wconf 91' lang='lat' dir='ltr'><strong>non</strong></span> <span class='ocrx_word' id='word_1_516' title='bbox 3336 883 3387 937; x_wconf 93' lang='lat' dir='ltr'><strong>in</strong></span> 
     </span>
    </p>
   </div>
   <div class='ocr_carea' id='block_1_69' title="bbox 1795 952 3387 1029">
    <p class='ocr_par' dir='ltr' id='par_1_69' title="bbox 1795 952 3387 1029">
     <span class='ocr_line' id='line_1_70' title="bbox 1795 952 3387 1029; baseline 0.014 -25"><span class='ocrx_word' id='word_1_517' title='bbox 1795 952 1971 1020; x_wconf 81' lang='lat' dir='ltr'><strong>aliquo</strong></span> <span class='ocrx_word' id='word_1_518' title='bbox 1995 954 2217 1020; x_wconf 89' lang='lat' dir='ltr'><strong>mundo,</strong></span> <span class='ocrx_word' id='word_1_519' title='bbox 2244 957 2335 1010; x_wconf 87' lang='lat' dir='ltr'><strong>sed</strong></span> <span class='ocrx_word' id='word_1_520' title='bbox 2356 966 2505 1011; x_wconf 73' lang='lat' dir='ltr'><strong>extra</strong></span> <span class='ocrx_word' id='word_1_521' title='bbox 2536 961 2781 1023; x_wconf 89' lang='lat' dir='ltr'><strong>mundos,</strong></span> <span class='ocrx_word' id='word_1_522' title='bbox 2812 971 2973 1029; x_wconf 72' lang='lat' dir='ltr'><strong>atque</strong></span> <span class='ocrx_word' id='word_1_523' title='bbox 3000 966 3140 1022; x_wconf 89' lang='lat' dir='ltr'><strong>inter</strong></span> <span class='ocrx_word' id='word_1_524' title='bbox 3161 970 3387 1027; x_wconf 83' lang='lat' dir='ltr'><strong>mundos</strong></span> 
     </span>
    </p>
   </div>
   <div class='ocr_carea' id='block_1_70' title="bbox 1795 1044 3384 1132">
    <p class='ocr_par' dir='ltr' id='par_1_70' title="bbox 1795 1044 3384 1132">
     <span class='ocr_line' id='line_1_71' title="bbox 1795 1044 3384 1132; baseline 0.01 -34"><span class='ocrx_word' id='word_1_525' title='bbox 1795 1044 2103 1101; x_wconf 86' lang='lat' dir='ltr'><strong>constituit:</strong></span> <span class='ocrx_word' id='word_1_526' title='bbox 2127 1058 2180 1101; x_wconf 90' lang='lat' dir='ltr'><strong>et</strong></span> <span class='ocrx_word' id='word_1_527' title='bbox 2207 1063 2312 1103; x_wconf 91' lang='lat' dir='ltr'><strong>non</strong></span> <span class='ocrx_word' id='word_1_528' title='bbox 2344 1050 2454 1105; x_wconf 83' lang='lat' dir='ltr'><strong>vult</strong></span> <span class='ocrx_word' id='word_1_529' title='bbox 2482 1052 2702 1107; x_wconf 89' lang='lat' dir='ltr'><strong>omnino</strong></span> <span class='ocrx_word' id='word_1_530' title='bbox 2730 1054 2925 1124; x_wconf 87' lang='lat' dir='ltr'><strong>aliquid</strong></span> <span class='ocrx_word' id='word_1_531' title='bbox 2951 1068 3143 1123; x_wconf 84' lang='lat' dir='ltr'><strong>pra-ter</strong></span> <span class='ocrx_word' id='word_1_532' title='bbox 3161 1076 3384 1132; x_wconf 78' lang='lat' dir='ltr'><strong>eoi-pora</strong></span> 
     </span>
    </p>
   </div>
   <div class='ocr_carea' id='block_1_71' title="bbox 1794 1136 3386 1214">
    <p class='ocr_par' dir='ltr' id='par_1_71' title="bbox 1794 1136 3386 1214">
     <span class='ocr_line' id='line_1_72' title="bbox 1794 1136 3386 1214; baseline 0.012 -26"><span class='ocrx_word' id='word_1_533' title='bbox 1794 1136 2057 1205; x_wconf 84' lang='lat' dir='ltr'><strong>cogitare;</strong></span> <span class='ocrx_word' id='word_1_534' title='bbox 2101 1154 2221 1207; x_wconf 62' lang='lat' dir='ltr'><strong>qua:</strong></span> <span class='ocrx_word' id='word_1_535' title='bbox 2266 1150 2441 1195; x_wconf 86' lang='lat' dir='ltr'><strong>tamen</strong></span> <span class='ocrx_word' id='word_1_536' title='bbox 2486 1149 2543 1195; x_wconf 90' lang='lat' dir='ltr'><strong>ut</strong></span> <span class='ocrx_word' id='word_1_537' title='bbox 2584 1144 2799 1214; x_wconf 78' lang='lat' dir='ltr'><strong>cogitet,</strong></span> <span class='ocrx_word' id='word_1_538' title='bbox 2847 1146 3103 1213; x_wconf 70' lang='lat' dir='ltr'><strong>imagines</strong></span> <span class='ocrx_word' id='word_1_539' title='bbox 3147 1151 3273 1205; x_wconf 89' lang='lat' dir='ltr'><strong>dicit</strong></span> <span class='ocrx_word' id='word_1_540' title='bbox 3318 1154 3386 1207; x_wconf 88' lang='lat' dir='ltr'><strong>ab</strong></span> 
     </span>
    </p>
   </div>
   <div class='ocr_carea' id='block_1_72' title="bbox 1795 1224 3385 1315">
    <p class='ocr_par' dir='ltr' id='par_1_72' title="bbox 1795 1224 3385 1315">
     <span class='ocr_line' id='line_1_73' title="bbox 1795 1224 3385 1315; baseline 0.014 -37"><span class='ocrx_word' id='word_1_541' title='bbox 1795 1224 1922 1295; x_wconf 88' lang='lat' dir='ltr'><strong>ipsis</strong></span> <span class='ocrx_word' id='word_1_542' title='bbox 1954 1227 2113 1281; x_wconf 88' lang='lat' dir='ltr'><strong>rebus</strong></span> <span class='ocrx_word' id='word_1_543' title='bbox 2141 1245 2274 1299; x_wconf 89' lang='lat' dir='ltr'><strong>quas</strong></span> <span class='ocrx_word' id='word_1_544' title='bbox 2300 1233 2494 1289; x_wconf 87' lang='lat' dir='ltr'><strong>atomis</strong></span> <span class='ocrx_word' id='word_1_545' title='bbox 2518 1234 2732 1290; x_wconf 85' lang='lat' dir='ltr'><strong>formari</strong></span> <span class='ocrx_word' id='word_1_546' title='bbox 2766 1247 2929 1305; x_wconf 87' lang='lat' dir='ltr'><strong>putat,</strong></span> <span class='ocrx_word' id='word_1_547' title='bbox 2953 1239 3206 1304; x_wconf 80' lang='lat' dir='ltr'><strong>deﬂuere,</strong></span> <span class='ocrx_word' id='word_1_548' title='bbox 3226 1254 3385 1315; x_wconf 88' lang='lat' dir='ltr'><strong>atque</strong></span> 
     </span>
    </p>
   </div>
   <div class='ocr_carea' id='block_1_73' title="bbox 1796 1315 3383 1405">
    <p class='ocr_par' dir='ltr' id='par_1_73' title="bbox 1796 1315 3383 1405">
     <span class='ocr_line' id='line_1_74' title="bbox 1796 1315 3383 1405; baseline 0.014 -37"><span class='ocrx_word' id='word_1_549' title='bbox 1796 1315 1849 1370; x_wconf 91' lang='lat' dir='ltr'><strong>in</strong></span> <span class='ocrx_word' id='word_1_550' title='bbox 1877 1318 2110 1372; x_wconf 89' lang='lat' dir='ltr'><strong>animum</strong></span> <span class='ocrx_word' id='word_1_551' title='bbox 2145 1322 2365 1377; x_wconf 89' lang='lat' dir='ltr'><strong>introire</strong></span> <span class='ocrx_word' id='word_1_552' title='bbox 2394 1324 2697 1381; x_wconf 89' lang='lat' dir='ltr'><strong>subtiliores</strong></span> <span class='ocrx_word' id='word_1_553' title='bbox 2734 1344 2900 1398; x_wconf 85' lang='lat' dir='ltr'><strong>quam</strong></span> <span class='ocrx_word' id='word_1_554' title='bbox 2918 1340 3039 1386; x_wconf 80' lang='lat' dir='ltr'><strong>sunt</strong></span> <span class='ocrx_word' id='word_1_555' title='bbox 3068 1333 3169 1387; x_wconf 78' lang='lat' dir='ltr'><strong>illa:</strong></span> <span class='ocrx_word' id='word_1_556' title='bbox 3197 1334 3383 1405; x_wconf 85' lang='lat' dir='ltr'><strong>imagi-</strong></span> 
     </span>
    </p>
   </div>
   <div class='ocr_carea' id='block_1_74' title="bbox 1795 1410 3382 1484">
    <p class='ocr_par' dir='ltr' id='par_1_74' title="bbox 1795 1410 3382 1484">
     <span class='ocr_line' id='line_1_75' title="bbox 1795 1410 3382 1484; baseline 0.014 -22"><span class='ocrx_word' id='word_1_557' title='bbox 1795 1423 1891 1463; x_wconf 73' lang='lat' dir='ltr'><strong>nes</strong></span> <span class='ocrx_word' id='word_1_558' title='bbox 1920 1425 2040 1478; x_wconf 79' lang='lat' dir='ltr'><strong>qua:</strong></span> <span class='ocrx_word' id='word_1_559' title='bbox 2069 1410 2135 1466; x_wconf 91' lang='lat' dir='ltr'><strong>ad</strong></span> <span class='ocrx_word' id='word_1_560' title='bbox 2163 1414 2354 1469; x_wconf 88' lang='lat' dir='ltr'><strong>oculos</strong></span> <span class='ocrx_word' id='word_1_561' title='bbox 2384 1416 2619 1472; x_wconf 89' lang='lat' dir='ltr'><strong>veniunt.</strong></span> <span class='ocrx_word' id='word_1_562' title='bbox 2648 1418 2779 1474; x_wconf 86' lang='lat' dir='ltr'><strong>Nam</strong></span> <span class='ocrx_word' id='word_1_563' title='bbox 2820 1431 2873 1477; x_wconf 89' lang='lat' dir='ltr'><strong>et</strong></span> <span class='ocrx_word' id='word_1_564' title='bbox 2914 1424 3125 1481; x_wconf 89' lang='lat' dir='ltr'><strong>videndi</strong></span> <span class='ocrx_word' id='word_1_565' title='bbox 3168 1442 3382 1484; x_wconf 84' lang='lat' dir='ltr'><strong>causam</strong></span> 
     </span>
    </p>
   </div>
   <div class='ocr_carea' id='block_1_75' title="bbox 1795 1498 3387 1581">
    <p class='ocr_par' dir='ltr' id='par_1_75' title="bbox 1795 1498 3387 1581">
     <span class='ocr_line' id='line_1_76' title="bbox 1795 1498 3387 1581; baseline 0.014 -28"><span class='ocrx_word' id='word_1_566' title='bbox 1795 1498 1932 1555; x_wconf 81' lang='lat' dir='ltr'><strong>hanc</strong></span> <span class='ocrx_word' id='word_1_567' title='bbox 1974 1516 2094 1559; x_wconf 84' lang='lat' dir='ltr'><strong>esse</strong></span> <span class='ocrx_word' id='word_1_568' title='bbox 2137 1503 2286 1570; x_wconf 81' lang='lat' dir='ltr'><strong>dirit,</strong></span> <span class='ocrx_word' id='word_1_569' title='bbox 2336 1506 2577 1578; x_wconf 78' lang='lat' dir='ltr'><strong>ingentes</strong></span> <span class='ocrx_word' id='word_1_570' title='bbox 2619 1512 2873 1580; x_wconf 88' lang='lat' dir='ltr'><strong>quasdam</strong></span> <span class='ocrx_word' id='word_1_571' title='bbox 2913 1515 3186 1581; x_wconf 67' lang='lat' dir='ltr'><strong>imagines,</strong></span> <span class='ocrx_word' id='word_1_572' title='bbox 3220 1519 3290 1573; x_wconf 88' lang='lat' dir='ltr'><strong>ita</strong></span> <span class='ocrx_word' id='word_1_573' title='bbox 3330 1529 3387 1575; x_wconf 90' lang='lat' dir='ltr'><strong>ut</strong></span> 
     </span>
    </p>
   </div>
   <div class='ocr_carea' id='block_1_76' title="bbox 1794 1593 3383 1670">
    <p class='ocr_par' dir='ltr' id='par_1_76' title="bbox 1794 1593 3383 1670">
     <span class='ocr_line' id='line_1_77' title="bbox 1794 1593 3383 1670; baseline 0.012 -24"><span class='ocrx_word' id='word_1_574' title='bbox 1794 1593 2099 1648; x_wconf 89' lang='lat' dir='ltr'><strong>universum</strong></span> <span class='ocrx_word' id='word_1_575' title='bbox 2130 1597 2385 1653; x_wconf 90' lang='lat' dir='ltr'><strong>nnmdum</strong></span> <span class='ocrx_word' id='word_1_576' title='bbox 2430 1602 2853 1670; x_wconf 87' lang='lat' dir='ltr'><strong>complectantur</strong></span> <span class='ocrx_word' id='word_1_577' title='bbox 2896 1607 3248 1663; x_wconf 80' lang='lat' dir='ltr'><strong>extrinsecus.</strong></span> <span class='ocrx_word' id='word_1_578' title='bbox 3297 1610 3383 1665; x_wconf 78' lang='lat' dir='ltr'><strong>ln—</strong></span> 
     </span>
    </p>
   </div>
   <div class='ocr_carea' id='block_1_77' title="bbox 1793 1683 3387 1769">
    <p class='ocr_par' dir='ltr' id='par_1_77' title="bbox 1793 1683 3387 1769">
     <span class='ocr_line' id='line_1_78' title="bbox 1793 1683 3387 1769; baseline 0.01 -30"><span class='ocrx_word' id='word_1_579' title='bbox 1793 1683 1989 1753; x_wconf 78' lang='lat' dir='ltr'><strong>telligis</strong></span> <span class='ocrx_word' id='word_1_580' title='bbox 2030 1696 2208 1741; x_wconf 89' lang='lat' dir='ltr'><strong>autem</strong></span> <span class='ocrx_word' id='word_1_581' title='bbox 2250 1687 2384 1757; x_wconf 82' lang='lat' dir='ltr'><strong>jam,</strong></span> <span class='ocrx_word' id='word_1_582' title='bbox 2426 1701 2484 1746; x_wconf 92' lang='lat' dir='ltr'><strong>ut</strong></span> <span class='ocrx_word' id='word_1_583' title='bbox 2523 1691 2775 1761; x_wconf 86' lang='lat' dir='ltr'><strong>arbitror,</strong></span> <span class='ocrx_word' id='word_1_584' title='bbox 2822 1710 2957 1764; x_wconf 85' lang='lat' dir='ltr'><strong>quas</strong></span> <span class='ocrx_word' id='word_1_585' title='bbox 2988 1698 3074 1752; x_wconf 86' lang='lat' dir='ltr'><strong>isti</strong></span> <span class='ocrx_word' id='word_1_586' title='bbox 3103 1700 3387 1769; x_wconf 84' lang='lat' dir='ltr'><strong>Opineutur</strong></span> 
     </span>
    </p>
   </div>
   <div class='ocr_carea' id='block_1_78' title="bbox 1793 1774 2072 1846">
    <p class='ocr_par' dir='ltr' id='par_1_78' title="bbox 1793 1774 2072 1846">
     <span class='ocr_line' id='line_1_79' title="bbox 1793 1774 2072 1846; baseline 0.007 -16"><span class='ocrx_word' id='word_1_587' title='bbox 1793 1774 2072 1846; x_wconf 79' lang='lat' dir='ltr'><strong>imagines.</strong></span> 
     </span>
    </p>
   </div>
   <div class='ocr_carea' id='block_1_79' title="bbox 1862 1872 3387 1956">
    <p class='ocr_par' dir='ltr' id='par_1_79' title="bbox 1862 1872 3387 1956">
     <span class='ocr_line' id='line_1_80' title="bbox 1862 1872 3387 1956; baseline 0.012 -30"><span class='ocrx_word' id='word_1_588' title='bbox 1862 1872 1952 1928; x_wconf 77' lang='lat'><strong>29.</strong></span> <span class='ocrx_word' id='word_1_589' title='bbox 1995 1874 2157 1929; x_wconf 85' lang='lat' dir='ltr'><strong>Miror</strong></span> <span class='ocrx_word' id='word_1_590' title='bbox 2178 1891 2280 1929; x_wconf 92' lang='lat' dir='ltr'><strong>non</strong></span> <span class='ocrx_word' id='word_1_591' title='bbox 2304 1876 2645 1934; x_wconf 79' lang='lat' dir='ltr'><strong>admonuisse</strong></span> <span class='ocrx_word' id='word_1_592' title='bbox 2665 1880 3023 1937; x_wconf 87' lang='lat' dir='ltr'><strong>Democritum</strong></span> <span class='ocrx_word' id='word_1_593' title='bbox 3043 1884 3126 1938; x_wconf 89' lang='lat' dir='ltr'><strong>vel</strong></span> <span class='ocrx_word' id='word_1_594' title='bbox 3148 1885 3251 1941; x_wconf 80' lang='lat' dir='ltr'><strong>bne</strong></span> <span class='ocrx_word' id='word_1_595' title='bbox 3272 1887 3387 1956; x_wconf 88' lang='lat' dir='ltr'><strong>ipso</strong></span> 
     </span>
    </p>
   </div>
   <div class='ocr_carea' id='block_1_80' title="bbox 1793 1961 3383 2047">
    <p class='ocr_par' dir='ltr' id='par_1_80' title="bbox 1793 1961 3383 2047">
     <span class='ocr_line' id='line_1_81' title="bbox 1793 1961 3383 2047; baseline 0.012 -32"><span class='ocrx_word' id='word_1_596' title='bbox 1793 1961 1921 2017; x_wconf 77' lang='lat' dir='ltr'><strong>falsn</strong></span> <span class='ocrx_word' id='word_1_597' title='bbox 1949 1981 2068 2020; x_wconf 76' lang='lat' dir='ltr'><strong>esse</strong></span> <span class='ocrx_word' id='word_1_598' title='bbox 2093 1984 2211 2037; x_wconf 74' lang='lat' dir='ltr'><strong>qua:</strong></span> <span class='ocrx_word' id='word_1_599' title='bbox 2236 1967 2383 2035; x_wconf 88' lang='lat' dir='ltr'><strong>dicit,</strong></span> <span class='ocrx_word' id='word_1_600' title='bbox 2414 1971 2535 2039; x_wconf 89' lang='lat' dir='ltr'><strong>quia</strong></span> <span class='ocrx_word' id='word_1_601' title='bbox 2564 1971 2838 2028; x_wconf 88' lang='lat' dir='ltr'><strong>venientes</strong></span> <span class='ocrx_word' id='word_1_602' title='bbox 2869 1982 2974 2029; x_wconf 87' lang='lat' dir='ltr'><strong>tam</strong></span> <span class='ocrx_word' id='word_1_603' title='bbox 3014 1992 3219 2047; x_wconf 65' lang='lat' dir='ltr'><strong>magnae</strong></span> <span class='ocrx_word' id='word_1_604' title='bbox 3250 1980 3383 2035; x_wconf 86' lang='lat' dir='ltr'><strong>ima-</strong></span> 
     </span>
    </p>
   </div>
   <div class='ocr_carea' id='block_1_81' title="bbox 1790 2057 3382 2138">
    <p class='ocr_par' dir='ltr' id='par_1_81' title="bbox 1790 2057 3382 2138">
     <span class='ocr_line' id='line_1_82' title="bbox 1790 2057 3382 2138; baseline 0.009 -30"><span class='ocrx_word' id='word_1_605' title='bbox 1790 2057 1943 2124; x_wconf 83' lang='lat' dir='ltr'><strong>gines</strong></span> <span class='ocrx_word' id='word_1_606' title='bbox 1968 2058 2019 2111; x_wconf 92' lang='lat' dir='ltr'><strong>in</strong></span> <span class='ocrx_word' id='word_1_607' title='bbox 2054 2069 2158 2113; x_wconf 91' lang='lat' dir='ltr'><strong>tam</strong></span> <span class='ocrx_word' id='word_1_608' title='bbox 2189 2062 2403 2116; x_wconf 84' lang='lat' dir='ltr'><strong>brevem</strong></span> <span class='ocrx_word' id='word_1_609' title='bbox 2431 2062 2671 2119; x_wconf 83' lang='lat' dir='ltr'><strong>animum</strong></span> <span class='ocrx_word' id='word_1_610' title='bbox 2701 2074 2958 2129; x_wconf 82' lang='lat' dir='ltr'><strong>nostrum,</strong></span> <span class='ocrx_word' id='word_1_611' title='bbox 2992 2067 3035 2120; x_wconf 89' lang='lat' dir='ltr'><strong>si</strong></span> <span class='ocrx_word' id='word_1_612' title='bbox 3070 2084 3382 2138; x_wconf 72' lang='lat' dir='ltr'><strong>corporeus,</strong></span> 
     </span>
    </p>
   </div>
   <div class='ocr_carea' id='block_1_82' title="bbox 1795 2149 3383 2225">
    <p class='ocr_par' dir='ltr' id='par_1_82' title="bbox 1795 2149 3383 2225">
     <span class='ocr_line' id='line_1_83' title="bbox 1795 2149 3383 2225; baseline 0.009 -24"><span class='ocrx_word' id='word_1_613' title='bbox 1795 2157 1847 2202; x_wconf 90' lang='lat' dir='ltr'><strong>ut</strong></span> <span class='ocrx_word' id='word_1_614' title='bbox 1876 2149 1949 2202; x_wconf 89' lang='lat' dir='ltr'><strong>illi</strong></span> <span class='ocrx_word' id='word_1_615' title='bbox 1983 2151 2187 2215; x_wconf 82' lang='lat' dir='ltr'><strong>volunt,</strong></span> <span class='ocrx_word' id='word_1_616' title='bbox 2230 2162 2335 2205; x_wconf 89' lang='lat' dir='ltr'><strong>tam</strong></span> <span class='ocrx_word' id='word_1_617' title='bbox 2375 2168 2539 2223; x_wconf 86' lang='lat' dir='ltr'><strong>parvo</strong></span> <span class='ocrx_word' id='word_1_618' title='bbox 2565 2171 2789 2225; x_wconf 80' lang='lat' dir='ltr'><strong>corpore</strong></span> <span class='ocrx_word' id='word_1_619' title='bbox 2819 2158 3124 2224; x_wconf 83' lang='lat' dir='ltr'><strong>includitur,</strong></span> <span class='ocrx_word' id='word_1_620' title='bbox 3159 2169 3281 2214; x_wconf 78' lang='lat' dir='ltr'><strong>tota:</strong></span> <span class='ocrx_word' id='word_1_621' title='bbox 3317 2160 3383 2215; x_wconf 89' lang='lat' dir='ltr'><strong>il-</strong></span> 
     </span>
    </p>
   </div>
   <div class='ocr_carea' id='block_1_83' title="bbox 1794 2240 3381 2323">
    <p class='ocr_par' dir='ltr' id='par_1_83' title="bbox 1794 2240 3381 2323">
     <span class='ocr_line' id='line_1_84' title="bbox 1794 2240 3381 2323; baseline 0.01 -30"><span class='ocrx_word' id='word_1_622' title='bbox 1794 2240 1901 2295; x_wconf 90' lang='lat' dir='ltr'><strong>lum</strong></span> <span class='ocrx_word' id='word_1_623' title='bbox 1928 2252 2143 2311; x_wconf 81' lang='lat' dir='ltr'><strong>tangere</strong></span> <span class='ocrx_word' id='word_1_624' title='bbox 2172 2262 2275 2298; x_wconf 93' lang='lat' dir='ltr'><strong>non</strong></span> <span class='ocrx_word' id='word_1_625' title='bbox 2309 2256 2550 2315; x_wconf 86' lang='lat' dir='ltr'><strong>possunt.</strong></span> <span class='ocrx_word' id='word_1_626' title='bbox 2573 2249 2615 2301; x_wconf 85' lang='lat' dir='ltr'><strong>A</strong></span> <span class='ocrx_word' id='word_1_627' title='bbox 2643 2265 2833 2319; x_wconf 87' lang='lat' dir='ltr'><strong>magno</strong></span> <span class='ocrx_word' id='word_1_628' title='bbox 2853 2252 2994 2305; x_wconf 86' lang='lat' dir='ltr'><strong>enim</strong></span> <span class='ocrx_word' id='word_1_629' title='bbox 3019 2267 3244 2323; x_wconf 84' lang='lat' dir='ltr'><strong>corpore</strong></span> <span class='ocrx_word' id='word_1_630' title='bbox 3258 2270 3381 2311; x_wconf 87' lang='lat' dir='ltr'><strong>cum</strong></span> 
     </span>
    </p>
   </div>
   <div class='ocr_carea' id='block_1_84' title="bbox 1795 2340 3383 2417">
    <p class='ocr_par' dir='ltr' id='par_1_84' title="bbox 1795 2340 3383 2417">
     <span class='ocr_line' id='line_1_85' title="bbox 1795 2340 3383 2417; baseline 0.011 -32"><span class='ocrx_word' id='word_1_631' title='bbox 1795 2350 2013 2404; x_wconf 78' lang='lat' dir='ltr'><strong>parvum</strong></span> <span class='ocrx_word' id='word_1_632' title='bbox 2044 2352 2238 2407; x_wconf 88' lang='lat' dir='ltr'><strong>corpus</strong></span> <span class='ocrx_word' id='word_1_633' title='bbox 2266 2340 2564 2410; x_wconf 88' lang='lat' dir='ltr'><strong>attingitur,</strong></span> <span class='ocrx_word' id='word_1_634' title='bbox 2592 2357 2622 2395; x_wconf 88' lang='lat' dir='ltr'><strong>a</strong></span> <span class='ocrx_word' id='word_1_635' title='bbox 2652 2350 2765 2396; x_wconf 89' lang='lat' dir='ltr'><strong>toto</strong></span> <span class='ocrx_word' id='word_1_636' title='bbox 2806 2344 2963 2399; x_wconf 84' lang='lat' dir='ltr'><strong>simul</strong></span> <span class='ocrx_word' id='word_1_637' title='bbox 3008 2346 3193 2417; x_wconf 77' lang='lat' dir='ltr'><strong>attingi</strong></span> <span class='ocrx_word' id='word_1_638' title='bbox 3241 2349 3383 2403; x_wconf 81' lang='lat' dir='ltr'><strong>nullo</strong></span> 
     </span>
    </p>
   </div>
   <div class='ocr_carea' id='block_1_85' title="bbox 1795 2432 3379 2505">
    <p class='ocr_par' dir='ltr' id='par_1_85' title="bbox 1795 2432 3379 2505">
     <span class='ocr_line' id='line_1_86' title="bbox 1795 2432 3379 2505; baseline 0.009 -26"><span class='ocrx_word' id='word_1_639' title='bbox 1795 2438 1950 2496; x_wconf 88' lang='lat' dir='ltr'><strong>pacto</strong></span> <span class='ocrx_word' id='word_1_640' title='bbox 1998 2438 2168 2496; x_wconf 82' lang='lat' dir='ltr'><strong>potest</strong></span> <span class='ocrx_word' id='word_1_641' title='bbox 2189 2448 2202 2484; x_wconf 91' lang='lat'><strong>:</strong></span> <span class='ocrx_word' id='word_1_642' title='bbox 2223 2432 2494 2500; x_wconf 83' lang='lat' dir='ltr'><strong>quomodo</strong></span> <span class='ocrx_word' id='word_1_643' title='bbox 2536 2433 2693 2502; x_wconf 87' lang='lat' dir='ltr'><strong>igitur</strong></span> <span class='ocrx_word' id='word_1_644' title='bbox 2724 2444 2848 2489; x_wconf 77' lang='lat' dir='ltr'><strong>totze</strong></span> <span class='ocrx_word' id='word_1_645' title='bbox 2877 2436 3035 2491; x_wconf 87' lang='lat' dir='ltr'><strong>simul</strong></span> <span class='ocrx_word' id='word_1_646' title='bbox 3063 2439 3379 2505; x_wconf 83' lang='lat' dir='ltr'><strong>cogitantur,</strong></span> 
     </span>
    </p>
   </div>
   <div class='ocr_carea' id='block_1_86' title="bbox 1793 2519 3387 2599">
    <p class='ocr_par' dir='ltr' id='par_1_86' title="bbox 1793 2519 3387 2599">
     <span class='ocr_line' id='line_1_87' title="bbox 1793 2519 3387 2599; baseline 0.007 -26"><span class='ocrx_word' id='word_1_647' title='bbox 1793 2519 1906 2573; x_wconf 85' lang='lat' dir='ltr'><strong>siin</strong></span> <span class='ocrx_word' id='word_1_648' title='bbox 1932 2529 2131 2575; x_wconf 88' lang='lat' dir='ltr'><strong>tantutn</strong></span> <span class='ocrx_word' id='word_1_649' title='bbox 2156 2523 2473 2593; x_wconf 83' lang='lat' dir='ltr'><strong>cogitantur,</strong></span> <span class='ocrx_word' id='word_1_650' title='bbox 2499 2527 2549 2579; x_wconf 89' lang='lat' dir='ltr'><strong>in</strong></span> <span class='ocrx_word' id='word_1_651' title='bbox 2563 2534 2819 2595; x_wconf 85' lang='lat' dir='ltr'><strong>quantum</strong></span> <span class='ocrx_word' id='word_1_652' title='bbox 2837 2528 3112 2584; x_wconf 77' lang='lat' dir='ltr'><strong>venientes</strong></span> <span class='ocrx_word' id='word_1_653' title='bbox 3136 2538 3294 2599; x_wconf 83' lang='lat' dir='ltr'><strong>atque</strong></span> <span class='ocrx_word' id='word_1_654' title='bbox 3315 2531 3387 2584; x_wconf 83' lang='lat' dir='ltr'><strong>iu-</strong></span> 
     </span>
    </p>
   </div>
   <div class='ocr_carea' id='block_1_87' title="bbox 1796 2614 3383 2691">
    <p class='ocr_par' dir='ltr' id='par_1_87' title="bbox 1796 2614 3383 2691">
     <span class='ocr_line' id='line_1_88' title="bbox 1796 2614 3383 2691; baseline 0.007 -26"><span class='ocrx_word' id='word_1_655' title='bbox 1796 2618 1996 2666; x_wconf 86' lang='lat' dir='ltr'><strong>trantes</strong></span> <span class='ocrx_word' id='word_1_656' title='bbox 2031 2614 2268 2669; x_wconf 78' lang='lat' dir='ltr'><strong>animum</strong></span> <span class='ocrx_word' id='word_1_657' title='bbox 2299 2616 2583 2686; x_wconf 84' lang='lat' dir='ltr'><strong>attingunt,</strong></span> <span class='ocrx_word' id='word_1_658' title='bbox 2611 2633 2730 2687; x_wconf 63' lang='lat' dir='ltr'><strong>quae</strong></span> <span class='ocrx_word' id='word_1_659' title='bbox 2754 2633 2853 2672; x_wconf 84' lang='lat' dir='ltr'><strong>nec</strong></span> <span class='ocrx_word' id='word_1_660' title='bbox 2880 2626 3003 2673; x_wconf 65' lang='lat' dir='ltr'><strong>tota:</strong></span> <span class='ocrx_word' id='word_1_661' title='bbox 3033 2620 3229 2675; x_wconf 86' lang='lat' dir='ltr'><strong>intrare</strong></span> <span class='ocrx_word' id='word_1_662' title='bbox 3259 2636 3383 2691; x_wconf 83' lang='lat' dir='ltr'><strong>pos-</strong></span> 
     </span>
    </p>
   </div>
   <div class='ocr_carea' id='block_1_88' title="bbox 1797 2714 3380 2781">
    <p class='ocr_par' dir='ltr' id='par_1_88' title="bbox 1797 2714 3380 2781">
     <span class='ocr_line' id='line_1_89' title="bbox 1797 2714 3380 2781; baseline 0.009 -24"><span class='ocrx_word' id='word_1_663' title='bbox 1797 2714 1918 2758; x_wconf 87' lang='lat' dir='ltr'><strong>sunt</strong></span> <span class='ocrx_word' id='word_1_664' title='bbox 1950 2722 2041 2774; x_wconf 88' lang='lat' dir='ltr'><strong>per</strong></span> <span class='ocrx_word' id='word_1_665' title='bbox 2072 2716 2176 2761; x_wconf 87' lang='lat' dir='ltr'><strong>tam</strong></span> <span class='ocrx_word' id='word_1_666' title='bbox 2210 2724 2427 2776; x_wconf 86' lang='lat' dir='ltr'><strong>parvum</strong></span> <span class='ocrx_word' id='word_1_667' title='bbox 2460 2725 2670 2779; x_wconf 88' lang='lat' dir='ltr'><strong>corpus,</strong></span> <span class='ocrx_word' id='word_1_668' title='bbox 2706 2726 2805 2766; x_wconf 87' lang='lat' dir='ltr'><strong>nec</strong></span> <span class='ocrx_word' id='word_1_669' title='bbox 2848 2720 2970 2766; x_wconf 65' lang='lat' dir='ltr'><strong>tota!</strong></span> <span class='ocrx_word' id='word_1_670' title='bbox 3017 2723 3124 2768; x_wconf 83' lang='lat' dir='ltr'><strong>tam</strong></span> <span class='ocrx_word' id='word_1_671' title='bbox 3164 2729 3380 2781; x_wconf 85' lang='lat' dir='ltr'><strong>parvum</strong></span> 
     </span>
    </p>
   </div>
   <div class='ocr_carea' id='block_1_89' title="bbox 1794 2801 3384 2871">
    <p class='ocr_par' dir='ltr' id='par_1_89' title="bbox 1794 2801 3384 2871">
     <span class='ocr_line' id='line_1_90' title="bbox 1794 2801 3384 2871; baseline 0.008 -21"><span class='ocrx_word' id='word_1_672' title='bbox 1794 2801 2028 2851; x_wconf 86' lang='lat' dir='ltr'><strong>animum</strong></span> <span class='ocrx_word' id='word_1_673' title='bbox 2074 2801 2368 2871; x_wconf 82' lang='lat' dir='ltr'><strong>attingere?</strong></span> <span class='ocrx_word' id='word_1_674' title='bbox 2398 2802 2661 2857; x_wconf 81' lang='lat' dir='ltr'><strong>Memento</strong></span> <span class='ocrx_word' id='word_1_675' title='bbox 2688 2820 2772 2857; x_wconf 87' lang='lat' dir='ltr'><strong>me</strong></span> <span class='ocrx_word' id='word_1_676' title='bbox 2800 2806 3090 2861; x_wconf 78' lang='lat' dir='ltr'><strong>scentulum</strong></span> <span class='ocrx_word' id='word_1_677' title='bbox 3122 2806 3239 2862; x_wconf 87' lang='lat' dir='ltr'><strong>illos</strong></span> <span class='ocrx_word' id='word_1_678' title='bbox 3270 2808 3384 2864; x_wconf 74' lang='lat' dir='ltr'><strong>lucc</strong></span> 
     </span>
    </p>
   </div>
   <div class='ocr_carea' id='block_1_90' title="bbox 1795 2888 3387 2962">
    <p class='ocr_par' dir='ltr' id='par_1_90' title="bbox 1795 2888 3387 2962">
     <span class='ocr_line' id='line_1_91' title="bbox 1795 2888 3387 2962; baseline 0.008 -19"><span class='ocrx_word' id='word_1_679' title='bbox 1795 2888 2004 2955; x_wconf 85' lang='lat' dir='ltr'><strong>dicere;</strong></span> <span class='ocrx_word' id='word_1_680' title='bbox 2039 2908 2144 2946; x_wconf 86' lang='lat' dir='ltr'><strong>non</strong></span> <span class='ocrx_word' id='word_1_681' title='bbox 2171 2894 2311 2947; x_wconf 87' lang='lat' dir='ltr'><strong>enim</strong></span> <span class='ocrx_word' id='word_1_682' title='bbox 2331 2909 2429 2962; x_wconf 82' lang='lat' dir='ltr'><strong>ego</strong></span> <span class='ocrx_word' id='word_1_683' title='bbox 2451 2896 2607 2949; x_wconf 83' lang='lat' dir='ltr'><strong>talem</strong></span> <span class='ocrx_word' id='word_1_684' title='bbox 2634 2896 2868 2951; x_wconf 90' lang='lat' dir='ltr'><strong>animum</strong></span> <span class='ocrx_word' id='word_1_685' title='bbox 2897 2900 3101 2954; x_wconf 86' lang='lat' dir='ltr'><strong>sentio:</strong></span> <span class='ocrx_word' id='word_1_686' title='bbox 3127 2910 3217 2954; x_wconf 88' lang='lat' dir='ltr'><strong>aut</strong></span> <span class='ocrx_word' id='word_1_687' title='bbox 3236 2902 3281 2954; x_wconf 88' lang='lat' dir='ltr'><strong>si</strong></span> <span class='ocrx_word' id='word_1_688' title='bbox 3304 2902 3387 2956; x_wconf 85' lang='lat' dir='ltr'><strong>in-</strong></span> 
     </span>
    </p>
   </div>
   <div class='ocr_carea' id='block_1_91' title="bbox 1796 2985 3382 3064">
    <p class='ocr_par' dir='ltr' id='par_1_91' title="bbox 1796 2985 3382 3064">
     <span class='ocr_line' id='line_1_92' title="bbox 1796 2985 3382 3064; baseline 0.01 -28"><span class='ocrx_word' id='word_1_689' title='bbox 1796 2996 2110 3051; x_wconf 88' lang='lat' dir='ltr'><strong>corporeum</strong></span> <span class='ocrx_word' id='word_1_690' title='bbox 2142 2985 2472 3041; x_wconf 90' lang='lat' dir='ltr'><strong>Democritus</strong></span> <span class='ocrx_word' id='word_1_691' title='bbox 2499 2988 2735 3044; x_wconf 83' lang='lat' dir='ltr'><strong>animum</strong></span> <span class='ocrx_word' id='word_1_692' title='bbox 2782 2990 3070 3057; x_wconf 81' lang='lat' dir='ltr'><strong>existimat,</strong></span> <span class='ocrx_word' id='word_1_693' title='bbox 3123 2994 3382 3064; x_wconf 82' lang='lat' dir='ltr'><strong>Epicurus</strong></span> 
     </span>
    </p>
   </div>
   <div class='ocr_carea' id='block_1_92' title="bbox 1794 3074 3384 3152">
    <p class='ocr_par' dir='ltr' id='par_1_92' title="bbox 1794 3074 3384 3152">
     <span class='ocr_line' id='line_1_93' title="bbox 1794 3074 3384 3152; baseline 0.009 -25"><span class='ocrx_word' id='word_1_694' title='bbox 1794 3074 2008 3142; x_wconf 79' lang='lat' dir='ltr'><strong>quidem</strong></span> <span class='ocrx_word' id='word_1_695' title='bbox 2030 3076 2174 3129; x_wconf 78' lang='lat' dir='ltr'><strong>solus</strong></span> <span class='ocrx_word' id='word_1_696' title='bbox 2199 3076 2296 3131; x_wconf 89' lang='lat' dir='ltr'><strong>ista</strong></span> <span class='ocrx_word' id='word_1_697' title='bbox 2324 3078 2528 3134; x_wconf 81' lang='lat' dir='ltr'><strong>ratione</strong></span> <span class='ocrx_word' id='word_1_698' title='bbox 2557 3081 2737 3151; x_wconf 83' lang='lat' dir='ltr'><strong>urgeri</strong></span> <span class='ocrx_word' id='word_1_699' title='bbox 2768 3090 2969 3152; x_wconf 85' lang='lat' dir='ltr'><strong>potest;</strong></span> <span class='ocrx_word' id='word_1_700' title='bbox 2998 3084 3091 3139; x_wconf 87' lang='lat' dir='ltr'><strong>sed</strong></span> <span class='ocrx_word' id='word_1_701' title='bbox 3113 3088 3271 3140; x_wconf 88' lang='lat' dir='ltr'><strong>etiam</strong></span> <span class='ocrx_word' id='word_1_702' title='bbox 3296 3087 3384 3143; x_wconf 85' lang='lat' dir='ltr'><strong>ille</strong></span> 
     </span>
    </p>
   </div>
   <div class='ocr_carea' id='block_1_93' title="bbox 1795 3166 3382 3245">
    <p class='ocr_par' dir='ltr' id='par_1_93' title="bbox 1795 3166 3382 3245">
     <span class='ocr_line' id='line_1_94' title="bbox 1795 3166 3382 3245; baseline 0.011 -29"><span class='ocrx_word' id='word_1_703' title='bbox 1795 3179 1960 3233; x_wconf 86' lang='lat' dir='ltr'><strong>quare</strong></span> <span class='ocrx_word' id='word_1_704' title='bbox 1986 3181 2088 3219; x_wconf 91' lang='lat' dir='ltr'><strong>non</strong></span> <span class='ocrx_word' id='word_1_705' title='bbox 2121 3166 2267 3231; x_wconf 79' lang='lat' dir='ltr'><strong>vidit,</strong></span> <span class='ocrx_word' id='word_1_706' title='bbox 2308 3183 2413 3223; x_wconf 91' lang='lat' dir='ltr'><strong>non</strong></span> <span class='ocrx_word' id='word_1_707' title='bbox 2451 3186 2585 3241; x_wconf 90' lang='lat' dir='ltr'><strong>opus</strong></span> <span class='ocrx_word' id='word_1_708' title='bbox 2611 3186 2731 3227; x_wconf 87' lang='lat' dir='ltr'><strong>esse</strong></span> <span class='ocrx_word' id='word_1_709' title='bbox 2762 3188 2859 3229; x_wconf 89' lang='lat' dir='ltr'><strong>nec</strong></span> <span class='ocrx_word' id='word_1_710' title='bbox 2887 3174 2999 3229; x_wconf 81' lang='lat' dir='ltr'><strong>ﬁeri</strong></span> <span class='ocrx_word' id='word_1_711' title='bbox 3029 3191 3187 3245; x_wconf 87' lang='lat' dir='ltr'><strong>posse</strong></span> <span class='ocrx_word' id='word_1_712' title='bbox 3213 3186 3270 3232; x_wconf 89' lang='lat' dir='ltr'><strong>ut</strong></span> <span class='ocrx_word' id='word_1_713' title='bbox 3299 3179 3382 3233; x_wconf 89' lang='lat' dir='ltr'><strong>in-</strong></span> 
     </span>
    </p>
   </div>
   <div class='ocr_carea' id='block_1_94' title="bbox 1795 3258 3381 3339">
    <p class='ocr_par' dir='ltr' id='par_1_94' title="bbox 1795 3258 3381 3339">
     <span class='ocr_line' id='line_1_95' title="bbox 1795 3258 3381 3339; baseline 0.011 -30"><span class='ocrx_word' id='word_1_714' title='bbox 1795 3269 2080 3325; x_wconf 66' lang='lat' dir='ltr'><strong>corporeus</strong></span> <span class='ocrx_word' id='word_1_715' title='bbox 2106 3258 2315 3313; x_wconf 85' lang='lat' dir='ltr'><strong>animus</strong></span> <span class='ocrx_word' id='word_1_716' title='bbox 2346 3261 2577 3317; x_wconf 82' lang='lat' dir='ltr'><strong>adventu</strong></span> <span class='ocrx_word' id='word_1_717' title='bbox 2617 3273 2777 3333; x_wconf 85' lang='lat' dir='ltr'><strong>atque</strong></span> <span class='ocrx_word' id='word_1_718' title='bbox 2806 3274 3051 3323; x_wconf 87' lang='lat' dir='ltr'><strong>contactu</strong></span> <span class='ocrx_word' id='word_1_719' title='bbox 3096 3284 3381 3339; x_wconf 67' lang='lat' dir='ltr'><strong>corporea-</strong></span> 
     </span>
    </p>
   </div>
   <div class='ocr_carea' id='block_1_95' title="bbox 1796 3350 3383 3423">
    <p class='ocr_par' dir='ltr' id='par_1_95' title="bbox 1796 3350 3383 3423">
     <span class='ocr_line' id='line_1_96' title="bbox 1796 3350 3383 3423; baseline 0.011 -20"><span class='ocrx_word' id='word_1_720' title='bbox 1796 3365 1912 3404; x_wconf 88' lang='lat' dir='ltr'><strong>rum</strong></span> <span class='ocrx_word' id='word_1_721' title='bbox 1942 3350 2227 3422; x_wconf 84' lang='lat' dir='ltr'><strong>imaginum</strong></span> <span class='ocrx_word' id='word_1_722' title='bbox 2248 3354 2507 3423; x_wconf 75' lang='lat' dir='ltr'><strong>cogitet‘?</strong></span> <span class='ocrx_word' id='word_1_723' title='bbox 2531 3356 2603 3411; x_wconf 91' lang='lat' dir='ltr'><strong>De</strong></span> <span class='ocrx_word' id='word_1_724' title='bbox 2629 3357 2741 3412; x_wconf 89' lang='lat' dir='ltr'><strong>visu</strong></span> <span class='ocrx_word' id='word_1_725' title='bbox 2764 3369 2911 3416; x_wconf 88' lang='lat' dir='ltr'><strong>certe</strong></span> <span class='ocrx_word' id='word_1_726' title='bbox 2931 3364 3205 3418; x_wconf 87' lang='lat' dir='ltr'><strong>oculorum</strong></span> <span class='ocrx_word' id='word_1_727' title='bbox 3228 3365 3383 3421; x_wconf 84' lang='lat' dir='ltr'><strong>ambo</strong></span> 
     </span>
    </p>
   </div>
   <div class='ocr_carea' id='block_1_96' title="bbox 1794 3434 3381 3516">
    <p class='ocr_par' dir='ltr' id='par_1_96' title="bbox 1794 3434 3381 3516">
     <span class='ocr_line' id='line_1_97' title="bbox 1794 3434 3381 3516; baseline 0.012 -24"><span class='ocrx_word' id='word_1_728' title='bbox 1794 3443 1994 3514; x_wconf 71' lang='lat' dir='ltr'><strong>pariter</strong></span> <span class='ocrx_word' id='word_1_729' title='bbox 2040 3434 2463 3516; x_wconf 73' lang='lat' dir='ltr'><strong>redarguutttur;</strong></span> <span class='ocrx_word' id='word_1_730' title='bbox 2493 3457 2601 3503; x_wconf 89' lang='lat' dir='ltr'><strong>tam</strong></span> <span class='ocrx_word' id='word_1_731' title='bbox 2632 3452 2774 3505; x_wconf 90' lang='lat' dir='ltr'><strong>enim</strong></span> <span class='ocrx_word' id='word_1_732' title='bbox 2806 3452 2996 3508; x_wconf 82' lang='lat' dir='ltr'><strong>breves</strong></span> <span class='ocrx_word' id='word_1_733' title='bbox 3035 3456 3240 3516; x_wconf 81' lang='lat' dir='ltr'><strong>oculos,</strong></span> <span class='ocrx_word' id='word_1_734' title='bbox 3275 3468 3381 3511; x_wconf 86' lang='lat' dir='ltr'><strong>tam</strong></span> 
     </span>
    </p>
   </div>
   <div class='ocr_carea' id='block_1_97' title="bbox 1794 3536 3382 3617">
    <p class='ocr_par' dir='ltr' id='par_1_97' title="bbox 1794 3536 3382 3617">
     <span class='ocr_line' id='line_1_98' title="bbox 1794 3536 3382 3617; baseline 0.012 -30"><span class='ocrx_word' id='word_1_735' title='bbox 1794 3536 2012 3606; x_wconf 89' lang='lat' dir='ltr'><strong>grandia</strong></span> <span class='ocrx_word' id='word_1_736' title='bbox 2037 3537 2324 3608; x_wconf 79' lang='lat' dir='ltr'><strong>imaginum</strong></span> <span class='ocrx_word' id='word_1_737' title='bbox 2350 3554 2574 3611; x_wconf 87' lang='lat' dir='ltr'><strong>corpora</strong></span> <span class='ocrx_word' id='word_1_738' title='bbox 2608 3551 2713 3598; x_wconf 87' lang='lat' dir='ltr'><strong>tota</strong></span> <span class='ocrx_word' id='word_1_739' title='bbox 2740 3547 3001 3617; x_wconf 79' lang='lat' dir='ltr'><strong>attingere</strong></span> <span class='ocrx_word' id='word_1_740' title='bbox 3040 3548 3183 3603; x_wconf 79' lang='lat' dir='ltr'><strong>uulio</strong></span> <span class='ocrx_word' id='word_1_741' title='bbox 3222 3550 3382 3606; x_wconf 84' lang='lat' dir='ltr'><strong>modo</strong></span> 
     </span>
    </p>
   </div>
   <div class='ocr_carea' id='block_1_98' title="bbox 1792 3637 2035 3699">
    <p class='ocr_par' dir='ltr' id='par_1_98' title="bbox 1792 3637 2035 3699">
     <span class='ocr_line' id='line_1_99' title="bbox 1792 3637 2035 3699; baseline 0 -17"><span class='ocrx_word' id='word_1_742' title='bbox 1792 3637 2035 3699; x_wconf 79' lang='lat' dir='ltr'><strong>pOSSIInt.</strong></span> 
     </span>
    </p>
   </div>
   <div class='ocr_carea' id='block_1_99' title="bbox 1868 3721 3384 3806">
    <p class='ocr_par' dir='ltr' id='par_1_99' title="bbox 1868 3721 3384 3806">
     <span class='ocr_line' id='line_1_100' title="bbox 1868 3721 3384 3806; baseline 0.01 -31"><span class='ocrx_word' id='word_1_743' title='bbox 1868 3721 1957 3775; x_wconf 79' lang='grc'><strong>50.</strong></span> <span class='ocrx_word' id='word_1_744' title='bbox 1998 3721 2129 3776; x_wconf 89' lang='lat' dir='ltr'><strong>Cum</strong></span> <span class='ocrx_word' id='word_1_745' title='bbox 2167 3733 2343 3778; x_wconf 88' lang='lat' dir='ltr'><strong>autem</strong></span> <span class='ocrx_word' id='word_1_746' title='bbox 2380 3727 2635 3795; x_wconf 66' lang='lat' dir='ltr'><strong>qumritur</strong></span> <span class='ocrx_word' id='word_1_747' title='bbox 2668 3728 2737 3784; x_wconf 89' lang='lat' dir='ltr'><strong>ab</strong></span> <span class='ocrx_word' id='word_1_748' title='bbox 2760 3730 2838 3785; x_wconf 85' lang='lat' dir='ltr'><strong>eis</strong></span> <span class='ocrx_word' id='word_1_749' title='bbox 2862 3747 3029 3801; x_wconf 88' lang='lat' dir='ltr'><strong>quare</strong></span> <span class='ocrx_word' id='word_1_750' title='bbox 3068 3749 3170 3788; x_wconf 85' lang='lat' dir='ltr'><strong>una</strong></span> <span class='ocrx_word' id='word_1_751' title='bbox 3209 3734 3384 3806; x_wconf 83' lang='lat' dir='ltr'><strong>imago</strong></span> 
     </span>
    </p>
   </div>
   <div class='ocr_carea' id='block_1_100' title="bbox 1797 3811 3382 3891">
    <p class='ocr_par' dir='ltr' id='par_1_100' title="bbox 1797 3811 3382 3891">
     <span class='ocr_line' id='line_1_101' title="bbox 1797 3811 3382 3891; baseline 0.012 -26"><span class='ocrx_word' id='word_1_752' title='bbox 1797 3811 2039 3867; x_wconf 87' lang='lat' dir='ltr'><strong>videatur</strong></span> <span class='ocrx_word' id='word_1_753' title='bbox 2060 3816 2299 3883; x_wconf 89' lang='lat' dir='ltr'><strong>corporis</strong></span> <span class='ocrx_word' id='word_1_754' title='bbox 2319 3817 2561 3887; x_wconf 85' lang='lat' dir='ltr'><strong>alicujus,</strong></span> <span class='ocrx_word' id='word_1_755' title='bbox 2584 3836 2614 3875; x_wconf 87' lang='lat' dir='ltr'><strong>a</strong></span> <span class='ocrx_word' id='word_1_756' title='bbox 2635 3836 2741 3891; x_wconf 94' lang='lat' dir='ltr'><strong>quo</strong></span> <span class='ocrx_word' id='word_1_757' title='bbox 2766 3822 3223 3880; x_wconf 70' lang='lat' dir='ltr'><strong>innumerabiliter</strong></span> <span class='ocrx_word' id='word_1_758' title='bbox 3246 3826 3382 3883; x_wconf 79' lang='lat' dir='ltr'><strong>lina-</strong></span> 
     </span>
    </p>
   </div>
   <div class='ocr_carea' id='block_1_101' title="bbox 1794 3905 3383 3987">
    <p class='ocr_par' dir='ltr' id='par_1_101' title="bbox 1794 3905 3383 3987">
     <span class='ocr_line' id='line_1_102' title="bbox 1794 3905 3383 3987; baseline 0.012 -30"><span class='ocrx_word' id='word_1_759' title='bbox 1794 3905 1943 3976; x_wconf 85' lang='lat' dir='ltr'><strong>gines</strong></span> <span class='ocrx_word' id='word_1_760' title='bbox 1960 3905 2159 3969; x_wconf 82' lang='lat' dir='ltr'><strong>ﬂuunt:</strong></span> <span class='ocrx_word' id='word_1_761' title='bbox 2183 3911 2525 3978; x_wconf 66' lang='lat' dir='ltr'><strong>restiondent,</strong></span> <span class='ocrx_word' id='word_1_762' title='bbox 2546 3928 2611 3967; x_wconf 88' lang='lat' dir='ltr'><strong>eo</strong></span> <span class='ocrx_word' id='word_1_763' title='bbox 2632 3914 2747 3983; x_wconf 80' lang='lat' dir='ltr'><strong>ipso</strong></span> <span class='ocrx_word' id='word_1_764' title='bbox 2768 3928 2874 3985; x_wconf 88' lang='lat' dir='ltr'><strong>quo</strong></span> <span class='ocrx_word' id='word_1_765' title='bbox 2894 3917 3195 3987; x_wconf 88' lang='lat' dir='ltr'><strong>frequenter</strong></span> <span class='ocrx_word' id='word_1_766' title='bbox 3212 3920 3383 3976; x_wconf 81' lang='lat' dir='ltr'><strong>ﬂuunt</strong></span> 
     </span>
    </p>
   </div>
   <div class='ocr_carea' id='block_1_102' title="bbox 1796 4001 3383 4079">
    <p class='ocr_par' dir='ltr' id='par_1_102' title="bbox 1796 4001 3383 4079">
     <span class='ocr_line' id='line_1_103' title="bbox 1796 4001 3383 4079; baseline 0.008 -26"><span class='ocrx_word' id='word_1_767' title='bbox 1796 4006 1851 4053; x_wconf 87' lang='lat' dir='ltr'><strong>et</strong></span> <span class='ocrx_word' id='word_1_768' title='bbox 1882 4008 2154 4054; x_wconf 87' lang='lat' dir='ltr'><strong>transeunt</strong></span> <span class='ocrx_word' id='word_1_769' title='bbox 2181 4001 2459 4070; x_wconf 79' lang='lat' dir='ltr'><strong>imagines,</strong></span> <span class='ocrx_word' id='word_1_770' title='bbox 2491 4006 2642 4073; x_wconf 87' lang='lat' dir='ltr'><strong>quasi</strong></span> <span class='ocrx_word' id='word_1_771' title='bbox 2670 4006 2893 4076; x_wconf 86' lang='lat' dir='ltr'><strong>quadam</strong></span> <span class='ocrx_word' id='word_1_772' title='bbox 2921 4024 3102 4063; x_wconf 88' lang='lat' dir='ltr'><strong>earum</strong></span> <span class='ocrx_word' id='word_1_773' title='bbox 3124 4013 3383 4079; x_wconf 82' lang='lat' dir='ltr'><strong>constipa-</strong></span> 
     </span>
    </p>
   </div>
   <div class='ocr_carea' id='block_1_103' title="bbox 1798 4088 3377 4156">
    <p class='ocr_par' dir='ltr' id='par_1_103' title="bbox 1798 4088 3377 4156">
     <span class='ocr_line' id='line_1_104' title="bbox 1798 4088 3377 4156; baseline 0.009 -14"><span class='ocrx_word' id='word_1_774' title='bbox 1798 4088 1939 4143; x_wconf 89' lang='lat' dir='ltr'><strong>tione</strong></span> <span class='ocrx_word' id='word_1_775' title='bbox 1978 4099 2033 4144; x_wconf 85' lang='lat' dir='ltr'><strong>et</strong></span> <span class='ocrx_word' id='word_1_776' title='bbox 2071 4090 2333 4148; x_wconf 87' lang='lat' dir='ltr'><strong>densitate</strong></span> <span class='ocrx_word' id='word_1_777' title='bbox 2378 4095 2490 4149; x_wconf 88' lang='lat' dir='ltr'><strong>lieri</strong></span> <span class='ocrx_word' id='word_1_778' title='bbox 2544 4105 2602 4150; x_wconf 90' lang='lat' dir='ltr'><strong>ut</strong></span> <span class='ocrx_word' id='word_1_779' title='bbox 2639 4112 2717 4151; x_wconf 70' lang='lat' dir='ltr'><strong>ex</strong></span> <span class='ocrx_word' id='word_1_780' title='bbox 2752 4099 2932 4152; x_wconf 80' lang='lat' dir='ltr'><strong>multis</strong></span> <span class='ocrx_word' id='word_1_781' title='bbox 2973 4116 3073 4153; x_wconf 88' lang='lat' dir='ltr'><strong>una</strong></span> <span class='ocrx_word' id='word_1_782' title='bbox 3121 4101 3377 4156; x_wconf 79' lang='lat' dir='ltr'><strong>videatur.</strong></span> 
     </span>
    </p>
   </div>
   <div class='ocr_carea' id='block_1_104' title="bbox 1795 4180 3384 4264">
    <p class='ocr_par' dir='ltr' id='par_1_104' title="bbox 1795 4180 3384 4264">
     <span class='ocr_line' id='line_1_105' title="bbox 1795 4180 3384 4264; baseline 0.013 -33"><span class='ocrx_word' id='word_1_783' title='bbox 1795 4180 1962 4247; x_wconf 85' lang='lat' dir='ltr'><strong>Quam</strong></span> <span class='ocrx_word' id='word_1_784' title='bbox 1992 4184 2279 4237; x_wconf 73' lang='lat' dir='ltr'><strong>vanitatem</strong></span> <span class='ocrx_word' id='word_1_785' title='bbox 2317 4186 2504 4240; x_wconf 76' lang='lat' dir='ltr'><strong>Cicero</strong></span> <span class='ocrx_word' id='word_1_786' title='bbox 2534 4188 2601 4241; x_wconf 89' lang='lat' dir='ltr'><strong>ita</strong></span> <span class='ocrx_word' id='word_1_787' title='bbox 2643 4188 2853 4249; x_wconf 88' lang='lat' dir='ltr'><strong>refellit.</strong></span> <span class='ocrx_word' id='word_1_788' title='bbox 2887 4200 2944 4244; x_wconf 92' lang='lat' dir='ltr'><strong>ut</strong></span> <span class='ocrx_word' id='word_1_789' title='bbox 2970 4206 3036 4245; x_wconf 90' lang='lat' dir='ltr'><strong>co</strong></span> <span class='ocrx_word' id='word_1_790' title='bbox 3078 4191 3196 4261; x_wconf 85' lang='lat' dir='ltr'><strong>ipso</strong></span> <span class='ocrx_word' id='word_1_791' title='bbox 3225 4204 3384 4264; x_wconf 79' lang='lat' dir='ltr'><strong>neget</strong></span> 
     </span>
    </p>
   </div>
   <div class='ocr_carea' id='block_1_105' title="bbox 1795 4273 3385 4349">
    <p class='ocr_par' dir='ltr' id='par_1_105' title="bbox 1795 4273 3385 4349">
     <span class='ocr_line' id='line_1_106' title="bbox 1795 4273 3385 4349; baseline 0.008 -23"><span class='ocrx_word' id='word_1_792' title='bbox 1795 4281 2054 4327; x_wconf 61' lang='lat' dir='ltr'><strong>ostentum</strong></span> <span class='ocrx_word' id='word_1_793' title='bbox 2085 4273 2240 4328; x_wconf 82' lang='lat' dir='ltr'><strong>deum</strong></span> <span class='ocrx_word' id='word_1_794' title='bbox 2272 4292 2454 4331; x_wconf 87' lang='lat' dir='ltr'><strong>eorum</strong></span> <span class='ocrx_word' id='word_1_795' title='bbox 2487 4293 2643 4347; x_wconf 87' lang='lat' dir='ltr'><strong>posse</strong></span> <span class='ocrx_word' id='word_1_796' title='bbox 2678 4280 2920 4349; x_wconf 86' lang='lat' dir='ltr'><strong>cogitari,</strong></span> <span class='ocrx_word' id='word_1_797' title='bbox 2950 4297 3056 4349; x_wconf 89' lang='lat' dir='ltr'><strong>quo</strong></span> <span class='ocrx_word' id='word_1_798' title='bbox 3082 4284 3385 4339; x_wconf 73' lang='lat' dir='ltr'><strong>innumera-</strong></span> 
     </span>
    </p>
   </div>
   <div class='ocr_carea' id='block_1_106' title="bbox 1796 4364 3375 4444">
    <p class='ocr_par' dir='ltr' id='par_1_106' title="bbox 1796 4364 3375 4444">
     <span class='ocr_line' id='line_1_107' title="bbox 1796 4364 3375 4444; baseline 0.008 -26"><span class='ocrx_word' id='word_1_799' title='bbox 1796 4364 1973 4418; x_wconf 86' lang='lat' dir='ltr'><strong>biliter</strong></span> <span class='ocrx_word' id='word_1_800' title='bbox 2012 4364 2295 4421; x_wconf 79' lang='lat' dir='ltr'><strong>liuentibus</strong></span> <span class='ocrx_word' id='word_1_801' title='bbox 2328 4376 2383 4422; x_wconf 91' lang='lat' dir='ltr'><strong>et</strong></span> <span class='ocrx_word' id='word_1_802' title='bbox 2412 4368 2709 4423; x_wconf 87' lang='lat' dir='ltr'><strong>labentibus</strong></span> <span class='ocrx_word' id='word_1_803' title='bbox 2739 4371 3057 4441; x_wconf 85' lang='lat' dir='ltr'><strong>imaginibus</strong></span> <span class='ocrx_word' id='word_1_804' title='bbox 3094 4375 3375 4444; x_wconf 86' lang='lat' dir='ltr'><strong>cogitatur.</strong></span> 
     </span>
    </p>
   </div>
   <div class='ocr_carea' id='block_1_107' title="bbox 1796 4456 3380 4539">
    <p class='ocr_par' dir='ltr' id='par_1_107' title="bbox 1796 4456 3380 4539">
     <span class='ocr_line' id='line_1_108' title="bbox 1796 4456 3380 4539; baseline 0.008 -28"><span class='ocrx_word' id='word_1_805' title='bbox 1796 4456 1866 4512; x_wconf 85' lang='lat' dir='ltr'><strong>Et</strong></span> <span class='ocrx_word' id='word_1_806' title='bbox 1900 4458 2149 4527; x_wconf 89' lang='lat' dir='ltr'><strong>quoniam</strong></span> <span class='ocrx_word' id='word_1_807' title='bbox 2174 4459 2655 4517; x_wconf 86' lang='lat' dir='ltr'><strong>iunutnerabilitate</strong></span> <span class='ocrx_word' id='word_1_808' title='bbox 2668 4472 2969 4520; x_wconf 88' lang='lat' dir='ltr'><strong>atomorum</strong></span> <span class='ocrx_word' id='word_1_809' title='bbox 2986 4468 3380 4539; x_wconf 81' lang='lat' dir='ltr'><strong>suppeditante,</strong></span> 
     </span>
    </p>
   </div>
   <div class='ocr_carea' id='block_1_108' title="bbox 1794 4552 3382 4623">
    <p class='ocr_par' dir='ltr' id='par_1_108' title="bbox 1794 4552 3382 4623">
     <span class='ocr_line' id='line_1_109' title="bbox 1794 4552 3382 4623; baseline 0.006 -17"><span class='ocrx_word' id='word_1_810' title='bbox 1794 4552 1979 4607; x_wconf 86' lang='lat' dir='ltr'><strong>dicunt</strong></span> <span class='ocrx_word' id='word_1_811' title='bbox 2007 4553 2117 4607; x_wconf 89' lang='lat' dir='ltr'><strong>lieri</strong></span> <span class='ocrx_word' id='word_1_812' title='bbox 2142 4552 2343 4609; x_wconf 78' lang='lat' dir='ltr'><strong>formas</strong></span> <span class='ocrx_word' id='word_1_813' title='bbox 2362 4554 2581 4609; x_wconf 87' lang='lat' dir='ltr'><strong>deorum</strong></span> <span class='ocrx_word' id='word_1_814' title='bbox 2611 4559 2983 4623; x_wconf 84' lang='lat' dir='ltr'><strong>sempiternas,</strong></span> <span class='ocrx_word' id='word_1_815' title='bbox 3021 4574 3141 4614; x_wconf 87' lang='lat' dir='ltr'><strong>cum</strong></span> <span class='ocrx_word' id='word_1_816' title='bbox 3171 4561 3240 4615; x_wconf 87' lang='lat' dir='ltr'><strong>ita</strong></span> <span class='ocrx_word' id='word_1_817' title='bbox 3270 4562 3382 4616; x_wconf 83' lang='lat' dir='ltr'><strong>dis-</strong></span> 
     </span>
    </p>
   </div>
   <div class='ocr_carea' id='block_1_109' title="bbox 1794 4642 3379 4719">
    <p class='ocr_par' dir='ltr' id='par_1_109' title="bbox 1794 4642 3379 4719">
     <span class='ocr_line' id='line_1_110' title="bbox 1794 4642 3379 4719; baseline 0.004 -21"><span class='ocrx_word' id='word_1_818' title='bbox 1794 4643 1987 4698; x_wconf 87' lang='lat' dir='ltr'><strong>cedant</strong></span> <span class='ocrx_word' id='word_1_819' title='bbox 2012 4642 2252 4713; x_wconf 71' lang='lat' dir='ltr'><strong>quaedam</strong></span> <span class='ocrx_word' id='word_1_820' title='bbox 2279 4646 2592 4714; x_wconf 69' lang='lat' dir='ltr'><strong>corpuscula</strong></span> <span class='ocrx_word' id='word_1_821' title='bbox 2624 4646 2691 4701; x_wconf 90' lang='lat' dir='ltr'><strong>de</strong></span> <span class='ocrx_word' id='word_1_822' title='bbox 2725 4646 2905 4704; x_wconf 86' lang='lat' dir='ltr'><strong>divino</strong></span> <span class='ocrx_word' id='word_1_823' title='bbox 2940 4664 3163 4719; x_wconf 88' lang='lat' dir='ltr'><strong>corpore</strong></span> <span class='ocrx_word' id='word_1_824' title='bbox 3192 4659 3253 4706; x_wconf 89' lang='lat' dir='ltr'><strong>ut</strong></span> <span class='ocrx_word' id='word_1_825' title='bbox 3279 4652 3379 4705; x_wconf 86' lang='lat' dir='ltr'><strong>alia</strong></span> 
     </span>
    </p>
   </div>
   <div class='ocr_carea' id='block_1_110' title="bbox 1793 4737 3380 4799">
    <p class='ocr_par' dir='ltr' id='par_1_110' title="bbox 1793 4737 3380 4799">
     <span class='ocr_line' id='line_1_111' title="bbox 1793 4737 3380 4799; baseline 0.005 -8"><span class='ocrx_word' id='word_1_826' title='bbox 1793 4737 2102 4798; x_wconf 78' lang='lat' dir='ltr'><strong>succedant.</strong></span> <span class='ocrx_word' id='word_1_827' title='bbox 2135 4747 2186 4791; x_wconf 91' lang='lat' dir='ltr'><strong>et</strong></span> <span class='ocrx_word' id='word_1_828' title='bbox 2210 4737 2427 4793; x_wconf 82' lang='lat' dir='ltr'><strong>dissolvi</strong></span> <span class='ocrx_word' id='word_1_829' title='bbox 2470 4738 2613 4792; x_wconf 81' lang='lat' dir='ltr'><strong>illam</strong></span> <span class='ocrx_word' id='word_1_830' title='bbox 2652 4748 2895 4795; x_wconf 85' lang='lat' dir='ltr'><strong>naturam</strong></span> <span class='ocrx_word' id='word_1_831' title='bbox 2938 4743 3125 4797; x_wconf 89' lang='lat' dir='ltr'><strong>eadem</strong></span> <span class='ocrx_word' id='word_1_832' title='bbox 3160 4757 3380 4799; x_wconf 64' lang='lat' dir='ltr'><strong>succos-</strong></span> 
     </span>
    </p>
   </div>
   <div class='ocr_carea' id='block_1_111' title="bbox 1793 4828 3377 4903">
    <p class='ocr_par' dir='ltr' id='par_1_111' title="bbox 1793 4828 3377 4903">
     <span class='ocr_line' id='line_1_112' title="bbox 1793 4828 3377 4903; baseline 0.005 -20"><span class='ocrx_word' id='word_1_833' title='bbox 1793 4828 1945 4883; x_wconf 86' lang='lat' dir='ltr'><strong>sione</strong></span> <span class='ocrx_word' id='word_1_834' title='bbox 1992 4843 2097 4881; x_wconf 92' lang='lat' dir='ltr'><strong>non</strong></span> <span class='ocrx_word' id='word_1_835' title='bbox 2123 4828 2333 4883; x_wconf 88' lang='lat' dir='ltr'><strong>sinant:</strong></span> <span class='ocrx_word' id='word_1_836' title='bbox 2365 4828 2549 4882; x_wconf 81' lang='lat' dir='ltr'><strong>Omnia</strong></span> <span class='ocrx_word' id='word_1_837' title='bbox 2589 4848 2727 4901; x_wconf 84' lang='lat' dir='ltr'><strong>ergo,</strong></span> <span class='ocrx_word' id='word_1_838' title='bbox 2766 4831 2958 4902; x_wconf 86' lang='lat' dir='ltr'><strong>inquit,</strong></span> <span class='ocrx_word' id='word_1_839' title='bbox 2985 4843 3173 4886; x_wconf 68' lang='lat' dir='ltr'><strong>aeterna</strong></span> <span class='ocrx_word' id='word_1_840' title='bbox 3196 4845 3377 4903; x_wconf 78' lang='lat' dir='ltr'><strong>essent,</strong></span> 
     </span>
    </p>
   </div>
   <div class='ocr_carea' id='block_1_112' title="bbox 1792 4919 3381 4998">
    <p class='ocr_par' dir='ltr' id='par_1_112' title="bbox 1792 4919 3381 4998">
     <span class='ocr_line' id='line_1_113' title="bbox 1792 4919 3381 4998; baseline 0.007 -25"><span class='ocrx_word' id='word_1_841' title='bbox 1792 4920 1911 4988; x_wconf 88' lang='lat' dir='ltr'><strong>quia</strong></span> <span class='ocrx_word' id='word_1_842' title='bbox 1946 4919 2071 4973; x_wconf 91' lang='lat' dir='ltr'><strong>nulli</strong></span> <span class='ocrx_word' id='word_1_843' title='bbox 2101 4920 2253 4974; x_wconf 86' lang='lat' dir='ltr'><strong>deest</strong></span> <span class='ocrx_word' id='word_1_844' title='bbox 2293 4920 2392 4974; x_wconf 87' lang='lat' dir='ltr'><strong>ista</strong></span> <span class='ocrx_word' id='word_1_845' title='bbox 2426 4922 2884 4976; x_wconf 81' lang='lat' dir='ltr'><strong>innumerabilitas</strong></span> <span class='ocrx_word' id='word_1_846' title='bbox 2908 4932 3229 4992; x_wconf 87' lang='lat' dir='ltr'><strong>atomorum,</strong></span> <span class='ocrx_word' id='word_1_847' title='bbox 3259 4942 3381 4998; x_wconf 66' lang='lat' dir='ltr'><strong>quae</strong></span> 
     </span>
    </p>
   </div>
   <div class='ocr_carea' id='block_1_113' title="bbox 1791 5010 3381 5085">
    <p class='ocr_par' dir='ltr' id='par_1_113' title="bbox 1791 5010 3381 5085">
     <span class='ocr_line' id='line_1_114' title="bbox 1791 5010 3381 5085; baseline 0.009 -25"><span class='ocrx_word' id='word_1_848' title='bbox 1791 5020 2079 5078; x_wconf 84' lang='lat' dir='ltr'><strong>perpetuas</strong></span> <span class='ocrx_word' id='word_1_849' title='bbox 2116 5010 2298 5065; x_wconf 90' lang='lat' dir='ltr'><strong>ruinas</strong></span> <span class='ocrx_word' id='word_1_850' title='bbox 2335 5012 2559 5068; x_wconf 75' lang='lat' dir='ltr'><strong>subinde</strong></span> <span class='ocrx_word' id='word_1_851' title='bbox 2589 5014 2847 5083; x_wconf 85' lang='lat' dir='ltr'><strong>supplea&#39;t.</strong></span> <span class='ocrx_word' id='word_1_852' title='bbox 2882 5014 3081 5070; x_wconf 86' lang='lat' dir='ltr'><strong>Deinde</strong></span> <span class='ocrx_word' id='word_1_853' title='bbox 3113 5020 3381 5085; x_wconf 89' lang='lat' dir='ltr'><strong>quomodo</strong></span> 
     </span>
    </p>
   </div>
   <div class='ocr_carea' id='block_1_114' title="bbox 1791 5104 3375 5171">
    <p class='ocr_par' dir='ltr' id='par_1_114' title="bbox 1791 5104 3375 5171">
     <span class='ocr_line' id='line_1_115' title="bbox 1791 5104 3375 5171; baseline 0.007 -16"><span class='ocrx_word' id='word_1_854' title='bbox 1791 5116 1898 5155; x_wconf 90' lang='lat' dir='ltr'><strong>non</strong></span> <span class='ocrx_word' id='word_1_855' title='bbox 1925 5113 2169 5156; x_wconf 86' lang='lat' dir='ltr'><strong>vereatur</strong></span> <span class='ocrx_word' id='word_1_856' title='bbox 2203 5104 2301 5158; x_wconf 89' lang='lat' dir='ltr'><strong>iste</strong></span> <span class='ocrx_word' id='word_1_857' title='bbox 2331 5104 2462 5159; x_wconf 86' lang='lat' dir='ltr'><strong>deus</strong></span> <span class='ocrx_word' id='word_1_858' title='bbox 2499 5121 2567 5159; x_wconf 89' lang='lat' dir='ltr'><strong>ne</strong></span> <span class='ocrx_word' id='word_1_859' title='bbox 2608 5106 2851 5171; x_wconf 83' lang='lat' dir='ltr'><strong>intereat,</strong></span> <span class='ocrx_word' id='word_1_860' title='bbox 2887 5122 3003 5160; x_wconf 75' lang='lat' dir='ltr'><strong>cum</strong></span> <span class='ocrx_word' id='word_1_861' title='bbox 3027 5109 3138 5164; x_wconf 80' lang='lat' dir='ltr'><strong>sine</strong></span> <span class='ocrx_word' id='word_1_862' title='bbox 3163 5110 3271 5165; x_wconf 78' lang='lat' dir='ltr'><strong>ulla</strong></span> <span class='ocrx_word' id='word_1_863' title='bbox 3295 5113 3375 5166; x_wconf 81' lang='lat' dir='ltr'><strong>in-</strong></span> 
     </span>
    </p>
   </div>
   <div class='ocr_carea' id='block_1_115' title="bbox 1790 5194 3382 5267">
    <p class='ocr_par' dir='ltr' id='par_1_115' title="bbox 1790 5194 3382 5267">
     <span class='ocr_line' id='line_1_116' title="bbox 1790 5194 3382 5267; baseline 0.006 -22"><span class='ocrx_word' id='word_1_864' title='bbox 1790 5194 2101 5247; x_wconf 75' lang='lat' dir='ltr'><strong>termissione</strong></span> <span class='ocrx_word' id='word_1_865' title='bbox 2138 5196 2387 5264; x_wconf 78' lang='lat' dir='ltr'><strong>pulsetur,</strong></span> <span class='ocrx_word' id='word_1_866' title='bbox 2427 5197 2738 5267; x_wconf 79' lang='lat' dir='ltr'><strong>agiteturque</strong></span> <span class='ocrx_word' id='word_1_867' title='bbox 2773 5207 3057 5252; x_wconf 80' lang='lat' dir='ltr'><strong>atomorum</strong></span> <span class='ocrx_word' id='word_1_868' title='bbox 3098 5200 3382 5254; x_wconf 70' lang='lat' dir='ltr'><strong>incursione</strong></span> 
     </span>
    </p>
   </div>
   <div class='ocr_carea' id='block_1_116' title="bbox 1787 5286 3379 5360">
    <p class='ocr_par' dir='ltr' id='par_1_116' title="bbox 1787 5286 3379 5360">
     <span class='ocr_line' id='line_1_117' title="bbox 1787 5286 3379 5360; baseline 0.004 -21"><span class='ocrx_word' id='word_1_869' title='bbox 1787 5286 2129 5353; x_wconf 79' lang='lat' dir='ltr'><strong>sempiterna?</strong></span> <span class='ocrx_word' id='word_1_870' title='bbox 2170 5287 2365 5355; x_wconf 87' lang='lat' dir='ltr'><strong>pulsari</strong></span> <span class='ocrx_word' id='word_1_871' title='bbox 2402 5288 2543 5341; x_wconf 88' lang='lat' dir='ltr'><strong>enim</strong></span> <span class='ocrx_word' id='word_1_872' title='bbox 2582 5288 2708 5341; x_wconf 90' lang='lat' dir='ltr'><strong>dicit</strong></span> <span class='ocrx_word' id='word_1_873' title='bbox 2741 5288 2867 5343; x_wconf 85' lang='lat' dir='ltr'><strong>illud</strong></span> <span class='ocrx_word' id='word_1_874' title='bbox 2903 5305 3100 5359; x_wconf 85' lang='lat' dir='ltr'><strong>corpus</strong></span> <span class='ocrx_word' id='word_1_875' title='bbox 3130 5290 3271 5360; x_wconf 92' lang='lat' dir='ltr'><strong>quod</strong></span> <span class='ocrx_word' id='word_1_876' title='bbox 3307 5292 3379 5345; x_wconf 88' lang='lat' dir='ltr'><strong>ir-</strong></span> 
     </span>
    </p>
   </div>
   <div class='ocr_carea' id='block_1_117' title="bbox 1790 5376 3373 5451">
    <p class='ocr_par' dir='ltr' id='par_1_117' title="bbox 1790 5376 3373 5451">
     <span class='ocr_line' id='line_1_118' title="bbox 1790 5376 3373 5451; baseline 0.004 -22"><span class='ocrx_word' id='word_1_877' title='bbox 1790 5376 2067 5431; x_wconf 87' lang='lat' dir='ltr'><strong>ruentibus</strong></span> <span class='ocrx_word' id='word_1_878' title='bbox 2093 5378 2282 5431; x_wconf 85' lang='lat' dir='ltr'><strong>atomis</strong></span> <span class='ocrx_word' id='word_1_879' title='bbox 2317 5378 2553 5440; x_wconf 86' lang='lat' dir='ltr'><strong>feriatnr,</strong></span> <span class='ocrx_word' id='word_1_880' title='bbox 2580 5389 2633 5434; x_wconf 90' lang='lat' dir='ltr'><strong>et</strong></span> <span class='ocrx_word' id='word_1_881' title='bbox 2661 5380 2844 5449; x_wconf 83' lang='lat' dir='ltr'><strong>agitari</strong></span> <span class='ocrx_word' id='word_1_882' title='bbox 2868 5382 3007 5450; x_wconf 89' lang='lat' dir='ltr'><strong>quod</strong></span> <span class='ocrx_word' id='word_1_883' title='bbox 3032 5390 3373 5451; x_wconf 86' lang='lat' dir='ltr'><strong>penetretur:</strong></span> 
     </span>
    </p>
   </div>
   <div class='ocr_carea' id='block_1_118' title="bbox 1787 5466 3373 5541">
    <p class='ocr_par' dir='ltr' id='par_1_118' title="bbox 1787 5466 3373 5541">
     <span class='ocr_line' id='line_1_119' title="bbox 1787 5466 3373 5541; baseline 0.005 -21"><span class='ocrx_word' id='word_1_884' title='bbox 1787 5466 2103 5522; x_wconf 74' lang='lat' dir='ltr'><strong>deindcrum</strong></span> <span class='ocrx_word' id='word_1_885' title='bbox 2123 5486 2185 5523; x_wconf 67' lang='lat' dir='ltr'><strong>ea:</strong></span> <span class='ocrx_word' id='word_1_886' title='bbox 2202 5470 2309 5540; x_wconf 75' lang='lat' dir='ltr'><strong>ipso</strong></span> <span class='ocrx_word' id='word_1_887' title='bbox 2326 5471 2589 5539; x_wconf 78' lang='lat' dir='ltr'><strong>inmginrs,</strong></span> <span class='ocrx_word' id='word_1_888' title='bbox 2610 5472 2675 5524; x_wconf 65' lang='lat' dir='ltr'><strong>de</strong></span> <span class='ocrx_word' id='word_1_889' title='bbox 2696 5474 2885 5541; x_wconf 84' lang='lat' dir='ltr'><strong>quibus</strong></span> <span class='ocrx_word' id='word_1_890' title='bbox 2901 5473 3008 5538; x_wconf 86' lang='lat' dir='ltr'><strong>jam</strong></span> <span class='ocrx_word' id='word_1_891' title='bbox 3032 5476 3158 5527; x_wconf 81' lang='lat' dir='ltr'><strong>satis</strong></span> <span class='ocrx_word' id='word_1_892' title='bbox 3177 5475 3373 5528; x_wconf 74' lang='lat' dir='ltr'><strong>dictum</strong></span> 
     </span>
    </p>
   </div>
   <div class='ocr_carea' id='block_1_119' title="bbox 1786 5561 3376 5635">
    <p class='ocr_par' dir='ltr' id='par_1_119' title="bbox 1786 5561 3376 5635">
     <span class='ocr_line' id='line_1_120' title="bbox 1786 5561 3376 5635; baseline 0.006 -24"><span class='ocrx_word' id='word_1_893' title='bbox 1786 5573 1889 5624; x_wconf 60' lang='grc' dir='ltr'><strong>ρει,</strong></span> <span class='ocrx_word' id='word_1_894' title='bbox 1915 5578 2108 5625; x_wconf 82' lang='lat' dir='ltr'><strong>semper</strong></span> <span class='ocrx_word' id='word_1_895' title='bbox 2135 5561 2339 5632; x_wconf 78' lang='lat' dir='ltr'><strong>uﬂluant</strong></span> <span class='ocrx_word' id='word_1_896' title='bbox 2362 5561 2498 5633; x_wconf 83' lang='lat' dir='ltr'><strong>(Lib.</strong></span> <span class='ocrx_word' id='word_1_897' title='bbox 2538 5564 2551 5615; x_wconf 84' lang='lat' dir='ltr'><strong>l</strong></span> <span class='ocrx_word' id='word_1_898' title='bbox 2582 5564 2629 5615; x_wconf 44' lang='lat' dir='ltr'><strong>de</strong></span> <span class='ocrx_word' id='word_1_899' title='bbox 2668 5563 2789 5617; x_wconf 73' lang='lat' dir='ltr'><strong>Nat.</strong></span> <span class='ocrx_word' id='word_1_900' title='bbox 2818 5562 3085 5633; x_wconf 79' lang='lat' dir='ltr'><strong>Deorum),</strong></span> <span class='ocrx_word' id='word_1_901' title='bbox 3109 5566 3376 5635; x_wconf 83' lang='lat' dir='ltr'><strong>quotttodo</strong></span> 
     </span>
    </p>
   </div>
   <div class='ocr_carea' id='block_1_120' title="bbox 1786 5654 2810 5721">
    <p class='ocr_par' dir='ltr' id='par_1_120' title="bbox 1786 5654 2810 5721">
     <span class='ocr_line' id='line_1_121' title="bbox 1786 5654 2810 5721; baseline 0.008 -20"><span class='ocrx_word' id='word_1_902' title='bbox 1786 5664 1959 5721; x_wconf 66' lang='lat' dir='ltr'><strong>potest</strong></span> <span class='ocrx_word' id='word_1_903' title='bbox 1988 5654 2054 5707; x_wconf 84' lang='lat' dir='ltr'><strong>de</strong></span> <span class='ocrx_word' id='word_1_904' title='bbox 2083 5654 2478 5710; x_wconf 76' lang='lat' dir='ltr'><strong>innnortalitate</strong></span> <span class='ocrx_word' id='word_1_905' title='bbox 2508 5656 2810 5709; x_wconf 76' lang='lat' dir='ltr'><strong>Coltlidt&#39;t&#39;e?</strong></span> 
     </span>
    </p>
   </div>
   <div class='ocr_carea' id='block_1_121' title="bbox 1856 5746 3377 5815">
    <p class='ocr_par' dir='ltr' id='par_1_121' title="bbox 1856 5746 3377 5815">
     <span class='ocr_line' id='line_1_122' title="bbox 1856 5746 3377 5815; baseline 0.005 -16"><span class='ocrx_word' id='word_1_906' title='bbox 1856 5746 1943 5799; x_wconf 78' lang='lat' dir='ltr'><strong>3i.</strong></span> <span class='ocrx_word' id='word_1_907' title='bbox 1988 5747 2041 5800; x_wconf 74' lang='lat' dir='ltr'><strong>in</strong></span> <span class='ocrx_word' id='word_1_908' title='bbox 2079 5748 2269 5800; x_wconf 65' lang='lat' dir='ltr'><strong>t&#39;ui&#39;tus</strong></span> <span class='ocrx_word' id='word_1_909' title='bbox 2317 5750 2560 5802; x_wconf 80' lang='lat' dir='ltr'><strong>tnnninus</strong></span> <span class='ocrx_word' id='word_1_910' title='bbox 2603 5747 2963 5801; x_wconf 70' lang='lat' dir='ltr'><strong>deliramentis</strong></span> <span class='ocrx_word' id='word_1_911' title='bbox 3002 5746 3113 5803; x_wconf 67' lang='lat' dir='ltr'><strong>bare</strong></span> <span class='ocrx_word' id='word_1_912' title='bbox 3152 5751 3377 5815; x_wconf 65' lang='lat' dir='ltr'><strong>opinan-</strong></span> 
     </span>
    </p>
   </div>
   <div class='ocr_carea' id='block_1_122' title="bbox 1849 5857 3280 5929">
    <p class='ocr_par' dir='ltr' id='par_1_122' title="bbox 1849 5857 3280 5929">
     <span class='ocr_line' id='line_1_123' title="bbox 1849 5857 3280 5929; baseline 0.005 -23"><span class='ocrx_word' id='word_1_913' title='bbox 1849 5860 1867 5889; x_wconf 73' lang='grc' dir='ltr'><strong>ι</strong></span> <span class='ocrx_word' id='word_1_914' title='bbox 1900 5864 2032 5919; x_wconf 71' lang='grc' dir='ltr'><strong>ιον..</strong></span> <span class='ocrx_word' id='word_1_915' title='bbox 2056 5858 2303 5923; x_wconf 79' lang='lat' dir='ltr'><strong>cogitetur.</strong></span> <span class='ocrx_word' id='word_1_916' title='bbox 2324 5860 2414 5909; x_wconf 83' lang='lat' dir='ltr'><strong>Sed</strong></span> <span class='ocrx_word' id='word_1_917' title='bbox 2436 5860 2613 5910; x_wconf 77' lang='lat' dir='ltr'><strong>melius</strong></span> <span class='ocrx_word' id='word_1_918' title='bbox 2695 5859 2748 5909; x_wconf 75' lang='grc' dir='ltr'>ἱιὶ</span> <span class='ocrx_word' id='word_1_919' title='bbox 2770 5857 2849 5909; x_wconf 66' lang='lat' dir='ltr'><strong>alii</strong></span> <span class='ocrx_word' id='word_1_920' title='bbox 2870 5868 2921 5912; x_wconf 91' lang='lat' dir='ltr'><strong>et</strong></span> <span class='ocrx_word' id='word_1_921' title='bbox 2942 5866 3072 5923; x_wconf 51' lang='grc' dir='ltr'><strong>Μ»,</strong></span> <span class='ocrx_word' id='word_1_922' title='bbox 3093 5860 3280 5929; x_wconf 60' lang='lat' dir='ltr'><strong>cogitet.</strong></span> 
     </span>
    </p>
   </div>
  </div>
