3990 6382
170 341 260 403 M9

177 469 327 515 omnes
349 449 651 522 qumstiones
682 454 1015 519 prsetermnsn.
1046 446 1236 503 Nescio
1263 448 1381 517 quis
1418 447 1559 502 enim
1599 463 1698 501 nu-

174 559 295 621 gator
326 542 445 599 mihi
479 556 594 596 esse
624 542 771 595 visus
799 554 935 607 sum,
966 539 1009 593 si
1039 554 1132 595 eas
1160 538 1502 608 exponendas
1524 552 1698 607 porse-

172 653 343 710 querer.
372 634 495 690 Nam
516 634 581 689 de
605 634 815 689 caeteris
840 647 1048 703 possem
1074 633 1234 687 etiam
1252 631 1505 687 decenter
1528 630 1665 685 inter
1682 659 1695 671 -

172 730 329 799 rogari,
364 726 405 781 si
442 726 565 779 mibi
612 727 889 795 quisquam
940 740 1028 779 res
1071 724 1231 794 ipsas,
1276 740 1381 779 non
1433 724 1500 779 de
1547 722 1695 779 libris

170 816 412 881 Cicoronis,
433 814 524 869 sed
551 829 641 883 per
666 814 871 883 seipsas
898 813 1197 868 tractandas
1224 812 1694 883 dissolvendasque

170 907 395 979 proterret.
422 903 477 958 In
506 904 605 957 illis
625 912 803 958 autem
830 919 916 959 res
947 902 1076 974 ipsm
1106 918 1245 958 nunc
1272 912 1466 958 nostra:
1490 904 1694 972 proles.

169 996 274 1052 sioni
305 996 464 1050 minus
501 1002 820 1065 congruunt.
862 994 988 1049 Hcce
1013 1003 1190 1050 autem
1219 995 1395 1050 omnia
1423 1011 1527 1051 non
1554 995 1693 1050 face-

169 1106 272 1154 rem,
299 1089 387 1144 nisi
429 1104 512 1143 me
553 1099 672 1158 post
717 1086 1106 1158 mgritudinem,
1152 1089 1336 1159 inqua
1378 1103 1526 1143 eram
1568 1103 1690 1143 cum

170 1181 290 1235 homo
310 1188 417 1234 tuus
443 1179 694 1242 venisset,
717 1179 1044 1247 aliquantum
1072 1178 1138 1233 ab
1165 1178 1406 1249 Hippone
1428 1179 1688 1234 removis-

166 1287 266 1327 setn.
302 1269 485 1338 Quibus
529 1271 654 1325 item
695 1270 884 1327 diebus
933 1272 1330 1342 perturbatione
1372 1272 1689 1329 valetudinis

164 1362 442 1431 lebribusque
472 1362 730 1432 repetitus
756 1378 894 1416 sum.
923 1361 1049 1418 Inde
1076 1362 1272 1418 factum
1298 1374 1381 1419 cst
1407 1373 1465 1418 ut
1492 1364 1689 1420 tardius

162 1468 281 1523 quam
316 1460 523 1522 possent
562 1453 655 1507 tibi
698 1452 812 1507 lucc
853 1453 1206 1509 mitterentur.
1251 1454 1381 1522 Qum
1421 1454 1688 1525 quomodo

159 1542 393 1613 acceperis,
418 1543 677 1613 rescripta
708 1542 908 1614 ﬂagito.

524 1654 860 1710 EPISTOLA
897 1654 1061 1710 CXIX
1103 1662 1118 1679 '
1164 1655 1257 1729 (ιι).

156 1764 396 1820 Consentius
416 1764 697 1835 Augustino
736 1767 970 1835 proponit
996 1767 1293 1838 qutustiones
1320 1768 1382 1821 de
1416 1766 1680 1823 Trinitate.

206 1856 396 1912 Domino
435 1866 625 1912 sancto
658 1872 721 1911 ac
765 1857 1071 1913 beatissimo
1105 1872 1253 1928 papa:
1292 1858 1611 1926 Aucusrtso,

717 1950 1065 2005 Cosseunus.

203 2064 244 2119 l.
275 2062 383 2117 Iam
398 2064 607 2134 quidem
628 2072 820 2128 sancto,
845 2064 1063 2133 mihique
1091 2064 1282 2119 cunctis
1304 2064 1460 2118 animi
1484 2065 1683 2119 virtuti-

149 2157 218 2210 θαι
233 2155 535 2223 adntirando,
558 2157 706 2227 fratri
736 2165 818 2210 tuo
843 2156 1029 2227 Alypio
1052 2156 1284 2229 episcopo
1311 2174 1467 2229 genus
1486 2158 1681 2229 petitio-

147 2249 207 2303 sis
240 2265 346 2304 mete
380 2248 519 2304 brevi
555 2264 783 2305 sermone
818 2266 1181 2320 suggesseram,
1232 2267 1442 2321 sperans
1482 2268 1683 2323 precum

146 2355 325 2395 mum
360 2348 411 2394 ut
440 2339 586 2409 apud
625 2349 671 2393 te
699 2355 806 2394 esse
846 2340 1052 2409 adjutor
1077 2341 1386 2411 dignaretur.
1432 2340 1539 2396 Sed
1566 2343 1684 2412 quia

148 2433 413 2499 praemium
444 2430 574 2485 mihi
599 2438 736 2485 tuam
763 2447 838 2496 ea,
881 2446 994 2500 qua:
1018 2432 1084 2484 ad
1111 2432 1280 2485 villam
1320 2432 1394 2485 ire
1418 2433 1678 2503 compulit,

141 2538 262 2577 causa
281 2524 549 2593 fraudavit,
596 2523 753 2578 malui
792 2524 967 2578 litteris
1011 2541 1206 2594 precem
1249 2526 1486 2593 inserere,
1531 2542 1681 2596 quam

140 2618 514 2685 exspectationem
547 2615 705 2669 animi
731 2617 1017 2685 ﬂuctuare;
1068 2617 1284 2677 maxime
1321 2634 1435 2670 cum
1472 2617 1527 2670 id
1550 2620 1684 2685 quod

139 2708 324 2775 postulo,
359 2708 399 2762 si
430 2707 556 2762 mihi
588 2706 796 2762 concedi
825 2715 1053 2777 oportere
1080 2708 1410 2778 perspexeris,
1444 2707 1682 2776 adjuvare

140 2815 311 2853 sensum
348 2810 483 2854 tuum
536 2799 786 2853 altissima
828 2799 1067 2869 mysteria
1114 2808 1532 2869 perscrutantem,
1585 2801 1683 2854 loci

136 2890 282 2961 ipsius,
310 2903 356 2946 ut
389 2891 633 2958 arbitror,
680 2891 734 2945 in
771 2906 871 2961 quo
911 2906 1042 2943 nunc
1069 2891 1317 2954 consistis,
1363 2891 1526 2944 valeat
1558 2893 1677 2945 soli-

137 2980 250 3033 tudo.
279 2980 375 3053 Ego
400 2983 557 3053 igitur
579 2997 695 3034 cum
718 2981 858 3051 apud
883 2980 1225 3051 memetipsum
1249 2996 1453 3051 prorsus
1474 2980 1681 3050 deﬁnie-

136 3074 230 3133 rins.
257 3076 507 3129 veritatem
532 3074 607 3128 rei
628 3074 812 3129 divina:
838 3090 901 3129 ea:
928 3074 1030 3143 ﬁde
1057 3075 1215 3144 magis
1234 3091 1382 3143 quam
1410 3091 1473 3130 ex
1490 3077 1681 3132 ratione

136 3166 288 3236 percipi
306 3174 570 3237 oportere;
588 3166 632 3219 si
650 3164 784 3219 enim
806 3165 931 3234 ﬁdes
950 3174 1138 3219 sancta:
1162 3163 1403 3219 Ecclesia:
1422 3181 1485 3220 ex
1505 3166 1673 3238 dispu-

133 3256 299 3313 tationis
319 3259 533 3323 ratione,
567 3275 669 3312 non
707 3275 769 3312 ea:
795 3258 1104 3312 credulitatis
1128 3258 1312 3329 pietate
1338 3260 1679 3329 apprehende-

132 3357 258 3413 rctur,
285 3366 430 3404 nemo
460 3358 642 3421 praeter
672 3350 995 3420 philosophos
1032 3360 1180 3420 atque
1216 3360 1440 3406 oratores
1465 3353 1679 3407 beatitu-

131 3438 265 3494 dinem
301 3440 600 3511 possideret.
646 3440 755 3495 Sed
791 3441 913 3513 quia
953 3440 1141 3511 placuit
1181 3441 1305 3506 Deo,
1350 3444 1436 3513 qui
1477 3444 1681 3514 inﬁrma

132 3533 273 3587 arandi
307 3535 463 3604 hujus
501 3534 650 3603 elegit
680 3545 736 3587 ut
769 3534 1046 3605 confundat
1084 3536 1254 3605 fortia,
1296 3552 1385 3606 per
1418 3538 1681 3593 stultitiam

132 3623 469 3689 pradicationis
507 3623 706 3678 saloare
740 3623 1015 3689 credentes,
1056 3640 1156 3678 non
1199 3635 1301 3679 tam
1338 3627 1469 3681 ratio
1509 3629 1678 3696 requi-

130 3713 262 3767 renda
284 3715 344 3768 de
371 3713 502 3781 Deo,
527 3730 678 3784 quam
697 3715 969 3769 auctoritas
994 3725 1067 3769 est
1103 3716 1354 3786 sequenda
1374 3729 1675 3773 sanctorum.

130 3799 247 3858 Nam
266 3809 487 3878 profecto
520 3822 679 3875 neque
703 3807 896 3875 Ariani,
928 3807 1012 3877 qui
1039 3805 1252 3875 Filium,
1283 3824 1427 3878 quem
1460 3812 1680 3881 genitum

128 3895 414 3964 conﬁtemur,
443 3897 690 3951 minorem
725 3906 922 3967 putant,
964 3897 1017 3951 in
1045 3898 1140 3951 hac
1168 3899 1420 3969 impietate
1445 3903 1678 3970 persiste-

128 3997 238 4053 rent,
263 4005 414 4059 neque
435 3987 790 4043 Macedoniam
814 3988 1060 4059 Spiritum
1081 4002 1332 4058 sanctum,
1358 4010 1502 4063 quem
1527 4011 1680 4065 neque

128 4078 318 4145 genitum
343 4095 502 4150 neque
518 4079 796 4149 ingenitum
825 4079 1092 4146 credimus,
1116 4090 1357 4151 quantum
1384 4084 1436 4135 in
1461 4083 1585 4151 ipsis
1607 4092 1680 4138 est

126 4188 149 4220 a
183 4171 439 4227 divinitatis
462 4188 582 4226 arce
609 4171 950 4238 detruderent,
979 4172 1023 4227 si
1053 4172 1330 4242 Scripturis
1356 4176 1541 4228 sanctis
1567 4191 1676 4227 ma-

126 4261 188 4325 gis
237 4278 379 4331 quam
422 4263 531 4318 suis
588 4261 1052 4317 ratiocinationibus
1100 4265 1477 4318 accommodare
1528 4265 1679 4334 ﬁdem

129 4352 323 4407 mallent.

186 4443 233 4497 2.
257 4442 441 4500 Tamen
472 4455 549 4510 tu,
572 4446 647 4499 vir
669 4445 1002 4512 admirabilis,
1023 4446 1067 4499 si
1095 4446 1183 4500 tibi
1206 4446 1293 4501 ille
1320 4444 1471 4501 Pater
1489 4457 1674 4513 noster,

132 4535 248 4589 solus
293 4537 520 4592 conscius
564 4547 861 4590 secretorum
889 4577 905 4601 ,
959 4538 1045 4606 qui
1091 4536 1237 4591 habet
1287 4538 1473 4592 clavem
1513 4538 1679 4593 David

132 4626 291 4693 (Apoc.
319 4643 396 4694 ut,
424 4628 513 4698 7),
545 4628 846 4682 serenissimi
874 4628 1041 4682 cordis
1078 4627 1250 4682 obtutu
1290 4630 1525 4683 (telorum
1567 4646 1677 4684 ma-

132 4717 304 4772 chinam
333 4730 593 4791 penetrare
619 4722 881 4786 concessit,
910 4731 955 4774 et
977 4721 1215 4786 revelata,
1238 4730 1293 4775 ut
1320 4722 1560 4793 scriptum
1581 4733 1675 4789 est,

133 4808 247 4875 faeie
278 4812 489 4882 gloriam
532 4810 740 4865 Domini
775 4810 1026 4881 speculari
1072 4809 1150 4881 (ll
1188 4810 1306 4865 Cor.
1349 4828 1429 4877 ιιι,
1474 4812 1595 4883 l8),
1627 4814 1681 4868 in

134 4911 347 4967 quantum
375 4904 463 4958 tibi
484 4901 571 4957 ille
596 4903 681 4973 qui
701 4900 987 4972 hujusmodi
1009 4902 1355 4973 cogitationem
1379 4903 1535 4967 dedit,
1564 4920 1682 4974 pro-

134 4995 278 5047 mendi
300 4996 492 5051 dederit
529 4997 836 5068 facultatem,
866 4995 1070 5051 enuntia
1095 4995 1236 5049 nobis
1262 4995 1482 5065 aliquam
1503 4997 1682 5063 ine/Ta-

139 5081 240 5134 tilis
277 5089 564 5142 substantia:
604 5088 901 5157 porticum,
936 5097 983 5141 et
1023 5087 1291 5157 imaginem
1340 5087 1681 5143 similitudinis

136 5175 237 5242 ejus
258 5178 357 5249 ipso
383 5182 655 5252 adjuvante
682 5181 979 5251 exprimere,
1002 5181 1054 5234 in
1069 5190 1309 5251 quantum
1336 5191 1473 5250 potes
1490 5225 1504 5246 ,
1523 5182 1681 5235 verbis

139 5268 325 5337 enitere;
372 5275 610 5343 quoniam
659 5275 755 5327 nisi
804 5282 857 5327 tu
899 5282 1051 5327 tanta:
1098 5274 1169 5327 rei
1211 5274 1317 5327 dua:
1351 5292 1410 5329 ac
1447 5278 1684 5347 rragister

141 5359 371 5432 adfueris,
409 5367 542 5420 velut
584 5365 904 5435 lippientibus
948 5365 1106 5420 oculis
1154 5368 1438 5437 prospicere
1483 5369 1534 5421 in
1574 5386 1681 5423 eam

200 5510 562 5585 'Castigavimus
589 5518 714 5568 hanc
743 5518 858 5585 adr.
882 5520 956 5570 sb.
992 5519 1114 5585 duos
1135 5527 1171 5585 t.
1193 5527 1259 5585 _et
1286 5520 1407 5571 duos
1426 5536 1473 5571 ν.
1509 5524 1686 5585 quibus

141 5568 316 5685 mum
332 5568 533 5632 {messit
546 5568 691 5633 uetus
704 5581 859 5632 codex
881 5568 1039 5632 ﬁertiu
1045 5568 1177 5631 ensis
1192 5568 1687 5645 longe—prtestaiitiss—i:

144 5672 495 5817 Εὲπῗιὲθῗί
518 5719 533 5756 :
554 5718 665 5770 quae
681 5714 845 5757 autem
864 5706 953 5759 119
970 5716 1092 5771 erat,
1116 5719 1242 5758 nunc
1272 5708 1349 5760 55.
1370 5708 1546 5771 Scripta
1564 5709 1684 5761 forte

1310 333 1784 393 EPlS’l‘OLARUM
1825 334 2103 394 CLASSIS
2131 336 2189 394 ll.

3277 348 3384 409 450

1810 450 1939 503 tanti
1967 451 2171 506 luminis
2204 468 2492 521 repercussa
2521 459 2718 526 fulgore
2744 458 2977 527 cogitatio
3003 468 3171 515 nostra
3197 465 3379 534 formi-

1808 543 1914 596 dat.
1946 543 2091 597 lntra
2119 561 2237 617 ergo
2264 545 2316 600 in
2352 545 2515 611 illam,
2559 565 2673 618 qua:
2716 560 2913 606 nostros
2955 566 3089 607 arcet
3132 554 3339 611 intuitus
3360 600 3376 626 ,

1804 637 2157 705 mysteriorum
2189 636 2283 691 Dei
2319 637 2722 695 obscurissimam
2748 643 2964 708 nubem;
2991 647 3381 715 qua'stiunrulas

1800 728 1853 783 in
1872 728 2050 798 quibus
2069 728 2381 785 absolvendis
2407 748 2485 786 me
2508 750 2677 787 errare
2700 750 2962 806 cognosco,
2992 738 3079 809 qui
3106 738 3379 793 auctorita-

1801 825 1895 871 tem
1927 816 2224 873 Sanclitatis
2249 829 2347 875 tua:
2373 822 2475 890 ﬁde
2500 824 2657 893 magis
2676 825 2814 893 sequi
2836 825 2966 893 volo,
3000 844 3151 894 quam
3171 830 3379 885 rationis

1800 909 1952 963 corde
1975 922 2227 982 concepta:
2253 913 2386 983 falsa
2415 914 2631 985 imagine
2661 915 2945 985 depravari,
2965 919 3179 988 primum
3205 921 3256 975 in
3276 937 3377 975 me-

1801 1001 2029 1071 htetipso,
2061 1001 2241 1055 dehinc
2268 1003 2319 1056 in
2350 1002 2488 1059 libris
2512 1006 2723 1076 corrige.

1869 1092 1918 1145 5.
1956 1090 2065 1162 Ego
2094 1093 2337 1164 siquidem
2363 1095 2413 1148 in
2440 1096 2799 1166 circumspecta
2825 1100 3097 1153 admodum
3126 1102 3373 1172 simplici-

1796 1192 1897 1237 tate
1922 1185 2131 1240 audiens
2155 1187 2455 1257 credensque
2480 1187 2756 1244 Dominum
2788 1191 2965 1245 Jesum
3009 1191 3264 1247 Christum
3295 1195 3373 1248 lu-

1794 1290 1907 1330 men
1934 1292 2040 1331 esse
2064 1277 2126 1331 de
2153 1278 2359 1344 lumine,
2392 1280 2517 1334 sicut
2541 1282 2781 1352 scriptum
2807 1291 2896 1348 est,
2935 1301 2953 1335 ι
2994 1282 3125 1338 Bene
3150 1288 3373 1341 nuntiate

1794 1366 1924 1421 diem
1943 1369 2006 1422 de
2020 1369 2120 1436 die,
2138 1369 2477 1438 salutareejus
2497 1390 2515 1424 ι
2542 1371 2709 1441 (Psal.
2740 1389 2857 1437 xcv,
2872 1373 2958 1445 2);
2981 1385 3025 1429 et
3043 1375 3370 1447 inSapientia

1794 1457 2102 1523 Solomonis,
2124 1481 2142 1513 ι
2161 1460 2363 1517 Candor
2378 1473 2447 1518 est
2458 1465 2588 1517 enim
2608 1465 2732 1518 lucis
2743 1474 2943 1519 aeternw
2963 1465 3237 1539 )(Sltp.\’ll,
3252 1469 3366 1540 26);

1791 1550 2051 1604 credebam
2071 1550 2259 1619 Deum,
2273 1553 2407 1623 quod
2428 1554 2539 1607 licet
2556 1554 2755 1608 credere
2768 1564 2818 1608 ut
2833 1555 3038 1626 dignum
3058 1566 3129 1610 est
3155 1574 3253 1612 non
3277 1575 3368 1612 va-

1792 1640 1972 1708 lebam,
1989 1652 2151 1697 tamen
2180 1660 2287 1697 esse
2309 1643 2668 1698 intestimabilis
2691 1645 2954 1715 cujusdam
2968 1645 3093 1699 lucis
3120 1647 3369 1715 inﬁnitam

1790 1735 2206 1804 magnitudinem,
2224 1737 2369 1807 cujus
2398 1753 2486 1789 nec
2510 1735 2802 1808 qualitatem
2818 1738 3085 1803 aestimare,
3102 1755 3189 1792 nec
3207 1756 3368 1809 quan-

1792 1824 1983 1878 titatem
2012 1826 2204 1893 metiri,
2236 1842 2324 1880 nec
2349 1827 2564 1897 speciem
2590 1828 2799 1898 ﬁngere,
2838 1844 3123 1898 quanquam
3159 1830 3370 1885 sublime

1789 1914 2015 1984 c0gitans
2044 1932 2180 1970 mens
2207 1915 2427 1969 humana
2455 1918 2692 1986 sufﬁceret
2707 1934 2727 1980 ;
2752 1928 2919 1970 tamen
2945 1933 3052 1972 esse
3075 1918 3203 1972 illud
3222 1921 3368 1990 quid-

1788 2003 1926 2071 dam,
1956 2005 2199 2077 quidquid
2221 2016 2312 2072 est,
2330 2007 2410 2060 cui
2437 2007 2569 2060 adsit
2595 2006 3000 2077 incomparabilis
3026 2012 3210 2079 forma,
3237 2011 3359 2064 inte-

1786 2097 2049 2151 stimabilis
2090 2096 2431 2167 pulchritudo,
2477 2113 2626 2168 quam
2676 2099 2824 2151 etiam
2869 2099 3156 2153 carnalibus
3206 2101 3365 2154 oculis

1787 2187 1963 2240 saltem
1998 2185 2227 2241 Christus
2263 2188 2494 2259 aspiciat.
2530 2188 2657 2242 Cum
2699 2205 2817 2259 ergo
2860 2189 2992 2242 circa
3026 2190 3177 2259 ﬁnem
3215 2190 3365 2261 primi

1788 2279 1923 2345 libri,
1957 2280 2085 2333 sicut
2131 2281 2307 2348 procul
2345 2281 2496 2334 dubio
2528 2281 2812 2334 meminisse
2850 2280 3077 2351 dignaris
3103 2323 3116 2347 ,
3162 2283 3365 2353 cupiens

1787 2370 2112 2439 comprobare
2129 2368 2401 2423 Dominum
2424 2369 2601 2425 Jesum
2628 2370 2902 2436 Christum,
2932 2372 2987 2425 id
3015 2382 3086 2426 est
3112 2373 3365 2427 hominem

1785 2471 2132 2530 assumptum,
2158 2460 2231 2514 ita
2259 2461 2480 2515 divinam
2516 2462 2768 2531 possidere
2794 2462 3066 2532 potentiam
3085 2503 3098 2525 ,
3123 2473 3176 2516 ut
3204 2473 3363 2518 mate-

1786 2551 1863 2603 ria
1892 2552 2057 2604 carnis
2083 2551 2320 2606 humanm
2346 2568 2495 2621 quant
2526 2561 2828 2621 susceperat,
2867 2561 3189 2620 permaneret,
3215 2569 3364 2622 quam

1784 2645 1837 2697 in
1874 2644 1976 2698 illis
2014 2643 2281 2698 visceribus
2319 2645 2415 2697 nisi
2452 2644 2593 2699 aliud
2620 2660 2769 2714 quam
2798 2644 3140 2711 infirmitatem
3175 2646 3363 2715 perisse

1786 2736 2063 2789 docuissent
2091 2736 2108 2766 ⁸
2131 2777 2146 2801 ,
2178 2734 2317 2789 illius
2352 2735 2476 2788 mihi
2514 2734 2677 2788 nodus
2704 2734 2994 2805 quaestionis
3026 2733 3247 2804 objectus
3269 2744 3361 2789 est.

1786 2827 1867 2895 Si,
1886 2829 2065 2898 inquit,
2089 2827 2237 2881 homo
2263 2828 2351 2881 ille
2375 2842 2518 2896 quem
2544 2826 2815 2895 assumpsit
2845 2824 3095 2893 Christus,
3123 2827 3175 2879 in
3204 2825 3365 2880 Deum

1785 2933 1954 2973 versus
1996 2928 2087 2985 est,
2129 2934 2245 2989 ergo
2274 2917 2448 2971 loculis
2477 2933 2582 2971 esse
2611 2932 2711 2971 non
2741 2916 2908 2970 debuit
2944 2932 2961 2969 :
2985 2933 3075 2969 cur
3103 2933 3220 2987 ergo
3251 2927 3363 2987 post

1784 3012 2192 3065 resurrectionem
2217 3009 2363 3073 dixit,
2400 3027 2418 3060 ι
2455 3006 2580 3062 Noli
2608 3025 2687 3063 me
2715 3017 2946 3078 tangere,
2980 3010 3203 3063 nondum
3232 3010 3362 3063 enim

1783 3102 1984 3158 accendi
2007 3102 2074 3155 ad
2100 3100 2305 3155 Patrem
2332 3117 2493 3153 meum
2524 3119 2542 3151 ι
2573 3098 2749 3172 (Joan.
2775 3115 2868 3166 xx,
2898 3099 3030 3170 l7)?

1853 3194 1906 3247 4.
1951 3191 2061 3263 Ego
2096 3192 2249 3262 igitur
2276 3190 2537 3245 elaborans
2566 3189 2847 3260 approbare
2881 3189 3058 3260 ubique
3092 3207 3197 3244 esse
3217 3189 3364 3247 Chri-

1784 3294 1917 3339 stum
1940 3285 2138 3350 virtute,
2154 3301 2255 3338 non
2277 3300 2449 3353 opere,-
2463 3283 2736 3347 divinitate,
2766 3299 2865 3337 non
2888 3300 3067 3347 carne;
3089 3284 3153 3337 de
3177 3285 3365 3339 unitate

1784 3376 1880 3431 Dei
1900 3387 1946 3431 et
1970 3392 2300 3447 personarum
2328 3376 2549 3429 trinitate
2575 3374 2867 3445 hujusmodi
2894 3373 3040 3428 verba
3058 3375 3358 3446 conscripsi:

1784 3466 1943 3535 Deus,
1974 3468 2200 3539 inquam,
2223 3484 2355 3521 unus
2381 3477 2474 3534 est,
2503 3478 2548 3520 et
2578 3481 2805 3535 personas
2832 3475 2930 3519 tres
2949 3475 3083 3520 sunt.
3111 3463 3250 3520 Deus
3277 3466 3359 3519 in-

1783 3559 2027 3613 discretus
2046 3568 2138 3623 est,
2164 3574 2391 3629 persona:
2422 3558 2650 3612 discreta:
2673 3566 2806 3611 sunt.
2838 3555 2974 3611 Deus
3001 3558 3134 3611 intra
3159 3557 3358 3625 omnia,

1783 3660 1922 3706 trans
1947 3653 2112 3705 omnia
2136 3661 2238 3717 est,
2274 3652 2454 3706 ultima
2483 3651 2727 3714 includit,
2756 3650 2921 3707 media
2943 3651 3138 3721 implet,
3165 3666 3362 3706 summa

1784 3746 2105 3810 transcendit,
2134 3746 2269 3799 ultra
2295 3745 2523 3799 universa
2560 3753 2607 3796 et
2651 3759 2740 3813 per
2766 3743 2995 3796 universa
3018 3740 3321 3808 diffunditur
3340 3759 3361 3797 :

1782 3854 2009 3909 persona:
2030 3848 2195 3892 autem
2213 3837 2307 3892 sibi
2330 3839 2349 3868 '
2374 3846 2675 3901 constantes,
2697 3836 2999 3906 praprietale
3014 3844 3357 3903 secernuntur,

1782 3946 1882 3983 non
1909 3931 2202 4001 confusione
2227 3930 2512 3984 miscentur.
2545 3925 2679 3979 Deus
2704 3942 2821 3997 ergo
2840 3943 2968 3980 unus
2994 3935 3087 3990 est,
3115 3934 3164 3979 et
3182 3926 3363 3993 ubique

1782 4030 1885 4085 est;
1905 4021 2023 4085 quia
2046 4031 2092 4073 et
2121 4022 2252 4075 alius
2282 4029 2462 4089 praeter
2487 4016 2633 4071 illum
2664 4032 2763 4071 non
2802 4025 2875 4069 est
2894 4057 2909 4082 ,
2937 4025 2985 4068 et
3012 4017 3150 4069 locus
3168 4031 3266 4069 non
3286 4024 3361 4069 est

1782 4129 1968 4166 vacuus
1998 4112 2081 4166 ubi
2111 4129 2214 4166 esse
2244 4112 2376 4164 alius
2406 4110 2580 4179 possit.
2614 4106 2775 4161 Plena
2803 4116 2918 4160 sunt
2957 4105 3065 4160 Deo
3092 4106 3281 4172 omnia,
3313 4115 3359 4160 et

1782 4215 1963 4276 prater
1990 4201 2151 4256 Deum
2186 4201 2314 4255 nihil
2337 4210 2427 4254 est.
2460 4198 2491 4253 1
2497 4215 2581 4270 pse
2606 4206 2675 4252 est
2701 4199 2753 4251 in
2776 4195 2952 4262 Patre,
2987 4198 3094 4267 ipse
3119 4196 3169 4249 in
3198 4194 3355 4263 Filio,

1781 4295 1889 4366 ipse
1913 4295 1964 4348 in
1993 4293 2190 4364 Spiritu
2219 4301 2391 4347 sancto
2424 4306 2443 4345 :
2471 4307 2530 4343 ac
2556 4306 2643 4360 per
2671 4290 2786 4355 hoc,
2816 4286 2993 4354 Pater,
3024 4298 3070 4343 et
3097 4287 3286 4355 Filius,
3313 4297 3360 4343 et

1784 4386 2010 4458 Spiritus
2033 4396 2233 4439 sanctus
2254 4400 2354 4439 non
2375 4385 2542 4455 plures
2562 4383 2655 4449 dii,
2680 4382 2771 4437 sed
2798 4384 2906 4453 ipse
2928 4399 3058 4437 unus
3081 4392 3155 4438 est
3181 4380 3359 4448 Deus;

1781 4490 1829 4536 et
1853 4497 1953 4535 non
1983 4489 2053 4534 est
2081 4480 2190 4550 ipse
2215 4476 2370 4532 Pater
2394 4478 2481 4551 qui
2505 4488 2573 4531 est
2603 4476 2648 4530 F
2650 4477 2766 4530 ilius
2786 4518 2799 4540 ,
2831 4492 2921 4530 nec
2961 4474 3124 4531 Filius
3165 4477 3249 4547 qui
3288 4487 3361 4531 est

1787 4573 2012 4643 Spiritus
2038 4583 2262 4627 sanctus.
2297 4570 2450 4624 Pater
2479 4572 2531 4624 in
2560 4568 2697 4623 Filio
2732 4578 2826 4634 est,
2871 4567 3036 4622 Filius
3078 4570 3130 4622 in
3180 4566 3353 4634 Patre,

1780 4668 1834 4721 in
1856 4676 2062 4736 utroque
2088 4664 2311 4735 Spiritus
2336 4673 2536 4716 sanctus
2551 4676 2572 4725 ;
2601 4662 2717 4731 quia
2741 4662 2794 4715 in
2833 4662 2989 4715 tribus
3011 4676 3233 4725 numero,
3258 4676 3358 4713 non

1783 4759 1976 4821 ordine,
1999 4757 2054 4809 id
2077 4766 2147 4809 est
2170 4754 2415 4825 personis,
2440 4769 2539 4806 non
2576 4752 2754 4806 virtute
2787 4752 3031 4816 discretis,
3060 4766 3187 4804 unus
3210 4760 3358 4819 atque

1783 4850 2099 4906 indivisibilis
2131 4848 2320 4902 habitat
2351 4845 2503 4900 Deus.
2531 4844 2714 4900 Omnia
2742 4861 2855 4917 qua:
2884 4843 3054 4897 Patris
3074 4853 3208 4907 sunt,
3236 4842 3359 4897 Filii

1784 4953 1935 5006 sunt;
1961 4950 2007 4995 et
2035 4955 2148 5010 qua:
2181 4937 2309 4993 Filii
2335 4946 2479 5002 sunt,
2515 4934 2688 4990 Patris
2708 4944 2855 4999 sunt;
2883 4942 2930 4987 et
2962 4948 3073 5003 qua:
3101 4933 3359 5002 utriusque

1783 5045 1919 5097 sunt,
1950 5034 2173 5104 Spiritus
2204 5033 2368 5087 sancti
2396 5039 2510 5087 sunt
2542 5045 2560 5084 :
2588 5030 2706 5100 quia
2742 5043 2841 5083 non
2870 5027 3013 5098 quasi
3033 5025 3053 5057 ⁸
3072 5027 3315 5097 aequalem
3340 5068 3356 5092 ,

1784 5128 1871 5183 sed
1896 5126 2121 5181 eamdem
2146 5167 2161 5190 ,
2202 5125 2255 5178 id
2281 5134 2353 5178 est
2380 5124 2582 5177 unicam
2603 5120 2644 5188 ⁸,
2669 5137 2769 5174 non
2787 5129 3071 5189 separatam
3104 5118 3361 5188 possident

1785 5221 2112 5276 substantiam
2149 5216 2397 5281 Deitatis;
2425 5226 2472 5270 et
2508 5216 2619 5269 ideo
2645 5214 2719 5268 vel
2748 5213 3005 5284 majestate
3024 5255 3039 5279 ,
3070 5213 3145 5265 vel
3172 5220 3318 5265 aetate
3338 5249 3356 5277 ,

1785 5311 1914 5366 alter
1938 5312 2152 5366 alterum
2182 5327 2279 5364 non
2307 5308 2564 5379 precedil,
2593 5307 2710 5377 quia
2734 5306 2889 5360 dividi
2912 5304 3046 5376 quod
3069 5304 3270 5374 plenum
3287 5310 3359 5355 est

1786 5421 1887 5460 non
1914 5415 2106 5475 potest,
2148 5419 2236 5458 nec
2269 5412 2337 5456 est
2365 5402 2417 5455 in
2452 5398 2761 5471 plenitudine
2788 5397 3015 5469 aliquid,
3040 5397 3172 5465 quod
3202 5393 3360 5463 possit

1851 5587 1869 5619 ³
1902 5586 1975 5635 sic
1989 5598 2098 5634 cum
2114 5590 2195 5633 Ms.
2224 5583 2315 5640 bt.,
2341 5588 2391 5632 et
2412 5580 2602 5632 melius.
2628 5578 2889 5640 [dicimus].

1850 5651 1871 5677 ‘
1903 5649 1973 5697 sic
1996 5647 2257 5707 legendum
2277 5658 2385 5693 cum
2403 5650 2484 5693 Ms.
2510 5646 2578 5693 bl.
2615 5644 2781 5707 [siml].

1854 5712 1875 5743 ³
1904 5711 1975 5759 sic
2183 5711 2272 5764 bt.,
2298 5714 2347 5755 et
2369 5716 2521 5755 recte.
2549 5697 2680 5766 Lqﬂiu
2708 5697 2975 5765 wtlttalem].

1852 5776 1875 5806 ⁵
2034 5784 2222 5832 omnes,
2242 5769 2422 5820 inlitam
