3990 6380
588 291 690 368 Alii

594 407 959 483 plenitudinem
987 421 1224 480 separare
1254 405 1295 472 ί,
1323 413 1369 460 et
1387 404 1631 476 majorem
1648 399 1756 469 uni,
1773 399 2016 454 ntinorem
2035 394 2181 452 alteri

595 504 761 574 facere
797 502 1096 571 portionem.
1130 497 1196 554 In
1226 498 1450 568 personis
1478 505 1646 550 autent
1681 511 1782 549 non
1821 493 1896 548 ita
1931 502 2034 558 est;
2063 491 2184 560 quia

595 590 769 648 Patris
801 609 1014 663 persona
1048 608 1146 644 non
1191 600 1262 643 est
1305 587 1448 650 Filii,
1481 603 1572 641 nec
1605 585 1725 641 Filii
1759 601 1974 654 persona
2009 583 2183 638 eadem

592 695 664 740 est
690 684 915 754 Spiritus
939 684 1116 738 sancti.
1155 681 1269 736 Una
1294 681 1452 734 virtus
1489 689 1580 743 est,
1610 696 1761 751 quant
1792 679 1928 733 trina
1963 675 2184 746 possidet

592 777 786 840 virtus;
823 794 924 829 una
962 775 1241 830 substantia
1267 783 1366 838 est,
1398 775 1450 827 in
1473 790 1572 844 qua
1603 773 1701 828 tria
1727 782 1844 828 sunt
1873 787 1986 842 quae
2018 771 2180 828 subsi-

590 877 744 922 stunt.
777 866 929 921 Pater
952 883 1089 938 ergo,
1110 876 1154 920 et
1175 865 1358 928 Filius,
1385 875 1430 920 et
1454 865 1680 936 Spiritus
1702 875 1906 927 sanctus
1923 865 2185 935 majestate

590 959 773 1028 ubique
792 969 932 1022 sunt,
958 960 1077 1029 quia
1107 974 1259 1011 unum
1295 967 1445 1023 sunt;
1477 957 1704 1027 personis
1731 966 1928 1012 tantunt
1957 955 2097 1025 apud
2130 971 2185 1018 se

590 1059 725 1112 sunt,
751 1051 869 1120 quia
901 1063 996 1103 tres
1033 1059 1169 1106 sunt.
1214 1047 1276 1106 Et
1306 1049 1497 1118 reliqua
1525 1048 1817 1116 huiusmodi
1845 1049 2034 1112 texens,
2078 1062 2184 1101 rem

591 1157 809 1214 eousque
834 1140 1041 1206 deduxi,
1067 1152 1120 1195 ut
1145 1152 1413 1214 prasentes
1435 1141 1637 1214 quidem
1663 1153 1710 1194 et
1740 1141 1921 1212 ubique
1944 1157 2049 1198 esse
2070 1157 2183 1211 per-

588 1248 758 1295 sonas,
791 1232 878 1287 sed
908 1232 1048 1288 illam
1067 1276 1079 1297 ,
1117 1249 1233 1307 qua:
1265 1250 1420 1305 supra
1451 1232 1624 1295 caelos,
1658 1243 1797 1288 trans
1825 1233 2006 1299 maria,
2047 1234 2182 1292 ultra

588 1324 800 1396 inferos,
827 1343 931 1386 una
955 1339 1106 1397 atque
1145 1326 1320 1384 eadem
1360 1336 1432 1384 est
1475 1327 1756 1398 majestate,
1789 1326 2067 1396 ﬁrmarent.
2102 1324 2183 1380 Ea:

589 1433 686 1489 quo
713 1417 930 1490 intelligi
962 1417 1141 1476 debere
1175 1418 1536 1485 ntonstrabam,
1568 1417 1820 1480 hominem
1846 1434 1991 1490 quem
2031 1415 2179 1475 Citri-

590 1519 696 1564 stus
715 1509 1012 1582 assumpsit,
1045 1509 1095 1564 in
1125 1508 1288 1564 Deum
1315 1510 1516 1580 quidem
1546 1526 1741 1576 versum
1769 1517 2052 1576 susceptam
2082 1525 2181 1572 non

591 1600 817 1654 amisisse
841 1609 1096 1667 naturam,
1112 1616 1212 1664 non
1234 1609 1396 1657 tamen
1418 1600 1562 1670 quasi
1578 1611 1810 1676 quartam
1837 1601 1974 1656 credi
1995 1616 2142 1674 posse
2161 1602 2182 1632 '

592 1706 878 1758 personam.
1085 1677 1088 1680 ’

661 1803 715 1861 5.
745 1803 849 1860 Scd
873 1812 946 1868 tu,
976 1803 1071 1869 vir,
1099 1804 1183 1860 cui
1211 1804 1412 1868 ctelum,
1441 1813 1494 1858 ut
1520 1802 1757 1869 arbitror,
1790 1804 1956 1875 ipsum
1982 1804 2181 1860 subtili-

595 1905 697 1952 tate
731 1896 1089 1966 cogitationum
1118 1896 1308 1954 intrare
1346 1913 1635 1952 concessum
1673 1906 1779 1960 est;
1818 1913 1971 1952 verax
2004 1898 2183 1952 etenim

600 1995 672 2040 est
702 1989 790 2058 qui
813 1988 907 2055 ait,
943 2008 960 2038 ι
997 1985 1143 2044 Beati
1171 1987 1360 2042 ntundo
1401 1987 1580 2052 corde,
1620 1989 1858 2057 quoniam
1889 1989 1990 2058 ipsi
2023 1987 2184 2046 Deum

594 2077 828 2135 videbunt
861 2098 879 2132 ι
915 2077 1128 2149 (Matth.
1158 2095 1211 2143 v,
1237 2078 1293 2148 8)
1319 2095 1332 2143 ;
1363 2096 1515 2150 super
1543 2079 1712 2132 omnia
1736 2079 1900 2134 sidera
1926 2079 1993 2132 ad
2021 2081 2184 2146 ipsam

592 2169 1066 2239 contemplationem
1093 2170 1408 2225 altitudinem
1451 2170 1626 2224 mundi
1659 2171 1826 2225 cordis
1866 2172 2076 2236 attollis,
2109 2171 2184 2226 ais

595 2279 695 2318 non
713 2272 954 2332 tauquam
973 2261 1180 2330 aliquod
1204 2279 1386 2333 corpus
1413 2262 1590 2318 debere
1611 2263 1822 2333 cogitari
1838 2261 2019 2320 Deum.
2047 2262 2185 2318 Nunt

593 2353 786 2407 etiantsi
816 2353 1068 2426 quispiam
1091 2355 1260 2408 animo
1291 2353 1454 2407 lucem
1485 2355 1666 2408 millies
1691 2371 1840 2422 quant
1881 2356 2034 2425 hujus
2061 2355 2185 2409 solis

593 2443 861 2498 clariorem
901 2445 1319 2515 intensiorentque
1362 2445 1656 2514 conlingat,
1699 2444 1896 2498 nullam
1947 2446 2053 2500 illic
2094 2445 2188 2500 Dei

593 2534 972 2589 similitudinem
1005 2535 1362 2606 comprehendi
1389 2553 1556 2606 posse,
1586 2537 1704 2606 quia
1732 2553 1917 2607 corpus
1941 2546 2013 2590 est
2041 2554 2189 2591 omne

594 2626 730 2695 quod
751 2627 888 2682 cerni
915 2637 1077 2697 potest
1109 2643 1127 2681 :
1155 2627 1245 2682 sed
1275 2629 1405 2684 sicut
1424 2629 1682 2699 justitiam
1711 2630 1786 2684 vel
1811 2632 2044 2700 pietatem
2072 2648 2188 2685 cor-

595 2733 800 2788 poream
841 2721 1064 2791 cogitare
1098 2735 1199 2774 non
1245 2735 1534 2791 possumus,
1565 2721 1662 2774 nisi
1689 2721 1862 2793 aliqua
1890 2724 2018 2792 forte
2046 2723 2188 2776 nobis

593 2808 812 2878 feminea
835 2825 1049 2878 corpora
1073 2809 1250 2880 gentili
1285 2810 1503 2864 vanitate
1529 2811 1821 2881 ﬁngamus;
1851 2812 1921 2866 ita
1951 2823 1996 2866 et
2025 2811 2188 2868 Deum

592 2899 702 2955 siue
725 2900 897 2971 aliqua
925 2901 1210 2971 phantasia
1227 2902 1549 2957 simulatione
1572 2902 1625 2955 in
1653 2913 1898 2972 quantum
1926 2920 2189 2972 possumus

594 2991 939 3060 cogitandum.
973 2991 1103 3045 Mihi
1133 3001 1320 3058 autem,
1348 2993 1436 3062 qui
1473 2991 1794 3047 subtilitatem
1835 2993 2189 3062 disputationis

595 3084 765 3154 tepido
790 3087 1046 3155 percipere
1069 3086 1345 3142 admodum
1375 3087 1528 3140 corde
1557 3087 1641 3140 vix
1679 3104 1902 3157 possunt,
1929 3088 2190 3144 videbatur

597 3175 727 3231 nihil
752 3177 914 3231 vivunt
945 3178 1221 3232 secundum
1245 3179 1576 3234 substantiam
1605 3180 1766 3234 inesse
1782 3181 2030 3251 justitite:
2051 3183 2189 3236 ideo—

593 3282 690 3337 que
708 3283 809 3321 non
827 3285 1031 3339 possum
1049 3270 1221 3324 adhuc
1253 3269 1432 3334 Deum,
1455 3271 1510 3325 id
1531 3283 1625 3336 est,
1657 3274 1899 3329 viventem
1926 3287 2186 3342 naturam,

589 3358 804 3429 iustitiae
827 3360 1041 3414 similem
1067 3363 1329 3432 cogitare;
1354 3364 1472 3431 quia
1490 3364 1690 3434 jnstitia
1715 3381 1814 3418 non
1841 3365 1893 3419 in
1919 3383 1992 3428 se,
2023 3367 2112 3420 sed
2136 3367 2189 3421 in

597 3451 740 3504 nobis
766 3452 918 3516 vivit;
946 3454 1047 3507 into
1078 3455 1244 3523 potius
1274 3471 1365 3508 nos
1389 3456 1666 3508 secundum
1683 3457 1937 3525 justitiam
1957 3457 2186 3526 vivimus,

593 3544 709 3612 ipsa
737 3559 851 3598 vero
883 3546 1085 3614 justitia
1139 3563 1228 3616 per
1265 3564 1318 3600 se
1363 3563 1677 3614 nequaquam
1721 3547 1868 3612 vicit,
1917 3548 2014 3602 nisi
2061 3551 2190 3620 forte

596 3650 696 3690 non
717 3635 868 3707 hujus
891 3637 1127 3692 humana:
1149 3639 1421 3708 cequitatis,
1443 3639 1530 3692 sed
1555 3639 1646 3693 illa
1673 3656 1786 3709 qua:
1807 3640 1942 3696 Deus
1968 3651 2061 3708 est,
2079 3641 2189 3696 sola

595 3739 851 3782 asseratnr
879 3747 985 3784 esse
999 3731 1220 3800 jnstitia.

668 3843 720 3898 6.
770 3841 917 3896 Unde
947 3844 1238 3912 conﬁrmari
1279 3861 1357 3896 me
1383 3860 1446 3897 ea:
1471 3845 1700 3898 omnibus
1739 3863 1839 3899 non
1865 3847 2027 3901 solunt
2058 3866 2188 3920 pra:-

595 3936 813 3991 seutibus
842 3939 1001 3991 verbis
1023 3936 1064 4002 '_.
1102 3940 1190 3991 sed
1215 3939 1364 3990 etiam
1395 3938 1612 4007 pleniori
1640 3939 1850 4008 epistola
1880 3941 2046 3994 velint.
2083 3941 2187 3996 Ne-

597 4046 694 4098 que
724 4029 858 4082 enim
890 4033 969 4099 fas
996 4038 1068 4083 est
1099 4037 1150 4082 ut
1177 4029 1334 4084 nostri
1371 4038 1566 4082 tantum
1604 4031 1753 4096 pedes
1789 4031 1850 4084 ab
1889 4033 1985 4087 ista
2011 4034 2062 4089 in
2089 4053 2187 4104 qua

595 4119 739 4174 multi
782 4119 1123 4190 ingredimur,
1168 4120 1352 4174 erroris
1390 4120 1499 4186 via,
1528 4131 1575 4175 te
1612 4134 1844 4176 monente
1876 4138 2182 4180 rerocentur.

596 4211 725 4266 Cum
764 4211 896 4264 enim
936 4213 1081 4265 multi
1126 4213 1178 4265 in
1217 4213 1321 4266 illis
1358 4212 1410 4265 itt
1445 4213 1626 4284 quibus
1669 4213 1951 4269 habitamus
1977 4217 2181 4286 insulis,

598 4303 716 4354 dum
747 4315 879 4354 recto
906 4303 973 4354 ad
1003 4305 1131 4355 viam
1162 4314 1372 4374 pergunt
1399 4321 1600 4375 aggere,
1633 4307 1684 4359 in
1707 4310 1952 4361 tramitem
1976 4314 2186 4365 tortuosi

599 4395 752 4465 hujus
779 4396 963 4447 erroris
991 4396 1309 4457 incurrerint,
1334 4398 1492 4450 eritne
1516 4399 1700 4465 aliquis
1727 4400 1833 4453 illic
1853 4400 2181 4471 Augustinus,

596 4484 742 4554 cujus
782 4485 1072 4537 auctoritati
1108 4487 1305 4548 cedant,
1339 4487 1484 4556 cujus
1510 4487 1753 4542 doctrinae
1781 4491 2005 4556 credant,
2038 4494 2184 4562 cujus

596 4575 798 4646 ingenio
831 4577 1166 4645 superentur?
1190 4577 1265 4629 An
1297 4577 1424 4646 forte
1453 4593 1513 4630 ex
1539 4577 1628 4631 illo
1657 4580 1971 4648 paternitatis
1999 4581 2185 4650 aﬂ'ectu

595 4669 756 4723 mavis
795 4684 874 4722 me
913 4667 1111 4722 occulta
1155 4668 1541 4723 commonitione
1582 4670 1815 4742 dirigere,
1859 4688 2013 4742 quant
2051 4676 2183 4731 velut

595 4762 826 4817 comitem
853 4761 996 4832 pravi
1021 4760 1213 4815 itineris
1241 4761 1545 4830 increpare?
1570 4761 1676 4817 Sed
1705 4765 1830 4818 mihi
1854 4782 1946 4837 pro
1971 4767 2184 4824 utilitate

594 4855 796 4921 animae,
828 4854 989 4926 magis
1013 4870 1163 4925 quam
1195 4870 1286 4924 pro
1315 4855 1489 4908 sa’culi
1517 4856 1668 4910 laude
1695 4873 1895 4912 currere
1926 4861 2177 4932 cupienti,

594 4962 696 4999 non
725 4955 798 5000 est
822 4946 1017 5000 inutilis
1038 4989 1053 5012 ,
1091 4963 1152 4999 ac
1182 4946 1396 5017 proinde
1419 4949 1567 5001 etiant
1598 4965 1696 5002 non
1723 4967 1898 5003 antara
1923 4955 2179 5024 coargutio

596 5045 682 5089 tua
699 5052 719 5101 ;
743 5038 964 5091 maxime
983 5054 1097 5091 cum
1117 5049 1161 5092 et
1185 5039 1310 5092 mihi
1333 5048 1380 5092 et
1407 5040 1597 5093 caeteris
1619 5041 1766 5093 vitam
1787 5043 1939 5096 simul
1958 5046 2181 5100 laudem-

594 5142 690 5196 que
728 5126 956 5196 paritura
981 5129 1064 5180 sit.
1097 5127 1262 5184 Nemo
1286 5129 1530 5200 siquidem
1571 5140 1672 5183 tant
1713 5132 1929 5201 injustas
1972 5151 2096 5200 esse,
2125 5148 2178 5191 ut

593 5221 834 5285 arbitror,
869 5230 1047 5288 potest,
1075 5224 1158 5290 qui
1180 5241 1258 5277 me
1283 5239 1345 5279 ea:
1368 5239 1425 5277 eo
1449 5223 1584 5294 quod
1608 5224 1881 5293 aliquando
1907 5227 2046 5281 devia
2065 5247 2177 5283 sttnt

588 5322 814 5377 secutus,
843 5311 1072 5367 stultitia:
1089 5315 1325 5368 denotare
1345 5316 1485 5368 malit
1507 5331 1657 5386 quam
1680 5332 1742 5370 ex
1759 5332 1818 5369 eo
1841 5319 1976 5383 quod
2003 5329 2136 5374 recta
2156 5321 2177 5354 ⁸

653 5529 672 5601 ξ
706 5532 778 5601 sic
796 5529 1290 5601 legentium-cum
1321 5534 1392 5584 bt.
1413 5535 1700 5601 [reparare].

652 5593 673 5660 ξ
703 5594 775 5660 sic
796 5596 842 5643 iu
856 5591 941 5645 Ms.
968 5597 1036 5660 ιιι.
1059 5591 1216 5660 [credi
1231 5591 1518 5660 personant].

654 5653 675 5732 ξ
704 5655 777 5732 ge
793 5663 874 5732 its.
894 5660 965 5732 in.
1000 5653 1112 5732 [non
1127 5653 1278 5732 soli-tiu
1290 5653 1504 5732 prtescns
1524 5658 1650 5723 t'bi].

649 5709 674 5747 ⁸
703 5716 777 5766 sic
793 5723 873 5767 Ms.
893 5721 983 5780 bt.,
1000 5709 1063 5770 ‘et
1084 5709 1379 5771 οοιιιὶιιιιῖιιε.
1403 5709 1492 5780 [αθ
1509 5734 1565 5771 eo
1580 5709 1706 5786 quod
1721 5721 2020 5790 delegerint].

1830 281 1889 365 ε.
1930 273 2293 339 AUGUSTINI
2335 277 2637 340 EPISCOPI

3763 292 3860 358 45!

2291 393 2582 469 delegerint,
2616 399 2887 470 prudenter
2917 400 3160 480 judicare
3196 411 3474 476 punctetur.
3521 403 3700 484 Neque
3738 412 3857 472 enim

2289 489 2434 545 stulti
2456 491 2740 548 testimandi
2762 503 2897 556 sunt,
2928 511 3054 564 quos
3089 493 3284 570 Paulus
3309 498 3594 570 apostolus,
3626 518 3689 556 ne
3713 504 3761 557 in
3783 506 3857 559 in-

2289 595 2482 640 certum
2527 594 2781 640 currerent
2821 586 3122 652 admonebat
3153 588 3369 657 dicens,
3411 609 3429 641 ι
3475 592 3561 648 Sic
3597 596 3778 652 currite
3811 609 3860 656 ut

2291 679 2723 752 contpreltendatis
2754 700 2772 733 ι
2806 679 2860 754 (Ι
2883 678 3002 736 Cor.
3033 697 3112 750 Ix,
3141 681 3234 752 2i)
3264 699 3278 736 :
3311 696 3615 756 quapropter
3638 690 3652 718 ¹
3677 691 3751 744 via
3777 692 3858 747 ista

2290 788 2444 844 quam
2483 775 2760 842 currimus,
2789 791 2888 830 non
2930 776 3094 844 solum
3137 778 3466 852 relinquenda
3505 781 3666 842 nobis.
3706 799 3857 838 venint

2290 865 2440 930 etiam
2463 867 2845 922 intercludenda
2872 879 3022 942 atque
3037 870 3360 944 prmcidenda
3385 881 3477 938 est,
3501 889 3562 927 ne
3581 874 3710 942 forte
3729 877 3858 931 etiam

2290 974 2375 1027 eos
2403 959 2580 1030 fallaci
2617 959 2898 1018 dilectionis
2933 963 3255 1036 simulatione
3303 968 3592 1038 frustretur.
3635 967 3712 1040 Tu
3743 972 3855 1032 enim

2291 1067 2392 1110 non
2412 1052 2656 1114 editorum
2671 1053 2787 1126 jam
2808 1071 2839 1108 a
2859 1072 2938 1110 me
2953 1055 3193 1130 librorum
3213 1059 3386 1128 lector,
3400 1059 3489 1116 sed
3504 1060 3858 1130 probandorum

2290 1145 2618 1212 emendator,
2648 1147 2702 1202 ni
2731 1147 2906 1217 fallor,
2939 1149 3124 1206 electus
3157 1166 3230 1216 es.
3263 1149 3481 1210 Narnia
3510 1153 3602 1215 illa
3630 1155 3859 1226 epistola,

2290 1253 2438 1308 quam
2468 1238 2521 1306 in
2549 1237 2653 1292 illis
2678 1240 2800 1300 meis
2820 1239 3000 1296 libellis
3029 1241 3159 1296 velut
3183 1245 3632 1314 prtefatiuuculam
3657 1248 3858 1314 pratuli,

2290 1327 2582 1400 hujusmodi
2611 1331 2756 1388 verba
2784 1333 3070 1404 conscripta
3095 1345 3211 1388 sunt
3244 1349 3264 1387 :
3295 1352 3314 1401 ᾳ
3361 1333 3589 1400 Placuit,
3633 1337 3820 1408 inquam
3841 1382 3854 1405 ,

2290 1423 2622 1492 ﬂuctuantem
2643 1424 2763 1492 ﬁdei
2780 1433 2963 1480 nostra:
2977 1426 3206 1498 cymbam
3224 1427 3357 1488 beati
3374 1428 3642 1498 Augustini
3661 1431 3858 1500 episcopi

2288 1513 2513 1566 stabilire
2536 1515 2801 1568 sententia.
2848 1535 2866 1568 ι
2892 1515 2996 1570 Cur
3021 1533 3159 1587 ergo,
3193 1519 3268 1582 vir
3297 1518 3543 1584 doctrinm
3578 1520 3728 1591 hujus
3763 1539 3859 1593 qua

2286 1605 2341 1658 in
2362 1603 2560 1658 Christo
2587 1614 2688 1673 est,
2733 1607 2928 1670 culmen
2949 1649 2963 1676 ,
3002 1625 3214 1679 arguere
3241 1611 3412 1680 palam
3429 1611 3783 1682 corrigendum
3807 1615 3859 1668 de

2290 1705 2470 1749 caetero
2505 1697 2668 1766 ﬁlium
2711 1697 2930 1762 dubitas,
2973 1716 3086 1752 cum
3129 1702 3388 1756 sententia:
3413 1713 3512 1757 ttae
3535 1707 3755 1758 anchora
3777 1706 3859 1760 nisi

2290 1799 2516 1842 morsum
2543 1789 2693 1843 altius
2715 1793 2968 1860 presserit,
2997 1809 3088 1846 nos
3115 1794 3299 1847 certius
3318 1795 3542 1849 stabilire
3567 1814 3669 1850 non
3691 1799 3860 1867 possit?

2291 1876 2412 1933 Non
2453 1880 2587 1933 enint
2622 1881 2741 1934 leris
2770 1891 2858 1934 aut
2880 1882 3084 1953 culpata
3115 1885 3344 1952 quwstio,
3379 1886 3430 1939 in
3459 1903 3560 1957 qua
3586 1905 3688 1942 ttutt
3717 1889 3858 1942 solum

2288 1970 2418 2024 nihil
2447 1974 2681 2042 profecit,
2706 1989 2873 2027 verum
2913 1976 3062 2028 etiam
3107 1988 3240 2046 post,
3272 1988 3325 2031 ut
3349 1979 3370 2010 ¹
3392 1996 3423 2031 a
3445 1990 3492 2033 te
3511 1981 3778 2050 fortissime
3793 1983 3859 2035 di-

2289 2074 2422 2118 ctum
2449 2075 2540 2127 est,
2565 2065 2871 2120 idololatria:
2899 2067 3088 2122 crimen
3112 2069 3314 2124 ctecitas
3355 2081 3542 2125 nostris
3565 2074 3858 2142 cogitationis

2289 2156 2520 2210 incurrit.
2555 2155 2705 2212 Hanc
2727 2174 2760 2210 a
2787 2167 2833 2210 te
2854 2167 3000 2212 caute
3018 2160 3390 2233 prudenterque
3408 2161 3592 2215 discuti
3610 2163 3800 2229 vellem,
3817 2173 3859 2217 ut

2291 2246 2534 2302 doctrina:
2580 2256 2682 2302 tua:
2715 2249 3001 2319 ingeniique
3047 2253 3287 2304 serenitas
3313 2252 3388 2305 ita
3428 2253 3668 2307 nebulam
3703 2265 3860 2310 nostra

2291 2341 2470 2393 mentis
2497 2341 2767 2411 abstergat,
2799 2351 2853 2394 ut
2877 2341 3014 2409 quod
3039 2358 3172 2398 nunc
3200 2345 3423 2415 cogitare
3448 2362 3547 2399 non
3575 2363 3854 2418 possumus,

2291 2435 2640 2506 intelligentia;-
2658 2455 2688 2490 a
2711 2448 2758 2491 te
2777 2438 2965 2492 lumine
2985 2441 3316 2508 declaratum,
3340 2445 3500 2498 oculis
3523 2446 3696 2500 cordis
3721 2448 3860 2502 videre

2291 2526 2565 2582 valeamus.
2602 2527 2884 2584 Incolumis
2906 2548 2968 2583 ac
2991 2530 3166 2587 beatus
3202 2535 3255 2588 in
3288 2545 3553 2601 ceternunt,
3577 2538 3682 2592 mei
3699 2554 3860 2592 metuar

2293 2620 2512 2674 caelestia
2540 2637 2696 2691 regna
2726 2623 2986 2692 possideas
3003 2666 3017 2690 ,
3054 2625 3260 2682 domine
3297 2640 3472 2684 sancte
3506 2646 3569 2684 ac
3605 2631 3860 2686 beatissime

2294 2729 2450 2784 ραρι

2719 2827 3047 2884 EPISTOLA
3089 2829 3234 2884 cxx
3251 2833 3270 2854 θ
3311 2831 3412 2902 (a).

2347 2937 2614 3002 Consentio
2636 2940 2702 3000 ad
2721 2943 3018 3014 quaestiones
3047 2942 3109 2998 de
3134 2941 3382 3006 Trinitate
3401 2947 3498 3004 sibi
3517 2950 3806 3019 propositas.

2294 3029 2470 3088 Fratri
2501 3031 2846 3096 dilectissimo
2870 3043 2924 3088 et
2951 3035 3003 3096 in
3031 3033 3224 3096 Christi
3250 3035 3542 3098 visceribus
3572 3037 3856 3104 honorando

2433 3122 2754 3194 ,COSSENTIO,
2774 3125 3136 3194 AUGUSTINUS,
3161 3128 3214 3182 in
3246 3130 3471 3185 Domino
3499 3131 3742 3202 salutem.

2366 3260 2592 3317 CAPUT
2625 3261 2909 3318 PRIMUM.
2929 3264 3033 3317 —-l
3094 3264 3207 3336 Ego
3227 3276 3502 3335 propterea
3520 3278 3572 3321 nt
3590 3269 3654 3324 ad
3675 3285 3770 3324 nos
3783 3285 3854 3326 ve-

2295 3351 2438 3406 nires
2463 3355 2660 3423 rogavi,
2685 3357 2932 3424 quoniam
2956 3356 3009 3409 in
3030 3356 3177 3410 libris
3197 3357 3299 3410 tuis
3314 3357 3467 3413 valde
3485 3374 3599 3414 sum
3631 3369 3713 3415 tuo
3730 3360 3856 3415 dele-

2294 3453 2464 3497 ctatus
2493 3446 2721 3514 ingenio.
2745 3446 2972 3502 Proinde
2993 3449 3132 3502 volui
3155 3458 3219 3502 -ιιι
3243 3450 3484 3518 quaedam
3521 3461 3691 3505 nostra
3713 3463 3855 3520 opus-

2292 3536 2431 3599 cula,
2452 3551 2568 3605 qua:
2595 3535 2880 3592 arbitratus
2900 3553 3016 3592 sum
3041 3539 3130 3593 tibi
3156 3554 3276 3595 esse
3295 3543 3617 3608 necessaria,
3635 3557 3735 3596 non
3750 3557 3854 3612 pro-

2293 3625 2378 3680 cul
2401 3639 2430 3680 a
2461 3627 2616 3682 nobis
2643 3629 2864 3697 positus,
2886 3629 2980 3684 sed
3011 3630 3186 3699 potius
3211 3632 3348 3702 apud
3376 3647 3474 3686 nos
3500 3633 3711 3704 leget-es,
3730 3646 3782 3688 ut
3799 3649 3850 3688 es

2293 3733 2413 3788 qna:
2441 3718 2578 3774 forte
2604 3719 2780 3774 tttinus
2803 3722 3176 3789 intellexisses,
3208 3737 3316 3777 non
3339 3723 3849 3794 dilticulterpra-sens

2293 3810 2683 3880 interrogares,
2712 3821 2870 3884 atque
2897 3829 2962 3869 ex
2992 3823 3172 3869 nostra
3200 3818 3644 3874 sermocinatione
3667 3828 3849 3872 mutuo.

2293 3917 2395 3972 quc
2423 3903 2710 3973 colloquio,
2742 3915 2997 3971 quantum
3043 3907 3300 3962 Dominus
3333 3918 3387 3962 et
3415 3910 3570 3963 nobis
3599 3925 3844 3980 promere,

2293 4002 2348 4048 et
2379 3993 2470 4048 tibi
2498 4009 2692 4065 capere
2722 3997 3011 4060 tribuisset,
3041 3997 3167 4067 quid
3199 3999 3252 4053 in
3279 3999 3426 4054 libris
3457 4002 3560 4055 tuis
3585 4002 3846 4057 emendan-

2292 4085 2418 4140 dum
2453 4096 2624 4150 esset,
2667 4088 2781 4158 ipse
2810 4104 3179 4159 mgnosccres,
3225 4091 3336 4161 ipse
3378 4094 3707 4169 emendares.
3739 4095 3846 4166 Ejus

2293 4181 2488 4251 quippe
2513 4195 2574 4235 es
2605 4181 2887 4248 facultatis,
2921 4191 2978 4236 ιιι
3007 4185 3177 4250 possis
3209 4199 3269 4238 ea
3296 4201 3413 4255 qua:
3438 4189 3671 4242 senseris
3705 4187 3844 4255 expli-

2292 4287 2440 4334 care;
2472 4273 2588 4342 ejus
2618 4286 2778 4343 porro
2809 4274 3082 4342 probitatis
3107 4283 3160 4328 et
3181 4277 3508 4344 humilitatis,
3540 4290 3597 4332 ιιι
3623 4276 3843 4333 merearis

2293 4379 2417 4418 vera
2457 4365 2676 4420 sentire.
2712 4365 2775 4419 Et
2807 4382 2945 4420 nunc
2983 4366 3034 4420 in
3065 4366 3250 4422 eadem
3281 4383 3433 4434 sum,
3477 4386 3598 4440 qua:
3643 4385 3730 4425 nec
3765 4367 3840 4422 tibi

2290 4455 2451 4510 debet
2475 4456 2792 4525 displicere,
2829 4459 3128 4520 Sententia;
3159 4459 3298 4514 unde
3333 4469 3386 4514 te
3429 4477 3601 4530 nuper
3625 4459 3838 4516 admonui

2293 4559 2351 4603 ιιι
2394 4549 2445 4602 in
2491 4549 2572 4602 Itis
2600 4566 2718 4619 qutc
2744 4565 2774 4603 a
2815 4551 2968 4605 nobis
3005 4552 3273 4607 elaborata
3301 4555 3438 4621 apud
3467 4564 3519 4610 te
3545 4555 3690 4626 legis,
3718 4557 3838 4625 signa

2290 4641 2454 4697 facias
2477 4642 2542 4697 ad
2565 4658 2626 4696 ea
2656 4642 2767 4699 loca
2796 4661 2914 4714 qua:
2940 4656 2990 4699 te
3008 4655 3238 4710 movent,
3265 4658 3318 4702 et
3342 4664 3464 4703 eum
3494 4649 3575 4704 Itis
3600 4649 3662 4705 ad
3681 4665 3752 4704 me
3767 4662 3840 4700 ve-

2290 4734 2438 4803 nias,
2480 4744 2534 4791 et
2579 4736 2647 4791 de
2695 4738 2917 4808 singulis
2967 4754 3192 4808 quernis.
3245 4737 3491 4795 Nondum
3541 4758 3656 4813 qua:
3699 4739 3836 4796 iecisti

2287 4828 2543 4885 exlmrtor
2573 4841 2626 4885 ut
2655 4830 2836 4886 iacias.
2879 4831 3040 4887 Recte
3075 4834 3268 4903 quippe
3314 4834 3753 4897 vetecundareris,
3787 4847 3835 4885 ac

2288 4932 2338 4977 te.
2369 4926 2572 4995 pigeret
2599 4925 2648 4978 id
2676 4941 2857 4995 agere,
2893 4926 2936 4980 si
2965 4927 3044 4981 vel
3071 4927 3237 4982 semel
3275 4928 3559 4997 voluisses,
3589 4941 3638 4986 et
3663 4945 3738 4984 me
3753 4924 3830 4982 dii-

2291 5017 2481 5070 ﬁcilcm
2504 5017 2815 5086 reperisses.
2831 5017 2962 5073 illud
2980 5035 3189 5090 quoque
3210 5020 3470 5088 dixeram,
3488 5038 3607 5078 cum
3635 5037 3663 5077 ιι
3691 5033 3736 5077 le
3753 5035 3829 5074 au-

2531 5249 2789 5314 frustretur

2292 5321 2384 5392 us.
2403 5323 2503 5392 uss.
2517 5314 2841 5392 mammam.
2867 5322 3074 5380 Moxque
3087 5322 3168 5366 Ms.
3186 5317 3257 5368 bt.
3270 5317 3419 5370 habet
3435 5332 3449 5370 :
3463 5320 3607 5384 Quasi
3617 5314 3829 5392 ctq'usdam

2282 5373 2572 5427 idololatria:
2601 5377 2802 5427 crimen.

2351 5456 2570 5528 ’,ιιυιμιι
2611 5460 2859 5528 reperitur
2876 5461 3175 5528 inApltu'imis
3325 5471 3377 5514 et
3407 5465 3458 5514 in
3488 5466 3598 5528 add.
3617 5473 3709 5528 Am.
3740 5458 3826 5528 M3

2282 5521 2480 5632 gyan;
2503 5521 2715 5586 integra,
2736 5523 2896 5574 nisiin
2929 5521 3000 5576 b't.
3028 5539 3070 5574 r.
3105 5529 3180 5576 sb.
3215 5527 3408 5596 duobts
3439 5534 3474 5578 ι.
3513 5525 3695 5579 duobus
3723 5539 3764 5576 ι’.
3789 5525 3829 5570 el

2344 5664 2417 5741 (ᾳ)
2436 5664 2561 5741 Alias
2593 5664 2851 5741 222:.qute
2883 5677 3046 5724 autem
3088 5670 3176 5728 £20
3209 5677 3341 5736 erat,
3382 5684 3511 5740 pauc
3551 5674 3648 5727 HO.
3681 5667 3828 5735 salut

2281 5727 2423 5794 paulo
2441 5736 2544 5791 post
2563 5727 2885 5792 superiorem.

2351 5190 2364 5220 ¹
2393 5189 2466 5237 sic
2486 5194 2569 5236 Ms.
2595 5188 2691 5245 ht.:
2709 5202 2766 5239 ac
2849 5189 2933 5240 ulo
2953 5196 3063 5255 post
3083 5189 3260 5256 habet,

2531 5201 2849 5315 frustratui}.a
3763 5314 3766 5315 ,
