3990 6388
626 326 731 385 455

629 456 693 497 ea
720 435 979 494 Trinitate
1005 444 1125 504 qua:
1150 435 1235 485 est
1264 426 1426 492 Deus,
1453 420 1645 479 Filium
1675 417 1818 475 Patri
1842 432 1949 473 non
1978 430 2099 472 esse
2124 427 2220 469 co-

630 542 913 596 zeternum,
944 524 1028 582 vel
1056 521 1279 579 alterius
1317 532 1436 575 esse
1473 508 1808 574 substantia).
1850 520 2009 581 atque
2048 507 2221 577 aliqua

633 633 784 699 parte
831 618 1168 683 dissimilem,
1212 623 1269 671 et
1305 629 1371 669 eo
1409 608 1570 667 modo
1613 605 1922 664 inferiorem
1965 602 2224 675 Spiritum

633 691 913 780 sanctum;
943 712 1175 781 itemque
1204 706 1293 762 illa
1326 718 1444 775 qua:
1494 698 1777 772 persuasit,
1805 697 2017 753 Patrem
2047 703 2101 751 et
2132 691 2222 748 Fi-

633 808 763 863 lium
789 805 945 861 unius
970 800 1334 873 ejusdemque,
1360 793 1615 865 Spiritum
1655 804 1785 847 vero
1823 797 2065 845 sanctum
2091 786 2227 842 alte-

634 901 746 957 rius
785 913 905 955 esse
949 891 1282 957 substantiae,
1334 901 1441 942 non
1495 883 1615 941 ideo
1654 883 1777 955 quia
1819 881 1954 936 ratio
1988 888 2090 946 est,
2132 875 2225 933 sed

633 992 756 1065 quia
798 990 927 1045 falsa
966 987 1101 1043 ratio
1139 994 1243 1050 est,
1287 977 1524 1038 cavenda
1566 986 1623 1034 et
1661 972 1971 1033 detestanda
1994 969 2225 1075 dicenda

634 1094 734 1140 est.
777 1080 911 1137 Nam
954 1078 1000 1134 si
1044 1076 1182 1133 ratio
1218 1088 1344 1130 vera
1382 1080 1548 1139 esset,
1593 1083 1700 1125 non
1744 1067 1926 1138 utique
1967 1067 2222 1120 cfrasset.

634 1175 972 1245 Quapropter
997 1172 1134 1227 sicut
1162 1185 1269 1225 non
1298 1166 1419 1222 ideo
1448 1163 1613 1219 debes
1651 1175 1863 1217 omnem
1899 1158 2069 1212 vitare
2108 1171 2226 1211 scr-

633 1284 883 1335 monem,
929 1267 1053 1338 quia
1103 1272 1187 1321 est
1232 1270 1288 1317 et
1328 1274 1507 1316 sermo
1551 1256 1753 1320 falsus;
1798 1255 1871 1309 ita
1917 1266 2025 1307 non
2065 1249 2229 1306 debes

635 1361 849 1420 omnem
874 1360 1046 1415 vitare
1076 1356 1360 1418 rationem,
1393 1351 1516 1422 quia
1547 1358 1630 1405 est
1667 1355 1721 1402 et
1753 1344 1887 1400 falsa
1926 1342 2083 1398 ratio.
2118 1340 2230 1396 Hoc

632 1469 686 1517 et
708 1456 775 1512 de
795 1452 1055 1526 sapientia
1079 1447 1327 1504 dixerim.
1351 1444 1533 1513 Neque
1553 1441 1697 1497 enim
1719 1446 1998 1509 propterea
2019 1433 2231 1505 sapien-

634 1551 703 1606 tia
733 1524 947 1601 vitanda
974 1551 1077 1606 est,
1108 1539 1231 1610 quia
1261 1545 1343 1593 est
1367 1544 1421 1592 et
1444 1534 1574 1589 falsa
1602 1529 1882 1602 sapientia,
1906 1527 1991 1583 cui
2012 1524 2230 1582 stultitia

634 1647 717 1695 est
746 1637 991 1693 Christus
1039 1630 1346 1694 cruciﬁxus,
1394 1626 1484 1698 qui
1531 1632 1614 1681 est
1655 1621 1750 1677 Dei
1787 1620 1986 1687 Virtus,
2038 1626 2092 1674 et
2138 1617 2232 1672 Dei

634 1726 907 1800 Sapientia
935 1744 947 1780 :
975 1731 1031 1780 et
1060 1722 1179 1778 ideo
1204 1736 1299 1793 per
1335 1719 1473 1773 hanc
1510 1715 1789 1771 stultitiam
1838 1708 2234 1783 prazdicationis

639 1822 835 1893 placuit
875 1820 982 1875 Deo
1029 1816 1204 1872 salvos
1249 1814 1423 1869 facere
1464 1808 1779 1873 credentes;
1815 1804 2064 1877 quoniam
2091 1800 2235 1874 quod

638 1913 857 1968 stultum
887 1918 970 1966 est
1004 1908 1120 1974 Dei,
1164 1904 1455 1976 sapientius
1485 1911 1568 1959 est
1594 1897 1922 1956 hominibus.
1954 1895 2067 1952 Hoc
2113 1893 2233 1966 qui-

640 2005 862 2062 busdam
893 1999 1329 2075 philosophorum
1352 2007 1404 2053 et
1420 2005 1712 2059 oratorum,
1743 2006 1848 2046 non
1871 2003 2049 2045 veram
2071 1986 2233 2054 viam,

641 2097 735 2153 sed
764 2097 873 2152 veri
902 2095 1130 2151 similem
1158 2089 1504 2155 sectantibus,
1532 2095 1585 2143 et
1610 2086 1665 2140 in
1682 2099 1745 2141 ea
1768 2082 1975 2153 seipsos
1997 2079 2237 2149 aliosque

642 2191 965 2256 fallentibus,
982 2185 1290 2260 persuaderi
1318 2198 1424 2239 non
1444 2179 1642 2253 potuit;
1662 2173 1980 2249 quibusdam
2005 2186 2132 2227 vero
2148 2186 2238 2225 eo-

641 2302 761 2341 rum
810 2282 999 2355 potuit.
1044 2280 1112 2335 Et
1154 2278 1347 2350 quibus
1377 2273 1566 2347 potuit,
1609 2284 1784 2341 neque
1820 2264 2129 2323 scandalum
2158 2271 2238 2318 est

645 2376 888 2432 Christus
916 2370 1224 2437 erucillxus,
1257 2382 1429 2437 neque
1468 2362 1724 2426 stultitia;
1758 2362 1813 2415 in
1838 2360 1903 2415 iis
1931 2358 2073 2413 enim
2094 2363 2236 2420 sunt,

646 2468 838 2540 quibus
864 2464 1063 2522 vocatis
1087 2461 1285 2519 Judaeis
1314 2468 1365 2515 ct
1385 2457 1604 2522 Graecis,
1650 2453 1745 2509 Dei
1770 2451 1948 2507 Virtus
1970 2458 2051 2504 est
2073 2456 2128 2503 et
2148 2446 2241 2502 Dei

648 2536 943 2631 Sapientia.
972 2555 1030 2611 In
1058 2570 1161 2627 qua
1190 2552 1294 2617 via,
1328 2550 1380 2606 id
1407 2556 1491 2605 est
1519 2549 1570 2602 in
1604 2546 1757 2616 cujus
1776 2540 1978 2599 Christi
2005 2536 2242 2595 crucifixi

649 2652 774 2717 ﬁde,
800 2652 891 2723 qui
920 2650 1036 2721 ejus
1065 2645 1437 2703 rectitudinem
1478 2657 1574 2712 per
1602 2638 1699 2694 Dei
1737 2636 1962 2709 gratiam
2001 2646 2244 2703 compre-

649 2744 886 2801 hendere
904 2749 1213 2815 potuerunt,
1242 2737 1341 2794 etsi
1367 2732 1668 2807 philosophi
1693 2728 1946 2802 appellati
1966 2735 2108 2792 sunt,
2134 2725 2246 2779 sive

649 2847 909 2900 oratores,
942 2834 1182 2906 profecto
1226 2829 1416 2886 humili
1464 2829 1661 2899 pietate
1689 2823 1922 2882 confessi
1964 2829 2106 2886 sunt,
2142 2818 2245 2875 sibi

649 2930 807 3003 longe
850 2926 1201 2986 excellentius
1247 2924 1300 2979 in
1330 2937 1391 2977 ea
1442 2920 1605 2976 fuisse
1651 2916 1879 2989 praevias
1933 2914 2243 2984 piscatores,

651 3038 760 3079 non
794 3020 966 3077 solum
997 3015 1251 3074 credendi
1280 3013 1590 3070 firmissimo
1618 3010 1831 3075 robore,
1864 3021 2049 3062 verum
2086 3004 2247 3060 etiam

653 3110 982 3183 intelligendi
1022 3106 1319 3165 certissima
1347 3105 1569 3173 veritate
1596 3103 1636 3155 ⁸.
1686 3102 1822 3156 Cum
1848 3098 1992 3155 enim
2032 3093 2243 3152 didicis-

654 3216 796 3273 sent,
828 3204 895 3259 ad
922 3203 1023 3258 hoc
1064 3201 1236 3257 electa
1278 3197 1439 3253 stulta
1468 3211 1589 3251 esse
1620 3192 1803 3250 mundi
1833 3199 1886 3247 et
1914 3189 2147 3255 infirma,
2192 3194 2250 3241 ut

656 3298 814 3356 fortia
854 3306 913 3354 et
939 3294 1198 3367 sapientia
1237 3285 1771 3359 confunderentur(l
1800 3283 1917 3339 Cor.
1944 3299 1986 3349 ι,
2022 3278 2246 3352 21-29),

658 3407 825 3464 seque
857 3388 1235 3462 cognovissent
1280 3383 1541 3440 fallaciter
1567 3394 1755 3451 sapere
1775 3419 1790 3444 ,
1823 3386 1876 3432 et
1914 3373 2252 3430 imheeilliter

659 3482 982 3555 praevalere;
1013 3476 1222 3535 confusi
1250 3474 1555 3537 salubriter,
1588 3471 1714 3527 facti
1743 3476 1869 3524 sunt
1904 3464 2052 3523 stulti
2082 3473 2137 3520 et
2166 3465 2251 3519 in-

662 3576 822 3639 ﬁrmi,
846 3584 903 3629 ut
929 3587 1024 3643 per
1039 3571 1258 3626 stultum
1286 3578 1340 3624 et
1365 3565 1634 3621 inﬁrmum
1653 3562 1767 3630 Dei,
1796 3560 1939 3631 quod
1963 3558 2254 3630 sapientius

662 3676 717 3722 et
747 3666 934 3722 fortius
955 3673 1037 3721 est
1061 3662 1387 3727 hominibus,
1409 3660 1546 3715 inter
1566 3658 1737 3715 electa
1763 3655 1925 3711 stulta
1962 3663 2018 3709 et
2046 3652 2255 3708 infirma

665 3758 853 3815 ﬁerent
878 3758 1140 3813 veraciter
1162 3754 1433 3826 sapientes
1462 3760 1518 3809 et
1543 3749 1832 3807 efﬁcaciter
1856 3749 2040 3804 fortes.

735 3848 961 3907 CAPUT
983 3847 1047 3905 ll.
1064 3847 1207 3902 -~.7.
1228 3844 1329 3903 Cui
1356 3852 1536 3900 autem
1556 3842 1661 3899 nisi
1677 3841 1966 3898 verissimae
1982 3837 2173 3894 rationi
2193 3838 2255 3892 ﬁ-

664 3944 800 4000 delis
823 3944 991 4016 pietas
1014 3939 1298 4003 erubescit,
1321 3946 1379 3993 ut
1394 3934 1677 4009 quamdam
1700 3933 2075 3999 idololatriam,
2098 3944 2257 4001 quam

666 4035 718 4092 in
746 4034 908 4092 corde
934 4041 1118 4089 nostro
1142 4047 1210 4088 ex
1234 4027 1622 4086 consuetudine
1648 4025 1932 4082 visibilium
1970 4023 2261 4079 constitue-

667 4146 725 4186 re
749 4134 974 4186 cona’tur
1008 4126 1255 4182 humana:
1280 4121 1619 4194 cogitationis
1644 4119 1947 4187 inﬁrmitas,
1981 4133 2085 4173 non
2113 4115 2263 4171 dubi-

669 4234 843 4278 temus
869 4230 1139 4286 evertere;
1168 4233 1267 4274 nec
1295 4216 1585 4272 audeamus
1610 4212 1832 4269 credere
1858 4212 1929 4266 ita
1950 4223 2069 4266 esse
2090 4207 2263 4262 Trini-

673 4321 854 4376 tatem,
879 4325 1039 4381 quam
1063 4307 1385 4364 invisibilem
1415 4316 1469 4363 et
1495 4306 1863 4376 ineorpoream
1883 4311 2042 4372 atque
2064 4301 2266 4355 incom-

675 4403 985 4459 mutabilem
1036 4402 1299 4467 colimus,
1350 4402 1500 4471 quasi
1560 4409 1670 4454 tres
1719 4397 1974 4469 quasdam
2027 4396 2267 4450 viventes

675 4497 865 4562 moles,
894 4495 1019 4550 licet
1041 4494 1301 4549 maximas
1323 4501 1376 4547 et
1405 4490 1814 4562 pulcherrimas,
1845 4502 2065 4544 suorum
2087 4496 2265 4562 tamen

674 4590 860 4661 spatiis
901 4587 1132 4660 propriis
1172 4586 1504 4653 terminatas,
1541 4592 1597 4640 et
1632 4582 1846 4639 sibimet
1886 4582 1940 4636 in
1985 4582 2097 4636 suis
2136 4556 2269 4635 locis

676 4684 922 4755 contigua
948 4680 1344 4753 pmpinquitate
1366 4677 1718 4743 cohaerentes,
1737 4676 1851 4733 sive
1871 4689 1976 4731 una
2000 4687 2183 4730 earum
2200 4672 2271 4728 sit

678 4777 732 4834 in
757 4775 935 4832 medio
958 4774 1266 4838 constituta,
1289 4780 1349 4827 ut
1372 4770 1505 4827 duas
1537 4770 1753 4827 dirimat
1779 4769 1880 4827 sibi
1904 4784 1974 4826 ex
2016 4766 2271 4824 lateribus

679 4870 902 4941 singulis
919 4868 1154 4941 iunctas,
1191 4866 1306 4922 sive
1340 4866 1395 4921 in
1427 4865 1645 4921 modum
1673 4864 1867 4936 trigoni
1892 4862 2024 4919 duas
2048 4871 2271 4917 caeteras

681 4976 1011 5034 unaquaeque
1048 4959 1341 5031 contingat,
1383 4966 1443 5013 ut
1472 4957 1614 5014 nulla
1656 4957 1724 5012 ab
1751 4957 1927 5028 aliqua
1955 4962 2271 5026 separetur;

682 5068 970 5120 carumque
996 5053 1155 5109 trium
1183 5060 1447 5107 tantarum
1477 5064 1543 5105 ac
1584 5048 1769 5104 talium
1812 5060 2180 5119 personarum,
2210 5042 2277 5099 li-

683 5154 771 5202 cet
802 5145 855 5201 in
879 5144 1069 5217 grandi
1096 5144 1273 5211 valde,
1301 5143 1532 5200 molibus
1575 5151 1753 5198 tamen
1780 5156 1811 5195 a
1836 5155 2046 5197 summo
2072 5148 2124 5195 et
2166 5138 2277 5194 imo

682 5250 737 5295 et
753 5240 1164 5310 circumquaque
1185 5241 1609 5305 terminatarum,
1622 5251 1782 5293 unam
1802 5250 1923 5291 esse
1946 5233 2279 5290 divinitatem

686 5332 918 5403 aliquam
946 5340 1212 5401 quartam,
1236 5346 1333 5387 nec
1358 5330 1518 5387 talem
1540 5328 1710 5401 qualis
1730 5336 1812 5385 est
1829 5327 2041 5398 aliqua”
2067 5341 2135 5381 ex
2152 5325 2277 5393 illis,

687 5424 783 5481 sed
812 5437 1154 5480 communem
1177 5423 1426 5479 omnibus
1456 5432 1705 5494 tanquam
1744 5436 1941 5477 numen
1972 5420 1994 5452 ³
2018 5420 2277 5486 omnium,

750 5534 770 5592 3
902 5558 1003 5631 be:
1024 5556 1269 5630 credendi
1278 5554 1552 5631 [innissiim'
1572 5556 1755 5619 robore,
1772 5568 1937 5608 verum
1949 5555 2095 5607 etiam
2110 5552 2281 5606 Duelli-

687 5622 1168 5688 gertdicertissimam
1186 5622 1453 5688 veritatem.

752 5686 773 5715 ³
903 5684 1002 5756 leg.
1027 5697 1136 5756 eum
1160 5690 1241 5733 Ms.
1266 5684 1337 5734 bt.
1363 5688 1419 5754 lit
1440 5681 1583 5756 paulo
1607 5681 1727 5731 infra
1745 5717 1759 5742 ,
1778 5682 1974 5756 ejysquc
1997 5689 2097 5733 tres
2118 5693 2282 5745 perso-

688 5756 777 5808 nas
812 5743 987 5807 [qualis
1018 5753 1091 5797 est
1339 5743 1453 5808 ejus
1474 5751 1571 5795 tres
1598 5743 1864 5808 personas].

757 5806 781 5839 ⁸
810 5806 947 5871 ων..
965 5820 1134 5861 unum.
1161 5815 1219 5862 At
1246 5806 1557 5861 Issibabent
1587 5806 1683 5871 hic,
1701 5806 1895 5863 nmnén.

1871 303 1928 359 S.
1971 293 2337 379 AUGUSTIN!
2375 296 2679 354 EPISCOPI
3752 304 3833 363 ωδ

2331 422 2386 469 et
2412 414 2464 469 in
2492 412 2739 470 omnibus
2765 423 2818 471 et
2841 412 2896 469 in
2932 413 3152 485 singulis
3195 422 3378 480 totum,
3420 427 3510 485 per
3539 429 3679 487 quam
3714 434 3836 478 unam

2330 507 2661 563 divinitatem
2691 506 2900 563 dicatur
2920 506 3110 563 eadem
3136 505 3365 562 Trinitas
3388 522 3516 561 unus
3535 506 3690 574 Deus;
3723 511 3834 580 ejus-

2330 616 2436 671 que
2471 608 2580 656 tres
2614 614 2871 671 personas
2909 614 3170 671 nusquam
3198 612 3315 655 esse
3343 599 3439 655 nisi
3474 599 3523 654 in
3550 600 3698 671 omlis,
3729 602 3837 661 illam

2336 708 2461 749 vero
2481 693 2811 749 divinitatem
2840 708 3101 764 nusquam
3123 708 3229 749 non
3254 707 3391 771 esse,
3420 692 3508 747 sed
3533 691 3701 764 ubique
3732 711 3835 769 prae.

2332 794 2539 841 sentem
2566 800 2675 855 :_ac
2701 801 2798 856 per
2840 785 2942 840 hoc
2980 792 3124 841 recte
3162 783 3373 855 quidem
3414 782 3530 849 dici,
3569 783 3710 841 Deum
3731 799 3771 843 et
3802 790 3840 845 iu

2333 877 2470 933 coelo
2493 892 2613 933 esse
2642 886 2696 933 et
2724 879 2778 932 in
2819 886 2984 945 terra,
3016 885 3232 947 propter
3262 876 3401 931 illam
3429 876 3721 932 divinitatem
3756 897 3841 950 qua:

2334 971 2528 1043 ubique
2559 972 2627 1027 sit
2649 973 2663 1003 ¹
2689 972 2967 1041 tribusque
2992 970 3317 1037 communis;
3341 986 3444 1025 non
3471 980 3631 1026 autem
3651 982 3768 1028 recte
3788 976 3839 1029 di-

2334 1063 2404 1126 ei,
2436 1063 2647 1118 Patrem
2688 1079 2807 1118 esse
2834 1063 2887 1117 in
2912 1072 3052 1117 terra
3083 1062 3165 1117 vel
3193 1059 3387 1117 Filium
3408 1061 3490 1116 vel
3514 1060 3734 1131 Spiritum
3751 1079 3837 1118 8:th

2335 1167 2503 1223 etum,
2549 1170 2671 1211 cum
2700 1155 2823 1210 huic
2848 1154 3091 1210 Trinitati
3119 1154 3277 1210 sedes
3316 1169 3419 1208 non
3449 1153 3543 1208 nisi
3572 1153 3618 1208 in
3643 1154 3756 1211 cmlo
3781 1156 3842 1210 sit.

2336 1245 2497 1301 Istam
2531 1245 2607 1318 (α)
2632 1245 2967 1317 cogitationis
2995 1245 3226 1301 carnalis
3243 1244 3658 1314 compositionem
3681 1261 3847 1302 vanum-

2336 1354 2439 1408 que
2484 1338 2793 1408 ﬁgmentum
2852 1337 2940 1393 ubi
2989 1354 3113 1393 vera
3156 1338 3294 1393 ratio
3342 1335 3648 1393 labefactare
3689 1338 3843 1409 incipit,

2338 1430 2590 1485 continuo
2620 1430 2711 1485 illo
2755 1430 2897 1485 intus
2934 1429 3219 1499 adjuvante
3246 1439 3405 1501 atque
3444 1429 3752 1495 illuminante,
3782 1434 3846 1502 qui

2338 1537 2457 1577 cum
2489 1521 2678 1577 talibus
2704 1520 2861 1577 idolis
2888 1521 2939 1576 in
2963 1521 3126 1577 corde
3150 1531 3333 1577 nostro
3356 1522 3375 1552 ²
3410 1520 3633 1576 habitare
3653 1538 3737 1575 non
3750 1524 3847 1590 vult,

2340 1616 2408 1670 ita
2435 1616 2532 1670 ista
2567 1614 2872 1686 confingere
2899 1624 3057 1686 atque
3098 1629 3129 1669 a
3174 1613 3279 1669 ﬁde
3329 1625 3505 1669 nostra
3532 1614 3850 1683 qumlammodo

2340 1717 2593 1762 excutere
2636 1705 2970 1772 festinamus,
3008 1715 3159 1761 utne
3197 1705 3475 1776 pulverem
3512 1706 3701 1776 quidem
3731 1705 3850 1761 ullum

2341 1798 2526 1854 talium
2553 1797 2981 1869 phantasmatum
3011 1798 3117 1854 illic
3143 1800 3429 1853 remanere
3438 1800 3690 1868 patiamur.

2412 1885 2465 1939 8.
2505 1882 2861 1951 Quamobrem
2907 1882 3007 1939 nisi
3060 1882 3325 1967 rationem
3371 1881 3743 1954 diSputationis,
3778 1899 3851 1954 qua

2341 1976 2638 2032 forinsecus
2663 1973 2943 2041 admoniti,
2972 1973 3088 2045 ipsa
3112 1974 3433 2029 intrinsecus
3453 1972 3657 2028 veritate
3679 1973 3850 2038 lucente,

2342 2067 2458 2123 haec
2486 2066 2615 2122 falsa
2642 2081 2762 2121 esse
2791 2064 3172 2137 perspicimus,
3205 2064 3337 2119 fides
3365 2064 3417 2120 in
3446 2064 3596 2119 corde
3620 2074 3769 2119 nostro
3789 2080 3854 2118 ειυς

2344 2159 2669 2225 tcccssisset,
2693 2173 2811 2229 qua:
2834 2170 2930 2212 nos
2952 2155 3196 2212 indueret
3221 2156 3420 2225 pietate
3435 2198 3448 2220 ,
3472 2171 3636 2210 nonne
3654 2156 3853 2210 incassum

2345 2266 2463 2321 quce
2506 2265 2628 2304 vera
2660 2257 2782 2303 sunt
2822 2247 3170 2304 audiremus?
3197 2249 3276 2302 Ac
3323 2263 3426 2317 per
3459 2247 3554 2302 hoc
3586 2247 3790 2318 quoaiam
3819 2248 3854 2303 il

2346 2342 2488 2413 quod
2527 2342 2593 2396 ad
2623 2357 2740 2397 eam
2769 2340 3066 2412 pertinebat
3100 2340 3234 2395 ﬁdes
3273 2342 3414 2410 egit,
3453 2339 3565 2394 ideo
3600 2340 3855 2408 subsequens

2348 2434 2484 2489 ratio
2506 2433 2702 2504 aliquid
2723 2447 2910 2488 eorum
2936 2447 3055 2503 qua:
3082 2430 3384 2502 inquirebat
3406 2430 3612 2486 invenit.
3639 2430 3777 2485 Falsa
3793 2432 3856 2483 ita-

2348 2544 2452 2599 que
2478 2527 2703 2593 rationi,
2739 2542 2847 2581 non
2873 2526 3043 2581 solum
3076 2526 3211 2581 ratio
3244 2540 3368 2580 vera
3388 2568 3403 2594 ,
3432 2540 3532 2596 qua
3560 2523 3607 2579 id
3640 2523 3757 2594 quod
3777 2537 3856 2577 crc-

2350 2620 2526 2677 dimus
2571 2619 2948 2690 intelligimus,
2994 2632 3179 2674 verum
3227 2617 3391 2673 etiam
3430 2616 3556 2673 fides
3591 2614 3689 2686 ipsa
3730 2628 3856 2669 rerum

2352 2713 2585 2768 nondum
2614 2712 3001 2769 intellecturum
3026 2712 3141 2767 sine
3166 2710 3333 2766 dubio
3356 2706 3665 2782 prmferenda
3685 2715 3765 2765 est.
3786 2705 3858 2761 lle-

2353 2804 2453 2859 lius
2481 2813 2563 2859 est
2592 2804 2733 2860 enim
2761 2804 3003 2874 quamvis
3028 2802 3265 2859 nondum
3310 2803 3479 2859 visum
3500 2844 3514 2871 ,
3554 2800 3744 2857 credere
3763 2799 3858 2870 quod

2352 2914 2536 2954 verum
2567 2908 2682 2965 est,
2724 2913 2883 2968 quam
2924 2906 3110 2968 putare
3150 2905 3201 2953 te
3242 2913 3428 2952 verum
3453 2894 3623 2950 videre
3658 2892 3773 2965 quod
3791 2889 3858 2945 ων

2354 3005 2472 3047 sum
2512 3000 2615 3047 est.
2664 2990 2832 3046 Habet
2878 3005 3105 3060 namque
3148 2989 3284 3046 ﬁdes
3328 2990 3510 3046 oculos
3550 3002 3692 3055 suos,
3726 2984 3861 3057 quibus

2354 3082 2746 3154 quodammodo
2785 3081 2928 3137 videt
2966 3096 3150 3137 verum
3180 3096 3302 3138 esse
3339 3080 3481 3154 quod
3505 3079 3714 3137 nonduin
3738 3077 3860 3142 videt,

2355 3182 2410 3229 et
2452 3174 2642 3245 quibus
2684 3172 2982 3230 certissime
3020 3173 3199 3242 videt,
3232 3177 3471 3230 nondum
3499 3188 3556 3229 se
3580 3172 3733 3228 videre
3766 3164 3862 3238 quod
3944 3160 3945 3219 ξ

2355 3268 2543 3324 credit.
2575 3268 2741 3323 Porro
2766 3278 2942 3325 autem
2980 3268 3070 3339 qui
3097 3283 3220 3324 vera
3266 3269 3474 3323 ratione
3508 3266 3612 3337 jam
3645 3261 3760 3335 quod
3784 3271 3861 3314 tan-

2358 3361 2636 3419 tummodo
2673 3361 2926 3418 credebat
2965 3361 3246 3433 intelligit,
3286 3359 3525 3432 profecto
3561 3351 3864 3430 prmpouendus

2358 3464 2441 3511 est
2466 3455 2513 3510 ei
2538 3455 2628 3525 qui
2668 3455 2815 3525 cupit
2850 3453 3026 3510 adhuc
3053 3453 3355 3525 intelligere
3381 3451 3520 3526 quod
3544 3448 3727 3513 credit;
3748 3446 3781 3501 si
3799 3459 3863 3497 au-

2359 3558 2469 3606 tem
2494 3564 2593 3605 nec
2622 3549 2787 3620 cupit,
2821 3557 2876 3604 et
2894 3563 2958 3605 ea
2983 3564 3102 3620 qua:
3129 3547 3476 3619 intelligenda
3504 3553 3648 3611 sunt,
3673 3535 3867 3597 credenda

2364 3633 2732 3697 tantumm‘odo
2772 3640 3075 3707 existimat,
3115 3640 3199 3695 eui
3226 3639 3308 3695 rei
3350 3638 3485 3695 ﬁdes
3514 3636 3666 3709 prosit
3686 3635 3866 3704 ignorat:

2362 3748 2485 3787 nam
2511 3733 2594 3802 pia
2612 3731 2745 3788 fides
2764 3732 2883 3789 sine
2911 3746 3008 3802 spe
3033 3742 3088 3790 et
3107 3731 3225 3788 sine
3253 3730 3515 3787 charitate
3541 3744 3651 3785 esse
3674 3741 3759 3781 nou
3780 3719 3866 3775 vult.

2362 3827 2452 3883 Sic
2480 3828 2638 3897 igitur
2669 3827 2830 3883 homo
2854 3825 3029 3881 ﬁdelis
3071 3825 3234 3881 debet
3276 3826 3501 3882 credere
3533 3820 3663 3897 quod
3701 3813 3869 3876 nondum

2367 3919 2541 3987 videt,
2571 3929 2631 3974 ut
2658 3918 2917 3974 visionem
2942 3926 2997 3974 et
3020 3926 3199 3988 speret
3226 3925 3283 3973 et
3310 3927 3474 3974 amet.

2437 4011 2491 4067 9.
2534 4010 2602 4065 Et
2630 4010 2913 4065 visibilium
2938 4008 3152 4080 quidem
3182 4024 3367 4065 rerum
3393 4006 3772 4081 pratteritarum.
3794 4010 3872 4068 qur

2369 4102 2736 4173 temporaliler
2758 4102 3102 4168 transierunt,
3132 4101 3243 4156 sola
3275 4102 3410 4157 ﬁdes
3433 4110 3550 4169 est,
3578 4096 3786 4169 quoniam
3803 4104 3872 4144 nou

2368 4195 2544 4251 adhuc
2566 4193 2795 4250 videnda
2818 4202 3131 4265 Sperautur,
3163 4193 3257 4248 sed
3283 4192 3425 4250 facta
3456 4201 3511 4247 et
3548 4194 3774 4245 transacta
3793 4194 3872 4235 crc-

2368 4289 2602 4355 duntur;
2635 4288 2772 4344 sicut
2791 4297 2875 4342 est
2896 4286 3024 4343 illud
3045 4328 3061 4355 ,
3082 4285 3224 4358 quod
3246 4286 3497 4343 Christus
3526 4281 3679 4339 semel
3696 4291 3771 4349 pro
3794 4284 3877 4342 pec-

2332 4440 2341 4445 _
2370 4384 2503 4439 catis
2516 4381 2712 4435 nostris
2728 4389 2967 4435 mortuus
2982 4389 3064 4434 est
3081 4387 3133 4434 et
3153 4379 3468 4445 resurrexit,
3488 4365 3873 4446 necjainmuritur.

2372 4486 2427 4532 et
2445 4489 2592 4529 mors
2616 4473 2665 4528 ci
2692 4473 2830 4527 ultra
2855 4486 2959 4527 non
2987 4470 3347 4526 dominabitur
3367 4470 3540 4544 (Rom.
3567 4483 3636 4532 vr,
3662 4462 3708 4530 9,
3725 4460 3808 4528 ω).
3828 4452 3877 4506 Ea
3944 4452 3945 4459 ‘

2371 4582 2501 4624 vero
2521 4582 2641 4637 quae
2656 4563 2892 4620 nondum
2922 4572 3064 4629 sunt,
3096 4562 3189 4618 sed
3217 4562 3393 4617 futura
3413 4570 3563 4626 sunt,
3588 4558 3709 4617 sicut
3729 4555 3876 4608 nole-

2373 4674 2492 4715 rum
2518 4655 2871 4728 spiritualium
2893 4670 3177 4725 corporum
3200 4654 3554 4719 resurrectio,
3575 4650 3643 4705 ita
3666 4642 3878 4699 creduntur

2376 4761 2436 4809 ut
2462 4727 2621 4807 etiam
2657 4748 2882 4806 videnda
2917 4756 3235 4819 sperentur;
3263 4746 3358 4802 sed
3380 4743 3587 4801 ostendi
3615 4737 3749 4797 modo
3780 4727 3879 4786 nullo

2376 4855 2603 4918 possunt
2637 4842 2817 4898 modo.
2863 4841 2995 4909 Quae
3023 4855 3153 4897 vero
3181 4841 3253 4895 ita
3282 4846 3410 4895 sunt
3446 4847 3504 4893 ut
3529 4849 3687 4906 neque
3719 4832 3879 4899 prater.

2380 4948 2538 5006 eant,
2584 4951 2757 5008 neque
2801 4935 2978 4990 futura
3016 4934 3154 5001 sint,
3197 4932 3293 4989 sed
3343 4940 3542 4987 aeterna
3580 4922 3879 5000 permaneat".

2381 5035 2574 5108 partim
2603 5042 2726 5088 sunt
2752 5030 3064 5097 invisibilia,
3097 5029 3234 5083 sicut
3252 5026 3487 5097 iustitia,
3517 5025 3645 5079 sicut
3667 5008 3878 5087 sapienti“;

2384 5126 2577 5199 partim
2605 5123 2831 5179 visibilia
2853 5164 2870 5191 ,
2897 5122 3035 5178 sicut
3063 5120 3261 5176 Christi
3287 5117 3584 5174 immortale
3597 5115 3694 5186 jam
3713 5112 3878 5199 ουτρξιςε

2386 5192 2483 5278 sed
2513 5218 2795 5276 invisibilia
2842 5215 3111 5272 intellecta
3156 5213 3557 5285 conspiciuntur
3576 5252 3591 5278 ,
3621 5222 3676 5261 ac
3712 5213 3785 5273 per
3814 5192 3882 5247 hoc

2389 5326 2443 5372 et
2470 5315 2583 5386 ipsa
2607 5311 2768 5369 modo
2807 5309 3039 5381 quodam
3074 5309 3175 5365 sibi
3203 5320 3440 5379 congruo
3475 5295 3882 5386 videntur;elCUll1

2389 5378 2637 5465 videntur
2654 5448 2670 5475 ,
2704 5378 2872 5463 multo
2900 5405 3126 5462 certiora
3164 5412 3290 5461 sunt
3313 5416 3473 5474 quam
3497 5415 3558 5457 ea
3585 5408 3692 5469 qua:
3713 5378 3882 5455 corporis

2456 5593 2475 5623 ι
2510 5591 2582 5640 sic
2600 5595 2686 5639 Its.
2709 5588 2806 5649 bt.,
2835 5595 2888 5637 et
2909 5584 3109 5649 melius.
3122 5586 3251 5649 [est].

2456 5656 2477 5686 ²
2508 5655 2582 5702 sic
2614 5644 2801 5702 novem
2822 5656 2931 5699 uss.
2952 5644 3199 5710 [corde
3217 5644 3431 5708 nostris].

2551 5737 2681 5855 tua:
2690 5734 2893 5801 epistola
2909 5706 2973 5786 sa
2988 5748 3001 5798 ;
3020 5734 3083 5787 ab
3099 5732 3189 5785 hoc
3205 5731 3357 5787 verbo
3373 5706 3621 5793 incipiebat
3638 5737 3648 5773 :
3675 5706 3890 5780 locum"

2405 5822 2425 5851 ο
2506 5818 2516 5828 ‘
2683 5835 2702 5852 ,
