  <div class='ocr_page' id='page_1' title='image "/cluster/home/n/w/nwhite01/storage/ocr_20150623/33/uva.x000669810/238.png"; bbox 0 0 3990 6436; ppageno 0'>
   <div class='ocr_carea' id='block_1_1' title="bbox 191 371 2241 458">
    <p class='ocr_par' dir='ltr' id='par_1_1' title="bbox 191 371 2241 458">
     <span class='ocr_line' id='line_1_1' title="bbox 191 371 2241 458; baseline -0.005 -19"><span class='ocrx_word' id='word_1_1' title='bbox 191 401 271 458; x_wconf 63' lang='grc' dir='ltr'><strong>ιω</strong></span> <span class='ocrx_word' id='word_1_2' title='bbox 1358 371 1830 433; x_wconf 72' lang='lat' dir='ltr'><strong>sptsroutnou</strong></span> <span class='ocrx_word' id='word_1_3' title='bbox 1867 371 2141 433; x_wconf 79' lang='lat' dir='ltr'><strong>CLASSIS</strong></span> <span class='ocrx_word' id='word_1_4' title='bbox 2179 374 2241 430; x_wconf 85' lang='lat' dir='ltr'><strong>tt.</strong></span> 
     </span>
    </p>
   </div>
   <div class='ocr_carea' id='block_1_2' title="bbox 189 490 1722 576">
    <p class='ocr_par' dir='ltr' id='par_1_2' title="bbox 189 490 1722 576">
     <span class='ocr_line' id='line_1_2' title="bbox 189 490 1722 576; baseline -0.018 -6"><span class='ocrx_word' id='word_1_5' title='bbox 189 524 348 571; x_wconf 82' lang='lat' dir='ltr'><strong>sensus</strong></span> <span class='ocrx_word' id='word_1_6' title='bbox 385 504 612 576; x_wconf 82' lang='lat' dir='ltr'><strong>attingit,</strong></span> <span class='ocrx_word' id='word_1_7' title='bbox 661 500 760 559; x_wconf 83' lang='lat' dir='ltr'><strong>sed</strong></span> <span class='ocrx_word' id='word_1_8' title='bbox 802 500 920 557; x_wconf 84' lang='lat' dir='ltr'><strong>ideo</strong></span> <span class='ocrx_word' id='word_1_9' title='bbox 958 499 1201 553; x_wconf 89' lang='lat' dir='ltr'><strong>dicuntur</strong></span> <span class='ocrx_word' id='word_1_10' title='bbox 1245 492 1559 557; x_wconf 73' lang='lat' dir='ltr'><strong>invisibilia,</strong></span> <span class='ocrx_word' id='word_1_11' title='bbox 1602 490 1722 560; x_wconf 91' lang='lat' dir='ltr'><strong>quia</strong></span> 
     </span>
    </p>
   </div>
   <div class='ocr_carea' id='block_1_3' title="bbox 188 587 1721 662">
    <p class='ocr_par' dir='ltr' id='par_1_3' title="bbox 188 587 1721 662">
     <span class='ocr_line' id='line_1_3' title="bbox 188 587 1721 662; baseline -0.018 -1"><span class='ocrx_word' id='word_1_12' title='bbox 188 603 326 662; x_wconf 86' lang='lat' dir='ltr'><strong>oculis</strong></span> <span class='ocrx_word' id='word_1_13' title='bbox 365 599 471 654; x_wconf 87' lang='lat' dir='ltr'><strong>istis</strong></span> <span class='ocrx_word' id='word_1_14' title='bbox 515 593 828 652; x_wconf 70' lang='lat' dir='ltr'><strong>mortalibus</strong></span> <span class='ocrx_word' id='word_1_15' title='bbox 855 588 1023 646; x_wconf 88' lang='lat' dir='ltr'><strong>videri</strong></span> <span class='ocrx_word' id='word_1_16' title='bbox 1065 588 1282 644; x_wconf 86' lang='lat' dir='ltr'><strong>omnino</strong></span> <span class='ocrx_word' id='word_1_17' title='bbox 1330 600 1435 639; x_wconf 92' lang='lat' dir='ltr'><strong>non</strong></span> <span class='ocrx_word' id='word_1_18' title='bbox 1480 587 1721 653; x_wconf 87' lang='lat' dir='ltr'><strong>possunt.</strong></span> 
     </span>
    </p>
   </div>
   <div class='ocr_carea' id='block_1_4' title="bbox 190 673 1724 761">
    <p class='ocr_par' dir='ltr' id='par_1_4' title="bbox 190 673 1724 761">
     <span class='ocr_line' id='line_1_4' title="bbox 190 673 1724 761; baseline -0.016 -9"><span class='ocrx_word' id='word_1_19' title='bbox 190 700 244 753; x_wconf 77' lang='lat' dir='ltr'><strong>At</strong></span> <span class='ocrx_word' id='word_1_20' title='bbox 277 695 352 750; x_wconf 88' lang='lat' dir='ltr'><strong>illa</strong></span> <span class='ocrx_word' id='word_1_21' title='bbox 379 705 490 761; x_wconf 62' lang='lat' dir='ltr'><strong>qua</strong></span> <span class='ocrx_word' id='word_1_22' title='bbox 524 687 754 745; x_wconf 78' lang='lat' dir='ltr'><strong>visibilia</strong></span> <span class='ocrx_word' id='word_1_23' title='bbox 796 692 921 740; x_wconf 87' lang='lat' dir='ltr'><strong>sunt</strong></span> <span class='ocrx_word' id='word_1_24' title='bbox 947 679 1308 753; x_wconf 79' lang='lat' dir='ltr'><strong>permanentia</strong></span> <span class='ocrx_word' id='word_1_25' title='bbox 1328 719 1344 745; x_wconf 92' lang='lat'><strong>,</strong></span> <span class='ocrx_word' id='word_1_26' title='bbox 1377 686 1629 747; x_wconf 90' lang='lat' dir='ltr'><strong>possunt,</strong></span> <span class='ocrx_word' id='word_1_27' title='bbox 1681 673 1724 728; x_wconf 90' lang='lat' dir='ltr'><strong>si</strong></span> 
     </span>
    </p>
   </div>
   <div class='ocr_carea' id='block_1_5' title="bbox 188 764 1724 847">
    <p class='ocr_par' dir='ltr' id='par_1_5' title="bbox 188 764 1724 847">
     <span class='ocr_line' id='line_1_5' title="bbox 188 764 1724 847; baseline -0.016 -5"><span class='ocrx_word' id='word_1_28' title='bbox 188 784 524 847; x_wconf 87' lang='lat' dir='ltr'><strong>ostendantur,</strong></span> <span class='ocrx_word' id='word_1_29' title='bbox 574 780 734 835; x_wconf 91' lang='lat' dir='ltr'><strong>etiam</strong></span> <span class='ocrx_word' id='word_1_30' title='bbox 784 776 868 831; x_wconf 96' lang='lat' dir='ltr'><strong>his</strong></span> <span class='ocrx_word' id='word_1_31' title='bbox 894 773 1207 830; x_wconf 73' lang='lat' dir='ltr'><strong>mortalibus</strong></span> <span class='ocrx_word' id='word_1_32' title='bbox 1246 768 1415 825; x_wconf 92' lang='lat' dir='ltr'><strong>oculis</strong></span> <span class='ocrx_word' id='word_1_33' title='bbox 1455 764 1724 836; x_wconf 87' lang='lat' dir='ltr'><strong>conspici;</strong></span> 
     </span>
    </p>
   </div>
   <div class='ocr_carea' id='block_1_6' title="bbox 189 859 1728 941">
    <p class='ocr_par' dir='ltr' id='par_1_6' title="bbox 189 859 1728 941">
     <span class='ocr_line' id='line_1_6' title="bbox 189 859 1728 941; baseline -0.015 -8"><span class='ocrx_word' id='word_1_34' title='bbox 189 879 296 933; x_wconf 86' lang='lat' dir='ltr'><strong>sicut</strong></span> <span class='ocrx_word' id='word_1_35' title='bbox 314 891 367 930; x_wconf 87' lang='lat' dir='ltr'><strong>se</strong></span> <span class='ocrx_word' id='word_1_36' title='bbox 392 869 667 941; x_wconf 90' lang='lat' dir='ltr'><strong>Discipulis</strong></span> <span class='ocrx_word' id='word_1_37' title='bbox 681 876 802 940; x_wconf 88' lang='lat' dir='ltr'><strong>post</strong></span> <span class='ocrx_word' id='word_1_38' title='bbox 815 865 1258 923; x_wconf 84' lang='lat' dir='ltr'><strong>resurrectionem</strong></span> <span class='ocrx_word' id='word_1_39' title='bbox 1278 859 1531 915; x_wconf 87' lang='lat' dir='ltr'><strong>Dominus</strong></span> <span class='ocrx_word' id='word_1_40' title='bbox 1548 867 1728 912; x_wconf 89' lang='lat' dir='ltr'><strong>osten-</strong></span> 
     </span>
    </p>
   </div>
   <div class='ocr_carea' id='block_1_7' title="bbox 189 951 1726 1040">
    <p class='ocr_par' dir='ltr' id='par_1_7' title="bbox 189 951 1726 1040">
     <span class='ocr_line' id='line_1_7' title="bbox 189 951 1726 1040; baseline -0.014 -14"><span class='ocrx_word' id='word_1_41' title='bbox 189 971 248 1026; x_wconf 87' lang='lat' dir='ltr'><strong>dit</strong></span> <span class='ocrx_word' id='word_1_42' title='bbox 270 966 456 1040; x_wconf 74' lang='lat' dir='ltr'><strong>(Hauh.</strong></span> <span class='ocrx_word' id='word_1_43' title='bbox 479 979 671 1028; x_wconf 76' lang='lat' dir='ltr'><strong>xxvm,</strong></span> <span class='ocrx_word' id='word_1_44' title='bbox 704 961 872 1017; x_wconf 81' lang='lat' dir='ltr'><strong>Marc.</strong></span> <span class='ocrx_word' id='word_1_45' title='bbox 896 975 1008 1023; x_wconf 77' lang='lat' dir='ltr'><strong>xvi,</strong></span> <span class='ocrx_word' id='word_1_46' title='bbox 1037 957 1163 1013; x_wconf 88' lang='lat' dir='ltr'><strong>an.</strong></span> <span class='ocrx_word' id='word_1_47' title='bbox 1193 971 1348 1021; x_wconf 75' lang='lat' dir='ltr'><strong>xnv,</strong></span> <span class='ocrx_word' id='word_1_48' title='bbox 1373 964 1419 1009; x_wconf 84' lang='lat' dir='ltr'><strong>et</strong></span> <span class='ocrx_word' id='word_1_49' title='bbox 1438 951 1597 1008; x_wconf 80' lang='lat' dir='ltr'><strong>Joan.</strong></span> <span class='ocrx_word' id='word_1_50' title='bbox 1622 967 1688 1006; x_wconf 78' lang='lat' dir='ltr'><strong>xx</strong></span> <span class='ocrx_word' id='word_1_51' title='bbox 1712 992 1726 1019; x_wconf 80' lang='lat'><strong>,</strong></span> 
     </span>
    </p>
   </div>
   <div class='ocr_carea' id='block_1_8' title="bbox 190 1042 1732 1130">
    <p class='ocr_par' dir='ltr' id='par_1_8' title="bbox 190 1042 1732 1130">
     <span class='ocr_line' id='line_1_8' title="bbox 190 1042 1732 1130; baseline -0.012 -14"><span class='ocrx_word' id='word_1_52' title='bbox 190 1063 308 1130; x_wconf 78' lang='grc' dir='ltr'><strong>ιιι),</strong></span> <span class='ocrx_word' id='word_1_53' title='bbox 344 1060 476 1114; x_wconf 87' lang='lat' dir='ltr'><strong>sicut</strong></span> <span class='ocrx_word' id='word_1_54' title='bbox 517 1057 678 1112; x_wconf 89' lang='lat' dir='ltr'><strong>etiam</strong></span> <span class='ocrx_word' id='word_1_55' title='bbox 724 1062 841 1125; x_wconf 90' lang='lat' dir='ltr'><strong>post</strong></span> <span class='ocrx_word' id='word_1_56' title='bbox 880 1051 1246 1108; x_wconf 88' lang='lat' dir='ltr'><strong>ascensionem</strong></span> <span class='ocrx_word' id='word_1_57' title='bbox 1287 1047 1527 1118; x_wconf 87' lang='lat' dir='ltr'><strong>apostolo</strong></span> <span class='ocrx_word' id='word_1_58' title='bbox 1569 1042 1732 1100; x_wconf 89' lang='lat' dir='ltr'><strong>Paulo</strong></span> 
     </span>
    </p>
   </div>
   <div class='ocr_carea' id='block_1_9' title="bbox 192 1136 1630 1222">
    <p class='ocr_par' dir='ltr' id='par_1_9' title="bbox 192 1136 1630 1222">
     <span class='ocr_line' id='line_1_9' title="bbox 192 1136 1630 1222; baseline -0.013 -16"><span class='ocrx_word' id='word_1_59' title='bbox 192 1154 298 1222; x_wconf 80' lang='lat' dir='ltr'><strong>(Act.</strong></span> <span class='ocrx_word' id='word_1_60' title='bbox 323 1165 389 1215; x_wconf 74' lang='grc' dir='ltr'><strong>ιι,</strong></span> <span class='ocrx_word' id='word_1_61' title='bbox 419 1148 476 1213; x_wconf 80' lang='lat'><strong>5,</strong></span> <span class='ocrx_word' id='word_1_62' title='bbox 502 1146 582 1219; x_wconf 73' lang='grc'><strong>4),</strong></span> <span class='ocrx_word' id='word_1_63' title='bbox 609 1155 663 1202; x_wconf 93' lang='lat' dir='ltr'><strong>et</strong></span> <span class='ocrx_word' id='word_1_64' title='bbox 687 1143 958 1217; x_wconf 77' lang='lat' dir='ltr'><strong>Stephano</strong></span> <span class='ocrx_word' id='word_1_65' title='bbox 982 1142 1206 1197; x_wconf 85' lang='lat' dir='ltr'><strong>diacono</strong></span> <span class='ocrx_word' id='word_1_66' title='bbox 1232 1138 1367 1210; x_wconf 81' lang='lat' dir='ltr'><strong>(Act.</strong></span> <span class='ocrx_word' id='word_1_67' title='bbox 1393 1152 1488 1202; x_wconf 87' lang='lat' dir='ltr'><strong>vn,</strong></span> <span class='ocrx_word' id='word_1_68' title='bbox 1515 1136 1630 1205; x_wconf 86' lang='lat'><strong>55).</strong></span> 
     </span>
    </p>
   </div>
   <div class='ocr_carea' id='block_1_10' title="bbox 245 1228 1730 1306">
    <p class='ocr_par' dir='ltr' id='par_1_10' title="bbox 245 1228 1730 1306">
     <span class='ocr_line' id='line_1_10' title="bbox 245 1228 1730 1306; baseline -0.012 -7"><span class='ocrx_word' id='word_1_69' title='bbox 245 1244 314 1299; x_wconf 73' lang='lat'><strong>10.</strong></span> <span class='ocrx_word' id='word_1_70' title='bbox 337 1240 564 1297; x_wconf 85' lang='lat' dir='ltr'><strong>Proinde</strong></span> <span class='ocrx_word' id='word_1_71' title='bbox 586 1239 686 1295; x_wconf 91' lang='lat' dir='ltr'><strong>ista</strong></span> <span class='ocrx_word' id='word_1_72' title='bbox 707 1237 932 1293; x_wconf 87' lang='lat' dir='ltr'><strong>visibilia</strong></span> <span class='ocrx_word' id='word_1_73' title='bbox 957 1233 1321 1306; x_wconf 82' lang='lat' dir='ltr'><strong>permanentia</strong></span> <span class='ocrx_word' id='word_1_74' title='bbox 1349 1232 1417 1285; x_wconf 88' lang='lat' dir='ltr'><strong>ita</strong></span> <span class='ocrx_word' id='word_1_75' title='bbox 1440 1228 1730 1293; x_wconf 89' lang='lat' dir='ltr'><strong>credimus,</strong></span> 
     </span>
    </p>
   </div>
   <div class='ocr_carea' id='block_1_11' title="bbox 191 1329 1733 1395">
    <p class='ocr_par' dir='ltr' id='par_1_11' title="bbox 191 1329 1733 1395">
     <span class='ocr_line' id='line_1_11' title="bbox 191 1329 1733 1395; baseline -0.01 -6"><span class='ocrx_word' id='word_1_76' title='bbox 191 1345 236 1390; x_wconf 85' lang='lat' dir='ltr'><strong>ut</strong></span> <span class='ocrx_word' id='word_1_77' title='bbox 268 1332 461 1389; x_wconf 86' lang='lat' dir='ltr'><strong>etiamsi</strong></span> <span class='ocrx_word' id='word_1_78' title='bbox 505 1345 610 1386; x_wconf 91' lang='lat' dir='ltr'><strong>non</strong></span> <span class='ocrx_word' id='word_1_79' title='bbox 672 1329 1136 1392; x_wconf 89' lang='lat' dir='ltr'><strong>demonstrentur,</strong></span> <span class='ocrx_word' id='word_1_80' title='bbox 1191 1336 1468 1395; x_wconf 77' lang='lat' dir='ltr'><strong>Speremus</strong></span> <span class='ocrx_word' id='word_1_81' title='bbox 1515 1335 1578 1376; x_wconf 89' lang='lat' dir='ltr'><strong>ea</strong></span> <span class='ocrx_word' id='word_1_82' title='bbox 1635 1333 1733 1374; x_wconf 88' lang='lat' dir='ltr'><strong>nos</strong></span> 
     </span>
    </p>
   </div>
   <div class='ocr_carea' id='block_1_12' title="bbox 187 1411 1738 1497">
    <p class='ocr_par' dir='ltr' id='par_1_12' title="bbox 187 1411 1738 1497">
     <span class='ocr_line' id='line_1_12' title="bbox 187 1411 1738 1497; baseline -0.008 -19"><span class='ocrx_word' id='word_1_83' title='bbox 187 1425 466 1497; x_wconf 81' lang='lat' dir='ltr'><strong>quandoque</strong></span> <span class='ocrx_word' id='word_1_84' title='bbox 485 1423 693 1478; x_wconf 92' lang='lat' dir='ltr'><strong>visuros</strong></span> <span class='ocrx_word' id='word_1_85' title='bbox 717 1438 731 1486; x_wconf 90' lang='lat'><strong>;</strong></span> <span class='ocrx_word' id='word_1_86' title='bbox 757 1436 854 1476; x_wconf 92' lang='lat' dir='ltr'><strong>nec</strong></span> <span class='ocrx_word' id='word_1_87' title='bbox 875 1435 938 1475; x_wconf 89' lang='lat' dir='ltr'><strong>ea</strong></span> <span class='ocrx_word' id='word_1_88' title='bbox 967 1433 1222 1474; x_wconf 83' lang='lat' dir='ltr'><strong>conemur</strong></span> <span class='ocrx_word' id='word_1_89' title='bbox 1250 1416 1454 1471; x_wconf 85' lang='lat' dir='ltr'><strong>ratione</strong></span> <span class='ocrx_word' id='word_1_90' title='bbox 1477 1411 1562 1467; x_wconf 88' lang='lat' dir='ltr'><strong>vel</strong></span> <span class='ocrx_word' id='word_1_91' title='bbox 1584 1411 1738 1466; x_wconf 80' lang='lat' dir='ltr'><strong>intel—</strong></span> 
     </span>
    </p>
   </div>
   <div class='ocr_carea' id='block_1_13' title="bbox 187 1505 1733 1584">
    <p class='ocr_par' dir='ltr' id='par_1_13' title="bbox 187 1505 1733 1584">
     <span class='ocr_line' id='line_1_13' title="bbox 187 1505 1733 1584; baseline -0.009 -13"><span class='ocrx_word' id='word_1_92' title='bbox 187 1519 296 1572; x_wconf 86' lang='lat' dir='ltr'><strong>lectu</strong></span> <span class='ocrx_word' id='word_1_93' title='bbox 320 1513 771 1584; x_wconf 84' lang='lat' dir='ltr'><strong>comprehendere</strong></span> <span class='ocrx_word' id='word_1_94' title='bbox 790 1555 806 1580; x_wconf 89' lang='lat'><strong>,</strong></span> <span class='ocrx_word' id='word_1_95' title='bbox 839 1512 939 1566; x_wconf 91' lang='lat' dir='ltr'><strong>nisi</strong></span> <span class='ocrx_word' id='word_1_96' title='bbox 979 1519 1036 1565; x_wconf 90' lang='lat' dir='ltr'><strong>ut</strong></span> <span class='ocrx_word' id='word_1_97' title='bbox 1061 1525 1121 1564; x_wconf 89' lang='lat' dir='ltr'><strong>ea</strong></span> <span class='ocrx_word' id='word_1_98' title='bbox 1139 1551 1154 1574; x_wconf 87' lang='lat'><strong>,</strong></span> <span class='ocrx_word' id='word_1_99' title='bbox 1180 1508 1300 1578; x_wconf 88' lang='lat' dir='ltr'><strong>quia</strong></span> <span class='ocrx_word' id='word_1_100' title='bbox 1326 1505 1548 1561; x_wconf 89' lang='lat' dir='ltr'><strong>visibilia</strong></span> <span class='ocrx_word' id='word_1_101' title='bbox 1578 1511 1733 1571; x_wconf 89' lang='lat' dir='ltr'><strong>sunt,</strong></span> 
     </span>
    </p>
   </div>
   <div class='ocr_carea' id='block_1_14' title="bbox 186 1598 1736 1674">
    <p class='ocr_par' dir='ltr' id='par_1_14' title="bbox 186 1598 1736 1674">
     <span class='ocr_line' id='line_1_14' title="bbox 186 1598 1736 1674; baseline -0.007 -12"><span class='ocrx_word' id='word_1_102' title='bbox 186 1609 238 1664; x_wconf 83' lang='lat' dir='ltr'><strong>ab</strong></span> <span class='ocrx_word' id='word_1_103' title='bbox 258 1606 597 1662; x_wconf 88' lang='lat' dir='ltr'><strong>invisibilibus</strong></span> <span class='ocrx_word' id='word_1_104' title='bbox 615 1605 916 1660; x_wconf 88' lang='lat' dir='ltr'><strong>distinctius</strong></span> <span class='ocrx_word' id='word_1_105' title='bbox 935 1604 1228 1674; x_wconf 79' lang='lat' dir='ltr'><strong>cogitemus</strong></span> <span class='ocrx_word' id='word_1_106' title='bbox 1260 1620 1273 1655; x_wconf 92' lang='lat'><strong>:</strong></span> <span class='ocrx_word' id='word_1_107' title='bbox 1303 1609 1358 1655; x_wconf 90' lang='lat' dir='ltr'><strong>et</strong></span> <span class='ocrx_word' id='word_1_108' title='bbox 1385 1615 1504 1655; x_wconf 91' lang='lat' dir='ltr'><strong>cum</strong></span> <span class='ocrx_word' id='word_1_109' title='bbox 1534 1598 1736 1668; x_wconf 88' lang='lat' dir='ltr'><strong>cogita-</strong></span> 
     </span>
    </p>
   </div>
   <div class='ocr_carea' id='block_1_15' title="bbox 187 1690 1737 1770">
    <p class='ocr_par' dir='ltr' id='par_1_15' title="bbox 187 1690 1737 1770">
     <span class='ocr_line' id='line_1_15' title="bbox 187 1690 1737 1770; baseline -0.007 -16"><span class='ocrx_word' id='word_1_110' title='bbox 187 1701 301 1754; x_wconf 87' lang='lat' dir='ltr'><strong>tione</strong></span> <span class='ocrx_word' id='word_1_111' title='bbox 331 1700 506 1770; x_wconf 86' lang='lat' dir='ltr'><strong>qualia</strong></span> <span class='ocrx_word' id='word_1_112' title='bbox 536 1700 642 1753; x_wconf 90' lang='lat' dir='ltr'><strong>sint</strong></span> <span class='ocrx_word' id='word_1_113' title='bbox 677 1698 1027 1768; x_wconf 73' lang='lat' dir='ltr'><strong>imaginamur</strong></span> <span class='ocrx_word' id='word_1_114' title='bbox 1051 1737 1066 1760; x_wconf 85' lang='lat'><strong>,</strong></span> <span class='ocrx_word' id='word_1_115' title='bbox 1111 1695 1239 1749; x_wconf 90' lang='lat' dir='ltr'><strong>satis</strong></span> <span class='ocrx_word' id='word_1_116' title='bbox 1275 1692 1453 1763; x_wconf 88' lang='lat' dir='ltr'><strong>utique</strong></span> <span class='ocrx_word' id='word_1_117' title='bbox 1493 1690 1737 1746; x_wconf 79' lang='lat' dir='ltr'><strong>novimus</strong></span> 
     </span>
    </p>
   </div>
   <div class='ocr_carea' id='block_1_16' title="bbox 184 1781 1738 1850">
    <p class='ocr_par' dir='ltr' id='par_1_16' title="bbox 184 1781 1738 1850">
     <span class='ocr_line' id='line_1_16' title="bbox 184 1781 1738 1850; baseline -0.008 -5"><span class='ocrx_word' id='word_1_118' title='bbox 184 1806 232 1845; x_wconf 82' lang='lat' dir='ltr'><strong>ca</strong></span> <span class='ocrx_word' id='word_1_119' title='bbox 269 1791 407 1845; x_wconf 90' lang='lat' dir='ltr'><strong>nobis</strong></span> <span class='ocrx_word' id='word_1_120' title='bbox 451 1799 574 1844; x_wconf 91' lang='lat' dir='ltr'><strong>nota</strong></span> <span class='ocrx_word' id='word_1_121' title='bbox 602 1803 708 1844; x_wconf 89' lang='lat' dir='ltr'><strong>non</strong></span> <span class='ocrx_word' id='word_1_122' title='bbox 755 1803 897 1843; x_wconf 89' lang='lat' dir='ltr'><strong>esse.</strong></span> <span class='ocrx_word' id='word_1_123' title='bbox 941 1785 1074 1841; x_wconf 86' lang='lat' dir='ltr'><strong>Nam</strong></span> <span class='ocrx_word' id='word_1_124' title='bbox 1103 1794 1156 1840; x_wconf 89' lang='lat' dir='ltr'><strong>et</strong></span> <span class='ocrx_word' id='word_1_125' title='bbox 1201 1782 1536 1839; x_wconf 86' lang='lat' dir='ltr'><strong>Antiochiam</strong></span> <span class='ocrx_word' id='word_1_126' title='bbox 1564 1781 1738 1850; x_wconf 90' lang='lat' dir='ltr'><strong>cogito</strong></span> 
     </span>
    </p>
   </div>
   <div class='ocr_carea' id='block_1_17' title="bbox 183 1872 1734 1952">
    <p class='ocr_par' dir='ltr' id='par_1_17' title="bbox 183 1872 1734 1952">
     <span class='ocr_line' id='line_1_17' title="bbox 183 1872 1734 1952; baseline -0.008 -16"><span class='ocrx_word' id='word_1_127' title='bbox 183 1882 475 1952; x_wconf 74' lang='lat' dir='ltr'><strong>incognitam</strong></span> <span class='ocrx_word' id='word_1_128' title='bbox 501 1921 516 1946; x_wconf 93' lang='lat'><strong>,</strong></span> <span class='ocrx_word' id='word_1_129' title='bbox 559 1879 652 1935; x_wconf 89' lang='lat' dir='ltr'><strong>sed</strong></span> <span class='ocrx_word' id='word_1_130' title='bbox 699 1894 804 1934; x_wconf 88' lang='lat' dir='ltr'><strong>non</strong></span> <span class='ocrx_word' id='word_1_131' title='bbox 848 1879 984 1932; x_wconf 91' lang='lat' dir='ltr'><strong>sicut</strong></span> <span class='ocrx_word' id='word_1_132' title='bbox 1027 1873 1402 1946; x_wconf 76' lang='lat' dir='ltr'><strong>Carthaginem</strong></span> <span class='ocrx_word' id='word_1_133' title='bbox 1449 1872 1734 1943; x_wconf 81' lang='lat' dir='ltr'><strong>cognitam.</strong></span> 
     </span>
    </p>
   </div>
   <div class='ocr_carea' id='block_1_18' title="bbox 181 1965 1736 2045">
    <p class='ocr_par' dir='ltr' id='par_1_18' title="bbox 181 1965 1736 2045">
     <span class='ocr_line' id='line_1_18' title="bbox 181 1965 1736 2045; baseline -0.007 -17"><span class='ocrx_word' id='word_1_134' title='bbox 181 1971 298 2029; x_wconf 80' lang='lat' dir='ltr'><strong>illam</strong></span> <span class='ocrx_word' id='word_1_135' title='bbox 325 1974 522 2045; x_wconf 85' lang='lat' dir='ltr'><strong>quippe</strong></span> <span class='ocrx_word' id='word_1_136' title='bbox 547 1971 805 2026; x_wconf 85' lang='lat' dir='ltr'><strong>visionem</strong></span> <span class='ocrx_word' id='word_1_137' title='bbox 831 1969 1077 2040; x_wconf 86' lang='lat' dir='ltr'><strong>cogitatio</strong></span> <span class='ocrx_word' id='word_1_138' title='bbox 1105 1982 1222 2023; x_wconf 90' lang='lat' dir='ltr'><strong>mea</strong></span> <span class='ocrx_word' id='word_1_139' title='bbox 1266 1965 1439 2036; x_wconf 90' lang='lat' dir='ltr'><strong>ﬁngit,</strong></span> <span class='ocrx_word' id='word_1_140' title='bbox 1475 1966 1612 2018; x_wconf 88' lang='lat' dir='ltr'><strong>hanc</strong></span> <span class='ocrx_word' id='word_1_141' title='bbox 1649 1977 1736 2017; x_wconf 91' lang='lat' dir='ltr'><strong>re-</strong></span> 
     </span>
    </p>
   </div>
   <div class='ocr_carea' id='block_1_19' title="bbox 181 2053 1739 2135">
    <p class='ocr_par' dir='ltr' id='par_1_19' title="bbox 181 2053 1739 2135">
     <span class='ocr_line' id='line_1_19' title="bbox 181 2053 1739 2135; baseline -0.006 -18"><span class='ocrx_word' id='word_1_142' title='bbox 181 2063 312 2128; x_wconf 85' lang='lat' dir='ltr'><strong>colit;</strong></span> <span class='ocrx_word' id='word_1_143' title='bbox 341 2078 679 2135; x_wconf 87' lang='lat' dir='ltr'><strong>nequaquam</strong></span> <span class='ocrx_word' id='word_1_144' title='bbox 724 2071 902 2116; x_wconf 91' lang='lat' dir='ltr'><strong>tamen</strong></span> <span class='ocrx_word' id='word_1_145' title='bbox 943 2058 1161 2124; x_wconf 91' lang='lat' dir='ltr'><strong>dubito,</strong></span> <span class='ocrx_word' id='word_1_146' title='bbox 1215 2059 1327 2112; x_wconf 88' lang='lat' dir='ltr'><strong>sive</strong></span> <span class='ocrx_word' id='word_1_147' title='bbox 1377 2054 1516 2126; x_wconf 90' lang='lat' dir='ltr'><strong>quod</strong></span> <span class='ocrx_word' id='word_1_148' title='bbox 1556 2055 1623 2109; x_wconf 89' lang='lat' dir='ltr'><strong>de</strong></span> <span class='ocrx_word' id='word_1_149' title='bbox 1653 2053 1739 2108; x_wconf 89' lang='lat' dir='ltr'><strong>illa</strong></span> 
     </span>
    </p>
   </div>
   <div class='ocr_carea' id='block_1_20' title="bbox 181 2148 1740 2224">
    <p class='ocr_par' dir='ltr' id='par_1_20' title="bbox 181 2148 1740 2224">
     <span class='ocr_line' id='line_1_20' title="bbox 181 2148 1740 2224; baseline -0.006 -14"><span class='ocrx_word' id='word_1_150' title='bbox 181 2157 372 2214; x_wconf 85' lang='lat' dir='ltr'><strong>testibus</strong></span> <span class='ocrx_word' id='word_1_151' title='bbox 418 2156 639 2220; x_wconf 87' lang='lat' dir='ltr'><strong>multis,</strong></span> <span class='ocrx_word' id='word_1_152' title='bbox 684 2155 797 2210; x_wconf 85' lang='lat' dir='ltr'><strong>sive</strong></span> <span class='ocrx_word' id='word_1_153' title='bbox 836 2153 977 2224; x_wconf 89' lang='lat' dir='ltr'><strong>quod</strong></span> <span class='ocrx_word' id='word_1_154' title='bbox 1020 2152 1088 2207; x_wconf 91' lang='lat' dir='ltr'><strong>de</strong></span> <span class='ocrx_word' id='word_1_155' title='bbox 1116 2153 1216 2206; x_wconf 90' lang='lat' dir='ltr'><strong>ista</strong></span> <span class='ocrx_word' id='word_1_156' title='bbox 1262 2149 1398 2205; x_wconf 90' lang='lat' dir='ltr'><strong>meis</strong></span> <span class='ocrx_word' id='word_1_157' title='bbox 1441 2148 1740 2220; x_wconf 84' lang='lat' dir='ltr'><strong>aspectibus</strong></span> 
     </span>
    </p>
   </div>
   <div class='ocr_carea' id='block_1_21' title="bbox 182 2237 1740 2314">
    <p class='ocr_par' dir='ltr' id='par_1_21' title="bbox 182 2237 1740 2314">
     <span class='ocr_line' id='line_1_21' title="bbox 182 2237 1740 2314; baseline -0.006 -14"><span class='ocrx_word' id='word_1_158' title='bbox 182 2247 366 2302; x_wconf 81' lang='lat' dir='ltr'><strong>credidi.</strong></span> <span class='ocrx_word' id='word_1_159' title='bbox 393 2246 663 2302; x_wconf 82' lang='lat' dir='ltr'><strong>Justitiam</strong></span> <span class='ocrx_word' id='word_1_160' title='bbox 683 2261 809 2301; x_wconf 90' lang='lat' dir='ltr'><strong>vero</strong></span> <span class='ocrx_word' id='word_1_161' title='bbox 830 2253 884 2299; x_wconf 90' lang='lat' dir='ltr'><strong>et</strong></span> <span class='ocrx_word' id='word_1_162' title='bbox 899 2243 1211 2314; x_wconf 88' lang='lat' dir='ltr'><strong>sapientiam</strong></span> <span class='ocrx_word' id='word_1_163' title='bbox 1243 2249 1296 2297; x_wconf 90' lang='lat' dir='ltr'><strong>et</strong></span> <span class='ocrx_word' id='word_1_164' title='bbox 1322 2239 1574 2311; x_wconf 88' lang='lat' dir='ltr'><strong>quidquid</strong></span> <span class='ocrx_word' id='word_1_165' title='bbox 1601 2237 1740 2307; x_wconf 86' lang='lat' dir='ltr'><strong>ejus-</strong></span> 
     </span>
    </p>
   </div>
   <div class='ocr_carea' id='block_1_22' title="bbox 181 2327 1740 2407">
    <p class='ocr_par' dir='ltr' id='par_1_22' title="bbox 181 2327 1740 2407">
     <span class='ocr_line' id='line_1_22' title="bbox 181 2327 1740 2407; baseline -0.006 -14"><span class='ocrx_word' id='word_1_166' title='bbox 181 2340 297 2393; x_wconf 86' lang='lat' dir='ltr'><strong>modi</strong></span> <span class='ocrx_word' id='word_1_167' title='bbox 316 2349 418 2406; x_wconf 88' lang='lat' dir='ltr'><strong>est,</strong></span> <span class='ocrx_word' id='word_1_168' title='bbox 441 2354 549 2393; x_wconf 89' lang='lat' dir='ltr'><strong>non</strong></span> <span class='ocrx_word' id='word_1_169' title='bbox 570 2338 724 2393; x_wconf 87' lang='lat' dir='ltr'><strong>aliter</strong></span> <span class='ocrx_word' id='word_1_170' title='bbox 740 2336 1110 2407; x_wconf 89' lang='lat' dir='ltr'><strong>imaginamur,</strong></span> <span class='ocrx_word' id='word_1_171' title='bbox 1128 2333 1281 2388; x_wconf 86' lang='lat' dir='ltr'><strong>aliter</strong></span> <span class='ocrx_word' id='word_1_172' title='bbox 1296 2340 1627 2393; x_wconf 89' lang='lat' dir='ltr'><strong>contuemnr;</strong></span> <span class='ocrx_word' id='word_1_173' title='bbox 1647 2327 1740 2384; x_wconf 88' lang='lat' dir='ltr'><strong>sed</strong></span> 
     </span>
    </p>
   </div>
   <div class='ocr_carea' id='block_1_23' title="bbox 183 2422 1741 2499">
    <p class='ocr_par' dir='ltr' id='par_1_23' title="bbox 183 2422 1741 2499">
     <span class='ocr_line' id='line_1_23' title="bbox 183 2422 1741 2499; baseline -0.005 -17"><span class='ocrx_word' id='word_1_174' title='bbox 183 2427 276 2485; x_wconf 66' lang='lat' dir='ltr'><strong>haec</strong></span> <span class='ocrx_word' id='word_1_175' title='bbox 291 2430 570 2485; x_wconf 82' lang='lat' dir='ltr'><strong>invisibilia</strong></span> <span class='ocrx_word' id='word_1_176' title='bbox 593 2428 818 2499; x_wconf 90' lang='lat' dir='ltr'><strong>simplici</strong></span> <span class='ocrx_word' id='word_1_177' title='bbox 836 2426 1030 2482; x_wconf 89' lang='lat' dir='ltr'><strong>mentis</strong></span> <span class='ocrx_word' id='word_1_178' title='bbox 1043 2435 1198 2495; x_wconf 89' lang='lat' dir='ltr'><strong>atque</strong></span> <span class='ocrx_word' id='word_1_179' title='bbox 1211 2423 1429 2479; x_wconf 87' lang='lat' dir='ltr'><strong>rationis</strong></span> <span class='ocrx_word' id='word_1_180' title='bbox 1452 2422 1741 2477; x_wconf 84' lang='lat' dir='ltr'><strong>intentione</strong></span> 
     </span>
    </p>
   </div>
   <div class='ocr_carea' id='block_1_24' title="bbox 181 2512 1743 2590">
    <p class='ocr_par' dir='ltr' id='par_1_24' title="bbox 181 2512 1743 2590">
     <span class='ocr_line' id='line_1_24' title="bbox 181 2512 1743 2590; baseline -0.006 -16"><span class='ocrx_word' id='word_1_181' title='bbox 181 2521 419 2578; x_wconf 88' lang='lat' dir='ltr'><strong>intellecta</strong></span> <span class='ocrx_word' id='word_1_182' title='bbox 438 2521 817 2590; x_wconf 88' lang='lat' dir='ltr'><strong>conspicimus,</strong></span> <span class='ocrx_word' id='word_1_183' title='bbox 833 2518 949 2573; x_wconf 90' lang='lat' dir='ltr'><strong>sine</strong></span> <span class='ocrx_word' id='word_1_184' title='bbox 968 2517 1086 2572; x_wconf 91' lang='lat' dir='ltr'><strong>ullis</strong></span> <span class='ocrx_word' id='word_1_185' title='bbox 1108 2515 1292 2570; x_wconf 80' lang='lat' dir='ltr'><strong>formis</strong></span> <span class='ocrx_word' id='word_1_186' title='bbox 1311 2524 1365 2571; x_wconf 93' lang='lat' dir='ltr'><strong>et</strong></span> <span class='ocrx_word' id='word_1_187' title='bbox 1379 2512 1606 2569; x_wconf 86' lang='lat' dir='ltr'><strong>molibus</strong></span> <span class='ocrx_word' id='word_1_188' title='bbox 1625 2526 1743 2566; x_wconf 87' lang='lat' dir='ltr'><strong>cor-</strong></span> 
     </span>
    </p>
   </div>
   <div class='ocr_carea' id='block_1_25' title="bbox 181 2605 1741 2683">
    <p class='ocr_par' dir='ltr' id='par_1_25' title="bbox 181 2605 1741 2683">
     <span class='ocr_line' id='line_1_25' title="bbox 181 2605 1741 2683; baseline -0.008 -13"><span class='ocrx_word' id='word_1_189' title='bbox 181 2615 461 2683; x_wconf 88' lang='lat' dir='ltr'><strong>poralibus,</strong></span> <span class='ocrx_word' id='word_1_190' title='bbox 493 2615 607 2668; x_wconf 90' lang='lat' dir='ltr'><strong>sine</strong></span> <span class='ocrx_word' id='word_1_191' title='bbox 634 2613 756 2667; x_wconf 90' lang='lat' dir='ltr'><strong>ullis</strong></span> <span class='ocrx_word' id='word_1_192' title='bbox 781 2609 1119 2666; x_wconf 90' lang='lat' dir='ltr'><strong>lineamentis</strong></span> <span class='ocrx_word' id='word_1_193' title='bbox 1150 2608 1434 2679; x_wconf 86' lang='lat' dir='ltr'><strong>ﬁgurisque</strong></span> <span class='ocrx_word' id='word_1_194' title='bbox 1470 2605 1741 2661; x_wconf 89' lang='lat' dir='ltr'><strong>membro-</strong></span> 
     </span>
    </p>
   </div>
   <div class='ocr_carea' id='block_1_26' title="bbox 181 2695 1742 2773">
    <p class='ocr_par' dir='ltr' id='par_1_26' title="bbox 181 2695 1742 2773">
     <span class='ocr_line' id='line_1_26' title="bbox 181 2695 1742 2773; baseline -0.009 -11"><span class='ocrx_word' id='word_1_195' title='bbox 181 2722 314 2773; x_wconf 88' lang='lat' dir='ltr'><strong>rum,</strong></span> <span class='ocrx_word' id='word_1_196' title='bbox 360 2709 481 2762; x_wconf 87' lang='lat' dir='ltr'><strong>sine</strong></span> <span class='ocrx_word' id='word_1_197' title='bbox 520 2705 642 2760; x_wconf 92' lang='lat' dir='ltr'><strong>ullis</strong></span> <span class='ocrx_word' id='word_1_198' title='bbox 690 2703 945 2759; x_wconf 89' lang='lat' dir='ltr'><strong>localibus</strong></span> <span class='ocrx_word' id='word_1_199' title='bbox 991 2701 1102 2757; x_wconf 89' lang='lat' dir='ltr'><strong>sive</strong></span> <span class='ocrx_word' id='word_1_200' title='bbox 1146 2699 1307 2755; x_wconf 92' lang='lat' dir='ltr'><strong>ﬁnitis</strong></span> <span class='ocrx_word' id='word_1_201' title='bbox 1337 2699 1352 2730; x_wconf 86' lang='grc'>¹</span> <span class='ocrx_word' id='word_1_202' title='bbox 1401 2698 1514 2753; x_wconf 85' lang='lat' dir='ltr'><strong>sive</strong></span> <span class='ocrx_word' id='word_1_203' title='bbox 1559 2695 1742 2766; x_wconf 86' lang='lat' dir='ltr'><strong>spatiis</strong></span> 
     </span>
    </p>
   </div>
   <div class='ocr_carea' id='block_1_27' title="bbox 184 2787 1742 2867">
    <p class='ocr_par' dir='ltr' id='par_1_27' title="bbox 184 2787 1742 2867">
     <span class='ocr_line' id='line_1_27' title="bbox 184 2787 1742 2867; baseline -0.006 -17"><span class='ocrx_word' id='word_1_204' title='bbox 184 2797 404 2853; x_wconf 90' lang='lat' dir='ltr'><strong>inﬁnitis.</strong></span> <span class='ocrx_word' id='word_1_205' title='bbox 456 2797 734 2867; x_wconf 86' lang='lat' dir='ltr'><strong>Ipsumque</strong></span> <span class='ocrx_word' id='word_1_206' title='bbox 777 2795 988 2858; x_wconf 86' lang='lat' dir='ltr'><strong>lumen,</strong></span> <span class='ocrx_word' id='word_1_207' title='bbox 1037 2807 1143 2863; x_wconf 92' lang='lat' dir='ltr'><strong>quo</strong></span> <span class='ocrx_word' id='word_1_208' title='bbox 1184 2797 1371 2845; x_wconf 91' lang='lat' dir='ltr'><strong>cuncta</strong></span> <span class='ocrx_word' id='word_1_209' title='bbox 1398 2790 1497 2844; x_wconf 92' lang='lat' dir='ltr'><strong>ista</strong></span> <span class='ocrx_word' id='word_1_210' title='bbox 1539 2787 1742 2842; x_wconf 83' lang='lat' dir='ltr'><strong>discer-</strong></span> 
     </span>
    </p>
   </div>
   <div class='ocr_carea' id='block_1_28' title="bbox 184 2878 1739 2959">
    <p class='ocr_par' dir='ltr' id='par_1_28' title="bbox 184 2878 1739 2959">
     <span class='ocr_line' id='line_1_28' title="bbox 184 2878 1739 2959; baseline -0.006 -17"><span class='ocrx_word' id='word_1_211' title='bbox 184 2888 370 2954; x_wconf 88' lang='lat' dir='ltr'><strong>nimus,</strong></span> <span class='ocrx_word' id='word_1_212' title='bbox 399 2888 449 2942; x_wconf 89' lang='lat' dir='ltr'><strong>in</strong></span> <span class='ocrx_word' id='word_1_213' title='bbox 474 2903 578 2959; x_wconf 91' lang='lat' dir='ltr'><strong>quo</strong></span> <span class='ocrx_word' id='word_1_214' title='bbox 607 2887 760 2941; x_wconf 92' lang='lat' dir='ltr'><strong>nobis</strong></span> <span class='ocrx_word' id='word_1_215' title='bbox 789 2885 918 2940; x_wconf 87' lang='lat' dir='ltr'><strong>satis</strong></span> <span class='ocrx_word' id='word_1_216' title='bbox 947 2891 1166 2954; x_wconf 89' lang='lat' dir='ltr'><strong>apparet</strong></span> <span class='ocrx_word' id='word_1_217' title='bbox 1199 2880 1326 2952; x_wconf 88' lang='lat' dir='ltr'><strong>quid</strong></span> <span class='ocrx_word' id='word_1_218' title='bbox 1350 2879 1630 2936; x_wconf 89' lang='lat' dir='ltr'><strong>credamus</strong></span> <span class='ocrx_word' id='word_1_219' title='bbox 1658 2878 1739 2932; x_wconf 86' lang='lat' dir='ltr'><strong>in-</strong></span> 
     </span>
    </p>
   </div>
   <div class='ocr_carea' id='block_1_29' title="bbox 179 2972 1742 3052">
    <p class='ocr_par' dir='ltr' id='par_1_29' title="bbox 179 2972 1742 3052">
     <span class='ocr_line' id='line_1_29' title="bbox 179 2972 1742 3052; baseline -0.005 -18"><span class='ocrx_word' id='word_1_220' title='bbox 179 2981 463 3051; x_wconf 84' lang='lat' dir='ltr'><strong>cegnitum,</strong></span> <span class='ocrx_word' id='word_1_221' title='bbox 490 2979 618 3052; x_wconf 87' lang='lat' dir='ltr'><strong>quid</strong></span> <span class='ocrx_word' id='word_1_222' title='bbox 663 2978 932 3050; x_wconf 88' lang='lat' dir='ltr'><strong>cognitum</strong></span> <span class='ocrx_word' id='word_1_223' title='bbox 975 2987 1282 3040; x_wconf 89' lang='lat' dir='ltr'><strong>teneamus,</strong></span> <span class='ocrx_word' id='word_1_224' title='bbox 1331 2989 1490 3045; x_wconf 90' lang='lat' dir='ltr'><strong>quam</strong></span> <span class='ocrx_word' id='word_1_225' title='bbox 1519 2972 1742 3028; x_wconf 88' lang='lat' dir='ltr'><strong>formam</strong></span> 
     </span>
    </p>
   </div>
   <div class='ocr_carea' id='block_1_30' title="bbox 180 3067 1742 3143">
    <p class='ocr_par' dir='ltr' id='par_1_30' title="bbox 180 3067 1742 3143">
     <span class='ocr_line' id='line_1_30' title="bbox 180 3067 1742 3143; baseline -0.004 -16"><span class='ocrx_word' id='word_1_226' title='bbox 180 3075 400 3143; x_wconf 86' lang='lat' dir='ltr'><strong>corporis</strong></span> <span class='ocrx_word' id='word_1_227' title='bbox 446 3071 822 3138; x_wconf 88' lang='lat' dir='ltr'><strong>recordemur,</strong></span> <span class='ocrx_word' id='word_1_228' title='bbox 879 3085 1034 3140; x_wconf 91' lang='lat' dir='ltr'><strong>quam</strong></span> <span class='ocrx_word' id='word_1_229' title='bbox 1083 3067 1401 3138; x_wconf 89' lang='lat' dir='ltr'><strong>cogitatione</strong></span> <span class='ocrx_word' id='word_1_230' title='bbox 1449 3067 1742 3137; x_wconf 88' lang='lat' dir='ltr'><strong>ﬁngamus,</strong></span> 
     </span>
    </p>
   </div>
   <div class='ocr_carea' id='block_1_31' title="bbox 178 3157 1745 3236">
    <p class='ocr_par' dir='ltr' id='par_1_31' title="bbox 178 3157 1745 3236">
     <span class='ocr_line' id='line_1_31' title="bbox 178 3157 1745 3236; baseline -0.006 -16"><span class='ocrx_word' id='word_1_231' title='bbox 178 3168 285 3236; x_wconf 90' lang='lat' dir='ltr'><strong>quid</strong></span> <span class='ocrx_word' id='word_1_232' title='bbox 305 3168 548 3236; x_wconf 85' lang='lat' dir='ltr'><strong>corporis</strong></span> <span class='ocrx_word' id='word_1_233' title='bbox 573 3179 761 3220; x_wconf 88' lang='lat' dir='ltr'><strong>sensus</strong></span> <span class='ocrx_word' id='word_1_234' title='bbox 785 3162 1029 3233; x_wconf 81' lang='lat' dir='ltr'><strong>attingat,</strong></span> <span class='ocrx_word' id='word_1_235' title='bbox 1053 3159 1179 3231; x_wconf 90' lang='lat' dir='ltr'><strong>quid</strong></span> <span class='ocrx_word' id='word_1_236' title='bbox 1203 3159 1516 3230; x_wconf 89' lang='lat' dir='ltr'><strong>imaginctur</strong></span> <span class='ocrx_word' id='word_1_237' title='bbox 1534 3157 1745 3212; x_wconf 85' lang='lat' dir='ltr'><strong>animus</strong></span> 
     </span>
    </p>
   </div>
   <div class='ocr_carea' id='block_1_32' title="bbox 178 3253 1744 3329">
    <p class='ocr_par' dir='ltr' id='par_1_32' title="bbox 178 3253 1744 3329">
     <span class='ocr_line' id='line_1_32' title="bbox 178 3253 1744 3329; baseline -0.004 -18"><span class='ocrx_word' id='word_1_238' title='bbox 178 3258 332 3314; x_wconf 89' lang='lat' dir='ltr'><strong>simile</strong></span> <span class='ocrx_word' id='word_1_239' title='bbox 359 3257 606 3329; x_wconf 84' lang='lat' dir='ltr'><strong>corpori,</strong></span> <span class='ocrx_word' id='word_1_240' title='bbox 657 3255 785 3328; x_wconf 89' lang='lat' dir='ltr'><strong>quid</strong></span> <span class='ocrx_word' id='word_1_241' title='bbox 825 3264 1029 3310; x_wconf 91' lang='lat' dir='ltr'><strong>certum</strong></span> <span class='ocrx_word' id='word_1_242' title='bbox 1076 3262 1129 3308; x_wconf 89' lang='lat' dir='ltr'><strong>et</strong></span> <span class='ocrx_word' id='word_1_243' title='bbox 1176 3253 1414 3308; x_wconf 91' lang='lat' dir='ltr'><strong>omnium</strong></span> <span class='ocrx_word' id='word_1_244' title='bbox 1461 3266 1744 3321; x_wconf 89' lang='lat' dir='ltr'><strong>corporum</strong></span> 
     </span>
    </p>
   </div>
   <div class='ocr_carea' id='block_1_33' title="bbox 179 3343 1746 3418">
    <p class='ocr_par' dir='ltr' id='par_1_33' title="bbox 179 3343 1746 3418">
     <span class='ocr_line' id='line_1_33' title="bbox 179 3343 1746 3418; baseline -0.003 -17"><span class='ocrx_word' id='word_1_245' title='bbox 179 3349 573 3405; x_wconf 85' lang='lat' dir='ltr'><strong>dissimillimum</strong></span> <span class='ocrx_word' id='word_1_246' title='bbox 617 3346 960 3418; x_wconf 88' lang='lat' dir='ltr'><strong>intelligentia</strong></span> <span class='ocrx_word' id='word_1_247' title='bbox 1007 3345 1396 3416; x_wconf 89' lang='lat' dir='ltr'><strong>contempletur</strong></span> <span class='ocrx_word' id='word_1_248' title='bbox 1434 3362 1446 3396; x_wconf 92' lang='lat'><strong>:</strong></span> <span class='ocrx_word' id='word_1_249' title='bbox 1480 3343 1580 3398; x_wconf 89' lang='lat' dir='ltr'><strong>hoc</strong></span> <span class='ocrx_word' id='word_1_250' title='bbox 1618 3357 1746 3414; x_wconf 87' lang='lat' dir='ltr'><strong>ergo</strong></span> 
     </span>
    </p>
   </div>
   <div class='ocr_carea' id='block_1_34' title="bbox 179 3435 1748 3506">
    <p class='ocr_par' dir='ltr' id='par_1_34' title="bbox 179 3435 1748 3506">
     <span class='ocr_line' id='line_1_34' title="bbox 179 3435 1748 3506; baseline -0.003 -13"><span class='ocrx_word' id='word_1_251' title='bbox 179 3439 339 3495; x_wconf 88' lang='lat' dir='ltr'><strong>lumen</strong></span> <span class='ocrx_word' id='word_1_252' title='bbox 372 3441 460 3495; x_wconf 91' lang='lat' dir='ltr'><strong>ubi</strong></span> <span class='ocrx_word' id='word_1_253' title='bbox 498 3439 615 3495; x_wconf 66' lang='lat' dir='ltr'><strong>huic</strong></span> <span class='ocrx_word' id='word_1_254' title='bbox 641 3448 827 3494; x_wconf 89' lang='lat' dir='ltr'><strong>cuncta</strong></span> <span class='ocrx_word' id='word_1_255' title='bbox 870 3437 1253 3506; x_wconf 86' lang='lat' dir='ltr'><strong>dijudicantur,</strong></span> <span class='ocrx_word' id='word_1_256' title='bbox 1274 3452 1378 3490; x_wconf 91' lang='lat' dir='ltr'><strong>non</strong></span> <span class='ocrx_word' id='word_1_257' title='bbox 1409 3436 1612 3505; x_wconf 90' lang='lat' dir='ltr'><strong>utique,</strong></span> <span class='ocrx_word' id='word_1_258' title='bbox 1643 3435 1748 3490; x_wconf 80' lang='lat' dir='ltr'><strong>sic-</strong></span> 
     </span>
    </p>
   </div>
   <div class='ocr_carea' id='block_1_35' title="bbox 175 3527 1741 3601">
    <p class='ocr_par' dir='ltr' id='par_1_35' title="bbox 175 3527 1741 3601">
     <span class='ocr_line' id='line_1_35' title="bbox 175 3527 1741 3601; baseline -0.001 -18"><span class='ocrx_word' id='word_1_259' title='bbox 175 3542 223 3584; x_wconf 90' lang='lat' dir='ltr'><strong>ut</strong></span> <span class='ocrx_word' id='word_1_260' title='bbox 265 3531 422 3601; x_wconf 86' lang='lat' dir='ltr'><strong>hujus</strong></span> <span class='ocrx_word' id='word_1_261' title='bbox 463 3531 590 3586; x_wconf 88' lang='lat' dir='ltr'><strong>solis</strong></span> <span class='ocrx_word' id='word_1_262' title='bbox 627 3539 680 3585; x_wconf 91' lang='lat' dir='ltr'><strong>et</strong></span> <span class='ocrx_word' id='word_1_263' title='bbox 723 3528 979 3599; x_wconf 85' lang='lat' dir='ltr'><strong>cujusque</strong></span> <span class='ocrx_word' id='word_1_264' title='bbox 1006 3528 1251 3598; x_wconf 88' lang='lat' dir='ltr'><strong>corporei</strong></span> <span class='ocrx_word' id='word_1_265' title='bbox 1291 3527 1508 3582; x_wconf 90' lang='lat' dir='ltr'><strong>luminis</strong></span> <span class='ocrx_word' id='word_1_266' title='bbox 1537 3527 1741 3598; x_wconf 80' lang='lat' dir='ltr'><strong>fulgor,</strong></span> 
     </span>
    </p>
   </div>
   <div class='ocr_carea' id='block_1_36' title="bbox 177 3619 1744 3693">
    <p class='ocr_par' dir='ltr' id='par_1_36' title="bbox 177 3619 1744 3693">
     <span class='ocr_line' id='line_1_36' title="bbox 177 3619 1744 3693; baseline -0.003 -14"><span class='ocrx_word' id='word_1_267' title='bbox 177 3638 257 3692; x_wconf 85' lang='lat' dir='ltr'><strong>per</strong></span> <span class='ocrx_word' id='word_1_268' title='bbox 279 3624 466 3679; x_wconf 85' lang='lat' dir='ltr'><strong>localia</strong></span> <span class='ocrx_word' id='word_1_269' title='bbox 496 3622 664 3693; x_wconf 91' lang='lat' dir='ltr'><strong>spatia</strong></span> <span class='ocrx_word' id='word_1_270' title='bbox 688 3622 1094 3692; x_wconf 89' lang='lat' dir='ltr'><strong>circumquaque</strong></span> <span class='ocrx_word' id='word_1_271' title='bbox 1123 3619 1449 3686; x_wconf 77' lang='lat' dir='ltr'><strong>diffunditur,</strong></span> <span class='ocrx_word' id='word_1_272' title='bbox 1483 3631 1744 3676; x_wconf 86' lang='lat' dir='ltr'><strong>mentem-</strong></span> 
     </span>
    </p>
   </div>
   <div class='ocr_carea' id='block_1_37' title="bbox 175 3711 1741 3783">
    <p class='ocr_par' dir='ltr' id='par_1_37' title="bbox 175 3711 1741 3783">
     <span class='ocr_line' id='line_1_37' title="bbox 175 3711 1741 3783; baseline 0.001 -17"><span class='ocrx_word' id='word_1_273' title='bbox 175 3729 266 3783; x_wconf 87' lang='lat' dir='ltr'><strong>que</strong></span> <span class='ocrx_word' id='word_1_274' title='bbox 294 3723 531 3769; x_wconf 88' lang='lat' dir='ltr'><strong>nostram</strong></span> <span class='ocrx_word' id='word_1_275' title='bbox 558 3714 708 3783; x_wconf 85' lang='lat' dir='ltr'><strong>quasi</strong></span> <span class='ocrx_word' id='word_1_276' title='bbox 727 3712 920 3768; x_wconf 89' lang='lat' dir='ltr'><strong>visibili</strong></span> <span class='ocrx_word' id='word_1_277' title='bbox 949 3711 1178 3767; x_wconf 90' lang='lat' dir='ltr'><strong>candore</strong></span> <span class='ocrx_word' id='word_1_278' title='bbox 1208 3711 1454 3778; x_wconf 88' lang='lat' dir='ltr'><strong>illustrat,</strong></span> <span class='ocrx_word' id='word_1_279' title='bbox 1487 3712 1582 3768; x_wconf 92' lang='lat' dir='ltr'><strong>sed</strong></span> <span class='ocrx_word' id='word_1_280' title='bbox 1605 3712 1741 3768; x_wconf 84' lang='lat' dir='ltr'><strong>invi-</strong></span> 
     </span>
    </p>
   </div>
   <div class='ocr_carea' id='block_1_38' title="bbox 175 3801 1742 3874">
    <p class='ocr_par' dir='ltr' id='par_1_38' title="bbox 175 3801 1742 3874">
     <span class='ocr_line' id='line_1_38' title="bbox 175 3801 1742 3874; baseline 0.001 -17"><span class='ocrx_word' id='word_1_281' title='bbox 175 3804 390 3860; x_wconf 86' lang='lat' dir='ltr'><strong>sibiliter</strong></span> <span class='ocrx_word' id='word_1_282' title='bbox 406 3814 459 3861; x_wconf 89' lang='lat' dir='ltr'><strong>et</strong></span> <span class='ocrx_word' id='word_1_283' title='bbox 484 3802 850 3871; x_wconf 81' lang='lat' dir='ltr'><strong>ineﬁ‘abiliter,</strong></span> <span class='ocrx_word' id='word_1_284' title='bbox 878 3811 932 3860; x_wconf 89' lang='lat' dir='ltr'><strong>et</strong></span> <span class='ocrx_word' id='word_1_285' title='bbox 959 3812 1133 3858; x_wconf 90' lang='lat' dir='ltr'><strong>tamen</strong></span> <span class='ocrx_word' id='word_1_286' title='bbox 1164 3801 1562 3874; x_wconf 84' lang='lat' dir='ltr'><strong>intelligibiliter</strong></span> <span class='ocrx_word' id='word_1_287' title='bbox 1584 3803 1742 3869; x_wconf 89' lang='lat' dir='ltr'><strong>lucet,</strong></span> 
     </span>
    </p>
   </div>
   <div class='ocr_carea' id='block_1_39' title="bbox 175 3893 1744 3966">
    <p class='ocr_par' dir='ltr' id='par_1_39' title="bbox 175 3893 1744 3966">
     <span class='ocr_line' id='line_1_39' title="bbox 175 3893 1744 3966; baseline 0 -18"><span class='ocrx_word' id='word_1_288' title='bbox 175 3903 379 3966; x_wconf 87' lang='lat' dir='ltr'><strong>tamque</strong></span> <span class='ocrx_word' id='word_1_289' title='bbox 415 3895 566 3951; x_wconf 88' lang='lat' dir='ltr'><strong>nobis</strong></span> <span class='ocrx_word' id='word_1_290' title='bbox 609 3904 815 3950; x_wconf 90' lang='lat' dir='ltr'><strong>certum</strong></span> <span class='ocrx_word' id='word_1_291' title='bbox 861 3901 975 3958; x_wconf 86' lang='lat' dir='ltr'><strong>est,</strong></span> <span class='ocrx_word' id='word_1_292' title='bbox 1026 3909 1185 3965; x_wconf 91' lang='lat' dir='ltr'><strong>quam</strong></span> <span class='ocrx_word' id='word_1_293' title='bbox 1234 3893 1386 3949; x_wconf 90' lang='lat' dir='ltr'><strong>nobis</strong></span> <span class='ocrx_word' id='word_1_294' title='bbox 1411 3895 1572 3950; x_wconf 84' lang='lat' dir='ltr'><strong>efﬁcit</strong></span> <span class='ocrx_word' id='word_1_295' title='bbox 1599 3904 1744 3951; x_wconf 89' lang='lat' dir='ltr'><strong>certa</strong></span> 
     </span>
    </p>
   </div>
   <div class='ocr_carea' id='block_1_40' title="bbox 173 3985 1403 4057">
    <p class='ocr_par' dir='ltr' id='par_1_40' title="bbox 173 3985 1403 4057">
     <span class='ocr_line' id='line_1_40' title="bbox 173 3985 1403 4057; baseline 0.001 -19"><span class='ocrx_word' id='word_1_296' title='bbox 173 4002 280 4055; x_wconf 68' lang='lat' dir='ltr'><strong>qua:</strong></span> <span class='ocrx_word' id='word_1_297' title='bbox 303 3988 592 4043; x_wconf 86' lang='lat' dir='ltr'><strong>secundum</strong></span> <span class='ocrx_word' id='word_1_298' title='bbox 622 3987 792 4057; x_wconf 87' lang='lat' dir='ltr'><strong>ipsum</strong></span> <span class='ocrx_word' id='word_1_299' title='bbox 817 3995 1006 4042; x_wconf 87' lang='lat' dir='ltr'><strong>cuncta</strong></span> <span class='ocrx_word' id='word_1_300' title='bbox 1029 3985 1403 4056; x_wconf 90' lang='lat' dir='ltr'><strong>conspicimus.</strong></span> 
     </span>
    </p>
   </div>
   <div class='ocr_carea' id='block_1_41' title="bbox 241 4076 1743 4150">
    <p class='ocr_par' dir='ltr' id='par_1_41' title="bbox 241 4076 1743 4150">
     <span class='ocr_line' id='line_1_41' title="bbox 241 4076 1743 4150; baseline -0.003 -15"><span class='ocrx_word' id='word_1_301' title='bbox 241 4082 332 4136; x_wconf 71' lang='lat' dir='ltr'><strong>ll.</strong></span> <span class='ocrx_word' id='word_1_302' title='bbox 372 4081 498 4136; x_wconf 89' lang='lat' dir='ltr'><strong>Cum</strong></span> <span class='ocrx_word' id='word_1_303' title='bbox 544 4081 701 4150; x_wconf 87' lang='lat' dir='ltr'><strong>igitur</strong></span> <span class='ocrx_word' id='word_1_304' title='bbox 728 4079 824 4134; x_wconf 92' lang='lat' dir='ltr'><strong>tria</strong></span> <span class='ocrx_word' id='word_1_305' title='bbox 849 4079 953 4134; x_wconf 88' lang='lat' dir='ltr'><strong>sint</strong></span> <span class='ocrx_word' id='word_1_306' title='bbox 982 4094 1158 4134; x_wconf 89' lang='lat' dir='ltr'><strong>rerum</strong></span> <span class='ocrx_word' id='word_1_307' title='bbox 1190 4093 1384 4148; x_wconf 83' lang='lat' dir='ltr'><strong>genera</strong></span> <span class='ocrx_word' id='word_1_308' title='bbox 1414 4093 1531 4149; x_wconf 79' lang='lat' dir='ltr'><strong>qua:</strong></span> <span class='ocrx_word' id='word_1_309' title='bbox 1560 4076 1743 4132; x_wconf 87' lang='lat' dir='ltr'><strong>viden-</strong></span> 
     </span>
    </p>
   </div>
   <div class='ocr_carea' id='block_1_42' title="bbox 179 4167 1748 4241">
    <p class='ocr_par' dir='ltr' id='par_1_42' title="bbox 179 4167 1748 4241">
     <span class='ocr_line' id='line_1_42' title="bbox 179 4167 1748 4241; baseline -0.001 -16"><span class='ocrx_word' id='word_1_310' title='bbox 179 4182 287 4236; x_wconf 88' lang='lat' dir='ltr'><strong>tur;</strong></span> <span class='ocrx_word' id='word_1_311' title='bbox 327 4189 486 4227; x_wconf 89' lang='lat' dir='ltr'><strong>unum</strong></span> <span class='ocrx_word' id='word_1_312' title='bbox 537 4171 928 4241; x_wconf 87' lang='lat' dir='ltr'><strong>corporalium,</strong></span> <span class='ocrx_word' id='word_1_313' title='bbox 982 4171 1119 4225; x_wconf 88' lang='lat' dir='ltr'><strong>sicut</strong></span> <span class='ocrx_word' id='word_1_314' title='bbox 1155 4169 1257 4225; x_wconf 89' lang='lat' dir='ltr'><strong>hoc</strong></span> <span class='ocrx_word' id='word_1_315' title='bbox 1299 4169 1493 4225; x_wconf 70' lang='lat' dir='ltr'><strong>cmlum</strong></span> <span class='ocrx_word' id='word_1_316' title='bbox 1542 4177 1596 4224; x_wconf 90' lang='lat' dir='ltr'><strong>et</strong></span> <span class='ocrx_word' id='word_1_317' title='bbox 1633 4167 1748 4223; x_wconf 66' lang='lat' dir='ltr'><strong>haec</strong></span> 
     </span>
    </p>
   </div>
   <div class='ocr_carea' id='block_1_43' title="bbox 178 4262 1745 4334">
    <p class='ocr_par' dir='ltr' id='par_1_43' title="bbox 178 4262 1745 4334">
     <span class='ocr_line' id='line_1_43' title="bbox 178 4262 1745 4334; baseline 0 -18"><span class='ocrx_word' id='word_1_318' title='bbox 178 4270 341 4330; x_wconf 89' lang='lat' dir='ltr'><strong>terra,</strong></span> <span class='ocrx_word' id='word_1_319' title='bbox 385 4274 437 4320; x_wconf 91' lang='lat' dir='ltr'><strong>et</strong></span> <span class='ocrx_word' id='word_1_320' title='bbox 472 4263 729 4334; x_wconf 90' lang='lat' dir='ltr'><strong>quidquid</strong></span> <span class='ocrx_word' id='word_1_321' title='bbox 760 4263 813 4318; x_wconf 89' lang='lat' dir='ltr'><strong>in</strong></span> <span class='ocrx_word' id='word_1_322' title='bbox 854 4263 932 4317; x_wconf 90' lang='lat' dir='ltr'><strong>eis</strong></span> <span class='ocrx_word' id='word_1_323' title='bbox 959 4277 1248 4334; x_wconf 89' lang='lat' dir='ltr'><strong>corporeus</strong></span> <span class='ocrx_word' id='word_1_324' title='bbox 1281 4278 1469 4318; x_wconf 89' lang='lat' dir='ltr'><strong>sensus</strong></span> <span class='ocrx_word' id='word_1_325' title='bbox 1497 4262 1668 4318; x_wconf 87' lang='lat' dir='ltr'><strong>cernit</strong></span> <span class='ocrx_word' id='word_1_326' title='bbox 1695 4271 1745 4317; x_wconf 90' lang='lat' dir='ltr'><strong>et</strong></span> 
     </span>
    </p>
   </div>
   <div class='ocr_carea' id='block_1_44' title="bbox 179 4353 1747 4425">
    <p class='ocr_par' dir='ltr' id='par_1_44' title="bbox 179 4353 1747 4425">
     <span class='ocr_line' id='line_1_44' title="bbox 179 4353 1747 4425; baseline 0.001 -19"><span class='ocrx_word' id='word_1_327' title='bbox 179 4357 366 4425; x_wconf 86' lang='lat' dir='ltr'><strong>tangit;</strong></span> <span class='ocrx_word' id='word_1_328' title='bbox 390 4354 615 4410; x_wconf 85' lang='lat' dir='ltr'><strong>alterum</strong></span> <span class='ocrx_word' id='word_1_329' title='bbox 637 4354 809 4409; x_wconf 89' lang='lat' dir='ltr'><strong>simile</strong></span> <span class='ocrx_word' id='word_1_330' title='bbox 833 4353 1222 4424; x_wconf 90' lang='lat' dir='ltr'><strong>corporalibus,</strong></span> <span class='ocrx_word' id='word_1_331' title='bbox 1239 4353 1375 4409; x_wconf 88' lang='lat' dir='ltr'><strong>sicut</strong></span> <span class='ocrx_word' id='word_1_332' title='bbox 1401 4363 1523 4409; x_wconf 88' lang='lat' dir='ltr'><strong>sunt</strong></span> <span class='ocrx_word' id='word_1_333' title='bbox 1543 4368 1603 4408; x_wconf 91' lang='lat' dir='ltr'><strong>ea</strong></span> <span class='ocrx_word' id='word_1_334' title='bbox 1629 4369 1747 4424; x_wconf 85' lang='lat' dir='ltr'><strong>quae</strong></span> 
     </span>
    </p>
   </div>
   <div class='ocr_carea' id='block_1_45' title="bbox 178 4428 1742 4516">
    <p class='ocr_par' dir='ltr' id='par_1_45' title="bbox 178 4428 1742 4516">
     <span class='ocr_line' id='line_1_45' title="bbox 178 4428 1742 4516; baseline 0.001 -18"><span class='ocrx_word' id='word_1_335' title='bbox 178 4446 361 4512; x_wconf 87' lang='lat' dir='ltr'><strong>spiritu</strong></span> <span class='ocrx_word' id='word_1_336' title='bbox 385 4447 610 4516; x_wconf 84' lang='lat' dir='ltr'><strong>cogitata</strong></span> <span class='ocrx_word' id='word_1_337' title='bbox 653 4428 1036 4516; x_wconf 67' lang='lat' dir='ltr'><strong>imaginamur,</strong></span> <span class='ocrx_word' id='word_1_338' title='bbox 1079 4445 1191 4500; x_wconf 87' lang='lat' dir='ltr'><strong>sive</strong></span> <span class='ocrx_word' id='word_1_339' title='bbox 1219 4444 1494 4501; x_wconf 87' lang='lat' dir='ltr'><strong>recordata</strong></span> <span class='ocrx_word' id='word_1_340' title='bbox 1524 4445 1606 4500; x_wconf 85' lang='lat' dir='ltr'><strong>vel</strong></span> <span class='ocrx_word' id='word_1_341' title='bbox 1647 4444 1742 4499; x_wconf 87' lang='lat' dir='ltr'><strong>ob-</strong></span> 
     </span>
    </p>
   </div>
   <div class='ocr_carea' id='block_1_46' title="bbox 181 4535 1745 4608">
    <p class='ocr_par' dir='ltr' id='par_1_46' title="bbox 181 4535 1745 4608">
     <span class='ocr_line' id='line_1_46' title="bbox 181 4535 1745 4608; baseline 0.001 -20"><span class='ocrx_word' id='word_1_342' title='bbox 181 4535 268 4590; x_wconf 87' lang='lat' dir='ltr'><strong>lita</strong></span> <span class='ocrx_word' id='word_1_343' title='bbox 293 4538 313 4569; x_wconf 83' lang='grc'><em>³</em></span> <span class='ocrx_word' id='word_1_344' title='bbox 343 4539 488 4608; x_wconf 85' lang='lat' dir='ltr'><strong>quasi</strong></span> <span class='ocrx_word' id='word_1_345' title='bbox 530 4553 756 4606; x_wconf 90' lang='lat' dir='ltr'><strong>corpora</strong></span> <span class='ocrx_word' id='word_1_346' title='bbox 780 4545 1095 4592; x_wconf 87' lang='lat' dir='ltr'><strong>contuemur</strong></span> <span class='ocrx_word' id='word_1_347' title='bbox 1113 4579 1128 4603; x_wconf 90' lang='lat'><strong>,</strong></span> <span class='ocrx_word' id='word_1_348' title='bbox 1159 4536 1300 4591; x_wconf 88' lang='lat' dir='ltr'><strong>unde</strong></span> <span class='ocrx_word' id='word_1_349' title='bbox 1329 4545 1450 4591; x_wconf 88' lang='lat' dir='ltr'><strong>sunt</strong></span> <span class='ocrx_word' id='word_1_350' title='bbox 1477 4537 1634 4592; x_wconf 90' lang='lat' dir='ltr'><strong>etiam</strong></span> <span class='ocrx_word' id='word_1_351' title='bbox 1665 4535 1745 4592; x_wconf 85' lang='lat' dir='ltr'><strong>vi-</strong></span> 
     </span>
    </p>
   </div>
   <div class='ocr_carea' id='block_1_47' title="bbox 183 4625 1748 4698">
    <p class='ocr_par' dir='ltr' id='par_1_47' title="bbox 183 4625 1748 4698">
     <span class='ocr_line' id='line_1_47' title="bbox 183 4625 1748 4698; baseline 0.003 -20"><span class='ocrx_word' id='word_1_352' title='bbox 183 4625 348 4682; x_wconf 89' lang='lat' dir='ltr'><strong>siones</strong></span> <span class='ocrx_word' id='word_1_353' title='bbox 374 4643 490 4698; x_wconf 78' lang='lat' dir='ltr'><strong>quzn</strong></span> <span class='ocrx_word' id='word_1_354' title='bbox 526 4627 607 4682; x_wconf 90' lang='lat' dir='ltr'><strong>vel</strong></span> <span class='ocrx_word' id='word_1_355' title='bbox 644 4626 696 4681; x_wconf 92' lang='lat' dir='ltr'><strong>in</strong></span> <span class='ocrx_word' id='word_1_356' title='bbox 732 4627 960 4692; x_wconf 89' lang='lat' dir='ltr'><strong>somnis,</strong></span> <span class='ocrx_word' id='word_1_357' title='bbox 997 4627 1077 4681; x_wconf 90' lang='lat' dir='ltr'><strong>vel</strong></span> <span class='ocrx_word' id='word_1_358' title='bbox 1121 4626 1173 4681; x_wconf 90' lang='lat' dir='ltr'><strong>in</strong></span> <span class='ocrx_word' id='word_1_359' title='bbox 1219 4628 1394 4697; x_wconf 89' lang='lat' dir='ltr'><strong>aliquo</strong></span> <span class='ocrx_word' id='word_1_360' title='bbox 1436 4627 1628 4683; x_wconf 90' lang='lat' dir='ltr'><strong>mentis</strong></span> <span class='ocrx_word' id='word_1_361' title='bbox 1655 4643 1748 4683; x_wconf 83' lang='lat' dir='ltr'><strong>ex-</strong></span> 
     </span>
    </p>
   </div>
   <div class='ocr_carea' id='block_1_48' title="bbox 183 4717 1743 4790">
    <p class='ocr_par' dir='ltr' id='par_1_48' title="bbox 183 4717 1743 4790">
     <span class='ocr_line' id='line_1_48' title="bbox 183 4717 1743 4790; baseline 0.003 -20"><span class='ocrx_word' id='word_1_362' title='bbox 183 4731 328 4772; x_wconf 89' lang='lat' dir='ltr'><strong>cessu</strong></span> <span class='ocrx_word' id='word_1_363' title='bbox 347 4760 360 4786; x_wconf 91' lang='lat'><strong>,</strong></span> <span class='ocrx_word' id='word_1_364' title='bbox 391 4719 472 4773; x_wconf 87' lang='lat' dir='ltr'><strong>his</strong></span> <span class='ocrx_word' id='word_1_365' title='bbox 519 4718 670 4790; x_wconf 90' lang='lat' dir='ltr'><strong>quasi</strong></span> <span class='ocrx_word' id='word_1_366' title='bbox 714 4717 968 4773; x_wconf 82' lang='lat' dir='ltr'><strong>localibus</strong></span> <span class='ocrx_word' id='word_1_367' title='bbox 995 4718 1373 4788; x_wconf 87' lang='lat' dir='ltr'><strong>quantitatibus</strong></span> <span class='ocrx_word' id='word_1_368' title='bbox 1403 4720 1743 4789; x_wconf 89' lang='lat' dir='ltr'><strong>ingeruntur;</strong></span> 
     </span>
    </p>
   </div>
   <div class='ocr_carea' id='block_1_49' title="bbox 186 4807 1741 4882">
    <p class='ocr_par' dir='ltr' id='par_1_49' title="bbox 186 4807 1741 4882">
     <span class='ocr_line' id='line_1_49' title="bbox 186 4807 1741 4882; baseline 0.003 -21"><span class='ocrx_word' id='word_1_369' title='bbox 186 4807 384 4863; x_wconf 82' lang='lat' dir='ltr'><strong>tertium</strong></span> <span class='ocrx_word' id='word_1_370' title='bbox 407 4809 475 4864; x_wconf 87' lang='lat' dir='ltr'><strong>ab</strong></span> <span class='ocrx_word' id='word_1_371' title='bbox 500 4815 726 4879; x_wconf 81' lang='lat' dir='ltr'><strong>utmque</strong></span> <span class='ocrx_word' id='word_1_372' title='bbox 750 4808 1058 4876; x_wconf 86' lang='lat' dir='ltr'><strong>discretum,</strong></span> <span class='ocrx_word' id='word_1_373' title='bbox 1087 4809 1226 4880; x_wconf 92' lang='lat' dir='ltr'><strong>quod</strong></span> <span class='ocrx_word' id='word_1_374' title='bbox 1248 4825 1420 4880; x_wconf 87' lang='lat' dir='ltr'><strong>neque</strong></span> <span class='ocrx_word' id='word_1_375' title='bbox 1443 4814 1510 4865; x_wconf 91' lang='lat' dir='ltr'><strong>sit</strong></span> <span class='ocrx_word' id='word_1_376' title='bbox 1533 4827 1741 4882; x_wconf 91' lang='lat' dir='ltr'><strong>corpus,</strong></span> 
     </span>
    </p>
   </div>
   <div class='ocr_carea' id='block_1_50' title="bbox 187 4899 1749 4970">
    <p class='ocr_par' dir='ltr' id='par_1_50' title="bbox 187 4899 1749 4970">
     <span class='ocr_line' id='line_1_50' title="bbox 187 4899 1749 4970; baseline 0.005 -19"><span class='ocrx_word' id='word_1_377' title='bbox 187 4912 346 4969; x_wconf 82' lang='lat' dir='ltr'><strong>neque</strong></span> <span class='ocrx_word' id='word_1_378' title='bbox 371 4901 532 4956; x_wconf 86' lang='lat' dir='ltr'><strong>ullam</strong></span> <span class='ocrx_word' id='word_1_379' title='bbox 557 4899 747 4955; x_wconf 85' lang='lat' dir='ltr'><strong>habeat</strong></span> <span class='ocrx_word' id='word_1_380' title='bbox 767 4900 1167 4955; x_wconf 88' lang='lat' dir='ltr'><strong>similitudinem</strong></span> <span class='ocrx_word' id='word_1_381' title='bbox 1189 4903 1430 4970; x_wconf 90' lang='lat' dir='ltr'><strong>corporis</strong></span> <span class='ocrx_word' id='word_1_382' title='bbox 1448 4944 1462 4969; x_wconf 92' lang='lat'><strong>,</strong></span> <span class='ocrx_word' id='word_1_383' title='bbox 1495 4902 1631 4957; x_wconf 92' lang='lat' dir='ltr'><strong>sicut</strong></span> <span class='ocrx_word' id='word_1_384' title='bbox 1667 4912 1749 4959; x_wconf 87' lang='lat' dir='ltr'><strong>est</strong></span> 
     </span>
    </p>
   </div>
   <div class='ocr_carea' id='block_1_51' title="bbox 188 4983 1748 5063">
    <p class='ocr_par' dir='ltr' id='par_1_51' title="bbox 188 4983 1748 5063">
     <span class='ocr_line' id='line_1_51' title="bbox 188 4983 1748 5063; baseline 0.004 -20"><span class='ocrx_word' id='word_1_385' title='bbox 188 4989 453 5058; x_wconf 79' lang='lat' dir='ltr'><strong>sapientia,</strong></span> <span class='ocrx_word' id='word_1_386' title='bbox 481 5007 601 5063; x_wconf 73' lang='lat' dir='ltr'><strong>qua:</strong></span> <span class='ocrx_word' id='word_1_387' title='bbox 627 5001 804 5049; x_wconf 84' lang='lat' dir='ltr'><strong>mente</strong></span> <span class='ocrx_word' id='word_1_388' title='bbox 829 4993 1091 5048; x_wconf 85' lang='lat' dir='ltr'><strong>intellecta</strong></span> <span class='ocrx_word' id='word_1_389' title='bbox 1117 4994 1438 5062; x_wconf 90' lang='lat' dir='ltr'><strong>conspicitur</strong></span> <span class='ocrx_word' id='word_1_390' title='bbox 1455 5036 1470 5061; x_wconf 94' lang='lat'><strong>,</strong></span> <span class='ocrx_word' id='word_1_391' title='bbox 1499 5004 1552 5051; x_wconf 91' lang='lat' dir='ltr'><strong>et</strong></span> <span class='ocrx_word' id='word_1_392' title='bbox 1575 4997 1626 5050; x_wconf 91' lang='lat' dir='ltr'><strong>in</strong></span> <span class='ocrx_word' id='word_1_393' title='bbox 1655 4983 1748 5051; x_wconf 51' lang='lat' dir='ltr'><strong>cu-L</strong></span> 
     </span>
    </p>
   </div>
   <div class='ocr_carea' id='block_1_52' title="bbox 186 5079 1747 5159">
    <p class='ocr_par' dir='ltr' id='par_1_52' title="bbox 186 5079 1747 5159">
     <span class='ocr_line' id='line_1_52' title="bbox 186 5079 1747 5159; baseline 0.006 -25"><span class='ocrx_word' id='word_1_394' title='bbox 186 5079 275 5148; x_wconf 82' lang='lat' dir='ltr'><strong>jus</strong></span> <span class='ocrx_word' id='word_1_395' title='bbox 307 5082 412 5141; x_wconf 84' lang='lat' dir='ltr'><strong>luce</strong></span> <span class='ocrx_word' id='word_1_396' title='bbox 440 5084 509 5141; x_wconf 86' lang='lat' dir='ltr'><strong>de</strong></span> <span class='ocrx_word' id='word_1_397' title='bbox 540 5084 624 5140; x_wconf 93' lang='lat' dir='ltr'><strong>his</strong></span> <span class='ocrx_word' id='word_1_398' title='bbox 655 5085 903 5141; x_wconf 88' lang='lat' dir='ltr'><strong>omnibus</strong></span> <span class='ocrx_word' id='word_1_399' title='bbox 932 5086 1192 5141; x_wconf 88' lang='lat' dir='ltr'><strong>veraciter</strong></span> <span class='ocrx_word' id='word_1_400' title='bbox 1223 5085 1488 5156; x_wconf 88' lang='lat' dir='ltr'><strong>judicatur</strong></span> <span class='ocrx_word' id='word_1_401' title='bbox 1518 5106 1533 5145; x_wconf 89' lang='lat'><strong>:</strong></span> <span class='ocrx_word' id='word_1_402' title='bbox 1563 5089 1615 5142; x_wconf 91' lang='lat' dir='ltr'><strong>in</strong></span> <span class='ocrx_word' id='word_1_403' title='bbox 1643 5104 1747 5159; x_wconf 90' lang='lat' dir='ltr'><strong>quo</strong></span> 
     </span>
    </p>
   </div>
   <div class='ocr_carea' id='block_1_53' title="bbox 191 5170 1748 5249">
    <p class='ocr_par' dir='ltr' id='par_1_53' title="bbox 191 5170 1748 5249">
     <span class='ocr_line' id='line_1_53' title="bbox 191 5170 1748 5249; baseline 0.007 -24"><span class='ocrx_word' id='word_1_404' title='bbox 191 5170 389 5232; x_wconf 79' lang='lat' dir='ltr'><strong>istorum</strong></span> <span class='ocrx_word' id='word_1_405' title='bbox 415 5192 614 5248; x_wconf 84' lang='lat' dir='ltr'><strong>genere</strong></span> <span class='ocrx_word' id='word_1_406' title='bbox 635 5177 956 5232; x_wconf 90' lang='lat' dir='ltr'><strong>credendum</strong></span> <span class='ocrx_word' id='word_1_407' title='bbox 985 5186 1066 5233; x_wconf 89' lang='lat' dir='ltr'><strong>est</strong></span> <span class='ocrx_word' id='word_1_408' title='bbox 1086 5193 1202 5233; x_wconf 89' lang='lat' dir='ltr'><strong>esse</strong></span> <span class='ocrx_word' id='word_1_409' title='bbox 1229 5177 1381 5233; x_wconf 91' lang='lat' dir='ltr'><strong>istam</strong></span> <span class='ocrx_word' id='word_1_410' title='bbox 1408 5195 1562 5249; x_wconf 87' lang='lat' dir='ltr'><strong>quam</strong></span> <span class='ocrx_word' id='word_1_411' title='bbox 1590 5195 1748 5236; x_wconf 90' lang='lat' dir='ltr'><strong>nosse</strong></span> 
     </span>
    </p>
   </div>
   <div class='ocr_carea' id='block_1_54' title="bbox 186 5262 1746 5342">
    <p class='ocr_par' dir='ltr' id='par_1_54' title="bbox 186 5262 1746 5342">
     <span class='ocr_line' id='line_1_54' title="bbox 186 5262 1746 5342; baseline 0.007 -26"><span class='ocrx_word' id='word_1_412' title='bbox 186 5262 412 5324; x_wconf 78' lang='lat' dir='ltr'><strong>volumus</strong></span> <span class='ocrx_word' id='word_1_413' title='bbox 431 5310 446 5334; x_wconf 94' lang='lat'><strong>,</strong></span> <span class='ocrx_word' id='word_1_414' title='bbox 477 5268 834 5325; x_wconf 79' lang='lat' dir='ltr'><strong>Trinitatem?</strong></span> <span class='ocrx_word' id='word_1_415' title='bbox 860 5269 1106 5324; x_wconf 83' lang='lat' dir='ltr'><strong>Profecto</strong></span> <span class='ocrx_word' id='word_1_416' title='bbox 1128 5278 1218 5324; x_wconf 91' lang='lat' dir='ltr'><strong>aut</strong></span> <span class='ocrx_word' id='word_1_417' title='bbox 1257 5271 1311 5324; x_wconf 90' lang='lat' dir='ltr'><strong>in</strong></span> <span class='ocrx_word' id='word_1_418' title='bbox 1337 5271 1538 5342; x_wconf 88' lang='lat' dir='ltr'><strong>aliquo,</strong></span> <span class='ocrx_word' id='word_1_419' title='bbox 1576 5282 1667 5327; x_wconf 89' lang='lat' dir='ltr'><strong>aut</strong></span> <span class='ocrx_word' id='word_1_420' title='bbox 1695 5274 1746 5327; x_wconf 93' lang='lat' dir='ltr'><strong>in</strong></span> 
     </span>
    </p>
   </div>
   <div class='ocr_carea' id='block_1_55' title="bbox 190 5354 1748 5432">
    <p class='ocr_par' dir='ltr' id='par_1_55' title="bbox 190 5354 1748 5432">
     <span class='ocr_line' id='line_1_55' title="bbox 190 5354 1748 5432; baseline 0.008 -26"><span class='ocrx_word' id='word_1_421' title='bbox 190 5354 339 5412; x_wconf 87' lang='lat' dir='ltr'><strong>nullo.</strong></span> <span class='ocrx_word' id='word_1_422' title='bbox 365 5358 420 5415; x_wconf 88' lang='lat' dir='ltr'><strong>Si</strong></span> <span class='ocrx_word' id='word_1_423' title='bbox 455 5361 508 5415; x_wconf 93' lang='lat' dir='ltr'><strong>in</strong></span> <span class='ocrx_word' id='word_1_424' title='bbox 537 5359 751 5432; x_wconf 91' lang='lat' dir='ltr'><strong>aliquo,</strong></span> <span class='ocrx_word' id='word_1_425' title='bbox 795 5375 862 5415; x_wconf 89' lang='lat' dir='ltr'><strong>eo</strong></span> <span class='ocrx_word' id='word_1_426' title='bbox 899 5360 1080 5431; x_wconf 91' lang='lat' dir='ltr'><strong>utique</strong></span> <span class='ocrx_word' id='word_1_427' title='bbox 1115 5361 1255 5432; x_wconf 91' lang='lat' dir='ltr'><strong>quod</strong></span> <span class='ocrx_word' id='word_1_428' title='bbox 1281 5371 1364 5417; x_wconf 92' lang='lat' dir='ltr'><strong>est</strong></span> <span class='ocrx_word' id='word_1_429' title='bbox 1399 5364 1516 5419; x_wconf 90' lang='lat' dir='ltr'><strong>aliis</strong></span> <span class='ocrx_word' id='word_1_430' title='bbox 1541 5362 1748 5418; x_wconf 89' lang='lat' dir='ltr'><strong>duobus</strong></span> 
     </span>
    </p>
   </div>
   <div class='ocr_carea' id='block_1_56' title="bbox 189 5451 1747 5524">
    <p class='ocr_par' dir='ltr' id='par_1_56' title="bbox 189 5451 1747 5524">
     <span class='ocr_line' id='line_1_56' title="bbox 189 5451 1747 5524; baseline 0.006 -23"><span class='ocrx_word' id='word_1_431' title='bbox 189 5451 540 5517; x_wconf 68' lang='lat' dir='ltr'><strong>prastamius,</strong></span> <span class='ocrx_word' id='word_1_432' title='bbox 571 5452 711 5507; x_wconf 83' lang='lat' dir='ltr'><strong>sicut</strong></span> <span class='ocrx_word' id='word_1_433' title='bbox 735 5460 818 5507; x_wconf 87' lang='lat' dir='ltr'><strong>est</strong></span> <span class='ocrx_word' id='word_1_434' title='bbox 846 5451 1138 5522; x_wconf 88' lang='lat' dir='ltr'><strong>sapientia;</strong></span> <span class='ocrx_word' id='word_1_435' title='bbox 1169 5451 1310 5523; x_wconf 90' lang='lat' dir='ltr'><strong>quod</strong></span> <span class='ocrx_word' id='word_1_436' title='bbox 1339 5454 1384 5508; x_wconf 90' lang='lat' dir='ltr'><strong>si</strong></span> <span class='ocrx_word' id='word_1_437' title='bbox 1408 5454 1604 5509; x_wconf 90' lang='lat' dir='ltr'><strong>donum</strong></span> <span class='ocrx_word' id='word_1_438' title='bbox 1635 5455 1747 5524; x_wconf 82' lang='lat' dir='ltr'><strong>ejus</strong></span> 
     </span>
    </p>
   </div>
   <div class='ocr_carea' id='block_1_57' title="bbox 193 5533 1744 5615">
    <p class='ocr_par' dir='ltr' id='par_1_57' title="bbox 193 5533 1744 5615">
     <span class='ocr_line' id='line_1_57' title="bbox 193 5533 1744 5615; baseline 0.007 -22"><span class='ocrx_word' id='word_1_439' title='bbox 193 5533 254 5589; x_wconf 71' lang='lat' dir='ltr'><strong>In</strong></span> <span class='ocrx_word' id='word_1_440' title='bbox 275 5542 410 5600; x_wconf 83' lang='lat' dir='ltr'><strong>nobis</strong></span> <span class='ocrx_word' id='word_1_441' title='bbox 436 5553 516 5600; x_wconf 88' lang='lat' dir='ltr'><strong>est</strong></span> <span class='ocrx_word' id='word_1_442' title='bbox 535 5585 551 5611; x_wconf 92' lang='lat'><strong>,</strong></span> <span class='ocrx_word' id='word_1_443' title='bbox 575 5553 632 5601; x_wconf 89' lang='lat' dir='ltr'><strong>et</strong></span> <span class='ocrx_word' id='word_1_444' title='bbox 650 5544 672 5577; x_wconf 85' lang='grc'>³</span> <span class='ocrx_word' id='word_1_445' title='bbox 695 5545 873 5601; x_wconf 88' lang='lat' dir='ltr'><strong>minus</strong></span> <span class='ocrx_word' id='word_1_446' title='bbox 907 5554 992 5602; x_wconf 87' lang='lat' dir='ltr'><strong>est</strong></span> <span class='ocrx_word' id='word_1_447' title='bbox 1021 5561 1180 5615; x_wconf 89' lang='lat' dir='ltr'><strong>quam</strong></span> <span class='ocrx_word' id='word_1_448' title='bbox 1222 5547 1308 5602; x_wconf 88' lang='lat' dir='ltr'><strong>illa</strong></span> <span class='ocrx_word' id='word_1_449' title='bbox 1343 5562 1548 5603; x_wconf 88' lang='lat' dir='ltr'><strong>summa</strong></span> <span class='ocrx_word' id='word_1_450' title='bbox 1572 5559 1626 5602; x_wconf 91' lang='lat' dir='ltr'><strong>et</strong></span> <span class='ocrx_word' id='word_1_451' title='bbox 1665 5551 1744 5604; x_wconf 87' lang='lat' dir='ltr'><strong>in-</strong></span> 
     </span>
    </p>
   </div>
   <div class='ocr_carea' id='block_1_58' title="bbox 266 5695 1004 5814">
    <p class='ocr_par' dir='ltr' id='par_1_58' title="bbox 266 5695 1004 5814">
     <span class='ocr_line' id='line_1_58' title="bbox 268 5695 698 5723; baseline 0.014 -17"><span class='ocrx_word' id='word_1_452' title='bbox 268 5695 282 5723; x_wconf 73' lang='lat'><strong>,</strong></span> <span class='ocrx_word' id='word_1_453' title='bbox 331 5697 340 5706; x_wconf 88' lang='lat'><strong>.</strong></span> <span class='ocrx_word' id='word_1_454' title='bbox 687 5700 698 5712; x_wconf 95' lang='lat'><strong>.</strong></span> 
     </span>
     <span class='ocr_line' id='line_1_59' title="bbox 266 5698 1004 5814; baseline 0.009 -7"><span class='ocrx_word' id='word_1_455' title='bbox 266 5758 284 5784; x_wconf 81' lang='lat'><strong>&#39;</strong></span> <span class='ocrx_word' id='word_1_456' title='bbox 861 5762 1004 5813; x_wconf 74' lang='lat' dir='ltr'><strong>oblita</strong></span> 
     </span>
    </p>
   </div>
   <div class='ocr_carea' id='block_1_59' title="bbox 271 5776 1750 5886">
    <p class='ocr_par' dir='ltr' id='par_1_59' title="bbox 271 5776 1750 5886">
     <span class='ocr_line' id='line_1_60' title="bbox 271 5776 1750 5886; baseline 0.009 -18"><span class='ocrx_word' id='word_1_457' title='bbox 271 5815 287 5846; x_wconf 78' lang='grc'>⁸</span> <span class='ocrx_word' id='word_1_458' title='bbox 626 5776 1075 5884; x_wconf 47' lang='grc' dir='ltr'><strong>ελὸιῖῗῖίοῗοαῶλιη</strong></span> <span class='ocrx_word' id='word_1_459' title='bbox 1120 5824 1223 5886; x_wconf 76' lang='lat' dir='ltr'><strong>ejus</strong></span> <span class='ocrx_word' id='word_1_460' title='bbox 1260 5827 1308 5877; x_wconf 76' lang='lat' dir='ltr'><strong>iu</strong></span> <span class='ocrx_word' id='word_1_461' title='bbox 1343 5826 1475 5875; x_wconf 74' lang='lat' dir='ltr'><strong>nobis</strong></span> <span class='ocrx_word' id='word_1_462' title='bbox 1510 5829 1664 5880; x_wconf 76' lang='lat' dir='ltr'><strong>minus</strong></span> <span class='ocrx_word' id='word_1_463' title='bbox 1683 5837 1750 5881; x_wconf 75' lang='lat' dir='ltr'><strong>est</strong></span> 
     </span>
    </p>
   </div>
   <div class='ocr_carea' id='block_1_60' title="bbox 578 5905 1227 5970">
    <p class='ocr_par' dir='ltr' id='par_1_60' title="bbox 578 5905 1227 5970">
     <span class='ocr_line' id='line_1_61' title="bbox 578 5905 1227 5970; baseline -0.002 -5"><span class='ocrx_word' id='word_1_464' title='bbox 578 5905 804 5968; x_wconf 65' lang='lat' dir='ltr'><strong>Sutor.</strong></span> <span class='ocrx_word' id='word_1_465' title='bbox 837 5907 1118 5970; x_wconf 78' lang='lat' dir='ltr'><strong>Ausus&#39;r.</strong></span> <span class='ocrx_word' id='word_1_466' title='bbox 1163 5907 1227 5967; x_wconf 81' lang='grc' dir='ltr'><strong>ιι</strong></span> 
     </span>
    </p>
   </div>
   <div class='ocr_carea' id='block_1_61' title="bbox 3310 383 3417 440">
    <p class='ocr_par' dir='ltr' id='par_1_61' title="bbox 3310 383 3417 440">
     <span class='ocr_line' id='line_1_62' title="bbox 3310 383 3417 440; baseline 0 0"><span class='ocrx_word' id='word_1_467' title='bbox 3310 383 3417 440; x_wconf 74' lang='grc'><strong>488</strong></span> 
     </span>
    </p>
   </div>
   <div class='ocr_carea' id='block_1_62' title="bbox 1835 489 3414 568">
    <p class='ocr_par' dir='ltr' id='par_1_62' title="bbox 1835 489 3414 568">
     <span class='ocr_line' id='line_1_63' title="bbox 1835 489 3414 568; baseline 0.005 -26"><span class='ocrx_word' id='word_1_468' title='bbox 1835 489 2231 543; x_wconf 87' lang='lat' dir='ltr'><strong>commutabilis</strong></span> <span class='ocrx_word' id='word_1_469' title='bbox 2253 532 2267 558; x_wconf 91' lang='lat'><strong>,</strong></span> <span class='ocrx_word' id='word_1_470' title='bbox 2299 504 2417 560; x_wconf 63' lang='lat' dir='ltr'><strong>quae</strong></span> <span class='ocrx_word' id='word_1_471' title='bbox 2445 491 2537 546; x_wconf 90' lang='lat' dir='ltr'><strong>Dei</strong></span> <span class='ocrx_word' id='word_1_472' title='bbox 2574 489 2841 562; x_wconf 87' lang='lat' dir='ltr'><strong>Sapientia</strong></span> <span class='ocrx_word' id='word_1_473' title='bbox 2869 490 3089 561; x_wconf 90' lang='lat' dir='ltr'><strong>dicitur,</strong></span> <span class='ocrx_word' id='word_1_474' title='bbox 3123 505 3249 564; x_wconf 90' lang='lat' dir='ltr'><strong>puto</strong></span> <span class='ocrx_word' id='word_1_475' title='bbox 3273 501 3414 568; x_wconf 89' lang='lat' dir='ltr'><strong>quod</strong></span> 
     </span>
    </p>
   </div>
   <div class='ocr_carea' id='block_1_63' title="bbox 1834 579 3413 654">
    <p class='ocr_par' dir='ltr' id='par_1_63' title="bbox 1834 579 3413 654">
     <span class='ocr_line' id='line_1_64' title="bbox 1834 579 3413 654; baseline 0.009 -21"><span class='ocrx_word' id='word_1_476' title='bbox 1834 593 1939 633; x_wconf 93' lang='lat' dir='ltr'><strong>non</strong></span> <span class='ocrx_word' id='word_1_477' title='bbox 1979 579 2233 636; x_wconf 88' lang='lat' dir='ltr'><strong>debemus</strong></span> <span class='ocrx_word' id='word_1_478' title='bbox 2271 579 2413 637; x_wconf 92' lang='lat' dir='ltr'><strong>dono</strong></span> <span class='ocrx_word' id='word_1_479' title='bbox 2439 597 2536 638; x_wconf 87' lang='lat' dir='ltr'><strong>suo</strong></span> <span class='ocrx_word' id='word_1_480' title='bbox 2564 581 2782 640; x_wconf 90' lang='lat' dir='ltr'><strong>inferius</strong></span> <span class='ocrx_word' id='word_1_481' title='bbox 2821 585 3053 654; x_wconf 89' lang='lat' dir='ltr'><strong>cogitare</strong></span> <span class='ocrx_word' id='word_1_482' title='bbox 3081 585 3365 646; x_wconf 90' lang='lat' dir='ltr'><strong>donantem</strong></span> <span class='ocrx_word' id='word_1_483' title='bbox 3399 612 3413 648; x_wconf 89' lang='lat'>:</span> 
     </span>
    </p>
   </div>
   <div class='ocr_carea' id='block_1_64' title="bbox 1833 671 3416 752">
    <p class='ocr_par' dir='ltr' id='par_1_64' title="bbox 1833 671 3416 752">
     <span class='ocr_line' id='line_1_65' title="bbox 1833 671 3416 752; baseline 0.009 -27"><span class='ocrx_word' id='word_1_484' title='bbox 1833 671 1879 726; x_wconf 92' lang='lat' dir='ltr'><strong>si</strong></span> <span class='ocrx_word' id='word_1_485' title='bbox 1905 680 2080 727; x_wconf 89' lang='lat' dir='ltr'><strong>autem</strong></span> <span class='ocrx_word' id='word_1_486' title='bbox 2100 671 2291 743; x_wconf 89' lang='lat' dir='ltr'><strong>aliquis</strong></span> <span class='ocrx_word' id='word_1_487' title='bbox 2316 673 2567 745; x_wconf 86' lang='lat' dir='ltr'><strong>splendor</strong></span> <span class='ocrx_word' id='word_1_488' title='bbox 2594 676 2708 745; x_wconf 87' lang='lat' dir='ltr'><strong>ejus</strong></span> <span class='ocrx_word' id='word_1_489' title='bbox 2725 676 2776 731; x_wconf 92' lang='lat' dir='ltr'><strong>in</strong></span> <span class='ocrx_word' id='word_1_490' title='bbox 2795 678 2947 733; x_wconf 91' lang='lat' dir='ltr'><strong>nobis</strong></span> <span class='ocrx_word' id='word_1_491' title='bbox 2973 690 3074 748; x_wconf 89' lang='lat' dir='ltr'><strong>est,</strong></span> <span class='ocrx_word' id='word_1_492' title='bbox 3093 697 3212 752; x_wconf 85' lang='lat' dir='ltr'><strong>quae</strong></span> <span class='ocrx_word' id='word_1_493' title='bbox 3235 694 3416 740; x_wconf 82' lang='lat' dir='ltr'><strong>nostra</strong></span> 
     </span>
    </p>
   </div>
   <div class='ocr_carea' id='block_1_65' title="bbox 1834 764 3416 844">
    <p class='ocr_par' dir='ltr' id='par_1_65' title="bbox 1834 764 3416 844">
     <span class='ocr_line' id='line_1_66' title="bbox 1834 764 3416 844; baseline 0.009 -27"><span class='ocrx_word' id='word_1_494' title='bbox 1834 764 2091 832; x_wconf 85' lang='lat' dir='ltr'><strong>sapientia</strong></span> <span class='ocrx_word' id='word_1_495' title='bbox 2118 764 2340 832; x_wconf 90' lang='lat' dir='ltr'><strong>dicitur,</strong></span> <span class='ocrx_word' id='word_1_496' title='bbox 2367 776 2848 839; x_wconf 86' lang='lat' dir='ltr'><strong>quantumcumque</strong></span> <span class='ocrx_word' id='word_1_497' title='bbox 2873 769 2990 840; x_wconf 89' lang='lat' dir='ltr'><strong>ejus</strong></span> <span class='ocrx_word' id='word_1_498' title='bbox 3024 786 3119 842; x_wconf 89' lang='lat' dir='ltr'><strong>per</strong></span> <span class='ocrx_word' id='word_1_499' title='bbox 3143 775 3416 844; x_wconf 74' lang='lat' dir='ltr'><strong>Speculum</strong></span> 
     </span>
    </p>
   </div>
   <div class='ocr_carea' id='block_1_66' title="bbox 1835 855 3418 934">
    <p class='ocr_par' dir='ltr' id='par_1_66' title="bbox 1835 855 3418 934">
     <span class='ocr_line' id='line_1_67' title="bbox 1835 855 3418 934; baseline 0.009 -25"><span class='ocrx_word' id='word_1_500' title='bbox 1835 862 1889 910; x_wconf 84' lang='lat' dir='ltr'><strong>et</strong></span> <span class='ocrx_word' id='word_1_501' title='bbox 1917 855 1969 911; x_wconf 94' lang='lat' dir='ltr'><strong>in</strong></span> <span class='ocrx_word' id='word_1_502' title='bbox 2009 856 2290 927; x_wconf 67' lang='lat' dir='ltr'><strong>aenigmate</strong></span> <span class='ocrx_word' id='word_1_503' title='bbox 2328 874 2520 929; x_wconf 87' lang='lat' dir='ltr'><strong>capere</strong></span> <span class='ocrx_word' id='word_1_504' title='bbox 2549 874 2858 930; x_wconf 90' lang='lat' dir='ltr'><strong>possumus,</strong></span> <span class='ocrx_word' id='word_1_505' title='bbox 2892 872 3103 934; x_wconf 87' lang='lat' dir='ltr'><strong>oportet</strong></span> <span class='ocrx_word' id='word_1_506' title='bbox 3128 881 3244 922; x_wconf 90' lang='lat' dir='ltr'><strong>eam</strong></span> <span class='ocrx_word' id='word_1_507' title='bbox 3272 877 3325 923; x_wconf 89' lang='lat' dir='ltr'><strong>et</strong></span> <span class='ocrx_word' id='word_1_508' title='bbox 3350 870 3418 923; x_wconf 89' lang='lat' dir='ltr'><strong>ab</strong></span> 
     </span>
    </p>
   </div>
   <div class='ocr_carea' id='block_1_67' title="bbox 1835 945 3418 1027">
    <p class='ocr_par' dir='ltr' id='par_1_67' title="bbox 1835 945 3418 1027">
     <span class='ocr_line' id='line_1_68' title="bbox 1835 945 3418 1027; baseline 0.01 -27"><span class='ocrx_word' id='word_1_509' title='bbox 1835 945 2082 1002; x_wconf 93' lang='lat' dir='ltr'><strong>omnibus</strong></span> <span class='ocrx_word' id='word_1_510' title='bbox 2109 949 2416 1019; x_wconf 89' lang='lat' dir='ltr'><strong>corporibus</strong></span> <span class='ocrx_word' id='word_1_511' title='bbox 2434 992 2449 1015; x_wconf 90' lang='lat'><strong>,</strong></span> <span class='ocrx_word' id='word_1_512' title='bbox 2489 958 2543 1006; x_wconf 89' lang='lat' dir='ltr'><strong>et</strong></span> <span class='ocrx_word' id='word_1_513' title='bbox 2581 950 2649 1007; x_wconf 89' lang='lat' dir='ltr'><strong>ab</strong></span> <span class='ocrx_word' id='word_1_514' title='bbox 2681 953 2926 1009; x_wconf 91' lang='lat' dir='ltr'><strong>omnibus</strong></span> <span class='ocrx_word' id='word_1_515' title='bbox 2953 969 3239 1027; x_wconf 88' lang='lat' dir='ltr'><strong>corporum</strong></span> <span class='ocrx_word' id='word_1_516' title='bbox 3268 960 3418 1016; x_wconf 88' lang='lat' dir='ltr'><strong>simi-</strong></span> 
     </span>
    </p>
   </div>
   <div class='ocr_carea' id='block_1_68' title="bbox 1835 1034 2532 1096">
    <p class='ocr_par' dir='ltr' id='par_1_68' title="bbox 1835 1034 2532 1096">
     <span class='ocr_line' id='line_1_69' title="bbox 1835 1034 2532 1096; baseline 0.001 -4"><span class='ocrx_word' id='word_1_517' title='bbox 1835 1034 2144 1094; x_wconf 86' lang='lat' dir='ltr'><strong>litudinibus</strong></span> <span class='ocrx_word' id='word_1_518' title='bbox 2169 1054 2532 1096; x_wconf 85' lang='lat' dir='ltr'><strong>secernamus.</strong></span> 
     </span>
    </p>
   </div>
   <div class='ocr_carea' id='block_1_69' title="bbox 1907 1129 3418 1210">
    <p class='ocr_par' dir='ltr' id='par_1_69' title="bbox 1907 1129 3418 1210">
     <span class='ocr_line' id='line_1_70' title="bbox 1907 1129 3418 1210; baseline 0.01 -25"><span class='ocrx_word' id='word_1_519' title='bbox 1907 1129 1995 1185; x_wconf 70' lang='grc'><strong>12.</strong></span> <span class='ocrx_word' id='word_1_520' title='bbox 2028 1130 2086 1186; x_wconf 90' lang='lat' dir='ltr'><strong>Si</strong></span> <span class='ocrx_word' id='word_1_521' title='bbox 2114 1141 2288 1187; x_wconf 90' lang='lat' dir='ltr'><strong>autem</strong></span> <span class='ocrx_word' id='word_1_522' title='bbox 2330 1133 2385 1187; x_wconf 92' lang='lat' dir='ltr'><strong>in</strong></span> <span class='ocrx_word' id='word_1_523' title='bbox 2424 1134 2570 1189; x_wconf 90' lang='lat' dir='ltr'><strong>nullo</strong></span> <span class='ocrx_word' id='word_1_524' title='bbox 2600 1135 2820 1191; x_wconf 91' lang='lat' dir='ltr'><strong>istorum</strong></span> <span class='ocrx_word' id='word_1_525' title='bbox 2849 1153 3043 1208; x_wconf 79' lang='lat' dir='ltr'><strong>genere</strong></span> <span class='ocrx_word' id='word_1_526' title='bbox 3074 1142 3302 1210; x_wconf 89' lang='lat' dir='ltr'><strong>putanda</strong></span> <span class='ocrx_word' id='word_1_527' title='bbox 3338 1156 3418 1200; x_wconf 87' lang='lat' dir='ltr'><strong>est</strong></span> 
     </span>
    </p>
   </div>
   <div class='ocr_carea' id='block_1_70' title="bbox 1839 1223 3420 1300">
    <p class='ocr_par' dir='ltr' id='par_1_70' title="bbox 1839 1223 3420 1300">
     <span class='ocr_line' id='line_1_71' title="bbox 1839 1223 3420 1300; baseline 0.011 -24"><span class='ocrx_word' id='word_1_528' title='bbox 1839 1223 1937 1277; x_wconf 90' lang='lat' dir='ltr'><strong>ista</strong></span> <span class='ocrx_word' id='word_1_529' title='bbox 1962 1224 2228 1291; x_wconf 89' lang='lat' dir='ltr'><strong>Trinitas,</strong></span> <span class='ocrx_word' id='word_1_530' title='bbox 2258 1235 2312 1282; x_wconf 91' lang='lat' dir='ltr'><strong>et</strong></span> <span class='ocrx_word' id='word_1_531' title='bbox 2347 1225 2425 1282; x_wconf 91' lang='lat' dir='ltr'><strong>sic</strong></span> <span class='ocrx_word' id='word_1_532' title='bbox 2451 1237 2533 1283; x_wconf 91' lang='lat' dir='ltr'><strong>est</strong></span> <span class='ocrx_word' id='word_1_533' title='bbox 2572 1228 2850 1286; x_wconf 88' lang='lat' dir='ltr'><strong>invisibilis</strong></span> <span class='ocrx_word' id='word_1_534' title='bbox 2869 1273 2886 1300; x_wconf 94' lang='lat'><strong>,</strong></span> <span class='ocrx_word' id='word_1_535' title='bbox 2917 1240 2973 1287; x_wconf 92' lang='lat' dir='ltr'><strong>ut</strong></span> <span class='ocrx_word' id='word_1_536' title='bbox 3001 1248 3099 1289; x_wconf 85' lang='lat' dir='ltr'><strong>nec</strong></span> <span class='ocrx_word' id='word_1_537' title='bbox 3137 1244 3314 1292; x_wconf 90' lang='lat' dir='ltr'><strong>mente</strong></span> <span class='ocrx_word' id='word_1_538' title='bbox 3343 1239 3420 1293; x_wconf 80' lang='lat' dir='ltr'><strong>vi-</strong></span> 
     </span>
    </p>
   </div>
   <div class='ocr_carea' id='block_1_71' title="bbox 1839 1311 3420 1394">
    <p class='ocr_par' dir='ltr' id='par_1_71' title="bbox 1839 1311 3420 1394">
     <span class='ocr_line' id='line_1_72' title="bbox 1839 1311 3420 1394; baseline 0.011 -27"><span class='ocrx_word' id='word_1_539' title='bbox 1839 1311 2058 1379; x_wconf 91' lang='lat' dir='ltr'><strong>deatur;</strong></span> <span class='ocrx_word' id='word_1_540' title='bbox 2086 1315 2253 1369; x_wconf 91' lang='lat' dir='ltr'><strong>multo</strong></span> <span class='ocrx_word' id='word_1_541' title='bbox 2273 1316 2448 1372; x_wconf 93' lang='lat' dir='ltr'><strong>minus</strong></span> <span class='ocrx_word' id='word_1_542' title='bbox 2477 1317 2545 1373; x_wconf 92' lang='lat' dir='ltr'><strong>de</strong></span> <span class='ocrx_word' id='word_1_543' title='bbox 2565 1318 2654 1373; x_wconf 88' lang='lat' dir='ltr'><strong>illa</strong></span> <span class='ocrx_word' id='word_1_544' title='bbox 2680 1319 2980 1389; x_wconf 88' lang='lat' dir='ltr'><strong>hujusmodi</strong></span> <span class='ocrx_word' id='word_1_545' title='bbox 3000 1323 3306 1394; x_wconf 91' lang='lat' dir='ltr'><strong>opinionem</strong></span> <span class='ocrx_word' id='word_1_546' title='bbox 3330 1327 3420 1383; x_wconf 84' lang='lat' dir='ltr'><strong>ha-</strong></span> 
     </span>
    </p>
   </div>
   <div class='ocr_carea' id='block_1_72' title="bbox 1839 1404 3411 1491">
    <p class='ocr_par' dir='ltr' id='par_1_72' title="bbox 1839 1404 3411 1491">
     <span class='ocr_line' id='line_1_73' title="bbox 1839 1404 3411 1491; baseline 0.011 -32"><span class='ocrx_word' id='word_1_547' title='bbox 1839 1404 1966 1460; x_wconf 90' lang='lat' dir='ltr'><strong>bere</strong></span> <span class='ocrx_word' id='word_1_548' title='bbox 1988 1405 2242 1462; x_wconf 89' lang='lat' dir='ltr'><strong>debemus</strong></span> <span class='ocrx_word' id='word_1_549' title='bbox 2261 1450 2276 1474; x_wconf 95' lang='lat'><strong>,</strong></span> <span class='ocrx_word' id='word_1_550' title='bbox 2321 1417 2381 1463; x_wconf 91' lang='lat' dir='ltr'><strong>ut</strong></span> <span class='ocrx_word' id='word_1_551' title='bbox 2409 1425 2526 1464; x_wconf 90' lang='lat' dir='ltr'><strong>eam</strong></span> <span class='ocrx_word' id='word_1_552' title='bbox 2555 1410 2716 1467; x_wconf 91' lang='lat' dir='ltr'><strong>rebus</strong></span> <span class='ocrx_word' id='word_1_553' title='bbox 2741 1414 3106 1484; x_wconf 90' lang='lat' dir='ltr'><strong>corporalibus</strong></span> <span class='ocrx_word' id='word_1_554' title='bbox 3125 1418 3210 1474; x_wconf 90' lang='lat' dir='ltr'><strong>vel</strong></span> <span class='ocrx_word' id='word_1_555' title='bbox 3235 1434 3411 1491; x_wconf 79' lang='lat' dir='ltr'><strong>corpo</strong></span> 
     </span>
    </p>
   </div>
   <div class='ocr_carea' id='block_1_73' title="bbox 1840 1499 3421 1572">
    <p class='ocr_par' dir='ltr' id='par_1_73' title="bbox 1840 1499 3421 1572">
     <span class='ocr_line' id='line_1_74' title="bbox 1840 1499 3421 1572; baseline 0.011 -20"><span class='ocrx_word' id='word_1_556' title='bbox 1840 1499 2029 1554; x_wconf 90' lang='lat' dir='ltr'><strong>ralium</strong></span> <span class='ocrx_word' id='word_1_557' title='bbox 2051 1516 2229 1555; x_wconf 90' lang='lat' dir='ltr'><strong>rerum</strong></span> <span class='ocrx_word' id='word_1_558' title='bbox 2255 1503 2571 1572; x_wconf 89' lang='lat' dir='ltr'><strong>imaginibus</strong></span> <span class='ocrx_word' id='word_1_559' title='bbox 2595 1504 2823 1562; x_wconf 86' lang='lat' dir='ltr'><strong>similem</strong></span> <span class='ocrx_word' id='word_1_560' title='bbox 2844 1522 2963 1564; x_wconf 89' lang='lat' dir='ltr'><strong>esse</strong></span> <span class='ocrx_word' id='word_1_561' title='bbox 2981 1509 3273 1568; x_wconf 86' lang='lat' dir='ltr'><strong>credamus.</strong></span> <span class='ocrx_word' id='word_1_562' title='bbox 3305 1513 3421 1569; x_wconf 83' lang='lat' dir='ltr'><strong>Non</strong></span> 
     </span>
    </p>
   </div>
   <div class='ocr_carea' id='block_1_74' title="bbox 1841 1589 3423 1673">
    <p class='ocr_par' dir='ltr' id='par_1_74' title="bbox 1841 1589 3423 1673">
     <span class='ocr_line' id='line_1_75' title="bbox 1841 1589 3423 1673; baseline 0.011 -30"><span class='ocrx_word' id='word_1_563' title='bbox 1841 1589 1983 1644; x_wconf 90' lang='lat' dir='ltr'><strong>enim</strong></span> <span class='ocrx_word' id='word_1_564' title='bbox 2021 1592 2273 1663; x_wconf 65' lang='lat' dir='ltr'><strong>corpora}</strong></span> <span class='ocrx_word' id='word_1_565' title='bbox 2293 1593 2686 1662; x_wconf 90' lang='lat' dir='ltr'><strong>pulchritudine</strong></span> <span class='ocrx_word' id='word_1_566' title='bbox 2728 1597 2882 1654; x_wconf 90' lang='lat' dir='ltr'><strong>molis</strong></span> <span class='ocrx_word' id='word_1_567' title='bbox 2934 1611 3026 1656; x_wconf 88' lang='lat' dir='ltr'><strong>aut</strong></span> <span class='ocrx_word' id='word_1_568' title='bbox 3068 1604 3423 1673; x_wconf 88' lang='lat' dir='ltr'><strong>magnitudine</strong></span> 
     </span>
    </p>
   </div>
   <div class='ocr_carea' id='block_1_75' title="bbox 1842 1681 3419 1761">
    <p class='ocr_par' dir='ltr' id='par_1_75' title="bbox 1842 1681 3419 1761">
     <span class='ocr_line' id='line_1_76' title="bbox 1842 1681 3419 1761; baseline 0.011 -28"><span class='ocrx_word' id='word_1_569' title='bbox 1842 1690 2056 1750; x_wconf 89' lang='lat' dir='ltr'><strong>superat</strong></span> <span class='ocrx_word' id='word_1_570' title='bbox 2074 1722 2091 1749; x_wconf 92' lang='lat'><strong>,</strong></span> <span class='ocrx_word' id='word_1_571' title='bbox 2123 1681 2217 1736; x_wconf 90' lang='lat' dir='ltr'><strong>sed</strong></span> <span class='ocrx_word' id='word_1_572' title='bbox 2259 1682 2688 1742; x_wconf 89' lang='lat' dir='ltr'><strong>dissimilitudine</strong></span> <span class='ocrx_word' id='word_1_573' title='bbox 2715 1703 2778 1743; x_wconf 91' lang='lat' dir='ltr'><strong>ac</strong></span> <span class='ocrx_word' id='word_1_574' title='bbox 2801 1688 3150 1761; x_wconf 88' lang='lat' dir='ltr'><strong>disparilitate</strong></span> <span class='ocrx_word' id='word_1_575' title='bbox 3179 1705 3382 1752; x_wconf 77' lang='lat' dir='ltr'><strong>natura:</strong></span> <span class='ocrx_word' id='word_1_576' title='bbox 3407 1716 3419 1750; x_wconf 88' lang='lat'><strong>:</strong></span> 
     </span>
    </p>
   </div>
   <div class='ocr_carea' id='block_1_76' title="bbox 1843 1771 3422 1849">
    <p class='ocr_par' dir='ltr' id='par_1_76' title="bbox 1843 1771 3422 1849">
     <span class='ocr_line' id='line_1_77' title="bbox 1843 1771 3422 1849; baseline 0.011 -22"><span class='ocrx_word' id='word_1_577' title='bbox 1843 1780 1898 1827; x_wconf 90' lang='lat' dir='ltr'><strong>et</strong></span> <span class='ocrx_word' id='word_1_578' title='bbox 1925 1772 1969 1826; x_wconf 93' lang='lat' dir='ltr'><strong>si</strong></span> <span class='ocrx_word' id='word_1_579' title='bbox 1993 1771 2218 1829; x_wconf 91' lang='lat' dir='ltr'><strong>discreta</strong></span> <span class='ocrx_word' id='word_1_580' title='bbox 2245 1785 2328 1831; x_wconf 90' lang='lat' dir='ltr'><strong>est</strong></span> <span class='ocrx_word' id='word_1_581' title='bbox 2353 1791 2384 1830; x_wconf 91' lang='lat' dir='ltr'><strong>a</strong></span> <span class='ocrx_word' id='word_1_582' title='bbox 2410 1780 2806 1849; x_wconf 88' lang='lat' dir='ltr'><strong>comparatione</strong></span> <span class='ocrx_word' id='word_1_583' title='bbox 2835 1781 3093 1842; x_wconf 90' lang='lat' dir='ltr'><strong>bonorum</strong></span> <span class='ocrx_word' id='word_1_584' title='bbox 3119 1787 3280 1842; x_wconf 89' lang='lat' dir='ltr'><strong>animi</strong></span> <span class='ocrx_word' id='word_1_585' title='bbox 3324 1804 3422 1844; x_wconf 86' lang='lat' dir='ltr'><strong>no-</strong></span> 
     </span>
    </p>
   </div>
   <div class='ocr_carea' id='block_1_77' title="bbox 1843 1864 3422 1947">
    <p class='ocr_par' dir='ltr' id='par_1_77' title="bbox 1843 1864 3422 1947">
     <span class='ocr_line' id='line_1_78' title="bbox 1843 1864 3422 1947; baseline 0.01 -28"><span class='ocrx_word' id='word_1_586' title='bbox 1843 1864 1939 1919; x_wconf 89' lang='lat' dir='ltr'><strong>stri</strong></span> <span class='ocrx_word' id='word_1_587' title='bbox 1957 1905 1973 1932; x_wconf 92' lang='lat'><strong>,</strong></span> <span class='ocrx_word' id='word_1_588' title='bbox 2004 1865 2177 1935; x_wconf 90' lang='lat' dir='ltr'><strong>qualia</strong></span> <span class='ocrx_word' id='word_1_589' title='bbox 2198 1877 2326 1922; x_wconf 87' lang='lat' dir='ltr'><strong>sunt</strong></span> <span class='ocrx_word' id='word_1_590' title='bbox 2348 1869 2627 1939; x_wconf 89' lang='lat' dir='ltr'><strong>sapientia,</strong></span> <span class='ocrx_word' id='word_1_591' title='bbox 2647 1871 2847 1940; x_wconf 87' lang='lat' dir='ltr'><strong>justitia</strong></span> <span class='ocrx_word' id='word_1_592' title='bbox 2870 1916 2885 1940; x_wconf 90' lang='lat'><strong>,</strong></span> <span class='ocrx_word' id='word_1_593' title='bbox 2914 1873 3164 1944; x_wconf 81' lang='lat' dir='ltr'><strong>Charitas,</strong></span> <span class='ocrx_word' id='word_1_594' title='bbox 3187 1879 3422 1947; x_wconf 91' lang='lat' dir='ltr'><strong>castitas,</strong></span> 
     </span>
    </p>
   </div>
   <div class='ocr_carea' id='block_1_78' title="bbox 1844 1959 3421 2042">
    <p class='ocr_par' dir='ltr' id='par_1_78' title="bbox 1844 1959 3421 2042">
     <span class='ocr_line' id='line_1_79' title="bbox 1844 1959 3421 2042; baseline 0.01 -30"><span class='ocrx_word' id='word_1_595' title='bbox 1844 1965 1898 2012; x_wconf 91' lang='lat' dir='ltr'><strong>et</strong></span> <span class='ocrx_word' id='word_1_596' title='bbox 1921 1967 2109 2013; x_wconf 73' lang='lat' dir='ltr'><strong>caetera</strong></span> <span class='ocrx_word' id='word_1_597' title='bbox 2135 1959 2284 2025; x_wconf 91' lang='lat' dir='ltr'><strong>talia,</strong></span> <span class='ocrx_word' id='word_1_598' title='bbox 2314 1976 2432 2031; x_wconf 66' lang='lat' dir='ltr'><strong>quae</strong></span> <span class='ocrx_word' id='word_1_599' title='bbox 2456 1962 2692 2041; x_wconf 69' lang='lat' dir='ltr'><strong>profecto</strong></span> <span class='ocrx_word' id='word_1_600' title='bbox 2725 1966 2865 2021; x_wconf 91' lang='lat' dir='ltr'><strong>mole</strong></span> <span class='ocrx_word' id='word_1_601' title='bbox 2890 1968 3126 2037; x_wconf 87' lang='lat' dir='ltr'><strong>corporis</strong></span> <span class='ocrx_word' id='word_1_602' title='bbox 3156 1984 3260 2025; x_wconf 88' lang='lat' dir='ltr'><strong>non</strong></span> <span class='ocrx_word' id='word_1_603' title='bbox 3293 1988 3421 2042; x_wconf 82' lang='lat' dir='ltr'><strong>pen-</strong></span> 
     </span>
    </p>
   </div>
   <div class='ocr_carea' id='block_1_79' title="bbox 1843 2048 3425 2132">
    <p class='ocr_par' dir='ltr' id='par_1_79' title="bbox 1843 2048 3425 2132">
     <span class='ocr_line' id='line_1_80' title="bbox 1843 2048 3425 2132; baseline 0.011 -29"><span class='ocrx_word' id='word_1_604' title='bbox 1843 2048 2047 2115; x_wconf 91' lang='lat' dir='ltr'><strong>dimus,</strong></span> <span class='ocrx_word' id='word_1_605' title='bbox 2075 2066 2173 2106; x_wconf 89' lang='lat' dir='ltr'><strong>nec</strong></span> <span class='ocrx_word' id='word_1_606' title='bbox 2199 2067 2382 2108; x_wconf 92' lang='lat' dir='ltr'><strong>eorum</strong></span> <span class='ocrx_word' id='word_1_607' title='bbox 2406 2055 2555 2124; x_wconf 89' lang='lat' dir='ltr'><strong>quasi</strong></span> <span class='ocrx_word' id='word_1_608' title='bbox 2585 2070 2867 2126; x_wconf 91' lang='lat' dir='ltr'><strong>corporeas</strong></span> <span class='ocrx_word' id='word_1_609' title='bbox 2887 2059 3084 2114; x_wconf 91' lang='lat' dir='ltr'><strong>formas</strong></span> <span class='ocrx_word' id='word_1_610' title='bbox 3107 2064 3425 2132; x_wconf 89' lang='lat' dir='ltr'><strong>cogitatione</strong></span> 
     </span>
    </p>
   </div>
   <div class='ocr_carea' id='block_1_80' title="bbox 1845 2139 3425 2222">
    <p class='ocr_par' dir='ltr' id='par_1_80' title="bbox 1845 2139 3425 2222">
     <span class='ocr_line' id='line_1_81' title="bbox 1845 2139 3425 2222; baseline 0.011 -28"><span class='ocrx_word' id='word_1_611' title='bbox 1845 2139 2157 2211; x_wconf 83' lang='lat' dir='ltr'><strong>ﬁguramus,</strong></span> <span class='ocrx_word' id='word_1_612' title='bbox 2205 2143 2299 2199; x_wconf 91' lang='lat' dir='ltr'><strong>sed</strong></span> <span class='ocrx_word' id='word_1_613' title='bbox 2344 2160 2406 2199; x_wconf 90' lang='lat' dir='ltr'><strong>ea</strong></span> <span class='ocrx_word' id='word_1_614' title='bbox 2454 2147 2664 2216; x_wconf 89' lang='lat' dir='ltr'><strong>quando</strong></span> <span class='ocrx_word' id='word_1_615' title='bbox 2693 2157 2836 2204; x_wconf 89' lang='lat' dir='ltr'><strong>recte</strong></span> <span class='ocrx_word' id='word_1_616' title='bbox 2881 2151 3255 2222; x_wconf 86' lang='lat' dir='ltr'><strong>intelligimus,</strong></span> <span class='ocrx_word' id='word_1_617' title='bbox 3311 2156 3425 2212; x_wconf 91' lang='lat' dir='ltr'><strong>sine</strong></span> 
     </span>
    </p>
   </div>
   <div class='ocr_carea' id='block_1_81' title="bbox 1845 2232 3426 2313">
    <p class='ocr_par' dir='ltr' id='par_1_81' title="bbox 1845 2232 3426 2313">
     <span class='ocr_line' id='line_1_82' title="bbox 1845 2232 3426 2313; baseline 0.011 -26"><span class='ocrx_word' id='word_1_618' title='bbox 1845 2232 2020 2304; x_wconf 90' lang='lat' dir='ltr'><strong>aliqua</strong></span> <span class='ocrx_word' id='word_1_619' title='bbox 2040 2236 2365 2307; x_wconf 90' lang='lat' dir='ltr'><strong>corpulentia</strong></span> <span class='ocrx_word' id='word_1_620' title='bbox 2394 2239 2478 2294; x_wconf 88' lang='lat' dir='ltr'><strong>vel</strong></span> <span class='ocrx_word' id='word_1_621' title='bbox 2499 2241 2843 2298; x_wconf 90' lang='lat' dir='ltr'><strong>similitudine</strong></span> <span class='ocrx_word' id='word_1_622' title='bbox 2862 2246 3207 2313; x_wconf 72' lang='lat' dir='ltr'><strong>corpulentia:</strong></span> <span class='ocrx_word' id='word_1_623' title='bbox 3235 2247 3288 2302; x_wconf 89' lang='lat' dir='ltr'><strong>in</strong></span> <span class='ocrx_word' id='word_1_624' title='bbox 3308 2249 3426 2305; x_wconf 88' lang='lat' dir='ltr'><strong>luce</strong></span> 
     </span>
    </p>
   </div>
   <div class='ocr_carea' id='block_1_82' title="bbox 1846 2326 3425 2406">
    <p class='ocr_par' dir='ltr' id='par_1_82' title="bbox 1846 2326 3425 2406">
     <span class='ocr_line' id='line_1_83' title="bbox 1846 2326 3425 2406; baseline 0.009 -26"><span class='ocrx_word' id='word_1_625' title='bbox 1846 2326 2038 2380; x_wconf 86' lang='lat' dir='ltr'><strong>mentis</strong></span> <span class='ocrx_word' id='word_1_626' title='bbox 2062 2328 2377 2397; x_wconf 88' lang='lat' dir='ltr'><strong>aspicimus;</strong></span> <span class='ocrx_word' id='word_1_627' title='bbox 2402 2340 2598 2400; x_wconf 90' lang='lat' dir='ltr'><strong>quanto</strong></span> <span class='ocrx_word' id='word_1_628' title='bbox 2632 2341 2715 2386; x_wconf 90' lang='lat' dir='ltr'><strong>est</strong></span> <span class='ocrx_word' id='word_1_629' title='bbox 2751 2332 2817 2387; x_wconf 89' lang='lat' dir='ltr'><strong>ab</strong></span> <span class='ocrx_word' id='word_1_630' title='bbox 2853 2335 3087 2389; x_wconf 90' lang='lat' dir='ltr'><strong>omnium</strong></span> <span class='ocrx_word' id='word_1_631' title='bbox 3117 2338 3425 2406; x_wconf 88' lang='lat' dir='ltr'><strong>qualitatum</strong></span> 
     </span>
    </p>
   </div>
   <div class='ocr_carea' id='block_1_83' title="bbox 1846 2418 3427 2494">
    <p class='ocr_par' dir='ltr' id='par_1_83' title="bbox 1846 2418 3427 2494">
     <span class='ocr_line' id='line_1_84' title="bbox 1846 2418 3427 2494; baseline 0.009 -24"><span class='ocrx_word' id='word_1_632' title='bbox 1846 2423 1900 2470; x_wconf 91' lang='lat' dir='ltr'><strong>et</strong></span> <span class='ocrx_word' id='word_1_633' title='bbox 1921 2418 2270 2486; x_wconf 88' lang='lat' dir='ltr'><strong>quantitatum</strong></span> <span class='ocrx_word' id='word_1_634' title='bbox 2311 2421 2666 2487; x_wconf 88' lang='lat' dir='ltr'><strong>corporalium</strong></span> <span class='ocrx_word' id='word_1_635' title='bbox 2692 2425 3087 2494; x_wconf 88' lang='lat' dir='ltr'><strong>comparatione</strong></span> <span class='ocrx_word' id='word_1_636' title='bbox 3110 2426 3427 2484; x_wconf 82' lang='lat' dir='ltr'><strong>discretior?</strong></span> 
     </span>
    </p>
   </div>
   <div class='ocr_carea' id='block_1_84' title="bbox 1846 2504 3426 2576">
    <p class='ocr_par' dir='ltr' id='par_1_84' title="bbox 1846 2504 3426 2576">
     <span class='ocr_line' id='line_1_85' title="bbox 1846 2504 3426 2576; baseline 0.009 -16"><span class='ocrx_word' id='word_1_637' title='bbox 1846 2504 1961 2560; x_wconf 84' lang='lat' dir='ltr'><strong>Non</strong></span> <span class='ocrx_word' id='word_1_638' title='bbox 1989 2522 2104 2562; x_wconf 89' lang='lat' dir='ltr'><strong>eam</strong></span> <span class='ocrx_word' id='word_1_639' title='bbox 2128 2517 2304 2564; x_wconf 90' lang='lat' dir='ltr'><strong>tamen</strong></span> <span class='ocrx_word' id='word_1_640' title='bbox 2329 2525 2358 2563; x_wconf 90' lang='lat' dir='ltr'><strong>a</strong></span> <span class='ocrx_word' id='word_1_641' title='bbox 2390 2521 2573 2567; x_wconf 88' lang='lat' dir='ltr'><strong>nostro</strong></span> <span class='ocrx_word' id='word_1_642' title='bbox 2598 2512 2870 2569; x_wconf 90' lang='lat' dir='ltr'><strong>intellectu</strong></span> <span class='ocrx_word' id='word_1_643' title='bbox 2893 2517 3112 2571; x_wconf 91' lang='lat' dir='ltr'><strong>omnino</strong></span> <span class='ocrx_word' id='word_1_644' title='bbox 3136 2518 3426 2576; x_wconf 90' lang='lat' dir='ltr'><strong>abhorrere</strong></span> 
     </span>
    </p>
   </div>
   <div class='ocr_carea' id='block_1_85' title="bbox 1847 2596 3426 2668">
    <p class='ocr_par' dir='ltr' id='par_1_85' title="bbox 1847 2596 3426 2668">
     <span class='ocr_line' id='line_1_86' title="bbox 1847 2596 3426 2668; baseline 0.01 -19"><span class='ocrx_word' id='word_1_645' title='bbox 1847 2596 2131 2665; x_wconf 84' lang='lat' dir='ltr'><strong>Apostolus</strong></span> <span class='ocrx_word' id='word_1_646' title='bbox 2161 2601 2312 2655; x_wconf 89' lang='lat' dir='ltr'><strong>testis</strong></span> <span class='ocrx_word' id='word_1_647' title='bbox 2336 2611 2436 2668; x_wconf 89' lang='lat' dir='ltr'><strong>est,</strong></span> <span class='ocrx_word' id='word_1_648' title='bbox 2471 2602 2556 2657; x_wconf 90' lang='lat' dir='ltr'><strong>ubi</strong></span> <span class='ocrx_word' id='word_1_649' title='bbox 2584 2604 2658 2658; x_wconf 89' lang='lat' dir='ltr'><strong>ait</strong></span> <span class='ocrx_word' id='word_1_650' title='bbox 2689 2622 2701 2658; x_wconf 92' lang='lat'><strong>:</strong></span> <span class='ocrx_word' id='word_1_651' title='bbox 2735 2603 3017 2660; x_wconf 77' lang='lat' dir='ltr'><strong>Invisibilia</strong></span> <span class='ocrx_word' id='word_1_652' title='bbox 3041 2609 3172 2662; x_wconf 78' lang='lat' dir='ltr'><strong>enim</strong></span> <span class='ocrx_word' id='word_1_653' title='bbox 3200 2627 3233 2663; x_wconf 91' lang='lat' dir='ltr'><strong>a</strong></span> <span class='ocrx_word' id='word_1_654' title='bbox 3251 2613 3426 2666; x_wconf 85' lang='lat' dir='ltr'><strong>consti-</strong></span> 
     </span>
    </p>
   </div>
   <div class='ocr_carea' id='block_1_86' title="bbox 1847 2692 3427 2774">
    <p class='ocr_par' dir='ltr' id='par_1_86' title="bbox 1847 2692 3427 2774">
     <span class='ocr_line' id='line_1_87' title="bbox 1847 2692 3427 2774; baseline 0.01 -32"><span class='ocrx_word' id='word_1_655' title='bbox 1847 2693 2035 2743; x_wconf 78' lang='lat' dir='ltr'><strong>tutione</strong></span> <span class='ocrx_word' id='word_1_656' title='bbox 2047 2692 2241 2759; x_wconf 81' lang='lat' dir='ltr'><strong>mundi,</strong></span> <span class='ocrx_word' id='word_1_657' title='bbox 2263 2710 2353 2764; x_wconf 85' lang='lat' dir='ltr'><strong>per</strong></span> <span class='ocrx_word' id='word_1_658' title='bbox 2364 2710 2425 2748; x_wconf 90' lang='lat' dir='ltr'><strong>ea</strong></span> <span class='ocrx_word' id='word_1_659' title='bbox 2444 2711 2553 2765; x_wconf 66' lang='lat' dir='ltr'><strong>qua?</strong></span> <span class='ocrx_word' id='word_1_660' title='bbox 2567 2700 2702 2767; x_wconf 83' lang='lat' dir='ltr'><strong>facta</strong></span> <span class='ocrx_word' id='word_1_661' title='bbox 2715 2708 2832 2751; x_wconf 83' lang='lat' dir='ltr'><strong>sunt</strong></span> <span class='ocrx_word' id='word_1_662' title='bbox 2847 2699 3096 2754; x_wconf 80' lang='lat' dir='ltr'><strong>intellecta</strong></span> <span class='ocrx_word' id='word_1_663' title='bbox 3109 2705 3401 2774; x_wconf 82' lang='lat' dir='ltr'><strong>conspiciun</strong></span> <span class='ocrx_word' id='word_1_664' title='bbox 3411 2737 3427 2746; x_wconf 95' lang='lat'><strong>-</strong></span> 
     </span>
    </p>
   </div>
   <div class='ocr_carea' id='block_1_87' title="bbox 1852 2783 3426 2864">
    <p class='ocr_par' dir='ltr' id='par_1_87' title="bbox 1852 2783 3426 2864">
     <span class='ocr_line' id='line_1_88' title="bbox 1852 2783 3426 2864; baseline 0.011 -32"><span class='ocrx_word' id='word_1_665' title='bbox 1852 2789 1963 2846; x_wconf 86' lang='lat' dir='ltr'><strong>tur;</strong></span> <span class='ocrx_word' id='word_1_666' title='bbox 1990 2783 2291 2851; x_wconf 78' lang='lat' dir='ltr'><strong>sempiterna</strong></span> <span class='ocrx_word' id='word_1_667' title='bbox 2306 2801 2499 2856; x_wconf 83' lang='lat' dir='ltr'><strong>quoque</strong></span> <span class='ocrx_word' id='word_1_668' title='bbox 2526 2787 2634 2856; x_wconf 76' lang='lat' dir='ltr'><strong>ejus</strong></span> <span class='ocrx_word' id='word_1_669' title='bbox 2664 2787 2823 2842; x_wconf 78' lang='lat' dir='ltr'><strong>virtus</strong></span> <span class='ocrx_word' id='word_1_670' title='bbox 2840 2805 2900 2842; x_wconf 87' lang='lat' dir='ltr'><strong>ac</strong></span> <span class='ocrx_word' id='word_1_671' title='bbox 2923 2789 3155 2846; x_wconf 80' lang='lat' dir='ltr'><strong>divinitas</strong></span> <span class='ocrx_word' id='word_1_672' title='bbox 3177 2793 3353 2864; x_wconf 84' lang='lat' dir='ltr'><strong>(Rom.</strong></span> <span class='ocrx_word' id='word_1_673' title='bbox 3379 2812 3426 2863; x_wconf 84' lang='grc' dir='ltr'><strong>ι,</strong></span> 
     </span>
    </p>
   </div>
   <div class='ocr_carea' id='block_1_88' title="bbox 1848 2871 3429 2957">
    <p class='ocr_par' dir='ltr' id='par_1_88' title="bbox 1848 2871 3429 2957">
     <span class='ocr_line' id='line_1_89' title="bbox 1848 2871 3429 2957; baseline 0.011 -31"><span class='ocrx_word' id='word_1_674' title='bbox 1848 2871 1960 2942; x_wconf 75' lang='lat'><strong>20).</strong></span> <span class='ocrx_word' id='word_1_675' title='bbox 1981 2874 2058 2928; x_wconf 82' lang='lat' dir='ltr'><strong>Ac</strong></span> <span class='ocrx_word' id='word_1_676' title='bbox 2088 2889 2180 2944; x_wconf 89' lang='lat' dir='ltr'><strong>per</strong></span> <span class='ocrx_word' id='word_1_677' title='bbox 2206 2874 2306 2930; x_wconf 94' lang='lat' dir='ltr'><strong>hoc</strong></span> <span class='ocrx_word' id='word_1_678' title='bbox 2332 2890 2451 2930; x_wconf 91' lang='lat' dir='ltr'><strong>cum</strong></span> <span class='ocrx_word' id='word_1_679' title='bbox 2479 2876 2665 2933; x_wconf 89' lang='lat' dir='ltr'><strong>eadem</strong></span> <span class='ocrx_word' id='word_1_680' title='bbox 2695 2878 2926 2936; x_wconf 85' lang='lat' dir='ltr'><strong>Trinitas</strong></span> <span class='ocrx_word' id='word_1_681' title='bbox 2956 2880 3139 2939; x_wconf 88' lang='lat' dir='ltr'><strong>fecerit</strong></span> <span class='ocrx_word' id='word_1_682' title='bbox 3163 2893 3213 2940; x_wconf 91' lang='lat' dir='ltr'><strong>et</strong></span> <span class='ocrx_word' id='word_1_683' title='bbox 3232 2900 3429 2957; x_wconf 89' lang='lat' dir='ltr'><strong>corpus</strong></span> 
     </span>
    </p>
   </div>
   <div class='ocr_carea' id='block_1_89' title="bbox 1850 2967 3425 3048">
    <p class='ocr_par' dir='ltr' id='par_1_89' title="bbox 1850 2967 3425 3048">
     <span class='ocr_line' id='line_1_90' title="bbox 1850 2967 3425 3048; baseline 0.01 -25"><span class='ocrx_word' id='word_1_684' title='bbox 1850 2967 2147 3023; x_wconf 90' lang='lat' dir='ltr'><strong>etanimam</strong></span> <span class='ocrx_word' id='word_1_685' title='bbox 2171 3011 2186 3034; x_wconf 90' lang='lat'><strong>,</strong></span> <span class='ocrx_word' id='word_1_686' title='bbox 2218 2969 2332 3025; x_wconf 90' lang='lat' dir='ltr'><strong>sine</strong></span> <span class='ocrx_word' id='word_1_687' title='bbox 2359 2969 2690 3028; x_wconf 89' lang='lat' dir='ltr'><strong>dubitatione</strong></span> <span class='ocrx_word' id='word_1_688' title='bbox 2714 2981 2796 3029; x_wconf 90' lang='lat' dir='ltr'><strong>est</strong></span> <span class='ocrx_word' id='word_1_689' title='bbox 2821 2982 3042 3046; x_wconf 88' lang='lat' dir='ltr'><strong>utroque</strong></span> <span class='ocrx_word' id='word_1_690' title='bbox 3069 2983 3425 3048; x_wconf 86' lang='lat' dir='ltr'><strong>praestantior.</strong></span> 
     </span>
    </p>
   </div>
   <div class='ocr_carea' id='block_1_90' title="bbox 1850 3060 3428 3131">
    <p class='ocr_par' dir='ltr' id='par_1_90' title="bbox 1850 3060 3428 3131">
     <span class='ocr_line' id='line_1_91' title="bbox 1850 3060 3428 3131; baseline 0.011 -19"><span class='ocrx_word' id='word_1_691' title='bbox 1850 3060 2040 3114; x_wconf 84' lang='lat' dir='ltr'><strong>Anima</strong></span> <span class='ocrx_word' id='word_1_692' title='bbox 2068 3060 2246 3131; x_wconf 88' lang='lat' dir='ltr'><strong>itaque</strong></span> <span class='ocrx_word' id='word_1_693' title='bbox 2270 3062 2600 3118; x_wconf 87' lang='lat' dir='ltr'><strong>considerata</strong></span> <span class='ocrx_word' id='word_1_694' title='bbox 2622 3107 2635 3128; x_wconf 91' lang='lat'><strong>,</strong></span> <span class='ocrx_word' id='word_1_695' title='bbox 2677 3066 2907 3122; x_wconf 78' lang='lat' dir='ltr'><strong>maxime</strong></span> <span class='ocrx_word' id='word_1_696' title='bbox 2927 3066 3155 3126; x_wconf 88' lang='lat' dir='ltr'><strong>humana</strong></span> <span class='ocrx_word' id='word_1_697' title='bbox 3182 3081 3233 3127; x_wconf 90' lang='lat' dir='ltr'><strong>et</strong></span> <span class='ocrx_word' id='word_1_698' title='bbox 3263 3075 3428 3130; x_wconf 85' lang='lat' dir='ltr'><strong>ratio-</strong></span> 
     </span>
    </p>
   </div>
   <div class='ocr_carea' id='block_1_91' title="bbox 1851 3153 3430 3234">
    <p class='ocr_par' dir='ltr' id='par_1_91' title="bbox 1851 3153 3430 3234">
     <span class='ocr_line' id='line_1_92' title="bbox 1851 3153 3430 3234; baseline 0.013 -28"><span class='ocrx_word' id='word_1_699' title='bbox 1851 3153 1985 3208; x_wconf 90' lang='lat' dir='ltr'><strong>nalis</strong></span> <span class='ocrx_word' id='word_1_700' title='bbox 2013 3162 2171 3224; x_wconf 87' lang='lat' dir='ltr'><strong>atque</strong></span> <span class='ocrx_word' id='word_1_701' title='bbox 2199 3155 2593 3223; x_wconf 87' lang='lat' dir='ltr'><strong>intellectualis,</strong></span> <span class='ocrx_word' id='word_1_702' title='bbox 2623 3174 2740 3228; x_wconf 74' lang='lat' dir='ltr'><strong>qua:</strong></span> <span class='ocrx_word' id='word_1_703' title='bbox 2768 3160 2834 3213; x_wconf 90' lang='lat' dir='ltr'><strong>ad</strong></span> <span class='ocrx_word' id='word_1_704' title='bbox 2858 3161 2974 3231; x_wconf 89' lang='lat' dir='ltr'><strong>ejus</strong></span> <span class='ocrx_word' id='word_1_705' title='bbox 2996 3162 3276 3234; x_wconf 89' lang='lat' dir='ltr'><strong>imaginem</strong></span> <span class='ocrx_word' id='word_1_706' title='bbox 3294 3167 3430 3227; x_wconf 76' lang='lat' dir='ltr'><strong>facta</strong></span> 
     </span>
    </p>
   </div>
   <div class='ocr_carea' id='block_1_92' title="bbox 1849 3245 3430 3323">
    <p class='ocr_par' dir='ltr' id='par_1_92' title="bbox 1849 3245 3430 3323">
     <span class='ocr_line' id='line_1_93' title="bbox 1849 3245 3430 3323; baseline 0.01 -25"><span class='ocrx_word' id='word_1_707' title='bbox 1849 3251 1926 3298; x_wconf 89' lang='lat' dir='ltr'><strong>est</strong></span> <span class='ocrx_word' id='word_1_708' title='bbox 1953 3285 1969 3311; x_wconf 93' lang='lat'><strong>,</strong></span> <span class='ocrx_word' id='word_1_709' title='bbox 2001 3245 2044 3299; x_wconf 91' lang='lat' dir='ltr'><strong>si</strong></span> <span class='ocrx_word' id='word_1_710' title='bbox 2074 3245 2420 3314; x_wconf 85' lang='lat' dir='ltr'><strong>cogitationes</strong></span> <span class='ocrx_word' id='word_1_711' title='bbox 2458 3256 2668 3302; x_wconf 89' lang='lat' dir='ltr'><strong>nostras</strong></span> <span class='ocrx_word' id='word_1_712' title='bbox 2704 3257 2760 3305; x_wconf 87' lang='lat' dir='ltr'><strong>et</strong></span> <span class='ocrx_word' id='word_1_713' title='bbox 2790 3250 3160 3323; x_wconf 88' lang='lat' dir='ltr'><strong>intelligentias</strong></span> <span class='ocrx_word' id='word_1_714' title='bbox 3187 3271 3291 3313; x_wconf 92' lang='lat' dir='ltr'><strong>non</strong></span> <span class='ocrx_word' id='word_1_715' title='bbox 3315 3260 3430 3313; x_wconf 81' lang='lat' dir='ltr'><strong>evi-</strong></span> 
     </span>
    </p>
   </div>
   <div class='ocr_carea' id='block_1_93' title="bbox 1849 3335 3428 3419">
    <p class='ocr_par' dir='ltr' id='par_1_93' title="bbox 1849 3335 3428 3419">
     <span class='ocr_line' id='line_1_94' title="bbox 1849 3335 3428 3419; baseline 0.009 -30"><span class='ocrx_word' id='word_1_716' title='bbox 1849 3335 2017 3401; x_wconf 89' lang='lat' dir='ltr'><strong>cerit,</strong></span> <span class='ocrx_word' id='word_1_717' title='bbox 2050 3335 2146 3391; x_wconf 90' lang='lat' dir='ltr'><strong>sed</strong></span> <span class='ocrx_word' id='word_1_718' title='bbox 2175 3336 2291 3406; x_wconf 85' lang='lat' dir='ltr'><strong>ejus</strong></span> <span class='ocrx_word' id='word_1_719' title='bbox 2313 3337 2454 3408; x_wconf 92' lang='lat' dir='ltr'><strong>quod</strong></span> <span class='ocrx_word' id='word_1_720' title='bbox 2485 3337 2643 3394; x_wconf 91' lang='lat' dir='ltr'><strong>habet</strong></span> <span class='ocrx_word' id='word_1_721' title='bbox 2678 3342 3000 3413; x_wconf 68' lang='lat' dir='ltr'><strong>prmcipuum</strong></span> <span class='ocrx_word' id='word_1_722' title='bbox 3026 3387 3040 3409; x_wconf 88' lang='lat'><strong>,</strong></span> <span class='ocrx_word' id='word_1_723' title='bbox 3075 3345 3126 3400; x_wconf 92' lang='lat' dir='ltr'><strong>id</strong></span> <span class='ocrx_word' id='word_1_724' title='bbox 3153 3357 3232 3402; x_wconf 89' lang='lat' dir='ltr'><strong>est</strong></span> <span class='ocrx_word' id='word_1_725' title='bbox 3263 3348 3428 3419; x_wconf 89' lang='lat' dir='ltr'><strong>ipsam</strong></span> 
     </span>
    </p>
   </div>
   <div class='ocr_carea' id='block_1_94' title="bbox 1851 3430 3429 3511">
    <p class='ocr_par' dir='ltr' id='par_1_94' title="bbox 1851 3430 3429 3511">
     <span class='ocr_line' id='line_1_95' title="bbox 1851 3430 3429 3511; baseline 0.011 -29"><span class='ocrx_word' id='word_1_726' title='bbox 1851 3435 2081 3484; x_wconf 89' lang='lat' dir='ltr'><strong>mentem</strong></span> <span class='ocrx_word' id='word_1_727' title='bbox 2107 3438 2265 3501; x_wconf 89' lang='lat' dir='ltr'><strong>atque</strong></span> <span class='ocrx_word' id='word_1_728' title='bbox 2289 3430 2687 3502; x_wconf 86' lang='lat' dir='ltr'><strong>intelligentiam</strong></span> <span class='ocrx_word' id='word_1_729' title='bbox 2709 3445 2886 3491; x_wconf 90' lang='lat' dir='ltr'><strong>mente</strong></span> <span class='ocrx_word' id='word_1_730' title='bbox 2907 3447 3064 3508; x_wconf 90' lang='lat' dir='ltr'><strong>atque</strong></span> <span class='ocrx_word' id='word_1_731' title='bbox 3086 3439 3429 3511; x_wconf 85' lang='lat' dir='ltr'><strong>intelligentia</strong></span> 
     </span>
    </p>
   </div>
   <div class='ocr_carea' id='block_1_95' title="bbox 1854 3521 3427 3593">
    <p class='ocr_par' dir='ltr' id='par_1_95' title="bbox 1854 3521 3427 3593">
     <span class='ocr_line' id='line_1_96' title="bbox 1854 3521 3427 3593; baseline 0.01 -19"><span class='ocrx_word' id='word_1_732' title='bbox 1854 3521 2184 3590; x_wconf 90' lang='lat' dir='ltr'><strong>potuerimus</strong></span> <span class='ocrx_word' id='word_1_733' title='bbox 2212 3521 2612 3593; x_wconf 88' lang='lat' dir='ltr'><strong>apprehendere</strong></span> <span class='ocrx_word' id='word_1_734' title='bbox 2632 3566 2646 3591; x_wconf 91' lang='lat'><strong>,</strong></span> <span class='ocrx_word' id='word_1_735' title='bbox 2699 3541 2804 3580; x_wconf 91' lang='lat' dir='ltr'><strong>non</strong></span> <span class='ocrx_word' id='word_1_736' title='bbox 2848 3528 2949 3582; x_wconf 90' lang='lat' dir='ltr'><strong>erit</strong></span> <span class='ocrx_word' id='word_1_737' title='bbox 2977 3529 3212 3587; x_wconf 90' lang='lat' dir='ltr'><strong>fortassis</strong></span> <span class='ocrx_word' id='word_1_738' title='bbox 3239 3534 3427 3588; x_wconf 87' lang='lat' dir='ltr'><strong>absur-</strong></span> 
     </span>
    </p>
   </div>
   <div class='ocr_carea' id='block_1_96' title="bbox 1850 3611 3428 3697">
    <p class='ocr_par' dir='ltr' id='par_1_96' title="bbox 1850 3611 3428 3697">
     <span class='ocr_line' id='line_1_97' title="bbox 1850 3611 3428 3697; baseline 0.01 -31"><span class='ocrx_word' id='word_1_739' title='bbox 1850 3611 1979 3667; x_wconf 90' lang='lat' dir='ltr'><strong>dum</strong></span> <span class='ocrx_word' id='word_1_740' title='bbox 2003 3655 2018 3679; x_wconf 90' lang='lat'><strong>,</strong></span> <span class='ocrx_word' id='word_1_741' title='bbox 2052 3623 2110 3668; x_wconf 89' lang='lat' dir='ltr'><strong>ut</strong></span> <span class='ocrx_word' id='word_1_742' title='bbox 2134 3629 2249 3669; x_wconf 90' lang='lat' dir='ltr'><strong>eam</strong></span> <span class='ocrx_word' id='word_1_743' title='bbox 2273 3615 2338 3670; x_wconf 90' lang='lat' dir='ltr'><strong>ad</strong></span> <span class='ocrx_word' id='word_1_744' title='bbox 2367 3632 2520 3672; x_wconf 85' lang='lat' dir='ltr'><strong>suum</strong></span> <span class='ocrx_word' id='word_1_745' title='bbox 2554 3633 2765 3690; x_wconf 90' lang='lat' dir='ltr'><strong>quoque</strong></span> <span class='ocrx_word' id='word_1_746' title='bbox 2792 3620 3098 3678; x_wconf 88' lang='lat' dir='ltr'><strong>Creatorem</strong></span> <span class='ocrx_word' id='word_1_747' title='bbox 3129 3624 3428 3697; x_wconf 81' lang='lat' dir='ltr'><strong>intelligen-</strong></span> 
     </span>
    </p>
   </div>
   <div class='ocr_carea' id='block_1_97' title="bbox 1851 3704 3430 3777">
    <p class='ocr_par' dir='ltr' id='par_1_97' title="bbox 1851 3704 3430 3777">
     <span class='ocr_line' id='line_1_98' title="bbox 1851 3704 3430 3777; baseline 0.011 -18"><span class='ocrx_word' id='word_1_748' title='bbox 1851 3704 2005 3772; x_wconf 91' lang='lat' dir='ltr'><strong>dum,</strong></span> <span class='ocrx_word' id='word_1_749' title='bbox 2040 3706 2154 3776; x_wconf 91' lang='lat' dir='ltr'><strong>ipso</strong></span> <span class='ocrx_word' id='word_1_750' title='bbox 2183 3707 2464 3777; x_wconf 87' lang='lat' dir='ltr'><strong>adjuvante</strong></span> <span class='ocrx_word' id='word_1_751' title='bbox 2505 3710 2823 3768; x_wconf 89' lang='lat' dir='ltr'><strong>meditemur</strong></span> <span class='ocrx_word' id='word_1_752' title='bbox 2855 3715 3118 3772; x_wconf 85' lang='lat' dir='ltr'><strong>attollere.</strong></span> <span class='ocrx_word' id='word_1_753' title='bbox 3150 3716 3206 3774; x_wconf 85' lang='lat' dir='ltr'><strong>Si</strong></span> <span class='ocrx_word' id='word_1_754' title='bbox 3253 3729 3430 3776; x_wconf 88' lang='lat' dir='ltr'><strong>autem</strong></span> 
     </span>
    </p>
   </div>
   <div class='ocr_carea' id='block_1_98' title="bbox 1853 3795 3430 3876">
    <p class='ocr_par' dir='ltr' id='par_1_98' title="bbox 1853 3795 3430 3876">
     <span class='ocr_line' id='line_1_99' title="bbox 1853 3795 3430 3876; baseline 0.013 -27"><span class='ocrx_word' id='word_1_755' title='bbox 1853 3795 1908 3850; x_wconf 90' lang='lat' dir='ltr'><strong>in</strong></span> <span class='ocrx_word' id='word_1_756' title='bbox 1939 3796 2112 3867; x_wconf 90' lang='lat' dir='ltr'><strong>seipsa</strong></span> <span class='ocrx_word' id='word_1_757' title='bbox 2137 3797 2333 3865; x_wconf 90' lang='lat' dir='ltr'><strong>deﬁcit,</strong></span> <span class='ocrx_word' id='word_1_758' title='bbox 2364 3800 2570 3871; x_wconf 90' lang='lat' dir='ltr'><strong>sibique</strong></span> <span class='ocrx_word' id='word_1_759' title='bbox 2593 3804 2911 3870; x_wconf 85' lang='lat' dir='ltr'><strong>succumbit,</strong></span> <span class='ocrx_word' id='word_1_760' title='bbox 2945 3807 3030 3876; x_wconf 91' lang='lat' dir='ltr'><strong>pia</strong></span> <span class='ocrx_word' id='word_1_761' title='bbox 3055 3807 3157 3863; x_wconf 89' lang='lat' dir='ltr'><strong>ﬁde</strong></span> <span class='ocrx_word' id='word_1_762' title='bbox 3184 3821 3430 3870; x_wconf 83' lang='lat' dir='ltr'><strong>contenta</strong></span> 
     </span>
    </p>
   </div>
   <div class='ocr_carea' id='block_1_99' title="bbox 1851 3887 3432 3962">
    <p class='ocr_par' dir='ltr' id='par_1_99' title="bbox 1851 3887 3432 3962">
     <span class='ocr_line' id='line_1_100' title="bbox 1851 3887 3432 3962; baseline 0.01 -20"><span class='ocrx_word' id='word_1_763' title='bbox 1851 3887 1919 3942; x_wconf 89' lang='lat' dir='ltr'><strong>sit</strong></span> <span class='ocrx_word' id='word_1_764' title='bbox 1937 3888 2184 3958; x_wconf 89' lang='lat' dir='ltr'><strong>quamdiu</strong></span> <span class='ocrx_word' id='word_1_765' title='bbox 2209 3893 2576 3962; x_wconf 84' lang='lat' dir='ltr'><strong>peregrinatur</strong></span> <span class='ocrx_word' id='word_1_766' title='bbox 2598 3909 2628 3948; x_wconf 89' lang='lat' dir='ltr'><strong>a</strong></span> <span class='ocrx_word' id='word_1_767' title='bbox 2657 3894 2912 3962; x_wconf 92' lang='lat' dir='ltr'><strong>Domino,</strong></span> <span class='ocrx_word' id='word_1_768' title='bbox 2943 3897 3112 3953; x_wconf 86' lang='lat' dir='ltr'><strong>donec</strong></span> <span class='ocrx_word' id='word_1_769' title='bbox 3141 3902 3232 3956; x_wconf 88' lang='lat' dir='ltr'><strong>ﬁat</strong></span> <span class='ocrx_word' id='word_1_770' title='bbox 3257 3901 3308 3955; x_wconf 93' lang='lat' dir='ltr'><strong>in</strong></span> <span class='ocrx_word' id='word_1_771' title='bbox 3339 3902 3432 3959; x_wconf 79' lang='lat' dir='ltr'><strong>ho~</strong></span> 
     </span>
    </p>
   </div>
   <div class='ocr_carea' id='block_1_100' title="bbox 1851 3980 3426 4062">
    <p class='ocr_par' dir='ltr' id='par_1_100' title="bbox 1851 3980 3426 4062">
     <span class='ocr_line' id='line_1_101' title="bbox 1851 3980 3426 4062; baseline 0.01 -30"><span class='ocrx_word' id='word_1_772' title='bbox 1851 3980 1995 4035; x_wconf 91' lang='lat' dir='ltr'><strong>mine</strong></span> <span class='ocrx_word' id='word_1_773' title='bbox 2019 3981 2157 4051; x_wconf 90' lang='lat' dir='ltr'><strong>quod</strong></span> <span class='ocrx_word' id='word_1_774' title='bbox 2185 3984 2504 4052; x_wconf 90' lang='lat' dir='ltr'><strong>promissum</strong></span> <span class='ocrx_word' id='word_1_775' title='bbox 2524 3995 2632 4052; x_wconf 86' lang='lat' dir='ltr'><strong>est,</strong></span> <span class='ocrx_word' id='word_1_776' title='bbox 2667 3988 2888 4042; x_wconf 92' lang='lat' dir='ltr'><strong>faciente</strong></span> <span class='ocrx_word' id='word_1_777' title='bbox 2917 3990 3006 4043; x_wconf 92' lang='lat' dir='ltr'><strong>illo</strong></span> <span class='ocrx_word' id='word_1_778' title='bbox 3032 3993 3118 4060; x_wconf 84' lang='lat' dir='ltr'><strong>qui</strong></span> <span class='ocrx_word' id='word_1_779' title='bbox 3141 4005 3315 4062; x_wconf 81' lang='lat' dir='ltr'><strong>potens</strong></span> <span class='ocrx_word' id='word_1_780' title='bbox 3334 4007 3426 4061; x_wconf 82' lang='lat' dir='ltr'><strong>est,</strong></span> 
     </span>
    </p>
   </div>
   <div class='ocr_carea' id='block_1_101' title="bbox 1851 4071 3431 4150">
    <p class='ocr_par' dir='ltr' id='par_1_101' title="bbox 1851 4071 3431 4150">
     <span class='ocr_line' id='line_1_102' title="bbox 1851 4071 3431 4150; baseline 0.011 -25"><span class='ocrx_word' id='word_1_781' title='bbox 1851 4071 1986 4126; x_wconf 88' lang='lat' dir='ltr'><strong>sicut</strong></span> <span class='ocrx_word' id='word_1_782' title='bbox 2011 4073 2083 4127; x_wconf 83' lang='lat' dir='ltr'><strong>ait</strong></span> <span class='ocrx_word' id='word_1_783' title='bbox 2111 4073 2424 4143; x_wconf 84' lang='lat' dir='ltr'><strong>Apostolus,</strong></span> <span class='ocrx_word' id='word_1_784' title='bbox 2455 4083 2619 4147; x_wconf 77' lang='lat' dir='ltr'><strong>facere</strong></span> <span class='ocrx_word' id='word_1_785' title='bbox 2651 4095 2805 4148; x_wconf 78' lang='lat' dir='ltr'><strong>supra</strong></span> <span class='ocrx_word' id='word_1_786' title='bbox 2831 4097 2980 4148; x_wconf 84' lang='lat' dir='ltr'><strong>quam</strong></span> <span class='ocrx_word' id='word_1_787' title='bbox 3005 4085 3216 4150; x_wconf 81' lang='lat' dir='ltr'><strong>petimus</strong></span> <span class='ocrx_word' id='word_1_788' title='bbox 3242 4099 3326 4140; x_wconf 82' lang='lat' dir='ltr'><strong>aut</strong></span> <span class='ocrx_word' id='word_1_789' title='bbox 3352 4090 3431 4142; x_wconf 78' lang='lat' dir='ltr'><strong>in-</strong></span> 
     </span>
    </p>
   </div>
   <div class='ocr_carea' id='block_1_102' title="bbox 1851 4163 2652 4239">
    <p class='ocr_par' dir='ltr' id='par_1_102' title="bbox 1851 4163 2652 4239">
     <span class='ocr_line' id='line_1_103' title="bbox 1851 4163 2652 4239; baseline 0.004 -22"><span class='ocrx_word' id='word_1_790' title='bbox 1851 4163 2120 4234; x_wconf 81' lang='lat' dir='ltr'><strong>telligimus</strong></span> <span class='ocrx_word' id='word_1_791' title='bbox 2148 4165 2304 4236; x_wconf 84' lang='lat' dir='ltr'><strong>(Eph.</strong></span> <span class='ocrx_word' id='word_1_792' title='bbox 2335 4183 2410 4231; x_wconf 86' lang='lat' dir='ltr'><strong>tu,</strong></span> <span class='ocrx_word' id='word_1_793' title='bbox 2435 4167 2526 4239; x_wconf 75' lang='lat'><strong>20)</strong></span> <span class='ocrx_word' id='word_1_794' title='bbox 2556 4168 2652 4239; x_wconf 85' lang='lat' dir='ltr'><strong>(a).</strong></span> 
     </span>
    </p>
   </div>
   <div class='ocr_carea' id='block_1_103' title="bbox 1925 4252 3430 4330">
    <p class='ocr_par' dir='ltr' id='par_1_103' title="bbox 1925 4252 3430 4330">
     <span class='ocr_line' id='line_1_104' title="bbox 1925 4252 3430 4330; baseline 0.012 -23"><span class='ocrx_word' id='word_1_795' title='bbox 1925 4252 2147 4309; x_wconf 83' lang='lat' dir='ltr'><strong>CAPUT</strong></span> <span class='ocrx_word' id='word_1_796' title='bbox 2187 4254 2272 4309; x_wconf 93' lang='lat' dir='ltr'><strong>Ill.</strong></span> <span class='ocrx_word' id='word_1_797' title='bbox 2296 4285 2366 4295; x_wconf 93' lang='lat'><strong><em>-—</em></strong></span> <span class='ocrx_word' id='word_1_798' title='bbox 2391 4257 2477 4312; x_wconf 79' lang='grc'><strong>15.</strong></span> <span class='ocrx_word' id='word_1_799' title='bbox 2505 4257 2634 4325; x_wconf 64' lang='lat' dir='ltr'><strong>Qum</strong></span> <span class='ocrx_word' id='word_1_800' title='bbox 2660 4273 2779 4313; x_wconf 90' lang='lat' dir='ltr'><strong>cum</strong></span> <span class='ocrx_word' id='word_1_801' title='bbox 2813 4261 2881 4314; x_wconf 89' lang='lat' dir='ltr'><strong>ita</strong></span> <span class='ocrx_word' id='word_1_802' title='bbox 2909 4262 3045 4330; x_wconf 87' lang='lat' dir='ltr'><strong>sint,</strong></span> <span class='ocrx_word' id='word_1_803' title='bbox 3077 4265 3285 4321; x_wconf 88' lang='lat' dir='ltr'><strong>interim</strong></span> <span class='ocrx_word' id='word_1_804' title='bbox 3310 4271 3430 4324; x_wconf 91' lang='lat' dir='ltr'><strong>volo</strong></span> 
     </span>
    </p>
   </div>
   <div class='ocr_carea' id='block_1_104' title="bbox 1851 4345 3430 4429">
    <p class='ocr_par' dir='ltr' id='par_1_104' title="bbox 1851 4345 3430 4429">
     <span class='ocr_line' id='line_1_105' title="bbox 1851 4345 3430 4429; baseline 0.011 -31"><span class='ocrx_word' id='word_1_805' title='bbox 1851 4354 1908 4399; x_wconf 92' lang='lat' dir='ltr'><strong>ut</strong></span> <span class='ocrx_word' id='word_1_806' title='bbox 1930 4345 2072 4414; x_wconf 87' lang='lat' dir='ltr'><strong>legas</strong></span> <span class='ocrx_word' id='word_1_807' title='bbox 2096 4361 2156 4400; x_wconf 90' lang='lat' dir='ltr'><strong>ea</strong></span> <span class='ocrx_word' id='word_1_808' title='bbox 2186 4362 2304 4417; x_wconf 64' lang='lat' dir='ltr'><strong>quae</strong></span> <span class='ocrx_word' id='word_1_809' title='bbox 2324 4347 2390 4402; x_wconf 88' lang='lat' dir='ltr'><strong>ad</strong></span> <span class='ocrx_word' id='word_1_810' title='bbox 2412 4348 2566 4404; x_wconf 88' lang='lat' dir='ltr'><strong>istam</strong></span> <span class='ocrx_word' id='word_1_811' title='bbox 2601 4351 2947 4418; x_wconf 65' lang='lat' dir='ltr'><strong>quazstionem</strong></span> <span class='ocrx_word' id='word_1_812' title='bbox 2973 4356 3289 4424; x_wconf 89' lang='lat' dir='ltr'><strong>pertinentia</strong></span> <span class='ocrx_word' id='word_1_813' title='bbox 3318 4360 3430 4429; x_wconf 87' lang='lat' dir='ltr'><strong>jam</strong></span> 
     </span>
    </p>
   </div>
   <div class='ocr_carea' id='block_1_105' title="bbox 1853 4436 3431 4514">
    <p class='ocr_par' dir='ltr' id='par_1_105' title="bbox 1853 4436 3431 4514">
     <span class='ocr_line' id='line_1_106' title="bbox 1853 4436 3431 4514; baseline 0.011 -24"><span class='ocrx_word' id='word_1_814' title='bbox 1853 4436 2018 4492; x_wconf 88' lang='lat' dir='ltr'><strong>multa</strong></span> <span class='ocrx_word' id='word_1_815' title='bbox 2043 4439 2492 4509; x_wconf 89' lang='lat' dir='ltr'><strong>conscripsimus;</strong></span> <span class='ocrx_word' id='word_1_816' title='bbox 2537 4442 2625 4496; x_wconf 91' lang='lat' dir='ltr'><strong>illa</strong></span> <span class='ocrx_word' id='word_1_817' title='bbox 2651 4443 2810 4498; x_wconf 90' lang='lat' dir='ltr'><strong>etiam</strong></span> <span class='ocrx_word' id='word_1_818' title='bbox 2842 4461 2958 4514; x_wconf 73' lang='lat' dir='ltr'><strong>qum</strong></span> <span class='ocrx_word' id='word_1_819' title='bbox 2989 4447 3041 4501; x_wconf 91' lang='lat' dir='ltr'><strong>in</strong></span> <span class='ocrx_word' id='word_1_820' title='bbox 3072 4451 3312 4506; x_wconf 90' lang='lat' dir='ltr'><strong>manibus</strong></span> <span class='ocrx_word' id='word_1_821' title='bbox 3337 4452 3431 4508; x_wconf 89' lang='lat' dir='ltr'><strong>ba-</strong></span> 
     </span>
    </p>
   </div>
   <div class='ocr_carea' id='block_1_106' title="bbox 1853 4528 3432 4612">
    <p class='ocr_par' dir='ltr' id='par_1_106' title="bbox 1853 4528 3432 4612">
     <span class='ocr_line' id='line_1_107' title="bbox 1853 4528 3432 4612; baseline 0.011 -30"><span class='ocrx_word' id='word_1_822' title='bbox 1853 4528 2073 4596; x_wconf 88' lang='lat' dir='ltr'><strong>bemus,</strong></span> <span class='ocrx_word' id='word_1_823' title='bbox 2118 4538 2173 4585; x_wconf 90' lang='lat' dir='ltr'><strong>et</strong></span> <span class='ocrx_word' id='word_1_824' title='bbox 2210 4539 2427 4601; x_wconf 88' lang='lat' dir='ltr'><strong>propter</strong></span> <span class='ocrx_word' id='word_1_825' title='bbox 2466 4533 2880 4603; x_wconf 89' lang='lat' dir='ltr'><strong>magnitudinem</strong></span> <span class='ocrx_word' id='word_1_826' title='bbox 2905 4545 3008 4591; x_wconf 90' lang='lat' dir='ltr'><strong>tam</strong></span> <span class='ocrx_word' id='word_1_827' title='bbox 3036 4538 3264 4596; x_wconf 91' lang='lat' dir='ltr'><strong>difﬁcilis</strong></span> <span class='ocrx_word' id='word_1_828' title='bbox 3289 4559 3432 4612; x_wconf 74' lang='lat' dir='ltr'><strong>quaa-</strong></span> 
     </span>
    </p>
   </div>
   <div class='ocr_carea' id='block_1_107' title="bbox 1853 4621 3431 4695">
    <p class='ocr_par' dir='ltr' id='par_1_107' title="bbox 1853 4621 3431 4695">
     <span class='ocr_line' id='line_1_108' title="bbox 1853 4621 3431 4695; baseline 0.01 -21"><span class='ocrx_word' id='word_1_829' title='bbox 1853 4621 2040 4675; x_wconf 90' lang='lat' dir='ltr'><strong>stionis</strong></span> <span class='ocrx_word' id='word_1_830' title='bbox 2059 4663 2073 4688; x_wconf 90' lang='lat'><strong>,</strong></span> <span class='ocrx_word' id='word_1_831' title='bbox 2107 4622 2337 4677; x_wconf 91' lang='lat' dir='ltr'><strong>nondum</strong></span> <span class='ocrx_word' id='word_1_832' title='bbox 2365 4638 2646 4692; x_wconf 91' lang='lat' dir='ltr'><strong>possumus</strong></span> <span class='ocrx_word' id='word_1_833' title='bbox 2671 4627 2954 4695; x_wconf 74' lang='lat' dir='ltr'><strong>eXplicare.</strong></span> <span class='ocrx_word' id='word_1_834' title='bbox 2982 4628 3132 4685; x_wconf 85' lang='lat' dir='ltr'><strong>Nunc</strong></span> <span class='ocrx_word' id='word_1_835' title='bbox 3161 4648 3284 4687; x_wconf 91' lang='lat' dir='ltr'><strong>vero</strong></span> <span class='ocrx_word' id='word_1_836' title='bbox 3312 4643 3431 4690; x_wconf 86' lang='lat' dir='ltr'><strong>tene</strong></span> 
     </span>
    </p>
   </div>
   <div class='ocr_carea' id='block_1_108' title="bbox 1853 4713 3430 4792">
    <p class='ocr_par' dir='ltr' id='par_1_108' title="bbox 1853 4713 3430 4792">
     <span class='ocr_line' id='line_1_109' title="bbox 1853 4713 3430 4792; baseline 0.01 -26"><span class='ocrx_word' id='word_1_837' title='bbox 1853 4713 2164 4768; x_wconf 89' lang='lat' dir='ltr'><strong>inconcussa</strong></span> <span class='ocrx_word' id='word_1_838' title='bbox 2211 4714 2344 4781; x_wconf 92' lang='lat' dir='ltr'><strong>ﬁde,</strong></span> <span class='ocrx_word' id='word_1_839' title='bbox 2382 4715 2594 4771; x_wconf 90' lang='lat' dir='ltr'><strong>Patrem</strong></span> <span class='ocrx_word' id='word_1_840' title='bbox 2637 4727 2689 4772; x_wconf 91' lang='lat' dir='ltr'><strong>et</strong></span> <span class='ocrx_word' id='word_1_841' title='bbox 2713 4718 2901 4774; x_wconf 87' lang='lat' dir='ltr'><strong>Filium</strong></span> <span class='ocrx_word' id='word_1_842' title='bbox 2931 4731 2984 4776; x_wconf 90' lang='lat' dir='ltr'><strong>et</strong></span> <span class='ocrx_word' id='word_1_843' title='bbox 3012 4721 3261 4792; x_wconf 84' lang='lat' dir='ltr'><strong>Spiritum</strong></span> <span class='ocrx_word' id='word_1_844' title='bbox 3305 4741 3430 4781; x_wconf 86' lang='lat' dir='ltr'><strong>sau-</strong></span> 
     </span>
    </p>
   </div>
   <div class='ocr_carea' id='block_1_109' title="bbox 1857 4805 3429 4884">
    <p class='ocr_par' dir='ltr' id='par_1_109' title="bbox 1857 4805 3429 4884">
     <span class='ocr_line' id='line_1_110' title="bbox 1857 4805 3429 4884; baseline 0.012 -27"><span class='ocrx_word' id='word_1_845' title='bbox 1857 4812 1999 4858; x_wconf 92' lang='lat' dir='ltr'><strong>ctum</strong></span> <span class='ocrx_word' id='word_1_846' title='bbox 2031 4820 2150 4860; x_wconf 90' lang='lat' dir='ltr'><strong>esse</strong></span> <span class='ocrx_word' id='word_1_847' title='bbox 2174 4805 2485 4862; x_wconf 85' lang='lat' dir='ltr'><strong>Trinitatem</strong></span> <span class='ocrx_word' id='word_1_848' title='bbox 2511 4848 2525 4873; x_wconf 89' lang='lat'><strong>,</strong></span> <span class='ocrx_word' id='word_1_849' title='bbox 2581 4817 2637 4864; x_wconf 88' lang='lat' dir='ltr'><strong>et</strong></span> <span class='ocrx_word' id='word_1_850' title='bbox 2682 4819 2858 4867; x_wconf 90' lang='lat' dir='ltr'><strong>tamen</strong></span> <span class='ocrx_word' id='word_1_851' title='bbox 2887 4828 3049 4868; x_wconf 89' lang='lat' dir='ltr'><strong>unum</strong></span> <span class='ocrx_word' id='word_1_852' title='bbox 3098 4815 3290 4884; x_wconf 92' lang='lat' dir='ltr'><strong>Deum;</strong></span> <span class='ocrx_word' id='word_1_853' title='bbox 3323 4836 3429 4878; x_wconf 89' lang='lat' dir='ltr'><strong>non</strong></span> 
     </span>
    </p>
   </div>
   <div class='ocr_carea' id='block_1_110' title="bbox 1855 4896 3429 4977">
    <p class='ocr_par' dir='ltr' id='par_1_110' title="bbox 1855 4896 3429 4977">
     <span class='ocr_line' id='line_1_111' title="bbox 1855 4896 3429 4977; baseline 0.013 -29"><span class='ocrx_word' id='word_1_854' title='bbox 1855 4896 1996 4967; x_wconf 92' lang='lat' dir='ltr'><strong>quod</strong></span> <span class='ocrx_word' id='word_1_855' title='bbox 2025 4898 2094 4952; x_wconf 91' lang='lat' dir='ltr'><strong>sit</strong></span> <span class='ocrx_word' id='word_1_856' title='bbox 2120 4913 2306 4952; x_wconf 91' lang='lat' dir='ltr'><strong>eorum</strong></span> <span class='ocrx_word' id='word_1_857' title='bbox 2333 4902 2628 4956; x_wconf 90' lang='lat' dir='ltr'><strong>communis</strong></span> <span class='ocrx_word' id='word_1_858' title='bbox 2651 4905 2801 4972; x_wconf 89' lang='lat' dir='ltr'><strong>quasi</strong></span> <span class='ocrx_word' id='word_1_859' title='bbox 2825 4915 3007 4975; x_wconf 90' lang='lat' dir='ltr'><strong>quarta</strong></span> <span class='ocrx_word' id='word_1_860' title='bbox 3031 4907 3276 4965; x_wconf 87' lang='lat' dir='ltr'><strong>divinitas</strong></span> <span class='ocrx_word' id='word_1_861' title='bbox 3293 4953 3306 4977; x_wconf 94' lang='lat'><strong>,</strong></span> <span class='ocrx_word' id='word_1_862' title='bbox 3336 4913 3429 4968; x_wconf 88' lang='lat' dir='ltr'><strong>sed</strong></span> 
     </span>
    </p>
   </div>
   <div class='ocr_carea' id='block_1_111' title="bbox 1852 4990 3426 5070">
    <p class='ocr_par' dir='ltr' id='par_1_111' title="bbox 1852 4990 3426 5070">
     <span class='ocr_line' id='line_1_112' title="bbox 1852 4990 3426 5070; baseline 0.011 -26"><span class='ocrx_word' id='word_1_863' title='bbox 1852 4990 1991 5061; x_wconf 89' lang='lat' dir='ltr'><strong>quod</strong></span> <span class='ocrx_word' id='word_1_864' title='bbox 2018 4991 2087 5046; x_wconf 91' lang='lat' dir='ltr'><strong>sit</strong></span> <span class='ocrx_word' id='word_1_865' title='bbox 2111 4992 2224 5063; x_wconf 87' lang='lat' dir='ltr'><strong>ipsa</strong></span> <span class='ocrx_word' id='word_1_866' title='bbox 2254 4992 2624 5050; x_wconf 73' lang='lat' dir='ltr'><strong>incﬁ&#39;abililer‘</strong></span> <span class='ocrx_word' id='word_1_867' title='bbox 2656 4995 3023 5068; x_wconf 90' lang='lat' dir='ltr'><strong>inseparabilis</strong></span> <span class='ocrx_word' id='word_1_868' title='bbox 3053 5000 3304 5070; x_wconf 87' lang='lat' dir='ltr'><strong>Trinitas,</strong></span> <span class='ocrx_word' id='word_1_869' title='bbox 3330 5005 3426 5060; x_wconf 85' lang='lat' dir='ltr'><strong>Pa-</strong></span> 
     </span>
    </p>
   </div>
   <div class='ocr_carea' id='block_1_112' title="bbox 1855 5085 3428 5163">
    <p class='ocr_par' dir='ltr' id='par_1_112' title="bbox 1855 5085 3428 5163">
     <span class='ocr_line' id='line_1_113' title="bbox 1855 5085 3428 5163; baseline 0.008 -25"><span class='ocrx_word' id='word_1_870' title='bbox 1855 5094 2096 5155; x_wconf 89' lang='lat' dir='ltr'><strong>tremque</strong></span> <span class='ocrx_word' id='word_1_871' title='bbox 2124 5085 2296 5139; x_wconf 88' lang='lat' dir='ltr'><strong>solum</strong></span> <span class='ocrx_word' id='word_1_872' title='bbox 2324 5087 2569 5156; x_wconf 87' lang='lat' dir='ltr'><strong>genuisse</strong></span> <span class='ocrx_word' id='word_1_873' title='bbox 2607 5087 2793 5142; x_wconf 85' lang='lat' dir='ltr'><strong>Filium</strong></span> <span class='ocrx_word' id='word_1_874' title='bbox 2814 5131 2828 5156; x_wconf 90' lang='lat'><strong>,</strong></span> <span class='ocrx_word' id='word_1_875' title='bbox 2878 5089 3172 5163; x_wconf 83' lang='lat' dir='ltr'><strong>Filiumque</strong></span> <span class='ocrx_word' id='word_1_876' title='bbox 3199 5097 3368 5151; x_wconf 90' lang='lat' dir='ltr'><strong>solum</strong></span> <span class='ocrx_word' id='word_1_877' title='bbox 3401 5118 3428 5150; x_wconf 85' lang='lat' dir='ltr'><strong>a</strong></span> 
     </span>
    </p>
   </div>
   <div class='ocr_carea' id='block_1_113' title="bbox 1855 5176 3430 5247">
    <p class='ocr_par' dir='ltr' id='par_1_113' title="bbox 1855 5176 3430 5247">
     <span class='ocr_line' id='line_1_114' title="bbox 1855 5176 3430 5247; baseline 0.008 -16"><span class='ocrx_word' id='word_1_878' title='bbox 1855 5176 2012 5231; x_wconf 89' lang='lat' dir='ltr'><strong>Patre</strong></span> <span class='ocrx_word' id='word_1_879' title='bbox 2037 5177 2305 5246; x_wconf 88' lang='lat' dir='ltr'><strong>genitum,</strong></span> <span class='ocrx_word' id='word_1_880' title='bbox 2349 5177 2600 5247; x_wconf 89' lang='lat' dir='ltr'><strong>Spiritum</strong></span> <span class='ocrx_word' id='word_1_881' title='bbox 2639 5193 2769 5234; x_wconf 75' lang='lat' dir='ltr'><strong>vero</strong></span> <span class='ocrx_word' id='word_1_882' title='bbox 2812 5191 3050 5236; x_wconf 90' lang='lat' dir='ltr'><strong>sanctum</strong></span> <span class='ocrx_word' id='word_1_883' title='bbox 3080 5193 3134 5238; x_wconf 92' lang='lat' dir='ltr'><strong>et</strong></span> <span class='ocrx_word' id='word_1_884' title='bbox 3175 5185 3343 5242; x_wconf 88' lang='lat' dir='ltr'><strong>Patris</strong></span> <span class='ocrx_word' id='word_1_885' title='bbox 3378 5199 3430 5242; x_wconf 91' lang='lat' dir='ltr'><strong>ct</strong></span> 
     </span>
    </p>
   </div>
   <div class='ocr_carea' id='block_1_114' title="bbox 1853 5269 3426 5349">
    <p class='ocr_par' dir='ltr' id='par_1_114' title="bbox 1853 5269 3426 5349">
     <span class='ocr_line' id='line_1_115' title="bbox 1853 5269 3426 5349; baseline 0.008 -27"><span class='ocrx_word' id='word_1_886' title='bbox 1853 5269 1970 5324; x_wconf 80' lang='lat' dir='ltr'><strong>Filii</strong></span> <span class='ocrx_word' id='word_1_887' title='bbox 1995 5284 2114 5325; x_wconf 82' lang='lat' dir='ltr'><strong>esse</strong></span> <span class='ocrx_word' id='word_1_888' title='bbox 2150 5269 2424 5340; x_wconf 89' lang='lat' dir='ltr'><strong>Spiritum.</strong></span> <span class='ocrx_word' id='word_1_889' title='bbox 2457 5271 2526 5326; x_wconf 88' lang='lat' dir='ltr'><strong>Et</strong></span> <span class='ocrx_word' id='word_1_890' title='bbox 2547 5272 2801 5343; x_wconf 86' lang='lat' dir='ltr'><strong>quidquid</strong></span> <span class='ocrx_word' id='word_1_891' title='bbox 2833 5274 2958 5341; x_wconf 90' lang='lat' dir='ltr'><strong>tibi,</strong></span> <span class='ocrx_word' id='word_1_892' title='bbox 2988 5292 3106 5331; x_wconf 93' lang='lat' dir='ltr'><strong>cum</strong></span> <span class='ocrx_word' id='word_1_893' title='bbox 3135 5279 3233 5335; x_wconf 88' lang='lat' dir='ltr'><strong>ista</strong></span> <span class='ocrx_word' id='word_1_894' title='bbox 3283 5285 3426 5349; x_wconf 88' lang='lat' dir='ltr'><strong>cogi-</strong></span> 
     </span>
    </p>
   </div>
   <div class='ocr_carea' id='block_1_115' title="bbox 1854 5363 3427 5439">
    <p class='ocr_par' dir='ltr' id='par_1_115' title="bbox 1854 5363 3427 5439">
     <span class='ocr_line' id='line_1_116' title="bbox 1854 5363 3427 5439; baseline 0.006 -25"><span class='ocrx_word' id='word_1_895' title='bbox 1854 5370 1935 5415; x_wconf 87' lang='lat' dir='ltr'><strong>tas</strong></span> <span class='ocrx_word' id='word_1_896' title='bbox 1956 5402 1972 5427; x_wconf 91' lang='lat'><strong>,</strong></span> <span class='ocrx_word' id='word_1_897' title='bbox 2020 5375 2292 5432; x_wconf 67' lang='lat' dir='ltr'><strong>corporeae</strong></span> <span class='ocrx_word' id='word_1_898' title='bbox 2335 5363 2694 5419; x_wconf 86' lang='lat' dir='ltr'><strong>similitudinis</strong></span> <span class='ocrx_word' id='word_1_899' title='bbox 2721 5370 3043 5434; x_wconf 91' lang='lat' dir='ltr'><strong>occurrerit,</strong></span> <span class='ocrx_word' id='word_1_900' title='bbox 3089 5370 3239 5439; x_wconf 89' lang='lat' dir='ltr'><strong>abige</strong></span> <span class='ocrx_word' id='word_1_901' title='bbox 3259 5373 3298 5433; x_wconf 81' lang='grc'><strong>³,</strong></span> <span class='ocrx_word' id='word_1_902' title='bbox 3331 5372 3427 5424; x_wconf 90' lang='lat' dir='ltr'><strong>ab-</strong></span> 
     </span>
    </p>
   </div>
   <div class='ocr_carea' id='block_1_116' title="bbox 1854 5500 3430 5564">
    <p class='ocr_par' dir='ltr' id='par_1_116' title="bbox 1854 5500 3430 5564">
     <span class='ocr_line' id='line_1_117' title="bbox 1854 5500 3430 5564; baseline 0.007 -17"><span class='ocrx_word' id='word_1_903' title='bbox 1854 5512 2030 5564; x_wconf 84' lang='lat' dir='ltr'><strong>quam,</strong></span> <span class='ocrx_word' id='word_1_904' title='bbox 2067 5507 2161 5550; x_wconf 88' lang='lat' dir='ltr'><strong>etc.</strong></span> <span class='ocrx_word' id='word_1_905' title='bbox 2209 5506 2264 5550; x_wconf 75' lang='lat' dir='ltr'><strong>At</strong></span> <span class='ocrx_word' id='word_1_906' title='bbox 2308 5511 2435 5550; x_wconf 86' lang='lat' dir='ltr'><strong>unus</strong></span> <span class='ocrx_word' id='word_1_907' title='bbox 2481 5514 2512 5551; x_wconf 90' lang='lat' dir='ltr'><strong>e</strong></span> <span class='ocrx_word' id='word_1_908' title='bbox 2550 5501 2715 5563; x_wconf 86' lang='lat' dir='ltr'><strong>vatic.,</strong></span> <span class='ocrx_word' id='word_1_909' title='bbox 2760 5500 2811 5552; x_wconf 82' lang='lat' dir='ltr'><strong>in</strong></span> <span class='ocrx_word' id='word_1_910' title='bbox 2871 5504 3002 5555; x_wconf 72' lang='lat' dir='ltr'><strong>nobis</strong></span> <span class='ocrx_word' id='word_1_911' title='bbox 3045 5515 3136 5554; x_wconf 75' lang='lat' dir='ltr'><strong>non</strong></span> <span class='ocrx_word' id='word_1_912' title='bbox 3174 5504 3331 5556; x_wconf 67' lang='lat' dir='ltr'><strong>mitius</strong></span> <span class='ocrx_word' id='word_1_913' title='bbox 3363 5518 3430 5559; x_wconf 71' lang='lat' dir='ltr'><strong>est</strong></span> 
     </span>
    </p>
   </div>
   <div class='ocr_carea' id='block_1_117' title="bbox 1852 5569 2976 5693">
    <p class='ocr_par' dir='ltr' id='par_1_117' title="bbox 1852 5569 2976 5693">
     <span class='ocr_line' id='line_1_118' title="bbox 1852 5569 2128 5625; baseline -0.004 -15"><span class='ocrx_word' id='word_1_914' title='bbox 1852 5573 2016 5625; x_wconf 82' lang='lat' dir='ltr'><strong>quam,</strong></span> <span class='ocrx_word' id='word_1_915' title='bbox 2032 5569 2128 5610; x_wconf 84' lang='lat' dir='ltr'><strong>etc.</strong></span> 
     </span>
     <span class='ocr_line' id='line_1_119' title="bbox 1917 5619 2976 5693; baseline -0.001 -22"><span class='ocrx_word' id='word_1_916' title='bbox 1917 5622 1936 5693; x_wconf 67' lang='grc' dir='ltr'><strong>ξ</strong></span> <span class='ocrx_word' id='word_1_917' title='bbox 1971 5623 2141 5693; x_wconf 61' lang='lat' dir='ltr'><strong>stelas.</strong></span> <span class='ocrx_word' id='word_1_918' title='bbox 2159 5622 2252 5693; x_wconf 69' lang='lat' dir='ltr'><strong>bt.,</strong></span> <span class='ocrx_word' id='word_1_919' title='bbox 2276 5619 2428 5693; x_wconf 68' lang='lat' dir='ltr'><strong>longe</strong></span> <span class='ocrx_word' id='word_1_920' title='bbox 2448 5621 2642 5675; x_wconf 77' lang='lat' dir='ltr'><strong>melius.</strong></span> <span class='ocrx_word' id='word_1_921' title='bbox 2669 5621 2976 5687; x_wconf 68' lang='lat' dir='ltr'><strong>[irwﬂ&#39;abﬂis].</strong></span> 
     </span>
    </p>
   </div>
   <div class='ocr_carea' id='block_1_118' title="bbox 1917 5682 2502 5747">
    <p class='ocr_par' dir='ltr' id='par_1_118' title="bbox 1917 5682 2502 5747">
     <span class='ocr_line' id='line_1_120' title="bbox 1917 5682 2502 5747; baseline 0.003 -17"><span class='ocrx_word' id='word_1_922' title='bbox 1917 5683 1936 5712; x_wconf 84' lang='grc'><strong><em>²</em></strong></span> <span class='ocrx_word' id='word_1_923' title='bbox 1973 5690 2021 5730; x_wconf 87' lang='lat' dir='ltr'><strong>tn</strong></span> <span class='ocrx_word' id='word_1_924' title='bbox 2045 5690 2149 5730; x_wconf 74' lang='lat' dir='ltr'><strong>Mss.</strong></span> <span class='ocrx_word' id='word_1_925' title='bbox 2175 5683 2316 5733; x_wconf 72' lang='lat' dir='ltr'><strong>deest</strong></span> <span class='ocrx_word' id='word_1_926' title='bbox 2351 5682 2502 5747; x_wconf 55' lang='lat' dir='ltr'><strong>abige.</strong></span> 
     </span>
    </p>
   </div>
   <div class='ocr_carea' id='block_1_119' title="bbox 1917 5768 3425 5841">
    <p class='ocr_par' dir='ltr' id='par_1_119' title="bbox 1917 5768 3425 5841">
     <span class='ocr_line' id='line_1_121' title="bbox 1917 5768 3425 5841; baseline 0.009 -27"><span class='ocrx_word' id='word_1_927' title='bbox 1917 5768 1989 5829; x_wconf 91' lang='lat' dir='ltr'><strong>(a)</strong></span> <span class='ocrx_word' id='word_1_928' title='bbox 2011 5775 2121 5841; x_wconf 52' lang='lat' dir='ltr'><strong>Qu-g</strong></span> <span class='ocrx_word' id='word_1_929' title='bbox 2142 5775 2411 5841; x_wconf 73' lang='lat' dir='ltr'><strong>sequuntur</strong></span> <span class='ocrx_word' id='word_1_930' title='bbox 2427 5781 2584 5841; x_wconf 79' lang='lat' dir='ltr'><strong>usque</strong></span> <span class='ocrx_word' id='word_1_931' title='bbox 2602 5770 2661 5841; x_wconf 74' lang='lat' dir='ltr'><strong>ad</strong></span> <span class='ocrx_word' id='word_1_932' title='bbox 2679 5771 2782 5818; x_wconf 59' lang='lat' dir='ltr'><strong>hec</strong></span> <span class='ocrx_word' id='word_1_933' title='bbox 2797 5770 2961 5841; x_wconf 61' lang='lat' dir='ltr'><strong>verba,</strong></span> <span class='ocrx_word' id='word_1_934' title='bbox 2981 5789 3008 5841; x_wconf 36' lang='grc' dir='ltr'>ἀ</span> <span class='ocrx_word' id='word_1_935' title='bbox 3023 5777 3179 5841; x_wconf 57' lang='lat' dir='ltr'><strong>Restat</strong></span> <span class='ocrx_word' id='word_1_936' title='bbox 3205 5777 3385 5841; x_wconf 86' lang='lat' dir='ltr'><strong>itaque,</strong></span> <span class='ocrx_word' id='word_1_937' title='bbox 3404 5800 3425 5826; x_wconf 70' lang='grc' dir='ltr'><strong><em>ι</em></strong></span> 
     </span>
    </p>
   </div>
   <div class='ocr_carea' id='block_1_120' title="bbox 1857 5827 3121 5894">
    <p class='ocr_par' dir='ltr' id='par_1_120' title="bbox 1857 5827 3121 5894">
     <span class='ocr_line' id='line_1_122' title="bbox 1857 5827 3121 5894; baseline 0.006 -18"><span class='ocrx_word' id='word_1_938' title='bbox 1857 5827 1977 5892; x_wconf 59' lang='lat' dir='ltr'><strong>etc,</strong></span> <span class='ocrx_word' id='word_1_939' title='bbox 1992 5842 2043 5879; x_wconf 86' lang='lat' dir='ltr'><strong>n.</strong></span> <span class='ocrx_word' id='word_1_940' title='bbox 2065 5829 2142 5890; x_wconf 72' lang='lat'><strong>47,</strong></span> <span class='ocrx_word' id='word_1_941' title='bbox 2160 5827 2364 5880; x_wconf 78' lang='lat' dir='ltr'><strong>deerant</strong></span> <span class='ocrx_word' id='word_1_942' title='bbox 2381 5829 2430 5878; x_wconf 85' lang='lat' dir='ltr'><strong>iu</strong></span> <span class='ocrx_word' id='word_1_943' title='bbox 2454 5827 2656 5892; x_wconf 77' lang='lat' dir='ltr'><strong>epistola</strong></span> <span class='ocrx_word' id='word_1_944' title='bbox 2673 5843 2782 5894; x_wconf 66' lang='lat' dir='ltr'><strong>quae</strong></span> <span class='ocrx_word' id='word_1_945' title='bbox 2794 5829 2910 5879; x_wconf 90' lang='lat' dir='ltr'><strong>olim</strong></span> <span class='ocrx_word' id='word_1_946' title='bbox 2926 5831 3014 5883; x_wconf 87' lang='lat' dir='ltr'><strong>fuit</strong></span> <span class='ocrx_word' id='word_1_947' title='bbox 3044 5833 3121 5885; x_wconf 78' lang='lat'><strong>85.</strong></span> 
     </span>
    </p>
   </div>
   <div class='ocr_carea' id='block_1_121' title="bbox 2672 5910 3009 5995">
    <p class='ocr_par' dir='ltr' id='par_1_121' title="bbox 2672 5910 3009 5995">
     <span class='ocr_line' id='line_1_123' title="bbox 2672 5910 3009 5995; baseline 0.012 -19"><span class='ocrx_word' id='word_1_948' title='bbox 2672 5910 3009 5995; x_wconf 65' lang='lat' dir='ltr'><strong>{autater</strong></span> 
     </span>
    </p>
   </div>
  </div>
