3990 6378
192 282 273 341 ιω
1323 292 1801 354 EPISTULARUM
1826 301 2105 361 ϐίλιεὸἱὸ
2141 306 2207 364 ll.

190 400 277 468 quo
298 404 391 450 tota
413 406 489 452 est
509 438 524 459 ,
560 414 656 467 pro
686 409 864 455 nostra
894 404 1187 473 capacitate
1215 408 1530 465 videbimus.

247 486 447 543 CAPUT
472 486 725 559 lV.—l8.
746 493 894 560 Quod
915 512 1037 549 vero
1057 500 1273 565 posuisti
1293 502 1340 553 in
1365 504 1584 573 epistola
1610 502 1713 573 tua,

187 578 323 634 videri
354 579 453 643 tibi,
483 580 561 634 vel
592 585 763 649 potiu‘
786 586 923 655 quod
953 589 1048 640 vid.
1065 589 1211 645 batur
1245 592 1367 658 tibi,
1400 595 1529 649 nihil
1555 597 1716 652 rivum

184 666 413 725 retulldam
451 672 775 727 substantiam
807 678 965 732 inesse
998 681 1244 749 justitiw,
1277 685 1485 755 ideoque
1526 699 1573 742 te
1614 707 1713 744 non

182 768 300 831 posse
322 762 469 815 adhuc
498 763 685 828 Deum,
728 766 781 820 id
820 780 889 822 est
920 772 1156 827 virentem
1201 780 1467 844 naturam,
1508 780 1712 843 iustitia

180 850 354 907 limi/em
380 856 589 922 cogitare
617 872 634 911 :
675 860 790 927 quia
806 862 1011 929 justitia
1031 907 1043 927 ,
1074 865 1210 920 Sicut
1238 866 1369 921 dicis
1393 911 1405 930 ,
1433 887 1530 923 non
1557 873 1607 924 in
1633 882 1701 939 se,

178 947 245 999 sed
274 948 315 998 in
341 948 467 998 nobis
497 949 609 999 vivit
635 964 653 1012 ;
680 951 781 1003 imo
808 969 898 1005 nos
929 956 1096 1021 potius
1125 958 1394 1011 secundum
1417 960 1556 1014 illuni
1586 964 1703 1017 vivi-

176 1038 293 1096 nm'.
320 1037 421 1101 ipsa
442 1048 550 1091 vero
577 1046 668 1109 per
689 1052 742 1094 se
760 1028 961 1112 justitia
990 1061 1301 1116 nequaquam
1327 1050 1439 1102 vivit
1471 1067 1488 1104 :
1514 1051 1581 1105 ad
1605 1053 1702 1108 hoc

177 1134 217 1179 ut
242 1127 318 1181 tibi
358 1129 460 1194 ipse
502 1132 859 1200 restio;.deas,
893 1133 1020 1188 illud
1065 1136 1303 1207 intuere,
1354 1151 1526 1196 utrum
1560 1155 1700 1202 recte

175 1215 251 1271 diti
284 1218 433 1285 possit
457 1220 614 1274 vitam
659 1224 823 1291 ipsam
871 1242 974 1279 non
1020 1226 1198 1283 vivere
1225 1273 1236 1291 ,
1269 1247 1370 1301 qua
1399 1232 1453 1285 lit
1483 1243 1536 1288 ut
1562 1235 1700 1291 vivat

170 1308 374 1378 quidquid
407 1326 502 1364 nou
535 1306 667 1369 falso
692 1312 915 1370 dicimus
944 1318 1138 1373 vivere.
1169 1320 1299 1375 Puto
1326 1325 1464 1378 enim
1507 1326 1695 1382 absur-

167 1398 264 1453 dum
291 1400 370 1455 tibi
412 1399 594 1465 videri,
628 1412 683 1458 ιιι
714 1421 805 1475 per
832 1410 991 1463 vitam
1020 1412 1241 1476 vivatur,
1272 1423 1324 1469 ct
1349 1415 1451 1471 vita
1482 1424 1585 1473 non
1615 1421 1693 1474 vi-

167 1494 245 1545 nn.
276 1492 421 1546 Porro
445 1495 487 1549 si
516 1498 620 1551 vita
644 1500 755 1567 ipsa
785 1503 1047 1572 prmci‘pue
1075 1505 1228 1572 vivit,
1260 1525 1360 1571 qua
1390 1510 1513 1565 vivit
1538 1510 1693 1570 omne

163 1582 270 1654 Quod
293 1584 356 1639 νίι
370 1586 420 1647 it,
440 1589 635 1653 recole,
660 1589 902 1655 obsecro,
923 1600 1054 1664 quas
1071 1597 1208 1651 dicat
1230 1599 1496 1669 Scriptura
1515 1602 1690 1660 divina

161 1676 323 1727 ﬁrmas
362 1688 625 1744 mortuas;
658 1682 894 1750 profecto
922 1687 1157 1741 invenies
1184 1690 1431 1759 injustas,
1467 1694 1686 1764 impius,

160 1758 371 1822 iulhlcles.
404 1766 531 1823 Nam
557 1771 681 1826 licet
700 1789 793 1843 per
815 1775 931 1831 illas
950 1779 1359 1849 vivantcorpora
1385 1784 1684 1855 impiormn,

157 1855 392 1927 deqnibus
419 1859 617 1915 dictum
667 1866 915 1936 estquod
964 1870 1151 1923 mortui
1193 1874 1434 1941 sepeliant
1468 1890 1686 1933 uttn'tuos

153 1946 448 2018 heshllatth.
480 1966 593 2018 \‘tlt,
620 1951 735 2025 22),
761 1965 811 2009 et
839 1957 905 2010 ihi
930 1958 1286 2030 intelliguntur
1313 1965 1469 2019 etiam
1497 1966 1685 2038 ἱιιίιιιιςυ

152 2038 300 2093 mum
320 2054 415 2096 non
442 2059 562 2099 esse
590 2047 705 2101 sine
730 2049 903 2119 aliqua
933 2052 1062 2117 vita;
1088 2070 1259 2124 neque
1287 2058 1426 2111 enim
1448 2059 1600 2114 aliter
1619 2080 1679 2117 ex

150 2129 208 2183 es
232 2142 421 2200 possent
462 2148 687 2205 Corpora
723 2140 900 2194 vivere
924 2183 936 2205 ,
980 2142 1081 2197 nisi
1126 2147 1494 2218 qualicumque
1540 2152 1639 2204 vita
1664 2195 1679 2219 ,

150 2226 226 2289 qua
246 2224 441 2279 omnino
464 2228 655 2281 anim-ae
684 2238 869 2286 carere
902 2240 1001 2287 non
1032 2244 1269 2303 possunt,
1303 2240 1438 2293 unde
1470 2242 1681 2295 immor—

150 2312 250 2366 tales
287 2315 466 2370 merito
498 2330 756 2374 vocantur
793 2339 805 2374 :
842 2336 944 2376 non
992 2332 1167 2380 tamen
1214 2327 1281 2380 oh
1310 2328 1447 2383 aliud
1486 2334 1679 2387 amissa

142 2401 301 2472 iustitia
324 2407 566 2464 dicuntur
594 2416 836 2478 mortua},
866 2416 964 2471 nisi
994 2420 1112 2487 quia
1138 2428 1191 2474 et
1216 2418 1531 2489 animarum,
1562 2422 1679 2479 licet

145 2495 464 2555 itmnnrtalitcr
494 2502 867 2575 qualicumque
912 2508 1015 2561 vita
1064 2510 1383 2579 viventium,
1428 2513 1599 2569 verior
1625 2526 1678 2571 et

144 2588 278 2655 mitior
313 2592 403 2644 vita
429 2593 634 2661 juStitia
676 2605 784 2659 est,
838 2602 1083 2668 tanqiiam
1121 2604 1223 2654 vita
1268 2606 1491 2658 vitatum
1515 2648 1527 2669 ,
1558 2624 1675 2677 qua:

141 2682 239 2732 ct'ttn
263 2681 349 2734 sint
380 2682 426 2735 lu
456 2688 795 2755 Corporibus,
828 2688 981 2743 etiam
1007 2692 1115 2762 ipsa
1134 2708 1352 2763 corpora
1387 2698 1497 2750 viva
1528 2708 1670 2764 sunt,

143 2772 241 2836 qua:
263 2782 341 2840 per
365 2774 529 2846 scipsa
556 2779 732 2833 vivere
756 2796 1040 2849 nequeunt.
1066 2786 1395 2857 Quapropter
1415 2788 1455 2841 si
1483 2792 1671 2846 anima:

139 2871 229 2911 non
256 2876 441 2929 possimt
464 2910 478 2930 ,
516 2868 615 2922 nisi
644 2870 801 2924 etiam
844 2872 896 2925 in
928 2874 1118 2943 Seipsis
1145 2884 1425 2948 utcumque
1456 2881 1629 2937 vivere
1652 2925 1667 2948 ,

136 2954 232 3018 quia
255 2958 308 3008 ex
336 2957 405 3013 cis
435 2960 623 3015 vivunt
666 2973 719 3016 ct
743 2979 993 3034 corpora,
1026 2984 1054 3019 a
1087 2969 1273 3039 quibus
1304 2970 1507 3028 deserta
1555 2994 1668 3031 mo-

136 3040 332 3103 riuntur:
375 3060 575 3118 quanto
615 3052 781 3121 magis
812 3071 929 3109 vera
962 3056 1341 3126 justitiaeliam
1393 3064 1442 3117 in
1496 3069 1667 3135 scipsa

135 3133 274 3189 vivere
302 3140 634 3211 intelligenda
663 3153 743 3199 est
762 3187 775 3209 ,
810 3161 870 3201 ex
919 3164 1022 3217 qua
1051 3150 1127 3205 sic
1153 3153 1329 3207 vivunt
1354 3158 1543 3210 animu-
1565 3200 1577 3222 ,
1615 3169 1667 3214 ιιι

134 3221 206 3277 hac
228 3232 399 3284 ιιιιιὶεεει
432 3236 659 3290 mortuae
690 3251 1059 3309 nuncupentur
1077 3285 1089 3307 ,
1121 3246 1361 3315 Quamvis
1386 3251 1663 3319 quantula-

134 3330 313 3387 cumque
336 3322 433 3377 vita
460 3340 569 3379 non
595 3328 838 3385 desinant
867 3333 1076 3386 vivere!

184 3405 253 3461 l9.
291 3410 355 3466 lia
385 3430 549 3483 porro
589 3419 791 3487 justilia
835 3438 951 3491 qum
980 3424 1101 3477 vivit
1150 3425 1200 3480 in
1247 3428 1452 3498 seipsa,
1484 3436 1663 3502 procul

129 3496 252 3554 dubio
274 3504 401 3563 Deus
429 3516 519 3563 est
544 3553 557 3575 ,
602 3522 757 3581 atque
786 3512 1287 3575 ineummulabiliter
1326 3523 1471 3577 vivit.
1517 3523 1662 3581 Sicut

126 3598 263 3649 autem
293 3596 397 3655 haec
440 3619 570 3657 cum
603 3604 669 3657 sit
714 3605 766 3659 in
811 3607 982 3675 seipsa
1011 3606 1146 3675 vita,
1198 3613 1357 3669 etiam
1406 3618 1556 3673 nobis
1604 3619 1662 3673 lit

126 3683 235 3750 vita,
276 3702 384 3743 cum
427 3693 547 3762 ejus
596 3694 854 3750 eflicimur
895 3714 1178 3771 utcumque
1224 3706 1504 3776 participes
1536 3729 1548 3763 :
1582 3711 1653 3765 ita

126 3787 221 3828 cum
258 3779 498 3852 inseipsa
553 3786 621 3839 sit
662 3787 896 3856 justitia,
928 3790 1084 3846 etiam
1132 3793 1283 3849 nobis
1330 3800 1385 3851 lit
1420 3799 1656 3869 iustitia,

124 3864 275 3923 (Ἰῆηοί
298 3873 613 3931 σοΙιςιτοιιιΙο
635 3878 773 3945 juste
796 3880 811 3909 ί
844 3881 1098 3941 vivimus;
1133 3895 1185 3937 et
1213 3895 1355 3939 tanto
1379 3889 1544 3957 magis
1572 3892 1660 3945 mi-

123 3960 253 4011 nam
269 3960 387 4029 ius“
410 3978 619 4030 sumus,
645 3980 841 4038 quanto
868 3973 1031 4041 magis
1063 3972 1135 4027 illi
1163 3976 1401 4032 minusve
1425 3981 1659 4035 coluere-

122 4046 229 4103 πιης.
250 4050 386 4111 Unde
413 4061 672 4127 Scriptum
692 4068 770 4115 est
791 4062 855 4117 de
879 4066 1144 4134 unigenito
1161 4064 1296 4122 Filio
1318 4069 1427 4133 Dei,
1452 4088 1568 4125 cum
1590 4074 1655 4127 sit

122 4140 264 4211 utique
284 4140 441 4203 Patris
461 4151 734 4221 Sapientia
757 4163 909 4224 atque
926 4152 1158 4222 iustitia,
1184 4162 1238 4213 ct
1258 4176 1468 4230 semper
1497 4160 1547 4215 in
1571 4178 1655 4216 se-

120 4230 205 4300 ἱρέα
227 4238 304 4300 sit,
325 4241 460 4311 quod
483 4242 657 4299 factus
683 4246 748 4297 sit
770 4246 909 4300 nobis
929 4265 957 4300 a
973 4246 1081 4302 Deo
1103 4250 1345 4321 sapientia
1368 4262 1413 4305 et
1428 4255 1649 4322 justitia,

121 4331 471 4398 ettanctiﬁattio
493 4344 538 4387 et
571 4336 863 4406 redemptio;
890 4349 943 4391 ut
972 4342 1390 4410 quemadmodmu
1411 4346 1652 4414 scriptum

117 4420 172 4510 εει
187 4404 303 4482 τυυί
315 4422 583 4492 gloriatur,
604 4424 654 4478 in
670 4404 883 4481 Domino
899 4404 1140 4499 glorietur
1157 4430 1205 4503 (Ι
1225 4432 1341 4489 Cor.
1363 4451 1399 4500 ι,
1424 4404 1521 4503 50,”
1534 4438 1593 4492 31

118 4498 453 4595 Mquidem
487 4522 543 4569 et
570 4516 681 4586 ipse
705 4498 912 4583 vidisti,
942 4498 1182 4577 addendo
1203 4536 1357 4595 atque
1383 4498 1645 4586 dicciido':

118 4588 209 4650 Nili
224 4586 339 4669 fbrte
361 4620 460 4659 non
491 4605 601 4661 hare
624 4606 859 4664 humanm
878 4614 1141 4681 tet/uitatis,
1164 4615 1251 4668 sed
1271 4616 1358 4671 illa
1380 4635 1492 4688 qua:
1517 4619 1648 4676 Deus

113 4678 194 4747 "1'.
216 4690 314 4745 ‘bla
338 4706 440 4751 esse
466 4678 959 4773 asseraturjustilia.
994 4698 1085 4759 Est
1115 4707 1267 4775 plane
1297 4710 1383 4763 ille
1411 4726 1647 4767 summus

117 4772 347 4838 Deam-ra
370 4778 595 4856 jtt‘stitla,
622 4786 703 4846 vel
737 4772 822 4849 ille
844 4812 999 4850 verus
1024 4788 1160 4851 Deus
1183 4816 1385 4855 summa
1406 4803 1642 4871 justitia;

114 4872 241 4930 lim
258 4872 485 4941 Metto
520 4883 727 4936 esdrire
755 4894 804 4939 et
838 4886 1019 4951 sitire,
1052 4903 1112 4942 ea
1142 4896 1319 4945 noStra
1347 4904 1427 4947 cst
1455 4895 1505 4947 in
1550 4898 1644 4951 hac

114 4958 487 5034 βετξῆὺτιιὶοιιὸ
531 4972 766 5043 justitia,
820 4985 872 5032 et
918 4996 1020 5049 qua
1067 4992 1244 5051 postea
1273 4988 1533 5055 Saturari,
1581 5006 1643 5043 ea

111 5052 255 5109 ποιῠύ
270 5058 345 5114 cst
368 5058 419 5114 in
445 5066 742 5121 arternilate
769 5067 917 5135 plena
940 5064 1164 5138 justitia.
1193 5066 1305 5127 Non
1330 5093 1454 5146 ergo
1479 5052 1640 5133 Deum

108 5142 268 5203 nam
299 5144 517 5219 Iustitiae
563 5159 787 5213 similem
839 5160 1161 5231 cogitemus,
1210 5166 1300 5221 sed
1349 5172 1642 5240 Cogitemus

108 5240 184 5285 nos
208 5236 363 5306 potius
392 5250 544 5301 tanto
572 5250 853 5307 similiores
894 5252 1001 5309 Deo
1020 5299 1032 5321 ,
1065 5268 1262 5326 quanto
1289 5236 1638 5331 essemateri-

107 5330 198 5379 mis
220 5324 323 5401 eius
350 5338 749 5407 particiiationc
774 5344 1043 5413 justiores.

156 5413 229 5471 20.
252 5425 306 5475 Si
332 5430 461 5497 ergo
480 5433 772 5487 cavendum
805 5446 885 5489 est
915 5452 979 5490 ne
1013 5436 1229 5506 justitizc
1260 5452 1454 5495 nostra:
1494 5446 1635 5498 Sliill'

107 5499 187 5603 lem
212 5508 439 5583 piltt‘tnus
464 5514 630 5579 Deum
653 5570 665 5592 ,
694 5528 940 5596 quoniam
970 5499 1143 5585 lumen
1173 5532 1311 5602 quod
1344 5535 1633 5603 illuminat,

104 5586 545 5672 anmbtliier
563 5586 903 5673 excellentius
920 5622 1000 5674 est
1022 5618 1109 5673 illo
1132 5586 1267 5691 qiiod
1292 5624 1632 5691 illuminatur;

159 5700 462 5781 ‘Abutjuste
478 5725 630 5779 acad.
659 5727 725 5778 tu.
755 5735 804 5778 et
829 5726 1011 5791 aliquot
1031 5726 1154 5780 aliis.

3282 345 3396 403 ἰοί

1829 430 2027 487 quanto
2058 426 2226 493 magis
2267 429 2444 485 caveri
2473 444 2710 503 oportet,
2762 454 2830 495 ne
2868 444 3065 518 aliquid
3097 450 3314 512 inferius
3344 468 3393 515 et

1823 512 2213 580 quodammodo
2239 516 2590 581 decoloratius
2619 546 2739 585 cum
2771 550 2888 591 esse
2913 541 3209 613 credamus,
3239 565 3394 619 quam

1819 612 1900 655 est
1922 616 2096 659 nostra
2118 607 2318 679 justitia
2342 615 2354 668 !
2378 615 2511 682 Quid
2540 618 2623 676 est
2643 634 2817 681 autem
2844 630 2983 684 aliud
3004 607 3209 700 iustitia
3230 607 3393 704 ,ueum

1817 692 1869 747 in
1900 697 2051 750 nobis
2077 710 2191 768 est,
2221 706 2303 759 vel
2333 710 2579 775 quamlibet
2608 715 2775 770 virtus
2801 735 2899 788 qua
2926 735 3069 780 recte
3098 730 3389 795 sapienter-

1815 804 1917 886 que
1958 792 2186 860 vivitur,
2229 802 2385 867 quam
2426 801 2689 860 interioris
2738 808 2965 869 hominis
3014 820 3391 886 pulchritudo?

2246 862 2259 867 _
3014 862 3383 886 ν...ι.......ι.υε

1812 862 1880 931 Et
1908 892 2052 936 certe
2080 887 2368 942 Secundum
2400 890 2533 948 hanc
2562 897 3004 963 pulchritudinem
3036 913 3201 982 magis
3229 932 3385 985 quam

1810 964 2100 1026 Secundum
2124 992 2337 1048 corpus,
2363 982 2484 1037 facti
2506 1003 2685 1043 sumus
2705 993 2770 1044 ad
2800 993 3077 1066 imaginem
3100 1003 3190 1057 Dei
3212 1024 3224 1059 :
3245 964 3384 1064 imde

1808 1059 1960 1113 llltltlS
1986 1063 2194 1131 dicitur,
2227 1067 2402 1125 Nolite
2419 1081 2727 1147 conformari
2750 1084 2866 1138 huic
2888 1091 3091 1157 uacula,
3119 1096 3207 1149 sed
3225 1103 3381 1168 refor-

1805 1150 2014 1206 mamini
2047 1157 2098 1209 in
2138 1162 2354 1216 novitate
2379 1167 2554 1222 mentis
2591 1184 2791 1239 vestrm,
2832 1178 2900 1231 ad
2936 1181 3249 1250 probandum
3296 1204 3379 1246 vos

1803 1242 1914 1311 qtae
1933 1244 1996 1296 sit
2024 1248 2251 1323 voluntas
2271 1250 2388 1319 Dei,
2412 1261 2544 1325 quod
2564 1260 2745 1317 bonum
2766 1278 2810 1319 et
2826 1267 3185 1341 beneplacitum
3200 1289 3246 1331 et
3264 1296 3375 1350 per-

1803 1332 1988 1439 ]:ectum
2033 1334 2206 1407 (llam.
2237 1359 2332 1409 xu,
2367 1346 2444 1416 2).
2480 1351 2534 1403 Si
2563 1367 2693 1423 ergo
2722 1374 2825 1411 non
2854 1360 2903 1413 in
2948 1366 3087 1419 mole
3127 1332 3296 1439 neque
3323 1373 3374 1427 in

2270 1424 2273 1427 Ι
2629 1416 2652 1423 ν
3127 1416 3296 1439 ---Ἰ-ν
3323 1416 3374 1427 ...

1800 1416 2116 1483 distantibus
2140 1448 2237 1502 per
2262 1435 2373 1490 loca
2411 1446 2504 1494 ’sua
2543 1448 2777 1511 partibus
2797 1490 2812 1513 ,
2843 1451 2978 1507 sicut
3012 1472 3231 1526 corpora
3262 1461 3374 1520 sive

1799 1518 2091 1609 cernuntur
2115 1524 2225 1579 sive
2249 1531 2547 1597 cogitantur
2568 1576 2582 1599 ,
2609 1528 2703 1592 sed
2732 1540 2783 1595 in
2814 1544 3004 1601 virtute
3029 1538 3368 1624 intelligibili,

3113 1602 3127 1605 '
3162 1602 3368 1624 "0"’""

1796 1602 1965 1678 qualis
1990 1622 2071 1667 est
2095 1614 2297 1681 justitia
2318 1661 2333 1685 ,
2378 1635 2609 1681 mentem
2650 1630 2903 1701 dicimus,
2934 1653 3051 1709 seu
3090 1645 3331 1701 novimus
3352 1684 3371 1713 ,

1794 1699 1887 1754 seu
1918 1701 2161 1761 volumus
2192 1710 2460 1777 pulchram
2486 1757 2500 1780 ,
2530 1726 2582 1772 et
2606 1724 2896 1779 secundum
2924 1706 3060 1785 hanc
3083 1733 3370 1800 pulchritu-

1792 1786 1969 1848 dinem
2003 1799 2354 1859 reformantur
2381 1808 2446 1862 ad
2475 1809 2757 1882 imaginem
2787 1818 2875 1872 Dei
2903 1838 2914 1872 :
2944 1822 3181 1889 profecto
3206 1828 3370 1897 ipsius

1793 1885 1883 1940 Dei
1906 1892 1992 1960 qui
2034 1910 2133 1949 nos
2162 1896 2404 1954 formavit
2425 1913 2478 1956 et
2502 1906 2755 1962 reformat
2781 1911 2845 1963 ad
2879 1914 3158 1985 imaginem
3180 1885 3363 1991 suam,

1789 1974 1892 2033 non
1925 1983 1973 2035 in
2014 1984 2188 2054 aliqua
2220 1990 2358 2045 mole
2383 2008 2636 2062 corporea
2681 2001 2994 2073 suspicanda
3023 2019 3103 2061 est
3134 2011 3365 2079 pulchri-

1790 2072 1944 2138 tudo;
1976 2090 2144 2144 eoque
2167 2079 2430 2144 justorum
2455 2088 2718 2143 tttCltllbtlS
2742 2094 3036 2148 credendus
3056 2110 3131 2153 est
3165 2102 3361 2157 incom—

1787 2164 2091 2230 parabilitcr
2128 2170 2425 2239 pulchrior,
2468 2192 2574 2245 quo
2616 2190 2697 2235 est
2746 2182 3225 2253 incomparabiliter
3268 2196 3358 2263 ju-

1785 2254 1917 2308 sticr
1943 2256 2037 2326 (a).
2062 2259 2182 2314 ":CC
2214 2263 2551 2321 Dilectioncm
2572 2279 2732 2331 luatn,
2751 2285 3002 2343 quantum
3026 2279 3088 2333 ad
3112 2254 3356 2339 usitatitm

1784 2348 2121 2415 epistolarum
2168 2355 2379 2410 modum
2419 2361 2603 2416 attinet
2624 2404 2636 2425 ,
2667 2365 2923 2435 prolixius
2954 2369 3170 2426 forsitan
3200 2390 3355 2443 quam

1782 2444 2155 2509 exspccmbas;
2184 2459 2436 2516 quantum
2464 2462 2635 2506 autem
2659 2456 2723 2508 ad
2752 2466 2857 2509 tam
2885 2474 3085 2529 magna:
3113 2465 3187 2516 rei
3216 2481 3357 2533 qum-

1782 2524 2029 2599 stionem,
2061 2526 2289 2595 breviter
2314 2543 2655 2602 admonuisse
2683 2550 2944 2606 suffecerit
2974 2573 2987 2609 :
3019 2570 3122 2609 non
3148 2568 3203 2611 ut
3226 2562 3355 2616 satis

1780 2626 1847 2678 sit
1876 2627 2157 2684 eruditioni
2200 2642 2332 2700 tum,
2377 2636 2470 2691 sed
2502 2648 2557 2691 ut
2582 2641 2698 2694 aliis
2727 2659 2935 2712 quoque
2977 2646 3126 2702 lectis
3154 2651 3236 2705 vel
3260 2666 3354 2706 auo

1780 2717 1903 2771 ditis
1933 2720 2211 2789 diligenter
2233 2723 2540 2794 instructus,
2567 2730 2679 2797 ipse
2706 2733 2915 2788 uberius
2938 2746 3023 2791 tua
3044 2752 3195 2792 secus
3214 2742 3350 2798 dicta

1780 2810 2100 2878 redarguas;
2134 2814 2273 2881 quod
2299 2824 2382 2870 est
2410 2819 2587 2888 utique
2615 2830 2760 2877 tanto
2789 2826 2974 2881 melius
2997 2867 3012 2893 ,
3058 2840 3257 2897 quanto
3295 2832 3351 2887 lit

1778 2897 2025 2956 humilius
2050 2914 2103 2958 et
2126 2905 2348 2960 lidelius.

2230 3018 2555 3075 EPISTOLA
2597 3024 2762 3078 cxxr
2795 3027 2930 3098 'tb).

1779 3123 2025 3180 Paulinus
2057 3127 2291 3185 Nolcnsis
2318 3133 2577 3203 episcopus
2624 3136 2897 3205 Augustino
2934 3146 3166 3213 proponit
3206 3157 3345 3217 quie-

1843 3219 2024 3273 tttiones
2049 3223 2257 3294 aliquot,
2292 3227 2505 3294 primum
2526 3227 2589 3282 de
2618 3227 2853 3297 Psalmis,
2874 3238 2978 3287 tum
3006 3233 3067 3289 de
3080 3231 3343 3308 Apostolo,

1842 3317 1890 3362 et
1917 3310 1985 3362 ad
2003 3320 2272 3367 extrariam
2298 3315 2359 3369 de
2388 3314 2678 3388 Evangelia.

1841 3412 1923 3475 CA
1936 3412 1992 3474 Ρ.
2034 3418 2385 3481 ΡΠΙ]ῘΙ]Μ.-
2408 3429 2454 3483 l.
2480 3427 2551 3483 De
2571 3433 2743 3500 paucis
2758 3446 2869 3501 qua:
2885 3453 3013 3489 nunc
3023 3432 3135 3508 jam
3156 3441 3223 3493 ad
3247 3460 3340 3496 na-

1768 3520 1874 3565 vent
1896 3522 2120 3569 currcute
2149 3516 2422 3571 litterarum
2453 3516 2715 3589 perlatore,
2744 3535 2787 3577 et
2814 3524 2932 3579 milii
2955 3528 3004 3579 in
3025 3524 3180 3599 ipsius
3201 3533 3338 3600 festi-

1767 3606 1965 3658 natione
1981 3611 2266 3676 properanti
2279 3610 2327 3663 in
2356 3624 2561 3666 mentem
2592 3629 2919 3680 venerunt,ne
2943 3621 3049 3673 sine
3077 3624 3340 3680 corollario

1767 3694 1891 3748 mihi
1908 3699 2165 3763 rescribas,
2184 3700 2353 3769 aliqua
2372 3720 2646 3774 proponam
2669 3723 2811 3778 :qua:
2822 3710 2864 3760 si
2880 3714 3006 3773 forte
3018 3705 3183 3767 lucida
3197 3726 3333 3784 sunt,

1765 3788 1935 3840 etmilti
1968 3789 2195 3843 videntur
2216 3792 2424 3845 obscura
2446 3836 2460 3858 ,
2496 3814 2638 3849 nemo
2675 3800 2970 3867 prudentum
2994 3796 3234 3871 ﬁliorum,
3253 3810 3339 3877 qui

1763 3877 1892 3945 forte
1920 3880 1980 3932 de
2007 3882 2190 3934 nostris
2216 3883 2265 3935 in
2298 3883 2420 3937 liora
2448 3885 2476 3937 [ι
2495 3887 2759 3942 ctinneula:
2783 3891 2935 3961 hujus
2962 3895 3094 3947 circa
3121 3907 3166 3949 te
3194 3909 3336 3953 stete-

1764 3970 1879 4033 rint,
1914 3969 1976 4023 de
2014 3972 2301 4040 insipientia
2334 3992 2441 4027 mea
2480 3979 2660 4044 rideat,
2686 3980 2772 4033 sed
2812 3987 2973 4050 potius
3001 3982 3336 4044 benevolentia

1764 4062 2002 4128 fraterna:
2029 4062 2283 4116 c/taritatis
2313 4068 2476 4133 faveat
2513 4068 2822 4133 instruendo,
2863 4088 2916 4124 ut
2952 4068 3134 4144 eﬂiciar
3161 4079 3330 4132 viden-

1761 4150 1883 4203 tium
1911 4152 2156 4220 particeps
2192 4162 2237 4207 et
2272 4172 2331 4207 ea:
2373 4154 2599 4235 doctrina
2628 4170 2713 4212 tua
2761 4161 3055 4221 illuminatis
3093 4171 3335 4227 mentibus

1759 4244 2178 4297 considerantium
2211 4246 2454 4301 mirabilia
2484 4248 2547 4304 de
2570 4252 2674 4322 lege
2700 4250 2926 4311 Domini.

1832 4324 1885 4391 2.
1929 4334 2021 4389 Dic
2062 4356 2177 4408 ergo
2224 4339 2363 4403 mila,
2400 4336 2650 4398 benedicte
2692 4348 2865 4403 doctor
2910 4340 3093 4418 Israel,
3123 4356 3244 4424 quid
3269 4360 3334 4413 sit

1758 4420 1893 4498 quod
1931 4428 2113 4481 dicitur
2151 4431 2202 4484 in
2228 4428 2420 4504 psalmo
2448 4434 2810 4507 decimoquiuto
2834 4457 2853 4495 :
2891 4459 2909 4493 ι
2946 4438 3145 4500 Sanctis
3172 4450 3257 4514 qui
3281 4453 3333 4504 in

1758 4528 1891 4571 terra
1923 4529 2034 4572 sunt
2070 4522 2200 4591 ejus,
2234 4524 2513 4591 iniri/icavit
2547 4545 2715 4583 omnes
2751 4531 3027 4590 voluntates
3063 4553 3179 4592 suas
3202 4540 3331 4594 inter

1757 4608 1891 4662 illos.
1929 4608 1979 4661 Μ
1988 4612 2277 4683 ultiplicatce
2298 4614 2408 4668 sunt
2438 4621 2567 4671 enim
2592 4620 2905 4687 inﬁrmitates
2934 4642 3136 4691 eorum;
3158 4643 3329 4697 postea

1754 4702 2164 4755 acceleraverunt.
2202 4724 2220 4755 ι
2258 4706 2392 4768 Quos
2414 4709 2483 4759 ait
2513 4720 2731 4775 sanctos,
2754 4715 2907 4782 quiin
2930 4726 3059 4770 terra
3079 4730 3193 4771 sunt
3208 4738 3322 4773 san-

1754 4788 1857 4846 cti?
1886 4789 2019 4844 Num
2050 4794 2164 4847 illos
2190 4792 2418 4859 Judteos,
2451 4800 2531 4864 qui
2559 4800 2653 4867 ﬁlii
2690 4806 2855 4857 carnis
2884 4803 3115 4872 Abra/uc,
3148 4819 3191 4862 et
3222 4827 3322 4864 non

1752 4884 1851 4952 ﬁlii
1870 4886 2267 4952 repromissionis
2295 4888 2632 4946 ercluduntur
2666 4912 2696 4946 α
2724 4898 2907 4950 semine
2932 4901 3064 4969 quod
3095 4901 3145 4956 in
3172 4901 3324 4958 Isaac

1750 4982 1977 5028 vocatum
1999 4989 2070 5030 est
2101 4974 2272 5049 (llam.
2303 4997 2383 5045 ix,
2406 4976 2459 5047 8,
2492 4982 2562 5053 7),
2596 4982 2706 5038 ideo
2731 5000 2927 5041 sanctos
2952 4990 3007 5043 in
3032 5001 3183 5058 terra,
3206 4995 3325 5063 quia

1749 5067 1910 5120 sancti
1935 5085 2110 5137 genere
2134 5072 2345 5138 carnali,
2370 5074 2467 5126 vita
2497 5085 2660 5128 autem
2702 5086 2943 5150 sensuque
2979 5084 3161 5138 terreni
3185 5098 3321 5154 sunt,

1747 5160 1835 5228 qui
1862 5171 2057 5213 terrena
2086 5164 2305 5232 sapiunt,
2339 5176 2383 5218 et
2417 5168 2610 5219 carnali
2638 5168 2948 5225 observantia
2990 5175 3042 5229 in
3082 5187 3323 5232 vetustate

1750 5251 1927 5303 litterw
1951 5265 2343 5319 consenescunt;
2373 5274 2470 5309 non
2500 5271 2808 5315 renascentcs
2838 5263 2887 5316 in
2918 5282 3094 5320 novam
3124 5277 3317 5321 creatu-

1746 5360 1874 5403 ram,
1901 5340 2017 5414 quia
2039 5363 2138 5399 non
2163 5359 2449 5418 receperunt
2471 5368 2601 5416 eum,
2634 5364 2721 5421 per
2745 5371 2890 5423 quem
2921 5367 3079 5411 vetera
3104 5359 3316 5412 transie-

1806 5476 1823 5491 ‘
1840 5476 2071 5551 castigata
2096 5478 2155 5528 ad
2178 5491 2223 5529 α.
2244 5481 2326 5551 hg.
2351 5482 2419 5551 bl.
2440 5483 2520 5531 Im.
2546 5498 2687 5551 cxcc.
2704 5486 2754 5534 if.
2781 5502 2829 5549 ε.
2852 5500 2932 5551 3v.
2959 5500 3009 5537 ιι.
3026 5492 3069 5537 r.
3087 5498 3131 5539 ε.
3149 5489 3223 5540 ab.
3243 5502 3315 5540 vc.

1741 5535 1862 5583 duos
1877 5546 1909 5585 t.
1946 5535 2148 5601 quatuor
2172 5554 2217 5589 ν.
2239 5535 2363 5590 αἴθει
2384 5553 2483 5592 Arn.
2518 5540 2623 5595 Badt.
2643 5553 2715 5596 Er.
2736 5535 2845 5599 [ὧν.

1824 5619 1877 5685 ᾳ)
1899 5618 1981 5685 Hic
1997 5620 2251 5685 desinebat
2275 5623 2493 5685 cpistola,
2519 5641 2628 5685 qua!
2646 5629 2759 5677 olim
2780 5638 2883 5678 erat
2903 5632 2978 5678 85.

1802 5617 1854 5739 Ea
1874 5624 1877 5625 '
1899 5618 1981 5667 Hic
1997 5620 2251 5691 desinebat
2275 5623 2493 5685 cpistola,
2519 5641 2628 5735 qua!
2646 5629 2759 5677 olim
2780 5638 2883 5678 erat
2903 5632 2978 5678 85.
3075 5694 3083 5703 ⁸
3278 5706 3279 5709 η

1742 5619 2019 5788 “.bf‘blias
2036 5683 2095 5729 58
2116 5695 2127 5731 :
2152 5696 2261 5744 quae
2280 5692 2442 5733 autem
2469 5687 2524 5735 19
2574 5690 2695 5749 erat,
2718 5701 2843 5737 nunc
2868 5691 2967 5739 ιῦΟ.
2992 5698 3168 5753 scriptu
3204 5692 3300 5744 circ
