3990 6380
639 337 744 396 865

637 468 776 524 runt,
817 466 863 511 et
911 460 1044 529 facta
1081 464 1200 510 sunt
1249 454 1413 509 nava?
1442 450 1530 506 Sic
1567 451 1698 505 enim
1737 454 1868 523 forte
1908 465 1991 503 eos
2033 449 2085 501 in
2124 446 2219 502 hoc

640 552 838 624 psalmo
870 557 1069 604 sanctas
1108 547 1351 619 appellat,
1378 545 1627 617 quomoda
1655 553 1704 599 et
1732 544 1785 598 in
1812 541 2088 615 Evangelia
2123 541 2217 613 ju-

639 655 762 711 stas,
796 642 879 697 ubi
898 642 1037 705 dicit,
1063 659 1081 692 ι
1108 638 1228 695 Νοη
1245 639 1356 693 veni
1370 654 1544 692 vocare
1562 637 1750 709 justas,
1769 637 1856 691 sed
1876 645 2160 708 peccatores
2193 655 2211 687 ι

641 734 854 809 (Matth.
878 749 952 798 ix,
976 730 1088 804 13);
1115 731 1171 784 id
1189 740 1260 785 est
1279 729 1393 784 illos
1404 730 1590 801 justas,
1613 728 1700 799 qui
1719 728 1770 781 in
1790 727 2052 782 sanctitate
2066 742 2213 798 gene-

638 829 709 882 ris
729 838 773 881 et
791 825 953 881 littera
972 822 1117 895 Legis
1133 823 1415 894 gloriantur
1428 837 1446 874 :
1459 821 1633 892 quibus
1654 820 1856 888 dicitur,
1877 838 1895 872 ‹
1919 818 2090 873 Nolite
2107 818 2215 889 glo-

636 920 761 974 riari
784 920 836 973 in
854 926 993 989 patre
1018 916 1295 979 Abraham;
1318 914 1437 984 quia
1454 923 1626 985 potens
1643 923 1712 968 est
1733 913 1865 967 Deus
1880 912 1943 967 de
1965 910 2217 982 lapidibus

634 1012 746 1064 istis
765 1010 978 1063 excitare
995 1006 1127 1077 ﬁlios
1146 1006 1363 1060 Abrahae
1385 1003 1522 1075 »(1ά.
1542 1021 1619 1072 ιιι,
1637 1004 1712 1075 9).
1732 1003 1957 1069 Quorum
1978 1006 2143 1073 forma
2163 1002 2215 1055 in

634 1098 727 1154 illo
744 1098 1004 1153 Pharist
1034 1097 1350 1169 proponitur,
1368 1096 1453 1167 qui
1473 1095 1702 1165 justitias
1724 1111 1842 1149 suas
1864 1104 2102 1163 tanquam
2126 1110 2214 1147 ne-

631 1191 808 1245 scienti
847 1189 1063 1244 Domina
1116 1190 1357 1256 recolens,
1411 1187 1712 1258 prtedicabat
1755 1187 1807 1240 in
1850 1187 2071 1257 templo;
2113 1202 2214 1240 non

632 1299 785 1338 orans
816 1293 870 1337 ut
907 1282 1245 1348 exaudiretur,
1271 1281 1359 1335 sed
1395 1281 1596 1352 exigens
1638 1281 1780 1350 quasi
1811 1278 2031 1333 debitum
2053 1279 2215 1333 meriti

631 1394 726 1449 pro
752 1378 982 1448 operibus
1013 1376 1152 1429 bonis
1178 1373 1394 1445 quidem,
1423 1373 1511 1427 sed
1535 1373 1746 1443 ingratis
1776 1371 1904 1438 Deo,
1936 1372 2052 1442 quia
2080 1370 2214 1441 quod

628 1468 824 1539 justitia
868 1467 1221 1535 wdiﬁcaverat,
1250 1464 1480 1535 superbia
1519 1463 1844 1518 destruebat:
1871 1479 1958 1516 nec
1994 1462 2214 1533 idipsum

632 1557 850 1622 silentio,
876 1556 962 1611 sed
987 1572 1104 1611 vace
1124 1555 1394 1621 clamabat,
1427 1563 1479 1608 ut
1523 1563 1787 1624 appareret
1812 1571 1927 1607 eum
1950 1569 2051 1606 non
2081 1552 2211 1605 divi-

630 1648 712 1701 nis
734 1648 941 1701 auribus
971 1647 1123 1717 loqui,
1155 1647 1241 1719 qui
1268 1656 1317 1701 et
1343 1645 1405 1699 ab
1434 1644 1715 1699 hominibus
1740 1645 1883 1698 vellet
1910 1644 2112 1707 audiri;
2137 1652 2212 1695 at-

630 1754 729 1808 que
751 1738 861 1791 ideo
882 1755 982 1792 non
1008 1738 1196 1809 placuit
1216 1738 1343 1804 Dea,
1368 1737 1486 1808 quia
1510 1734 1736 1807 placebat
1760 1735 1854 1790 sibi
1878 1751 1896 1788 :
1916 1753 1933 1786 ι
1962 1734 2212 1800 Quoniam

632 1828 894 1900 dissipavit
921 1814 1165 1883 Dominus
1185 1845 1297 1884 assa
1322 1828 1582 1882 hominum
1602 1827 1695 1882 sibi
1720 1828 2043 1896 placentium.
2075 1825 2209 1881 Con-

631 1921 734 1990 fusi
748 1930 881 1985 sunt,
915 1941 932 1972 ι
960 1921 1139 1992 inquit,
1167 1940 1187 1972 ι
1214 1921 1331 1990 quia
1345 1920 1525 1991 sprevit
1540 1920 1656 1974 illos
1683 1937 1701 1970 ι
1730 1917 1898 1986 (Psal.
1917 1935 2007 1985 ui,
2027 1918 2107 1989 6),
2127 1918 2212 1987 qui

628 2028 716 2065 car
736 2012 923 2066 humile
942 2021 987 2065 et
1007 2011 1393 2064 contribulatum
1412 2027 1513 2063 non
1540 2011 1747 2079 spernit.

698 2104 751 2158 '5.
779 2100 1008 2172 Denique
1036 2111 1083 2155 et
1105 2102 1155 2155 in
1182 2101 1294 2171 ipsa
1315 2099 1579 2171 Evangelii
1606 2100 1869 2171 parabola,
1896 2117 1995 2169 qua
2021 2098 2211 2153 Phari-

626 2194 717 2248 δαδὶ
753 2202 800 2247 et
846 2191 1115 2247 Publicani
1158 2209 1373 2264 persona
1400 2195 1677 2264 confertur,
1711 2192 1959 2246 evidenter
1995 2192 2210 2245 ostendit

625 2288 735 2356 ipse
763 2286 1009 2341 Dominus
1036 2285 1157 2355 quid
1201 2286 1253 2338 in
1297 2286 1497 2339 homine
1537 2266 1811 2354 suscipiat:
1841 2284 1963 2354 quid
2000 2284 2208 2356 repellat

630 2378 780 2449 (Luc.
802 2393 952 2444 xvm,
980 2378 1098 2433 104
1111 2375 1190 2447 6),
1219 2376 1344 2429 sicut
1388 2377 1629 2447 scriptum
1671 2385 1744 2430 est
1772 2377 1891 2446 quia
1916 2395 1934 2427 ι
1960 2374 2098 2429 Deus
2123 2392 2210 2430 su-

623 2471 789 2541 perbis
804 2471 1004 2533 resistit,
1022 2468 1288 2523 humilibus
1299 2479 1462 2522 autem
1477 2469 1563 2521 dat
1575 2470 1789 2539 gratiam
1805 2468 1823 2539 (
1834 2466 1953 2523 Jac.
1984 2483 2058 2531 tv,
2078 2468 2157 2540 6).
2182 2486 2202 2520 ι

625 2563 756 2617 Ideo
786 2570 1087 2632 protestetur
1110 2561 1270 2632 magis
1285 2561 1620 2630 justiﬁcatum
1639 2559 1817 2613 abiisse
1837 2576 1865 2613 e
1887 2559 2070 2630 templo
2101 2556 2207 2612 Pu-

628 2648 880 2701 blicanum
905 2646 967 2698 de
980 2645 1289 2714 confessione
1304 2653 1863 2712 peccatorumwuorum,
1879 2660 2030 2714 quant
2057 2642 2175 2697 Pha
2187 2673 2205 2685 ο

624 2740 829 2793 risteum
856 2736 919 2790 de
944 2736 1271 2806 imputatiane
1303 2736 1616 2804 justitiarum
1643 2752 1869 2788 suarum.
1899 2734 2079 2789 Merito
2109 2752 2204 2789 au-

624 2839 722 2883 tem
750 2828 838 2882 ille
864 2826 1098 2880 laudator
1134 2826 1234 2891 sui,
1262 2826 1557 2895 repudiatus
1586 2824 1818 2879 abscessit
1858 2841 1888 2877 a
1917 2827 2047 2896 facie
2086 2824 2199 2892 Dei,

622 2923 846 2990 quicum
887 2918 998 2991 ipsa
1040 2920 1242 2971 nomine
1283 2918 1511 2986 peritiam
1540 2915 1687 2986 Legis
1717 2918 1993 2988 prteferret,
2023 2917 2203 2970 oblitus

623 3016 793 3082 fuerat
820 3009 873 3063 in
899 3010 1142 3080 propheta
1180 3007 1425 3061 dicentem
1467 3006 1777 3060 Dominum:
1802 3024 1819 3057 ι
1861 3007 2027 3075 Super
2057 3024 2202 3077 quem

620 3102 876 3168 habitabo,
902 3102 1001 3155 nisi
1038 3116 1188 3169 super
1216 3100 1473 3165 humilem,
1505 3110 1552 3154 et
1577 3101 1816 3169 quietum,
1844 3110 1890 3153 et
1914 3110 2202 3155 trementem

619 3207 873 3246 sermones
898 3207 1062 3246 meos»
1089 3189 1240 3263 (lsai.
1266 3206 1410 3256 ιινι,
1428 3191 1627 3263 2)“?llle
1645 3202 1811 3245 autem
1828 3193 1879 3245 in
1904 3194 2052 3246 corde
2076 3210 2198 3248 can-

620 3284 737 3338 trito
763 3283 841 3337 sui
861 3292 1121 3337 accusator
1143 3283 1407 3349 accipitur,
1431 3291 1475 3334 et
1496 3283 1678 3335 obtinet
1705 3284 1899 3335 veniam
1920 3284 1983 3337 de
2005 3286 2196 3352 confes.

616 3376 689 3429 sis
718 3373 933 3444 peccatis
956 3381 1162 3444 propter
1184 3373 1398 3443 gratiam
1418 3372 1734 3439 humilitatis,
1751 3383 1921 3426 sancto
1940 3375 2029 3428 illa
2052 3372 2196 3429 Pha-

606 3470 770 3522 ,risa'a
800 3466 990 3538 (quales
1015 3464 1189 3520 Juda‘i
1232 3465 1391 3519 sancti
1418 3473 1530 3517 sunt
1550 3465 1590 3535 ),
1620 3474 1905 3533 reportante
1945 3469 2198 3522 sarcinam

621 3567 940 3628 peccatorum
962 3557 1025 3610 de
1038 3557 1289 3627 jactantia
1311 3556 1605 3609 sanctitatis.
1632 3554 1806 3624 Ipsius
1828 3558 2060 3611 nimirum
2081 3571 2196 3613 sunt

618 3653 785 3719 forma
822 3645 995 3701 Judaei
1042 3645 1149 3710 illi,
1177 3646 1241 3698 de
1283 3644 1458 3715 quibus
1497 3646 1766 3714 Apostolus
1794 3648 1864 3699 ait
1892 3649 2025 3718 quod
2050 3666 2196 3703 suum

617 3739 869 3808 iustitiam
911 3746 1131 3793 statuere
1162 3738 1434 3805 cupientes,
1461 3752 1572 3806 qua:
1619 3754 1679 3791 ea:
1705 3736 1838 3809 Lege
1864 3748 1956 3805 est,
1982 3742 2197 3810 justitia:

618 3828 716 3885 Det
745 3846 845 3884 non
870 3839 987 3885 sunt
1009 3830 1218 3900 subjecti
1238 3828 1413 3902 (Rom.
1442 3845 1499 3892 ι,
1523 3831 1599 3899 3),
1628 3848 1739 3900 qua:
1762 3843 1834 3885 est
1855 3849 1917 3886 ea:
1941 3834 2059 3902 ﬁde,
2082 3852 2195 3905 qua:

615 3929 846 3991 reputata
870 3929 943 3974 est
969 3920 1101 3990 patri
1126 3928 1294 3974 nostra
1322 3920 1575 3973 Abraham
1610 3922 1678 3974 ad
1701 3924 1975 3994 justitiam,
2004 3942 2103 3979 non
2130 3942 2195 3981 ea:

616 4010 851 4081 operibus
881 4008 989 4083 (Id.
1019 4024 1093 4077 tv,
1113 4009 1169 4075 2,
1200 4010 1277 4081 5),
1316 4010 1432 4080 quia
1474 4012 1746 4065 secundum
1782 4016 2191 4084 omnipotentiam

614 4102 710 4157 Dei
737 4102 948 4157 credidit
970 4099 1075 4155 Dea
1104 4117 1122 4154 :
1150 4104 1289 4171 apud
1311 4118 1457 4173 quem
1484 4103 1569 4157 ille
1597 4120 1709 4157 vere
1728 4107 1899 4174 justus
1924 4116 1993 4160 est
2020 4110 2105 4178 qui
2127 4125 2192 4164 ex

613 4196 715 4264 fide
738 4196 885 4258 vivit;
915 4210 1005 4248 nec
1020 4202 1221 4247 sanctus
1239 4193 1293 4247 in
1314 4202 1447 4246 terra
1462 4203 1551 4260 est,
1583 4194 1670 4247 sed
1694 4196 1745 4248 in
1774 4197 1915 4262 caelo,
1942 4198 2060 4267 quia
2088 4216 2189 4254 non

612 4302 781 4350 carne,
812 4285 898 4339 sed
940 4285 1122 4354 spiritu
1166 4284 1421 4349 ambulat;
1450 4288 1596 4356 cujus
1621 4290 1927 4343 conversatio
1964 4291 2016 4344 in
2052 4293 2189 4347 ctelis

614 4383 719 4437 est;
746 4390 845 4427 non
874 4375 1139 4444 gloriantis
1172 4377 1240 4431 in.
1265 4378 1639 4431 circumcisione
1675 4381 1861 4447 carnis,
1888 4383 1975 4435 sed
2003 4384 2056 4437 in
2084 4385 2186 4437 cir-

615 4465 914 4519 cumcisione
951 4466 1136 4529 cordis,
1162 4482 1275 4536 qua:
1312 4483 1413 4521 non
1448 4467 1633 4541 littera,
1670 4469 1757 4522 sed
1790 4472 2188 4544 spiritu‘agitur

614 4555 960 4619 invisibiliter;
984 4556 1117 4610 unde
1144 4556 1252 4610 laus
1281 4559 1389 4628 ejus
1427 4575 1528 4612 non
1560 4575 1622 4613 ea:
1661 4559 1941 4615 hominibus
1978 4572 2068 4631 est,
2099 4567 2187 4619 sed

612 4662 675 4700 ex
699 4645 824 4700 Dea.

681 4741 735 4794 4.
764 4737 961 4794 Deinde
986 4738 1118 4810 quod
1135 4739 1307 4809 jungit
1332 4740 1384 4794 in
1410 4741 1579 4795 eadem
1600 4743 1858 4812 versiculo,
1889 4762 1905 4795 ι
1935 4744 2092 4800 Miras
2110 4752 2187 4820 fe-

612 4832 679 4886 cit
716 4830 992 4885 voluntates
1033 4845 1151 4884 suas
1183 4829 1314 4883 inter
1341 4831 1472 4895 illos,
1499 4850 1518 4883 ι
1540 4832 1687 4887 credo
1714 4851 1775 4888 ex
1799 4851 1854 4889 eo
1880 4837 2019 4903 dicit,
2050 4839 2184 4908 quod

610 4921 737 4991 ipsis
776 4922 994 4992 primum
1030 4920 1283 4975 lucernam
1316 4919 1464 4992 Legis
1488 4923 1731 4990 accendit,
1764 4934 1808 4978 et
1836 4938 2085 4998 praecepta
2110 4931 2183 4983 vi-

611 5012 756 5066 vendi
784 5013 940 5066 dedit.
978 5030 999 5065 s
1037 5010 1220 5077 Notas,
1263 5032 1281 5066 s
1320 5013 1472 5080 enim,
1494 5014 1671 5085 inquit,
1715 5035 1733 5067 ι
1779 5019 1895 5086 fecit
1929 5020 2033 5072 vias
2066 5037 2183 5077 suas

614 5100 805 5172 Moysi,
845 5111 891 5154 et
937 5102 1055 5171 filiis
1101 5102 1264 5157 Israel
1308 5104 1583 5158 voluntates
1615 5121 1761 5159 suasi
1795 5105 1961 5177 (Psal.
1985 5126 2074 5177 cu,
2100 5113 2177 5186 7).

610 5193 808 5248 Deinde
831 5194 996 5265 ipsum
1017 5195 1214 5263 pietatis
1239 5212 1345 5251 sate
1362 5206 1723 5252 sacramentum
1740 5198 1790 5251 in
1809 5200 1931 5271 ipsis
1952 5215 2182 5272 operatus

608 5298 702 5355 est,
735 5296 882 5340 natus
908 5286 961 5339 in
990 5302 1136 5339 carne
1159 5304 1221 5340 ex
1240 5288 1427 5360 virgine
1458 5288 1590 5344 Deus
1626 5290 1677 5344 in
1702 5301 1844 5361 gente
1870 5293 2112 5365 ipsorum,
2136 5309 2183 5352 et

609 5377 673 5431 de
692 5391 843 5430 carne
869 5376 1094 5447 ipsarum
1115 5378 1276 5447 factus
1306 5394 1365 5433 ex
1389 5380 1574 5435 semine
1600 5379 1766 5435 David
1791 5384 1938 5439 homo
1963 5402 1980 5440 :
2002 5387 2183 5442 deinde

609 5468 815 5522 virtutes
833 5467 1126 5535 sanitatum,
1149 5455 1273 5537 quas
1300 5469 1354 5523 in
1386 5471 1509 5541 ipsis
1541 5482 1585 5526 et
1608 5489 1777 5528 caram
1803 5476 1927 5547 ipsis
1953 5482 2177 5549 perfecit.

613 5557 712 5622 Qui
740 5576 828 5629 per
857 5559 964 5614 haec
992 5577 1091 5614 non
1115 5558 1265 5613 modo
1285 5561 1503 5616 creditus
1523 5581 1620 5619 non
1649 5568 1845 5635 est,sed
1869 5578 1916 5623 et
1944 5570 2180 5641 blasphe-

669 5752 691 5782 ι
719 5750 1463 5816 ιπηψιιίιαυειηιιιιηιίιε
1497 5759 1608 5810 cdd.
1636 5762 1903 5818 abestoei.

1874 332 1930 387 s.
1972 328 2336 387 AUGUSTINI
2375 329 2675 387 muscam
3744 346 3823 406 ια

2321 454 2483 500 matus
2511 455 2583 500 est
2608 446 2671 499 ab
2693 448 2781 511 eis,
2810 463 2925 499 cum
2958 448 3200 512 dicerent,
3229 468 3247 501 ‹
3279 450 3374 504 llic
3400 454 3585 508 homosi
3603 473 3630 510 a
3652 457 3740 513 Deo
3760 479 3821 516 es-

2321 546 2424 602 set,
2449 554 2548 591 non
2581 546 2779 591 curaret
2808 537 3055 593 sabbatis»
3082 538 3255 609 (Joan.
3293 558 3364 609 ix,
3388 544 3507 615 i6);
3524 556 3582 610 et,
3604 566 3620 597 ι
3641 547 3737 604 Non
3754 554 3823 622 τῇ.

2321 628 2387 680 cit
2430 627 2679 682 diemonia
2725 628 2825 682 nisi
2847 628 2901 681 in
2940 627 3222 684 Beelzebub
3236 632 3455 703 principe
3479 635 3818 696 daemoniorum.

2324 718 2538 791 (Matth.
2589 736 2683 787 xtl,
2723 719 2843 793 21s).
2879 720 3097 794 PrOpter
3127 723 3254 776 hanc
3280 736 3482 780 mentem
3515 728 3725 783 obdurato
3748 734 3821 789 ius-

2321 810 2503 879 pietate
2528 824 2784 878 ccecatam,
2816 812 3163 880 multiplicatis
3190 825 3305 869 sunt
3342 816 3634 885 inﬁrmitates
3661 832 3699 874 et
3720 831 3820 878 tene-

2319 901 2422 959 brte
2440 920 2632 958 eorum.

2390 996 2443 1049 5.
2471 995 2574 1050 Sed
2599 996 2721 1066 quid
2746 996 2972 1065 estquod
2993 999 3083 1064 ait,
3122 1017 3141 1050 ‹
3189 997 3376 1053 Postea
3409 1002 3818 1062 acceleraverunt?»

2324 1082 2503 1139 Utrum
2555 1088 2605 1139 in
2647 1088 3007 1157 pwnitentiam,
3030 1089 3159 1142 sicut
3193 1089 3270 1142 illi
3308 1090 3361 1143 in
3398 1088 3589 1146 Actibus
3612 1094 3822 1166 Apostolo-

2318 1194 2451 1241 rum,
2472 1178 2557 1246 qui
2582 1177 2712 1231 beati
2750 1177 2890 1232 Petri
2938 1180 3295 1250 prtedicatione
3331 1188 3614 1253 compuncti,
3647 1188 3821 1243 credide-

2320 1279 2442 1322 runt
2470 1269 2522 1323 in
2552 1287 2665 1324 eum
2690 1287 2833 1340 quem
2862 1273 3237 1341 cruciﬁxerant,
3260 1283 3305 1327 et
3337 1275 3608 1344 festinantes
3630 1284 3741 1331 tanta
3759 1296 3823 1332 es.

2320 1360 2453 1430 piari
2497 1372 2697 1431 peccato
2722 1403 2736 1428 ,
2767 1362 2835 1414 ad
2870 1362 3056 1416 donum
3084 1364 3261 1434 gratia
3296 1377 3608 1421 cucurrerunt
3636 1369 3747 1440 (Act.
3770 1386 3819 1437 ιι,

2318 1452 2538 1524 37-41)?
2568 1471 2635 1507 an
2661 1471 2773 1508 vero
2797 1457 2915 1524 quia
2941 1456 3141 1509 virtutes
3161 1458 3344 1510 anima:
3369 1473 3430 1511 ea:
3451 1459 3547 1526 ﬁde
3570 1468 3613 1513 et
3634 1462 3821 1516 charitate

2317 1543 2415 1599 Dei
2444 1545 2762 1612 roborantur,
2789 1544 2894 1600 illis
2927 1547 3095 1617 impiis
3124 1558 3334 1617 utraque
3361 1550 3523 1602 vacuis
3546 1549 3823 1618 multiplicata

2316 1645 2429 1691 sunt
2452 1637 2769 1706 inﬁrmitates
2798 1639 2983 1693 animae
3009 1656 3070 1692 ex
3095 1640 3349 1710 impietate
3366 1642 3593 1695 scelerum
3613 1643 3822 1713 mortiferis

2317 1728 2640 1798 languoribus
2680 1729 2972 1798 accupatte?
3000 1728 3228 1783 Christus
3276 1731 3450 1784 etenim
3494 1729 3643 1785 lumen
3683 1742 3719 1786 et
3750 1733 3824 1787 vita

2314 1821 2621 1874 credentium
2650 1831 2743 1887 est,
2763 1831 2807 1874 et
2823 1822 3011 1875 sanitas
3035 1823 3125 1875 sub
3154 1823 3331 1892 pennis
3356 1823 3496 1893 ejus:
3516 1823 3633 1877 unde
3654 1840 3736 1877 non
3750 1826 3819 1877 mi-

2315 1928 2430 1965 rum
2470 1913 2515 1965 si
2561 1922 2607 1965 et
2648 1913 2859 1967 tenebra:
2898 1924 2942 1966 et
2981 1913 3298 1982 inﬁrmitates
3342 1929 3508 1967 eorum
3549 1914 3824 1985 multiplicata

2315 2013 2430 2057 sunt
2446 2003 2499 2056 in
2518 2004 2793 2073 interitum,
2818 2007 2903 2073 qui
2920 2005 3068 2058 vitam
3096 2014 3144 2059 et
3170 2004 3330 2059 lucem
3358 2022 3453 2059 non
3468 2016 3739 2075 receperunt,
3758 2025 3822 2061 ne-

2313 2113 2409 2167 que
2446 2096 2536 2152 sub
2581 2099 2757 2168 pennis
2800 2100 2907 2170 ejus
2953 2115 3152 2153 manere
3194 2100 3489 2165 voluerunt;
3518 2117 3647 2172 quos,
3681 2112 3724 2155 ut
3750 2101 3824 2170 ipse

2311 2187 2438 2258 flens
2485 2190 2539 2241 in
2581 2188 2853 2259 Evangelia
2891 2206 2983 2243 suo
3015 2200 3338 2260 protestatur,
3361 2208 3489 2260 stepe
3506 2190 3822 2263 voluitcongre-

2312 2295 2434 2349 gare
2459 2279 2549 2333 sub
2569 2280 2678 2333 alas
2705 2297 2843 2348 suas,
2868 2282 2997 2336 sicut
3031 2282 3223 2352 gallina
3262 2292 3524 2355 congregat
3558 2282 3701 2354 pullas
3721 2301 3821 2347 suos,

2313 2380 2356 2422 et
2380 2370 2646 2425 noluerunt
2670 2369 2881 2444 (Matth.
2912 2389 3062 2439 mu,
3089 2374 3203 2444 37).
3235 2372 3577 2444 Multiplicatis
3594 2393 3693 2447 ergo
3715 2377 3821 2446 inﬁr-

2311 2460 2567 2515 mitatibus
2595 2478 2693 2531 quo
2718 2463 3157 2518 acceleraverunt?
3185 2462 3344 2518 Forte
3379 2466 3428 2519 in
3462 2483 3642 2520 crucem
3674 2465 3822 2520 Domini

2311 2554 2749 2623 canclamandum,
2778 2566 2822 2609 et
2851 2557 3007 2609 invito
3036 2555 3205 2609 Pilato
3251 2558 3456 2629 nefariis
3492 2559 3671 2612 vocibus
3696 2568 3820 2613 extor-

2309 2643 2580 2712 quendum,
2604 2655 2657 2697 ut
2683 2646 3015 2716 adimplerent
3040 2662 3328 2700 mensuram
3355 2658 3548 2717 patrum
3573 2665 3761 2715 suarum,
3785 2658 3820 2699 ut

2309 2732 2393 2785 isti
2432 2731 2707 2787 Dominum
2748 2732 3119 2806 Praphetarum
3148 2738 3451 2803 occiderent,
3478 2756 3671 2807 quorum
3701 2748 3820 2808 patres

2308 2822 2444 2891 ipsas
2464 2822 2747 2894 Prophetas
2766 2826 3139 2896 interfecerunt,
3162 2843 3192 2879 a
3209 2828 3389 2896 quibus
3407 2829 3485 2882 hic
3504 2831 3662 2883 mundi
3684 2827 3819 2883 Salva-

2309 2919 2389 2966 tor
2414 2930 2517 2967 esse
2552 2922 2791 2968 venturus
2820 2916 3163 2969 nuntiabatur.
3194 2935 3212 2967 ‹
3246 2915 3431 2971 Postea
3456 2920 3815 2973 acceleraverunt:

2306 3003 2495 3057 veloces
2532 3004 2663 3057 enim
2708 3005 2859 3076 pedes
2886 3021 3057 3060 eorum
3087 3008 3155 3060 ad
3180 3007 3537 3075 e/fundendum
3570 3011 3817 3082 sanguinem.

2307 3095 2550 3149 Cantritio
2580 3105 2623 3150 et
2652 3097 2920 3169 infelicitas
2943 3099 2997 3152 in
3026 3100 3117 3154 viis
3149 3117 3346 3166 eorum,
3383 3111 3429 3156 et
3463 3104 3585 3157 viam
3609 3105 3725 3174 pacis
3746 3119 3816 3154 non

2306 3197 2641 3256 cognoverunt
2670 3207 2689 3239 s
2721 3186 2892 3259 (Psal.
2924 3204 3040 3255 xm,
3073 3189 3152 3258 5),
3177 3191 3233 3243 id
3268 3201 3340 3245 est
3366 3191 3601 3247 Christum
3623 3194 3694 3264 qui
3715 3191 3815 3254 dicit,

2312 3295 2329 3327 ι
2354 3274 2466 3348 Ego
2486 3294 2597 3331 sum
2629 3279 2706 3331 via
2734 3297 2752 3330 ι
2780 3278 2958 3351 (Joan.
2989 3296 3101 3347 xw,
3134 3281 3212 3351 6).

2378 3369 2430 3422 6.
2463 3366 2527 3421 In
2553 3370 2871 3439 consequenti
2902 3372 3096 3441 psalmo
3120 3371 3257 3426 illud
3282 3375 3407 3428 mihi
3429 3376 3601 3445 exponi
3625 3375 3813 3437 desidero,

2303 3459 2424 3528 quid
2450 3460 2602 3524 dicat,
2632 3478 2650 3509 ‹
2696 3458 2770 3513 De
2805 3460 3107 3515 absconditis
3154 3463 3256 3517 tuis
3300 3465 3590 3536 adimpletus
3615 3476 3674 3520 est
3695 3474 3815 3519 venter

2303 3567 2494 3604 eorum.
2526 3550 2758 3605 Saturati
2780 3563 2894 3606 sunt
2933 3554 3161 3624 porcina,
3189 3575 3207 3608 s
3230 3558 3308 3611 vel
3346 3559 3473 3611 sicut
3507 3559 3557 3612 in
3582 3554 3813 3628 quibusdam

2302 3643 2552 3713 psulteriis
2576 3644 2817 3714 scriptunt
2841 3644 3014 3712 audio,
3045 3664 3063 3696 ς
3093 3649 3307 3701 saturati
3326 3659 3440 3702 sunt
3468 3650 3583 3718 ﬁliis
3605 3646 3687 3720 (a),
3704 3658 3739 3699 et
3756 3661 3811 3697 re-

2304 3733 2555 3803 liquerunt
2575 3750 2686 3803 qua:
2714 3738 3067 3805 superfuerunt
3095 3738 3318 3806 parvulis
3333 3740 3453 3793 suis.
3484 3757 3502 3790 ι

2372 3826 2426 3879 7.
2452 3825 2650 3880 Rursus
2686 3826 2736 3879 in
2774 3827 2877 3880 alio
2911 3827 3105 3893 psalmo
3134 3831 3382 3885 admirari
3414 3831 3562 3898 soleo,
3592 3828 3813 3886 b'iliumad

2301 3916 2511 3971 Patrem
2570 3918 2707 3990 loqui
2756 3919 3066 3989 intelligens,
3121 3922 3173 3974 in
3230 3925 3425 3992 psalmo
3477 3921 3811 3995 quinquagesimo

2300 4018 2503 4077 octava,
2567 4008 2651 4062 ubi
2706 4010 2768 4063 de
2822 4008 3019 4064 Judteis
3073 4011 3311 4080 inimicis,
3374 4014 3436 4069 de
3484 4015 3649 4087 quibus
3699 4025 3811 4081 supra

2299 4100 2518 4169 dixerat,
2552 4119 2570 4153 ι
2597 4100 2730 4155 Ecce
2756 4102 2853 4173 ipsi
2882 4102 3145 4169 loquentur
3178 4106 3231 4158 in
3272 4122 3357 4160 ore
3388 4123 3496 4170 suo,
3527 4116 3569 4159 et
3591 4104 3754 4176 gladius
3775 4101 3809 4151 in

2299 4189 2444 4244 labiis
2463 4207 2663 4258 eorum,
2697 4210 2713 4243 ι
2741 4192 2894 4262 paulo
2913 4192 3050 4263 infra
3075 4194 3213 4261 dicit,
3245 4213 3262 4245 ι
3302 4195 3385 4251 Ne
3402 4197 3624 4251 occideris
3642 4210 3725 4259 eos,
3743 4207 3808 4243 ne-

2298 4281 2499 4351 quando
2526 4282 2882 4335 obliviscantur
2901 4282 3050 4352 Legis
3070 4293 3186 4337 tua'.
3213 4283 3462 4357 Dispergc
3484 4287 3589 4340 illos
3610 4285 3655 4337 in
3678 4283 3808 4335 virtute

2298 4380 2405 4439 tua,
2437 4382 2481 4426 et
2502 4373 2702 4426 destrue
2724 4390 2825 4440 eos,
2858 4372 3091 4429 Domine.
3121 4396 3138 4428 ι
3177 4376 3327 4442 Quod
3353 4381 3405 4431 in
3434 4379 3509 4432 his
3530 4392 3663 4446 usque
3677 4375 3719 4427 in
3739 4371 3807 4423 lio-

2298 4462 2525 4515 diernum
2571 4464 2702 4517 diem
2744 4465 2967 4519 videmus
3004 4466 3204 4537 impleri
3234 4485 3253 4523 :
3277 4470 3511 4524 destructi
3536 4478 3639 4523 sunt
3662 4466 3763 4521 enim
3785 4478 3808 4513 α

2295 4554 2448 4607 veteri
2462 4571 2555 4608 sua
2564 4555 2746 4625 gloria,
2766 4558 2873 4610 sine
2889 4567 2984 4611 tem
2989 4559 3073 4629 pla
3086 4569 3131 4613 et
3146 4560 3253 4615 sine
3267 4564 3398 4615 sacri
3400 4563 3541 4632 ﬁciis,
3556 4577 3609 4614 ac
3618 4554 3806 4613 sinePro-

2297 4645 2460 4716 phetis
2486 4648 2538 4700 in
2559 4649 2779 4703 omnium
2802 4651 3025 4721 gentium
3048 4652 3354 4724 dispersione
3380 4656 3597 4709 viventes.
3618 4652 3707 4708 Sed
3719 4647 3806 4718 quid

2297 4737 2540 4791 miramur
2563 4738 2697 4806 quod
2714 4739 2824 4809 jam
2856 4758 2945 4810 per
2965 4740 3272 4813 Prophetam
3311 4763 3403 4818 pro
3434 4747 3503 4801 eis
3521 4762 3611 4800 non
3629 4740 3804 4798 acciden-

2294 4826 2374 4882 dis
2400 4831 2627 4899 rogabat,
2649 4847 2740 4901 pro
2761 4833 2937 4900 quibus
2957 4844 3002 4887 et
3025 4835 3113 4888 sub
3137 4835 3248 4906 ipso
3264 4846 3481 4909 tempore
3500 4832 3804 4909 passionitjm

2293 4919 2362 4971 ad
2388 4935 2585 4973 crucem
2612 4937 2725 4974 eum
2746 4922 3038 4979 ducentibus
3064 4926 3376 4995 precabatur,
3402 4929 3598 4983 dicens:
3628 4944 3645 4979 ι
3670 4922 3801 4981 Pater.

2294 5009 2490 5063 dimitte
2514 5012 2616 5077 eis;
2646 5028 2747 5066 non
2778 5015 2909 5067 enini
2942 5016 3103 5070 sciunt
3128 5018 3250 5087 quid
3267 5021 3498 5090 faciunt)
3529 5017 3659 5091 (Luc.
3683 5026 3799 5069 ιιιιι.

2292 5100 2425 5169 34)?
2460 5100 2640 5156 Verum
2658 5105 2806 5174 (quod
2839 5107 3041 5174 adiecit,
3080 5126 3099 5160 ι
3130 5108 3213 5163 Ne
3260 5128 3478 5181 unquam
3513 5110 3802 5167 obliviscantur

2295 5191 2446 5265 Legis
2477 5205 2594 5262 tuor,
2626 5216 2644 5250 ι
2672 5208 2910 5269 tanquam
2936 5211 3144 5271 propter
3158 5202 3252 5257 hoc
3277 5204 3668 5259 necessariaessct
3689 5197 3799 5253 etiam

2292 5288 2401 5342 sine
2437 5289 2539 5358 ﬁde
2578 5291 2841 5363 Evangelii
2868 5294 2965 5348 vita
2992 5312 3181 5363 eorum,
3220 5296 3483 5351 obscurum
3518 5295 3630 5351 mihi
3660 5297 3797 5365 fami-

2296 5378 2434 5446 Quid
2453 5382 2584 5435 enim
2615 5383 2691 5436 his
2720 5384 2787 5436 ad
2809 5386 3039 5454 salutem,
3062 5404 3172 5458 qua:
3196 5389 3306 5444 sala
3333 5389 3434 5459 ﬁde
3453 5389 3683 5461 quierim,
3710 5395 3798 5451 pro-

2293 5470 2404 5525 dest
2432 5474 2484 5526 in
2514 5471 2663 5545 Legis
2690 5477 2928 5529 memoria
2954 5486 2998 5531 et
3027 5480 3343 5537 meditatione
3364 5481 3577 5544 versari;
3601 5476 3685 5532 niti
3703 5472 3799 5543 Ῑοτίι

2292 5571 2499 5633 propter
2532 5563 2771 5617 honorem
2808 5563 2956 5636 Legis
2991 5568 3167 5638 ipsius,
3193 5572 3269 5625 vel
3287 5573 3480 5642 generis
3500 5566 3737 5629 Abraham,
3759 5566 3798 5609 νε

2294 5716 2731 5842 ηξῼιξξοῃῶίξιίίδν
2749 5716 2858 5782 uim,
2877 5721 3060 5772 suibus.
3080 5725 3393 5789 Hieronymus
3405 5732 3557 5777 tamen
3572 5736 3630 5775 ex
3639 5718 3799 5772 Hebr!“
