3990 6368
176 396 253 454 665
1304 369 1786 436 EPISTOLARUM
1819 370 2092 430 CLASSIS
2128 371 2191 429 ll.

174 513 289 566 etiam
307 507 352 561 in
371 512 497 575 parte
516 509 714 556 terrena
739 497 955 553 carnalis
981 496 1184 552 seminis
1207 497 1334 566 ejus,
1367 510 1480 564 quas
1503 492 1696 548 videtur

169 600 394 660 secundum
410 611 603 650 arenam
633 595 790 647 maris
817 592 1115 662 computari,
1137 589 1285 661 Legis
1313 592 1532 658 antiqua:
1558 588 1694 641 litte-

171 711 216 747 ra
239 696 491 763 perseveret,
519 702 583 740 ne
610 687 744 756 forte
775 682 931 755 aliqui
957 681 1166 752 legendo
1195 679 1378 750 Legem
1406 679 1696 734 illuminen—

169 795 230 837 tur
256 780 312 835 ad
339 777 476 849 [idem
495 773 712 841 Christi,
736 772 818 844 qui
843 781 889 826 et
918 770 1065 842 Legis
1092 779 1141 825 et
1175 769 1545 841 Prophetarum
1579 768 1696 836 ﬁnis

168 886 236 940 est,
263 883 300 927 et
322 872 368 925 in
401 868 621 924 omnibus
654 882 827 920 eorum
848 865 987 919 libris
1018 865 1373 934 pra'ﬁguratus
1393 879 1453 916 ac
1475 862 1695 932 prophe-

168 980 268 1023 tatus
289 963 462 1020 elucet?
492 969 580 1015 aut
617 960 738 1030 quia
769 975 831 1014 ea:
868 959 994 1029 ipsis
1025 958 1194 1026 impiis
1237 974 1407 1011 eorum
1445 955 1695 1027 generatio

168 1071 331 1117 ventura
352 1066 417 1111 est
448 1054 736 1118 electorum,
758 1053 843 1123 qui
867 1051 929 1106 de
951 1051 1161 1122 singulis
1200 1050 1422 1104 tribubus
1456 1050 1616 1112 electi,
1643 1050 1696 1103 in

168 1152 364 1209 duodenis
396 1148 608 1203 millibus
648 1146 977 1217 designantur
1003 1143 1185 1216 (Apoc.
1211 1161 1302 1208 vn,
1336 1144 1487 1215 5-8);
1516 1143 1694 1213 quibus

167 1249 249 1316 ipsa
268 1243 478 1298 revelatio
498 1240 629 1294 beati
653 1238 871 1294 Joannis
891 1255 952 1292 ea:
976 1253 1091 1292 voce
1109 1237 1290 1308 Angeli
1310 1236 1694 1305 prcenuntiantis

168 1338 236 1390 hoc
260 1332 565 1390 testimonium
604 1328 856 1400 perhibet,
885 1329 1004 1400 quia
1040 1328 1298 1381 comitatui
1332 1328 1464 1398 regis
1513 1326 1693 1381 teterni

167 1424 419 1495 familiarius
445 1421 767 1476 adhcerebunt
795 1420 994 1491 penitus
1026 1419 1354 1480 immaculati,
1378 1427 1423 1472 et
1461 1406 1695 1472 humana:

165 1517 473 1591 conjunctionis
502 1515 767 1585 expertes?
787 1515 848 1568 de
872 1514 1050 1584 quibus
1080 1513 1361 1582 specialiter
1389 1512 1460 1566 ait
1490 1528 1507 1566 :
1541 1532 1560 1564 ‹
1599 1511 1695 1568 Se-

164 1619 341 1678 quuntur
357 1611 548 1678 Agnum
571 1621 880 1676 quocumque
903 1603 1034 1667 ierit,
1058 1603 1176 1673 quia
1199 1619 1312 1656 cum
1333 1601 1620 1656 mulieribus
1642 1619 1696 1657 se

163 1716 239 1752 non
260 1699 714 1767 coinquinaveruut;
739 1696 955 1766 virgines
984 1695 1116 1748 enim
1139 1703 1256 1748 sunt
1283 1714 1300 1746 ι
1323 1693 1443 1765 (Id.
1469 1709 1579 1759 xw,
1599 1693 1691 1766 4).

214 1791 256 1846 8.
281 1789 337 1843 In
369 1788 670 1859 sexagesimo
709 1787 919 1856 septimo
954 1794 1132 1855 praeter
1168 1786 1273 1839 alia
1305 1785 1433 1838 illud
1461 1785 1585 1839 mihi
1607 1784 1696 1838 ob-

161 1881 450 1934 scurissimum
482 1888 556 1934 est
581 1877 714 1948 quod
741 1878 830 1942 ait,
857 1896 876 1928 ι
905 1875 1254 1930 Verumtamen
1289 1875 1425 1930 Deus
1447 1892 1693 1947 conquas-

160 1973 256 2026 ssvit
279 1972 430 2040 capita
454 1970 770 2023 inimicorum
791 1984 1018 2032 suorum,
1042 1966 1270 2020 verticem
1296 1965 1469 2037 capilli
1491 1984 1692 2036 peram-

160 2063 392 2116 bulantium
444 2062 497 2115 in
557 2061 754 2115 delictis
794 2061 933 2124 suis;
969 2079 987 2112 ι
1012 2059 1136 2130 quid
1175 2059 1240 2112 sit
1265 2061 1493 2114 verticem
1521 2058 1695 2131 capilli

161 2151 458 2218 perambulare
497 2151 550 2204 in
596 2150 810 2204 delictis.
845 2148 966 2204 Non
993 2150 1123 2203 enim
1154 2149 1302 2215 dixit,
1339 2147 1578 2204 Verticem
1605 2167 1692 2202 ca-

159 2245 264 2312 pilis,
283 2245 379 2310 sed,
404 2263 421 2294 ι
452 2244 681 2298 verticem
709 2241 905 2313 capilli,
941 2261 960 2294 ι
981 2243 1066 2313 qui
1087 2245 1193 2296 sine
1210 2259 1359 2296 sensu
1390 2252 1480 2297 est.
1509 2242 1589 2296 An
1615 2259 1697 2296 re-

159 2336 309 2403 pletum
336 2336 545 2406 peccatis
572 2335 824 2390 hominem
852 2335 955 2388 vult
980 2334 1273 2388 ostendere?
1294 2332 1553 2404 Scriptum
1574 2343 1645 2389 est
1677 2350 1696 2389 .'

164 2443 177 2474 ι
199 2424 330 2478 Omne
353 2441 434 2479 cor
459 2428 516 2478 in
535 2425 730 2489 dolore,
758 2441 790 2478 a
810 2423 1019 2494 pedibus
1037 2441 1194 2492 usque
1222 2424 1290 2477 ad
1316 2434 1467 2493 caput
1499 2444 1517 2476 ι
1543 2423 1692 2496 (Isai.

156 2532 185 2579 ι,
210 2516 272 2585 6).
317 2515 378 2570 Et
424 2520 580 2586 paulo
625 2517 766 2587 infra
806 2516 942 2586 quod
980 2517 1069 2582 ait,
1097 2535 1115 2568 ι
1145 2515 1344 2587 Lingua
1373 2534 1554 2571 canum
1581 2527 1695 2572 tuo-

155 2624 244 2660 rum
291 2624 344 2662 ex
392 2609 606 2661 inimicis
644 2608 706 2662 ab
738 2608 866 2679 ipso.
896 2627 914 2660 ι
949 2607 993 2662 Α
1043 2625 1140 2678 quo
1176 2608 1329 2678 ipso?
1361 2618 1409 2662 et
1454 2610 1697 2679 numquid

155 2715 279 2752 canes
301 2698 382 2753 Dei
404 2700 504 2753 dici
534 2708 743 2770 possunt
764 2697 1005 2766 Gentiles,
1034 2715 1160 2769 quos
1192 2700 1300 2769 ipse
1335 2701 1388 2754 in
1424 2699 1696 2771 Evangelia

158 2806 283 2844 canes
298 2792 500 2845 nominat
526 2789 736 2862 (Matth.
768 2807 856 2857 xv,
878 2790 1011 2862 26)?
1033 2800 1121 2844 aut
1145 2808 1207 2846 ne
1235 2796 1364 2862 forte
1389 2793 1525 2862 ipsos
1549 2809 1698 2848 canes

155 2881 238 2936 Dei
267 2882 395 2948 dicat,
436 2884 614 2954 quales
656 2884 898 2938 astimari
935 2891 1164 2953 possunt,
1207 2884 1251 2938 si
1283 2885 1370 2954 qui
1407 2884 1460 2937 in
1498 2885 1700 2939 nomine

152 2974 381 3027 christiano
417 2973 675 3045 gentiliter
714 2973 917 3037 vivant;
945 2990 1157 3044 quorum
1188 2990 1307 3043 pars
1335 2991 1447 3028 cum
1475 2975 1698 3043 infideli-

150 3063 222 3119 bus
252 3067 458 3135 ponitur,
493 3068 611 3136 quia
645 3067 804 3120 Deum
841 3083 988 3135 quem
1016 3067 1176 3121 verbis
1214 3067 1402 3132 colunt,
1432 3068 1578 3136 [actis
1606 3084 1697 3122 ne-

150 3159 282 3225 qaut?

203 3249 331 3304 CAP.
362 3250 422 3306 11.
455 3250 605 3306 —-9.
670 3250 793 3306 Htec
822 3253 1020 3305 interim
1041 3253 1103 3306 de
1131 3251 1374 3317 Psalmis,
1405 3270 1537 3308 nunc
1565 3264 1611 3308 et
1639 3255 1702 3310 de

147 3343 352 3410 Apostolo
392 3345 747 3415 quodcumque
791 3362 1091 3416 proponam.
1145 3345 1277 3400 Dicit
1319 3347 1388 3400 ad
1431 3347 1696 3417 Ephesios,

145 3435 253 3501 quod
280 3436 327 3488 in
362 3437 466 3488 alia
493 3434 724 3507 Epistola
748 3436 800 3506 (l
827 3433 944 3491 Cor.
976 3453 1072 3503 xu,
1103 3437 1194 3508 28)
1218 3438 1413 3492 dixerat
1437 3439 1501 3492 de
1523 3440 1700 3508 gradi-

145 3524 213 3578 bus
245 3527 313 3580 vel
342 3526 606 3580 ordinibus
653 3527 1034 3598 dispositionum
1063 3527 1189 3594 Dei,
1231 3539 1469 3598 operante
1504 3529 1704 3600 Spiritu

144 3626 289 3670 sancto
313 3618 587 3672 divisiones
612 3618 932 3689 gratiarum:
957 3637 976 3669 s
1013 3619 1076 3672 Et
1100 3620 1344 3688 quosdam
1375 3621 1578 3687 quidem
1617 3621 1702 3674 de-

141 3707 199 3756 dit
220 3709 487 3776 apostolos,
510 3710 755 3779 quosdam
775 3718 940 3763 autem
957 3710 1245 3780 prophetas,
1266 3711 1392 3766 alios
1410 3727 1523 3766 vero
1546 3713 1706 3767 Evan-

137 3796 336 3865 gelistas,
363 3800 500 3854 alios
523 3809 690 3853 autem
721 3809 941 3869 pastores
966 3810 1012 3854 et
1039 3801 1265 3856 doctores
1291 3803 1358 3855 ad
1386 3820 1702 3859 consumma-

139 3888 296 3943 tionem
315 3901 610 3946 sanctorum
641 3910 659 3944 ι
686 3889 899 3962 (Ephes.
928 3907 1002 3958 Iv,
1028 3893 1114 3955 11,
1140 3892 1251 3965 12),
1283 3902 1328 3946 et
1354 3895 1573 3964 reliqua."
1591 3895 1704 3950 Hoc

140 3989 237 4047 opto
255 3981 538 4053 distinguas
562 3983 685 4035 mihi
712 3984 765 4036 in
787 3983 881 4036 hac
900 3983 1187 4040 diversitate
1211 3986 1488 4052 nominum,
1512 4003 1624 4055 qua:
1640 3989 1706 4042 sit

138 4075 291 4144 cuique
317 4077 517 4130 nomini
539 4076 814 4146 ofﬁciorum
845 4076 918 4130 vel
942 4078 1220 4147 gratiarum
1249 4080 1562 4149 prOprietas?
1585 4081 1706 4150 quid

141 4169 371 4238 proprium
419 4172 494 4223 sit
538 4168 924 4238 Apostolorum,
974 4170 1094 4238 quid
1142 4168 1540 4238 PrOphetarum,
1584 4171 1708 4244 quid

142 4257 577 4332 Evangelistarum,
611 4260 733 4332 quid
782 4259 1069 4328 Pastorum,
1108 4262 1287 4331 quidve
1313 4262 1607 4318 Doctorum.
1640 4264 1707 4319 In

143 4353 343 4407 omnibus
378 4355 522 4408 enim
561 4353 638 4406 his
685 4352 892 4407 diversis
939 4352 1220 4408 nominibus
1263 4354 1426 4408 simile
1467 4365 1511 4408 et
1552 4372 1708 4425 prope

140 4456 271 4494 unum
304 4443 557 4497 doctrina:
582 4441 796 4511 officium
821 4441 962 4496 video
997 4443 1151 4512 fuisse
1179 4453 1462 4496 tractatum.
1487 4444 1597 4500 llos
1616 4463 1708 4499 au-

143 4540 220 4581 tem
239 4531 526 4604 Prophetas
546 4549 671 4603 quos
691 4543 801 4603 post
823 4534 1088 4604 Apostolos
1111 4537 1295 4603 posuit,
1321 4553 1420 4590 non
1449 4546 1567 4607 puto
1592 4537 1708 4594 illos

141 4638 226 4676 esse
254 4627 335 4694 qui
373 4627 560 4679 ordine
600 4634 880 4693 temporum
918 4635 1035 4681 ante
1071 4626 1338 4697 Apostolos
1376 4633 1596 4700 fuerunt,
1619 4631 1708 4685 sed

142 4711 237 4766 illos
271 4717 452 4780 quibus
487 4718 606 4785 jam
648 4715 738 4769 sub
770 4717 1020 4787 Apostolis
1051 4733 1140 4786 per
1163 4719 1378 4788 gratiam
1405 4720 1702 4787 donabatur,

140 4815 212 4856 aut
229 4807 574 4877 interpretatio
597 4807 976 4877 Scripturarum
997 4816 1043 4861 et
1067 4808 1305 4877 inspectio
1334 4812 1594 4877 mentium,
1621 4822 1709 4866 aut

143 4900 377 4963 praedictio
417 4901 661 4971 temporis
700 4902 952 4964 secuturi;
974 4910 1027 4954 ut
1053 4899 1253 4972 Agabus
1282 4903 1530 4968 cernebat,
1557 4905 1708 4973 quiet

143 4992 304 5055 famem
347 4994 622 5048 instantem
667 4993 902 5062 praedixit
945 4993 1078 5063 (Act.
1110 5010 1182 5059 xl,
1210 4993 1301 5064 28)
1328 5003 1373 5048 et
1400 5012 1510 5064 qua:
1540 4997 1709 5051 beatus

151 5082 319 5140 Paulus
343 5089 399 5142 in
427 5087 763 5158 Jerosolymis
786 5104 1026 5157 passums
1046 5098 1191 5155 esset,
1213 5098 1262 5142 et
1281 5089 1425 5143 verbo
1445 5091 1710 5144 denuntia-

143 5179 218 5244 vit,
244 5190 286 5233 et
317 5183 468 5253 signo
501 5196 645 5235 zona:
671 5181 781 5250 ejus
799 5181 1011 5235 ostendit
1037 5179 1147 5252 (Id.
1174 5198 1282 5244 XXI,
1313 5182 1399 5248 10,
1431 5183 1542 5253 11).
1570 5182 1711 5238 Inter

147 5269 362 5329 Pastores
391 5276 677 5346 specialiter
714 5286 762 5330 et
786 5275 1024 5331 Doctores
1057 5278 1177 5346 quid
1210 5279 1402 5332 intersit
1421 5281 1711 5351 dignoscere

145 5366 259 5431 volo,
285 5368 404 5436 quia
439 5367 722 5438 praepositis
747 5366 987 5422 Ecclesia:
1008 5378 1272 5438 utrumque
1291 5387 1470 5425 nomen
1494 5371 1710 5427 adscribi

143 5456 268 5510 solet.

206 5547 286 5604 10.
314 5549 455 5605 Item
489 5551 626 5620 quod
667 5553 739 5606 ait
777 5552 846 5606 ad
886 5551 1223 5620 Timotheum,
1249 5571 1270 5605 s
1304 5553 1522 5610 Obsecro
1558 5557 1712 5628 igitur

148 5641 346 5703 primum
371 5646 600 5699 omnium
637 5648 748 5715 ﬁeri
776 5648 1161 5716 obsecrationes,
1184 5650 1454 5715 orationes,
1486 5654 1709 5721 postula-

147 5732 322 5800 tiones,
382 5739 665 5806 gratiarum
730 5741 949 5796 actiones
997 5760 1088 5812 pro
1121 5745 1347 5801 omnibus
1377 5747 1658 5803 hominibus
1684 5769 1703 5803 ι

145 5821 182 5888 (I
209 5822 330 5877 Tim.
361 5843 418 5891 ιι,
448 5828 522 5894 1),
550 5847 717 5898 quaeso
760 5850 983 5902 exponas
1025 5835 1165 5900 mihi,
1202 5838 1337 5904 quod
1361 5839 1626 5895 discrimen
1646 5845 1710 5896 sit

3287 392 3395 453 166

1803 488 1857 540 in
1876 488 1970 541 hac
1987 489 2268 545 diversitate
2281 491 2562 560 verborum,
2581 512 2693 550 cum
2707 499 2878 555 omnia
2901 502 3026 557 mihi
3042 520 3154 574 quae
3171 512 3394 578 gerenda

1806 583 1953 649 dixit,
1976 584 2218 638 orationis
2245 587 2404 656 ofﬁcio
2428 590 2688 644 convenire
2708 592 2985 650 videantur.

1877 677 1965 730 11.
1986 674 2118 729 Item
2145 678 2281 750 quod
2293 679 2373 741 ad
2400 678 2657 736 Romanos
2681 684 2772 748 ait,
2801 686 3052 760 interrogo
3091 700 3140 744 et
3169 709 3292 764 rogo
3333 705 3394 749 ut

1803 766 2048 820 edisseras
2074 767 2231 833 mihi;
2262 771 2473 824 multum
2501 772 2632 825 enim
2661 777 2892 830 twentire
2919 795 2999 832 me
3025 783 3187 850 fateor
3217 783 3271 838 in
3295 784 3393 840 hac

1803 861 2036 930 Apostoli
2053 863 2299 916 sententia
2316 864 2379 917 de
2391 863 2588 919 Iudaeis
2603 867 2739 938 quod
2753 868 2840 935 ait,
2865 888 2883 921 ι
2914 869 3206 928 Secundum
3225 874 3392 932 Evan-

1801 954 1988 1025 gelium
2006 955 2207 1017 quidem
2226 956 2417 1011 inimici
2439 968 2644 1030 propter
2659 976 2744 1016 vos
2760 979 2780 1026 ;
2804 964 3082 1020 secundum
3101 967 3391 1026 electionem

1801 1057 1971 1101 autem
1984 1050 2265 1104 charissimi
2279 1061 2486 1122 propter
2508 1062 2702 1121 patress
2714 1053 2886 1129 (Rom.
2905 1075 2981 1124 χι,
2993 1059 3085 1131 28)
3106 1066 3390 1132 :quomodo

1801 1138 1954 1193 iidem
1975 1149 2020 1193 et
2037 1141 2228 1196 inimici
2247 1153 2452 1214 propter
2472 1162 2580 1211 nos,
2606 1147 2693 1217 qui
2713 1148 3015 1204 credidimus
3037 1167 3100 1205 ex
3125 1151 3387 1220 Gentibus,

1802 1240 2039 1304 tanquam
2064 1251 2165 1289 non
2203 1237 2456 1305 potuerint
2487 1236 2666 1292 Gentes
2694 1239 2916 1307 credere,
2950 1242 3048 1296 nisi
3079 1241 3252 1298 Judaei
3287 1262 3392 1300 non

1798 1323 2168 1392 credidissent;
2204 1335 2295 1380 aut
2332 1327 2441 1398 ipse
2477 1345 2606 1382 unus
2645 1330 2868 1383 omnium
2901 1341 3096 1386 creator
3123 1332 3281 1399 Deus,
3303 1340 3392 1404 qui

1800 1431 1970 1470 omnes
1999 1417 2224 1472 homines
2249 1419 2413 1473 salvos
2437 1420 2548 1487 ﬁeri
2575 1421 2700 1487 vult,
2719 1430 2765 1474 et
2793 1421 2861 1474 ad
2885 1423 3190 1493 agnitionem
3210 1428 3389 1480 verita-

1801 1511 1865 1566 tis
1889 1511 2054 1565 venire
2077 1511 2119 1582 (1
2149 1509 2285 1566 Tim.
2317 1528 2374 1577 ιι,
2404 1510 2481 1582 4),
2519 1530 2688 1584 capax
2710 1531 2810 1568 non
2853 1516 3004 1586 fuerit
3046 1517 3387 1587 acquisitionis

1799 1603 2077 1672 utriusque,
2120 1604 2217 1657 nisi
2254 1605 2468 1659 alterum
2507 1623 2600 1677 pro
2642 1607 2800 1661 altero
2845 1608 3118 1678 possideret
3154 1625 3173 1662 :
3210 1610 3392 1665 deinde

1807 1708 1826 1743 s
1858 1688 2145 1744 charissimi
2165 1701 2370 1761 prapter
2391 1701 2557 1761 patres
2574 1693 2627 1746 7s
2653 1692 2715 1747 Si
2731 1712 2749 1742 ‹
2775 1693 3076 1762 charissimi,
3104 1713 3122 1745 s
3138 1696 3390 1764 quomodo

1799 1793 1886 1836 aut
1912 1783 2044 1836 unde
2085 1799 2184 1836 non
2227 1783 2457 1849 credant,
2485 1793 2529 1837 et
2556 1785 2750 1837 inimici
2786 1783 2893 1838 Deo
2936 1802 3042 1839 esse
3085 1787 3392 1856 persistant?

1805 1893 1825 1928 s
1857 1874 2062 1942 Nonne,
2089 1893 2110 1928 ι
2133 1875 2314 1945 inquit,
2346 1895 2364 1926 ι
2396 1877 2481 1946 qui
2507 1877 2716 1930 oderant
2746 1885 2810 1940 te,
2838 1876 2997 1943 Deus,
3021 1877 3224 1932 oderam
3252 1879 3388 1946 illos,

1799 1980 1844 2024 et
1863 1987 2013 2041 super
2035 1971 2266 2024 inimicos
2288 1978 2397 2023 tuos
2419 1969 2763 2035 tabescebam;
2796 1974 3014 2039 perfecto
3039 1969 3155 2024 odio
3184 1971 3390 2024 oderam

1797 2062 1951 2116 illos?
1974 2081 1992 2112 ι
2015 2061 2157 2116 Certe
2176 2061 2268 2114 hoc
2285 2070 2404 2130 puto
2421 2070 2628 2130 paterna
2647 2076 2744 2114 vox
2767 2060 2985 2130 loquitur
2998 2061 3066 2114 ad
3086 2059 3281 2114 Filium
3300 2077 3390 2130 per

1802 2156 2099 2226 praphetam
2127 2155 2180 2207 in
2209 2153 2380 2207 eodem
2409 2153 2622 2222 psalmo,
2649 2152 2733 2205 ubi
2759 2168 2914 2221 supra
2938 2152 3001 2206 de
3023 2161 3166 2222 parte
3185 2153 3391 2207 creden-

1801 2248 1923 2300 tium
1965 2246 2161 2299 dixerat
2206 2263 2224 2300 :
2273 2264 2292 2295 ‹
2343 2243 2476 2297 Mihi
2515 2254 2682 2298 autem
2731 2245 2878 2298 nimis
2915 2244 3234 2311 honoriﬁcati
3275 2253 3392 2298 sunt

1800 2336 1948 2390 amici
1974 2336 2071 2403 tui,
2104 2335 2273 2401 Deus;
2297 2337 2445 2389 nimis
2475 2339 2788 2407 confortatus
2832 2346 2903 2390 est
2953 2335 3263 2405 principatus
3296 2353 3384 2390 eo-

1799 2445 1912 2481 rum
1950 2447 1968 2479 s
2008 2426 2180 2498 (Psal.
2225 2443 2480 2494 cxxxvm,
2509 2428 2600 2493 21,
2635 2427 2724 2491 22,
2761 2426 2870 2495 17).
2906 2425 3042 2491 Quid
3079 2435 3247 2481 autem
3287 2427 3392 2482 illis

1803 2519 2002 2590 prodest
2039 2519 2107 2572 ad
2135 2519 2370 2586 salutem,
2397 2534 2508 2588 qua:
2537 2518 2740 2571 nonnisi
2783 2534 2871 2587 per
2908 2517 3062 2584 ﬁdem
3097 2526 3142 2571 et
3174 2518 3391 2588 gratiam

1800 2605 1990 2663 Christi
2020 2607 2236 2678 capitur,
2264 2607 2308 2662 si
2333 2617 2536 2678 prapter
2562 2607 2714 2676 [idem
2745 2616 2945 2676 patrum
2971 2605 3257 2660 charissimi
3283 2605 3390 2662 Deo

1800 2699 1948 2752 sint?
1972 2698 2054 2752 cui
2079 2697 2208 2752 bono
2242 2698 2520 2768 diliguntur
2555 2714 2680 2767 quos
2714 2713 2909 2751 necesse
2952 2704 3024 2750 est
3057 2707 3260 2767 propter
3298 2697 3392 2754 hoc

1802 2793 2056 2858 damnari,
2080 2791 2218 2859 quod
2253 2800 2456 2863 propter
2493 2807 2638 2845 suam
2675 2790 3024 2859 inﬁdelitatem
3046 2806 3078 2843 a
3106 2788 3392 2858 Propheta-

1801 2902 1916 2940 rum
1935 2895 1981 2942 et
1999 2886 2402 2956 patriarcharum
2420 2893 2684 2953 parentum
2701 2885 2802 2951 ﬁde
2818 2883 3181 2952 discrepantes,
3199 2883 3393 2936 inimici

1801 2986 1915 3032 sunt
1953 2976 2230 3048 Evangelio
2269 2975 2493 3031 Christi?
2519 2975 2579 3030 Si
2611 2991 2729 3045 ergo
2769 2974 3051 3028 charissimi
3090 2972 3220 3038 Deo,
3265 2989 3392 3042 quo-

1802 3069 1954 3124 modo
1984 3070 2261 3137 peribunt?
2287 3077 2333 3122 et
2361 3069 2405 3122 si
2436 3084 2538 3121 non
2577 3067 2825 3130 credunt,
2850 3069 3098 3136 quomodo
3135 3082 3237 3120 non
3275 3082 3390 3136 per-

1803 3161 1985 3216 ibunt?
2006 3160 2068 3216 Si
2082 3171 2286 3232 prapter
2310 3170 2478 3231 patres
2498 3159 2606 3212 sine
2625 3175 2716 3212 suo
2739 3159 2914 3212 merito
2933 3158 3234 3228 diliguntur,
3262 3174 3390 3226 quo-

1804 3253 1955 3307 modo
1984 3261 2032 3306 et
2062 3261 2265 3322 propter
2289 3261 2456 3321 patres
2478 3267 2579 3304 non
2597 3250 2958 3314 salvabuntur;
2976 3249 3067 3303 sed
3085 3249 3174 3303 etsi
3201 3250 3393 3320 fuerint

1807 3342 1942 3408 Noe,
1979 3342 2181 3407 Daniel,
2210 3353 2256 3396 et
2281 3342 2380 3397 Job
2405 3343 2460 3395 in
2486 3341 2652 3396 medio
2678 3357 2880 3407 coruus,
2908 3340 3042 3409 ﬁlios
3075 3339 3257 3408 impios
3296 3354 3396 3393 non

1806 3434 2088 3499 salvabunt,
2111 3434 2207 3488 soli
2234 3435 2361 3488 salvi
2381 3442 2529 3488 erunt
2553 3431 2764 3502 (Ezech.
2791 3446 2898 3494 xlv,
2925 3430 3012 3495 M,
3036 3429 3167 3500 16)?

1878 3527 1966 3581 i2.
1990 3525 2171 3580 Adhuc
2196 3524 2340 3579 aliud
2369 3524 2631 3579 obscurius
2652 3522 2776 3577 mihi
2804 3538 2923 3577 erue
2953 3521 3018 3575 de
3043 3520 3317 3591 profundo,
3347 3529 3396 3574 et

1806 3620 1862 3673 in
1885 3618 2070 3673 vadum
2096 3620 2287 3689 profer.
2317 3614 2384 3670 In
2413 3615 2649 3685 Epistola
2678 3613 3051 3689 Colossensium
3083 3612 3287 3666 omnino
3311 3613 3398 3666 in-

1808 3712 2031 3784 telligere
2055 3728 2155 3765 non
2181 3688 2385 3780 possum
2416 3708 2550 3780 quod
2585 3708 2678 3775 ait,
2709 3725 2728 3759 ι
2763 3688 3034 3762 Νειηούοι
3057 3707 3284 3772 seducet,
3313 3722 3399 3761 vo-

1809 3806 1916 3860 lens
1944 3806 1997 3858 in
2027 3803 2312 3858 humilitate
2332 3810 2377 3856 et
2397 3800 2642 3872 religione
2664 3799 2980 3871 angelorum,
3009 3814 3124 3870 qua:
3151 3815 3250 3854 non
3275 3799 3400 3852 vidit

1808 3897 2093 3962 ambulans,
2114 3899 2304 3966 frustra
2336 3896 2545 3965 inﬂatus
2584 3909 2736 3948 sensu
2768 3893 2935 3947 carnis
2967 3908 3091 3958 suae,
3121 3902 3292 3946 etnon
3322 3901 3398 3946 te-

1810 4006 1934 4045 nens
1956 3997 2134 4059 caput»
2162 3988 2380 4062 (Coloss.
2396 4003 2454 4052 ιι,
2472 3988 2558 4052 18,
2592 3985 2704 4057 19);
2724 3985 2786 4038 de
2801 3984 2984 4055 quibus
3006 3983 3200 4053 angelis
3229 3985 3347 4037 dicit
3373 4001 3392 4037 :

1811 4083 1855 4136 si
1879 4081 1943 4134 de
1965 4081 2182 4136 inimicis
2199 4089 2248 4134 et
2275 4079 2442 4146 malis,
2469 4093 2581 4148 qua:
2599 4077 2802 4130 illorum
2824 4075 3024 4145 religio,
3051 4083 3136 4127 aut
3159 4089 3272 4144 qua’
3299 4075 3400 4127 hu-

1811 4173 2022 4236 militas,
2052 4181 2098 4225 et
2127 4172 2237 4242 quis
2278 4171 2342 4224 sit
2391 4169 2626 4239 magister
2659 4165 2960 4222 seductiouis
2996 4164 3170 4234 hujus,
3195 4164 3282 4234 qui
3312 4181 3402 4234 per

1813 4269 2070 4323 obtentum
2100 4265 2266 4319 nescio
2295 4263 2441 4334 cujus
2477 4261 2720 4332 angelica:
2744 4257 3022 4331 religionis,
3044 4257 3191 4328 quasi
3216 4258 3322 4311 visa
3355 4266 3402 4310 et
3475 4326 3480 4331 _

1813 4369 2069 4432 comperta
2089 4359 2268 4412 doceat
2286 4371 2399 4427 qua:
2422 4371 2524 4408 non
2549 4352 2709 4406 vidit?
2729 4351 2856 4406 Sine
2876 4348 3030 4404 dubio
3049 4349 3286 4412 hteretici,
3317 4349 3403 4417 qui
3470 4360 3481 4402 ξ

1815 4454 2072 4509 doctrinas
2100 4451 2466 4505 daemoniorum
2491 4455 2538 4501 et
2567 4453 2841 4516 sequuntur
2865 4452 2913 4498 et
2934 4451 3190 4514 promunt,
3220 4457 3399 4495 conce-
3461 4465 3479 4501 ,ς

1814 4546 1914 4618 ptis
1937 4543 1998 4598 ab
2026 4558 2199 4598 eorum
2223 4540 2403 4612 spiritu
2428 4536 2884 4601 adinventionibus,
2911 4550 3025 4605 qua:
3051 4549 3149 4588 non
3171 4533 3403 4586 viderunt

1815 4647 2192 4717 phantasmata,
2218 4640 2362 4712 quasi
2394 4641 2501 4694 visa
2535 4640 2796 4710 ﬁngentes,
2826 4646 2872 4690 ct
2897 4637 3142 4708 pestiferis
3172 4637 3402 4705 disputa-
3453 4641 3463 4658 ’-

1815 4737 2033 4791 tionibus
2075 4736 2128 4787 in
2174 4732 2329 4786 corda
2361 4731 2493 4785 male
2528 4729 2737 4784 credula
2763 4728 3061 4784 seminantes
3085 4727 3129 4794 (I
3155 4724 3289 4780 Tim.
3324 4741 3397 4791 ιν,

1817 4832 1866 4895 1,
1900 4831 1980 4898 2),
2012 4829 2063 4882 hi
2089 4834 2206 4881 sunt
2223 4825 2310 4895 qui
2332 4840 2434 4878 non
2459 4833 2626 4878 tenent
2645 4832 2817 4892 caput,
2838 4821 2894 4875 id
2910 4830 2984 4875 est
3009 4819 3263 4874 Christum
3287 4819 3402 4889 fon-

1815 4935 1913 4976 tem
1924 4922 2161 4986 veritatis,
2176 4918 2575 4991 cujus§doctrinar
2583 4917 2826 4989 quidquid
2839 4915 3150 4979 adversatur,
3164 4914 3402 4967 insanum

1816 5025 1907 5070 est.
1928 5015 1993 5068 Et
2007 5014 2059 5067 hi
2073 5012 2193 5067 caici
2203 5012 2354 5066 duces
2373 5027 2623 5066 meorum
2653 5008 2864 5080 (Matth.
2883 5023 2970 5072 xv,
2992 5007 3059 5062 M
3078 5007 3117 5078 ),
3145 5007 3207 5061 de
3224 5006 3402 5077 quibus

1823 5126 1839 5158 ‹
1851 5108 1952 5161 dici
1966 5116 2086 5176 puto
2099 5104 2207 5160 :Me
2218 5103 2584 5174 dereliquerunt
2602 5103 2789 5172 fontem
2804 5115 2952 5170 aqua:
2961 5099 3154 5166 vivaz,et
3166 5100 3402 5171 foderunt

1816 5198 1907 5252 sibi
1924 5197 2062 5252 lacus
2089 5197 2346 5260 contritas,
2373 5197 2458 5265 qui
2481 5211 2581 5248 non
2608 5202 2772 5246 tenent
2798 5209 3012 5262 aquam»
3038 5190 3173 5263 (Jer.
3202 5207 3258 5256 ιι,
3288 5191 3397 5257 13).

1890 5291 1976 5344 15.
2003 5287 2200 5342 Deinde
2222 5288 2277 5342 in
2295 5287 2614 5358 subsequenti
2634 5285 2798 5357 capite
2817 5285 3041 5356 adjecit:
3070 5301 3090 5336 ι
3120 5281 3176 5338 Ν
3178 5300 3205 5337 e
3224 5281 3399 5351 tetige-

1817 5382 1946 5447 ritis,
1971 5397 2127 5451 neque
2153 5379 2490 5451 gustaveritis,
2509 5394 2665 5450 neque
2683 5377 3132 5440 contrectaveritis,
3153 5388 3270 5444 qua:
3281 5382 3402 5428 sunt

1817 5474 1989 5528 omnia
2026 5474 2081 5527 in
2115 5474 2373 5527 interitum
2399 5473 2512 5542 ipso
2539 5489 2636 5527 usu
2656 5473 2928 5528 secundum
2955 5477 3204 5540 prwcepta
3226 5475 3274 5522 et
3300 5468 3400 5521 do-

1817 5566 2004 5621 ctrinas
2040 5566 2317 5632 hominum,
2346 5565 2593 5619 rationem
2625 5566 2826 5635 quidem
2865 5560 3097 5616 habentia
3137 5560 3403 5631 sapientia:

1818 5659 1870 5712 in
1915 5659 2267 5728 superstitione
2304 5667 2352 5712 et
2395 5657 2706 5722 humilitate,
2734 5655 2803 5709 ad
2827 5671 2928 5708 non
2955 5653 3265 5724 parcendum
3286 5670 3399 5708 cor—

1822 5751 1952 5821 pori,
1975 5767 2077 5804 non
2098 5750 2151 5804 in
2166 5750 2355 5804 honore
2372 5750 2540 5821 aliquo
2556 5747 2624 5801 ad
2639 5747 2952 5801 saturitatem
2961 5745 3157 5800 carnis:
3182 5743 3376 5818 (Coloss
3388 5781 3400 5795 .

1819 5861 1877 5910 ιι,
1899 5843 2117 5910 21-25).
2159 5842 2285 5907 Qua:
2331 5851 2447 5897 sunt
2480 5842 2598 5906 ista,
2616 5840 2791 5909 quibus
2809 5850 2857 5894 et
2876 5839 3122 5894 rationem
3145 5839 3404 5911 sapientia
