3990 6434
599 337 697 395 ιτι

595 452 664 507 de
684 450 771 507 illa
797 453 899 507 vita
912 453 1143 523 cogitare
1167 454 1425 521 debeatis,
1447 454 1531 509 ubi
1559 456 1671 509 sine
1699 452 1875 525 aliquo
1903 454 2084 508 labore
2106 452 2183 506 vi-

599 542 754 608 vatis,
775 543 1060 600 evadentes
1080 560 1184 601 non
1199 546 1447 601 molestas
1460 546 1728 617 angustias
1750 545 2001 616 temporis
2013 544 2181 615 parvi,

597 634 688 688 sed
710 634 1004 689 horrendas
1032 649 1217 705 pmnas
1246 637 1380 708 ignis
1407 634 1609 692 aeterni.
1638 635 1772 692 Nam
1791 633 1835 691 si
1857 635 2014 691 modo
2039 642 2180 689 tanta

598 740 721 779 cura
740 765 752 788 ,
797 733 937 780 tanta
964 725 1283 792 intentione,
1314 736 1460 783 tanto
1488 728 1665 783 labore
1691 728 1876 799 agitis,
1908 741 1974 781 ne
2001 726 2050 780 in
2079 725 2181 780 ali-

597 810 729 887 quos
775 816 1042 871 cruciatus
1088 819 1420 874 transitorios
1468 818 1742 883 incidatis;
1789 827 2041 890 quantum
2085 832 2180 871 vos

596 917 803 978 oportet
847 922 965 963 esse
1012 909 1300 977 sollicitos,
1354 920 1408 965 ut
1446 911 1797 982 sempiternas
1825 911 2069 965 miserias
2098 909 2175 964 lu-

595 998 779 1069 giatis!
821 999 883 1052 Et
920 998 962 1053 si
995 1014 1139 1054 mors
1168 1000 1245 1055 sic
1270 1001 1517 1069 timetur,
1545 1017 1662 1072 qua:
1690 1001 1803 1057 finit
1833 1001 2175 1072 temporalem

597 1091 827 1145 laborem
854 1107 866 1155 ;
889 1091 1155 1162 quomodo
1174 1092 1403 1148 timenda
1429 1103 1510 1148 est
1528 1110 1647 1165 qua:
1668 1094 1829 1149 mittit
1846 1095 1899 1149 in
1920 1104 2176 1150 aeternum

596 1181 865 1238 dolorem!
916 1182 983 1237 Et
1023 1182 1065 1238 si
1108 1182 1311 1239 delicia:
1351 1184 1516 1240 seculi
1547 1184 1701 1255 hujus
1721 1227 1735 1250 ,
1763 1186 1953 1240 breves
1980 1193 2034 1240 et
2058 1201 2176 1239 sor-

601 1271 736 1325 didae
758 1313 771 1333 ,
802 1273 879 1327 sic
906 1284 1186 1339 amantur;
1216 1284 1413 1347 quanto
1442 1276 1805 1332 vehementius
1829 1277 1985 1331 futuri
2011 1277 2176 1332 seculi

596 1364 784 1434 gaudia
813 1381 939 1434 pura
971 1375 1027 1419 et
1048 1366 1249 1420 infinita
1277 1368 1558 1436 qnmrenda
1582 1370 1737 1423 sunt!
1764 1369 1865 1423 Ista
1886 1370 2177 1439 cogitantes

602 1455 765 1509 nolite
794 1470 911 1509 esse
938 1456 1073 1525 pigri
1106 1457 1155 1509 in
1182 1458 1430 1527 operibus
1451 1457 1602 1512 bonis
1622 1500 1636 1525 ,
1664 1466 1721 1513 ut
1741 1458 1806 1513 ad
1828 1459 1988 1513 vestri
2011 1459 2174 1514 semi-

594 1546 675 1600 nis
706 1561 932 1601 messem
963 1562 1059 1601 suo
1088 1556 1325 1617 tempore
1350 1548 1591 1604 veniatis.

659 1639 712 1691 2.
753 1638 1061 1694 Nuntiatum
1090 1640 1231 1695 enim
1261 1650 1342 1696 est
1371 1641 1500 1695 mihi
1529 1641 1671 1711 quod
1702 1657 1905 1699 morem
1938 1651 2172 1698 vestrum

590 1730 660 1784 de
689 1730 981 1786 vestiendis
1010 1733 1328 1803 pauperibus
1356 1733 1560 1790 fueritis
1586 1735 1769 1802 obliti;
1800 1736 1866 1790 ad
1895 1753 2051 1807 quam
2077 1737 2175 1791 mi-

591 1821 933 1876 sericordiam
964 1838 1082 1876 cum
1116 1839 1351 1894 prmsens
1379 1840 1550 1881 essem
1581 1841 1675 1881 vos
1702 1826 2008 1883 exhortatus
2032 1845 2169 1894 sum,

592 1922 647 1967 et
672 1928 811 1968 nunc
839 1912 1127 1981 exhortor,
1157 1931 1223 1970 ne
1253 1932 1346 1971 vos
1375 1918 1549 1971 vincat
1574 1927 1628 1972 et
1658 1918 1834 1989 pigros
1857 1919 2013 1975 faciat
2041 1937 2171 1975 con-

594 2000 740 2057 tritio
766 2003 923 2073 hujus
962 2006 1177 2072 mundi,
1208 2007 1290 2061 cui
1333 2008 1453 2062 talia
1494 2008 1686 2063 videtis
1715 2010 1957 2066 accidere
1997 2013 2169 2083 qualia

593 2094 846 2148 Dominus
889 2104 943 2150 et
986 2097 1310 2168 Redemptor
1338 2109 1547 2167 noster,
1580 2102 1667 2172 qui
1699 2102 1908 2157 mentiri
1939 2120 2043 2157 non
2073 2119 2172 2174 po-

591 2191 727 2249 test,
774 2193 992 2240 ventura
1034 2187 1291 2255 praedixit.
1326 2188 1440 2243 Non
1467 2190 1635 2244 solum
1666 2207 1793 2262 ergo
1832 2207 1936 2247 non
1965 2192 2170 2250 debetis

589 2276 764 2329 minus
807 2276 981 2332 facere
1023 2294 1184 2348 opera
1216 2280 1591 2337 misericordia:
1611 2325 1627 2350 ,
1657 2284 1751 2339 sed
1777 2284 1935 2339 etiam
1966 2285 2170 2342 debetis

588 2369 816 2438 amplius
843 2386 999 2440 quam
1031 2373 1230 2427 soletis.
1262 2371 1409 2428 Sicut
1446 2376 1587 2430 enim
1632 2376 1699 2431 ad
1743 2377 1857 2432 loca
1885 2379 2169 2437 munitiora

591 2458 923 2515 festinantius
949 2463 1207 2532 migrant,
1236 2466 1322 2535 qui
1350 2467 1555 2521 ruinam
1584 2468 1775 2524 domus
1817 2470 1998 2527 vident
2037 2488 2166 2528 con-

589 2551 727 2605 tritis
749 2551 1037 2621 parietibus
1054 2554 1363 2621 imminere;
1390 2557 1467 2612 sic
1486 2559 1645 2613 corda
1666 2561 1950 2616 christiana
1973 2575 2167 2634 quanto

590 2641 757 2710 magis
794 2642 1026 2696 sentiunt
1065 2645 1245 2699 mundi
1285 2645 1442 2716 hujus
1476 2649 1680 2703 ruinam
1711 2651 2166 2713 crebrescentibus

586 2731 1010 2787 tribulationibus
1038 2736 1410 2807 propinquare,
1439 2747 1587 2794 tanto
1614 2743 1779 2813 magis
1806 2744 2001 2801 debent
2027 2747 2165 2804 bona

583 2838 701 2893 quae
746 2824 797 2879 in
839 2832 979 2880 terra
1014 2828 1305 2884 recondere
1334 2830 1717 2903 disponebant,
1762 2837 1814 2891 in
1860 2838 2164 2895 thesaurum

583 2915 852 2970 caelestem
885 2916 1103 2987 impigra
1146 2919 1417 2977 celeritate
1463 2924 1784 2993 transferre,
1817 2938 1873 2982 ut
1900 2931 1944 2984 si
1974 2932 2163 3002 aliquis

583 3004 844 3061 humanus
867 3022 1026 3063 casus
1049 3009 1319 3074 acciderit.
1349 3014 1575 3083 gaudeat
1602 3018 1690 3088 qui
1714 3019 1781 3075 de
1803 3022 1921 3077 loco
1945 3024 2163 3081 ruinoso

580 3098 854 3166 emigravit
898 3117 911 3151 :
956 3100 1001 3154 si
1049 3110 1225 3158 autem
1272 3105 1402 3159 nihil
1451 3108 1554 3163 tale
1600 3110 1755 3167 fuerit
1797 3114 2157 3186 subsecutum,

580 3200 685 3241 non
713 3189 1057 3245 contristetur
1080 3193 1509 3267 quiquandoque
1538 3202 1845 3270 moriturus,
1878 3206 2158 3267 immortali

581 3277 834 3342 Domino,
875 3281 942 3335 ad
985 3298 1141 3351 quem
1181 3296 1435 3343 venturus
1472 3301 1582 3355 est,
1614 3294 1747 3350 bona
1777 3300 1986 3368 propria
2013 3317 2160 3357 com-

581 3366 867 3424 mendavit.
897 3369 1097 3443 Itaque,
1122 3374 1313 3431 fratres
1334 3379 1435 3433 mei
1461 3366 1809 3454 dilectissimi,
1841 3366 1901 3442 es
1926 3407 1993 3445 eo
2017 3395 2155 3463 quod

578 3460 801 3552 quisque
832 3460 1025 3531 habet,
1054 3466 1344 3522 secundum
1385 3486 1507 3526 suas
1535 3472 1673 3531 vires
1699 3492 1829 3547 quas
1856 3480 1966 3551 ipse
1990 3460 2151 3552 novit,

574 3551 733 3609 facite
760 3553 900 3624 quod
928 3553 1113 3612 soletis
1131 3599 1147 3625 ,
1180 3558 1437 3617 alacriore
1465 3563 1643 3619 animo
1668 3582 1825 3637 quam
1854 3572 2033 3628 soletis
2052 3617 2067 3640 ,
2099 3551 2153 3632 et

1832 332 1888 387 S.
1934 331 2159 387 Ali-GBS

2267 332 2294 383 _l
2338 331 2637 388 EPISCOPI
3568 384 3574 388 η
3736 342 3824 401 ιη

2290 451 2427 506 inter
2453 464 2642 506 omnes
2676 450 2840 506 seculi
2880 448 3037 521 hujus
3075 449 3347 505 molestias
3386 452 3706 521 apostolicam
3740 472 3821 512 ex-

2288 541 2639 598 hortationem
2689 543 2850 599 corde
2895 542 3152 609 retinete,
3202 543 3295 598 ubi
3340 543 3414 599 ait
3454 562 3468 598 :
3521 542 3739 603 Dominus
3776 551 3819 605 in

2287 635 2518 704 proximo
2551 645 2655 701 est;
2691 634 2819 689 nihil
2842 635 3046 690 solliciti
3072 634 3269 704 fueritis
3298 632 3550 706 (Philipp.
3590 652 3660 703 Iv,
3682 639 3728 703 5,
3753 642 3817 713 6).

2286 726 2431 781 Talia
2459 726 2588 781 mihi
2615 726 2682 783 de
2707 726 2857 781 vobis
2885 728 3209 792 nuntientur,
3240 726 3434 796 quibus
3463 729 3707 795 noverim,
3734 746 3819 791 non

2286 828 2501 889 prepter
2542 833 2713 873 meam
2758 818 3128 889 prmsentiam,
3167 816 3263 872 sed
3301 826 3517 890 propter
3541 818 3627 874 Dei
3657 837 3819 891 pme.

2287 920 2466 981 ptum,
2498 910 2588 981 qui
2629 926 2896 981 nunquam
2940 920 3022 966 est
3058 910 3290 977 absens,
3336 924 3435 965 vos
3477 910 3641 967 solere
3681 915 3819 973 facere

2283 1002 2423 1072 quod
2469 1002 2649 1057 multis
2685 1004 2839 1059 annis
2876 1019 2962 1059 me
2992 1012 3285 1074 przesente,
3314 1010 3371 1059 et
3395 1002 3667 1075 aliquando
3691 1007 3817 1065 etiam

2282 1108 2369 1149 me
2397 1094 2618 1149 absente
2649 1093 2866 1149 fecistis.
2910 1094 3164 1150 Dominus
3188 1108 3288 1149 vos
3316 1093 3369 1148 in
3398 1108 3527 1163 pace
3551 1108 3816 1166 conservet;

2280 1192 2353 1251 et,
2382 1183 2709 1239 dilectissimi
2740 1182 2948 1249 fratres,
2977 1193 3128 1239 orate
3156 1197 3253 1254 pro
3281 1182 3454 1238 nobis.

2693 1296 3019 1354 EPISTULA
3057 1294 3220 1353 CXXI
3228 1295 3272 1386 ll
3299 1299 3318 1319 ⁶
3348 1294 3448 1369 (a).

2286 1409 2622 1479 Hieronymus
2642 1409 2921 1480 Augustino
2943 1410 3174 1480 quredam
3199 1425 3292 1479 per
3312 1407 3529 1480 mitigata
3551 1410 3814 1467 renuntiant.

2353 1541 2506 1597 Multi
2534 1550 2740 1615 utroque
2766 1543 3053 1597 claudicant
3081 1542 3205 1612 pede
3230 1543 3271 1608 ‘,
3305 1552 3355 1597 et
3380 1558 3443 1597 ne
3469 1542 3634 1613 fractis
3656 1546 3815 1614 quidem

2279 1637 2547 1693 ceruicibus
2575 1638 2880 1692 inclinantur
2898 1679 2913 1705 ,
2957 1638 3190 1691 habentes
3223 1635 3465 1705 affectum
3488 1639 3659 1693 erroris
3681 1641 3815 1709 pristi-

2280 1730 2359 1796 ni,
2391 1747 2504 1782 cum
2544 1729 2854 1801 praedicandi
2893 1730 3119 1784 eamdem
3160 1746 3264 1784 non
3310 1727 3524 1784 habeant
3566 1730 3810 1788 libertatm.

2280 1818 2457 1874 Sancti
2486 1823 2668 1892 fratres
2692 1821 2777 1891 qui
2804 1837 2918 1874 cum
2957 1829 3129 1875 nostra
3162 1829 3283 1876 sunt
3314 1821 3586 1890 parvitate,
3611 1822 3815 1895 prccipus

2276 1921 2462 1967 sancta:
2486 1929 2547 1966 ac
2575 1912 2877 1967 venerabiles
2907 1912 3029 1982 ﬁlia:
3065 1923 3164 1967 tua:
3200 1912 3502 1983 suppliciter
3540 1923 3585 1968 te
3614 1915 3808 1970 salutant.

2279 2003 2488 2059 Fratres
2531 2015 2675 2069 tuos,
2718 2004 2978 2058 deminuat
3023 2021 3185 2059 meum
3225 2004 3501 2076 Alypium,
3534 2014 3578 2059 et
3598 2005 3812 2062 dominum

2277 2113 2441 2150 meum
2470 2093 2734 2159 Evodium,
2758 2104 2812 2149 ut
2836 2112 2943 2149 meo
2968 2095 3168 2149 nomine
3191 2096 3408 2160 salutes,
3435 2112 3602 2165 precor
3618 2113 3810 2152 coronam

2276 2196 2433 2241 tuam.
2470 2186 2631 2257 Capta
2660 2183 2946 2239 Jerusalem
2976 2194 3167 2239 tenetur
3201 2202 3233 2238 a
3273 2184 3717 2241 Nabuchodonosor
3736 2187 3807 2258 (ὑ).

2276 2294 2364 2330 nec
2384 2276 2620 2331 Ieremia:
2645 2277 2747 2330 vult
2768 2276 2947 2329 audire
2964 2276 3175 2330 consilia
3197 2293 3215 2340 ,°
3239 2277 3361 2347 quin
3387 2277 3548 2347 potius
3573 2276 3809 2348 {Egyptian

2273 2368 2543 2433 desiderat,
2575 2377 2628 2421 ut
2649 2369 2892 2421 moriatur
2915 2367 2967 2421 in
2990 2365 3252 2437 Taphnes,
3280 2377 3329 2421 et
3354 2367 3424 2420 ibi
3442 2369 3661 2421 servitute
3677 2379 3807 2437 pereat

2272 2464 2592 2535 sempiterna.

2336 2620 2351 2650 ³
2387 2623 2437 2667 tn
2461 2625 2541 2666 Ms.
2580 2628 2671 2666 me.
2713 2616 2931 2666 cubaret
2954 2615 3129 2666 istbaec
3169 2612 3382 2678 epistola
3412 2626 3521 2664 am
3544 2614 3676 2678 epist.
3693 2628 3804 2678 cm,

2272 2680 2419 2744 eique
2442 2692 2541 2744 uno
2579 2685 2753 2744 tenore
2789 2678 3119 2744 subjungitur.
3166 2674 3218 2744 In
3261 2676 3377 2726 Old.
3403 2674 3657 2744 autem'vd.

2264 2734 2409 2803 joc'tis
2432 2742 2586 2790 tribus
2608 2740 2784 2803 verbis
2804 2734 2994 2803 sic'illi'
3007 2738 3320 2803 annectitur:
3362 2745 3473 2788 Jam
3509 2742 3605 2801 post
3637 2734 3801 2787 wbsrri~

2270 2797 2496 2865 ptionem.
2518 2799 2655 2851 multi
2675 2808 2874 2864 utroque
2890 2797 3166 2850 claudicant
3188 2798 3335 2864 pede,
3355 2806 3452 2849 etc.

2334 2886 2350 2903 '
2388 2884 2720 2934 necensitaad
2748 2881 2816 2931 bl.
2862 2896 2907 2932 c.
2954 2882 3130 2932 fs.mr.
3154 2888 3213 2932 tt.
3255 2883 3383 2933 duos
3416 2881 3497 2932 vd.
3531 2879 3801 2931 sexv.etsd

2271 2953 2370 2995 Am.
2395 2946 2505 2995 Bad.
2528 2952 2601 2995 Er.
2627 2951 2736 2995 ιον.

2329 3027 2546 3139 gaianas
2540 3026 2622 3139 a91.16
2638 3040 2786 3139 ἑιὸιω
2807 3033 2973 3077 autem
2991 3025 3082 3075 123
3100 3032 3223 3087 erat,
3246 3038 3377 3076 nunc
3396 3023 3503 3075 257.
3528 3024 3691 3088 Scripta
3706 3020 3799 3073 forte

2466 3104 2523 3139 ,ιιι
2607 3125 2618 3137 .
2734 3125 2747 3137 .

2267 3089 2360 3140 sub
2378 3089 2523 3139 linem
2540 3102 2618 3139 an.
2638 3089 2747 3139 410.

2281 3214 2293 3219 -
2328 3152 2401 3214 (θ)
2419 3151 2845 3219 διδηώοάοοοθρτ
2862 3149 3078 3219 nomine
3095 3147 3541 3219 ιεωεξοξῐωίμηυω

2264 3204 2511 3263 damnatas
2541 3214 2759 3263 bzereses
2774 3211 2898 3261 clam
2916 3218 2968 3261 et
2984 3204 3183 3273 oblique
3203 3204 3551 3261 defendentem
3579 3204 3798 3273 εξιὺίιιίθυὶέ

2263 3283 2386 3348 gunt
2406 3276 2619 3348 editores
2635 3287 2847 3347 operum.
2875 3271 3164 3347 ttierpnymi,
3189 3279 3413 3322 Erasmus
3433 3278 3486 3322 et
3518 3271 3732 3343 Marianas.
3758 3272 3797 3317 At

2262 3351 2312 3387 ιιι
2331 3344 2582 3404 Α-ιιευειιιῃ
2597 3337 2813 3404 editth
2835 3335 2965 3385 idem
2986 3348 3093 3404 ipse
3112 3340 3352 3404 Erasmus,
3377 3346 3435 3404 ac
3454 3340 3558 3404 post
3567 3335 3798 3404 immulg-

2262 3387 2519 3449 vanieiises
2535 3397 2766 3461 'rheologi
2787 3410 2935 3461 super
2954 3387 3127 3446 eadem
3153 3387 3364 3460 epistcls
3379 3387 3550 3445 docent
3565 3387 3644 3461 big
3654 3387 3795 3461 signiﬁ;

2259 3461 2375 3514 ωτῖς
2395 3467 2579 3527 captam
2596 3448 2807 3527 εροιῖιίξε
2821 3448 3120 3527 nmmum
3136 3448 3607 3527 αέιιοβοετθβιηιιιξῐη
3620 3448 3715 3527 Deli
3731 3448 3796 3527 θεά

2265 3511 2515 3572 accersitis
2532 3522 2681 3582 copiis
2698 3521 2853 3571 moliri
2888 3511 3229 3582 rebellionem.
3252 3519 3483 3569 Bai-anius
3514 3517 3647 3567 etiam
3676 3513 3716 3563 id
3738 3511 3794 3561 th-

2257 3593 2392 3634 ctum
2415 3588 2551 3645 putat
2566 3579 2630 3631 de
2654 3583 2778 3632 Urbe
2797 3590 2934 3645 capta
2952 3593 3029 3630 an.
3052 3579 3159 3630 410.

581 3680 3165 3719 —_______________________________________

1537 3779 2138 3893 CLASSIS
2232 3786 2424 3892 TE
2442 3786 2533 3889 R
2558 3783 2863 3891 ΤΙΑ.

571 3964 790 4027 ⁸Ρ¹⁵ω¹²⁸
811 3978 936 4031 ‘1‘"
954 3966 1019 4018 ³³⁵
1038 3981 1166 4020 ³¹¹¹¹⁰
1185 3969 1652 4050 διωιιιρειὲξιίοωε
1669 3989 1779 4050 ξω
1799 3982 2056 4050 Donatistis
2076 3984 2447 4050 Pehsianseqne
2464 3984 2713 4050 haereseos
2734 3985 2790 4050 i9.
2809 3983 3328 4050 ,Αττὲοξ-ιέθμνοιιοωεν
3350 3986 3537 4050 scripsit
3558 3980 3787 4046 Αυευευπω

1362 4033 1597 4099 deinceps
1613 4036 1803 4103 reliquo
1823 4047 2045 4106 tempore
2066 4033 2179 4097 vitae
2417 4033 2495 4098 est
2509 4046 2571 4095 ab
2593 4058 2719 4093 anno
2736 4033 2823 4094 Ill
2852 4033 3038 4095 δάε)οξ

2027 4175 2398 4231 W

1008 4280 1334 4338 EPISTOLA
1374 4280 1585 4339 CXXIV
1610 4283 1712 4357 (a).

574 4382 884 4456 Augustinus
911 4387 979 4439 ad
1005 4389 1239 4443 Albinam
1256 4432 1273 4458 ,
1310 4391 1585 4448 Pinianum
1613 4406 1656 4450 et
1682 4396 1960 4454 Melanium
1994 4404 2152 4474 ipsius

644 4475 891 4529 desiderio
930 4479 1175 4534 venientes
1211 4482 1264 4532 in
1299 4481 1522 4551 Africam
1550 4494 1597 4538 et
1630 4485 1895 4557 Thagasta
1932 4508 2150 4547 commo-

643 4574 812 4621 rantes
836 4577 1041 4621 excusat
1065 4586 1136 4634 se,
1163 4571 1296 4638 quod
1321 4570 1444 4625 illuc
1472 4573 1540 4626 ad
1565 4591 1647 4629 eos
1673 4577 1901 4633 visendos
1928 4598 2146 4652 pergere,

642 4672 741 4709 non
769 4666 869 4710 tam
898 4675 986 4727 per
1015 4659 1191 4713 hiemis
1220 4662 1434 4733 rigorem
1456 4703 1470 4727 ,
1498 4680 1649 4734 quam
1685 4683 1775 4737 per
1799 4678 1985 4723 statum
2012 4670 2147 4742 Ηὶρο

642 4738 877 4815 pbnensis
907 4748 1144 4803 Ecclesia
1177 4750 1467 4806 titubantem
1499 4754 1637 4807 haud
1661 4757 1759 4811 sibi
1781 4759 2015 4815 licuisset.

571 4854 810 4912 Dominis
836 4858 887 4912 in
916 4858 1137 4913 Domino
1163 4860 1457 4931 insignibus
1477 4905 1491 4926 ,
1520 4874 1575 4920 et
1597 4869 1873 4926 sanctitate
1897 4871 2147 4931 charissi-

644 4947 745 5000 mis
768 4962 831 5001 ac
858 4948 1320 5006 desideratissimis
1344 4951 1616 5022 fratribus,
1645 4959 1881 5027 Aunus,
1909 4964 2144 5033 PINIANO,

644 5028 699 5089 et
725 5035 982 5093 Musam
1010 5040 1049 5105 ¹,
1077 5040 1436 5108 Aucusruws,
1468 5044 1520 5098 in
1547 5045 1771 5104 Domino
1794 5052 2037 5109 salutem.

648 5127 701 5181 l.
741 5125 870 5181 Cum
908 5128 1084 5185 habitu
1110 5133 1422 5190 valetudinis
1454 5137 1537 5192 vel
1576 5148 1757 5196 natura
1803 5143 1968 5215 frigus
2006 5148 2147 5205 ferre

634 5238 1162 5321 3894.9933392'92
1496 5249 1715 5321 actim
1741 5258 2044 5321 metuimus
2066 5259 2146 5308 Αι-

568 5298 697 5380 ρῇιξξ
714 5298 1320 5380 ξιξιιξιῇξξλοιξοῑρςίῑξιῐᾳ
1334 5298 1691 5380 vetustissimi"

719 5362 1045 5437 unumnhujus
1070 5367 1286 5437 epistolae
1309 5377 1389 5418 Ms.
1415 5380 1601 5437 nostras
1622 5375 1669 5423 in
1703 5362 2148 5432 sish‘deii's-‘ié

567 5425 716 5492 etiam
740 5425 1014 5492 inscribitur
1023 5428 1085 5492 _in
1101 5425 1308 5480 iudiculo
1329 5431 1538 5491 Possidii,
1563 5447 1606 5482 c.
1631 5437 1678 5485 7.
1699 5444 1842 5488 Porro
1855 5425 2145 5492 “limante:

566 5483 708 5532 lania:
748 5485 838 5533 fuit
857 5486 1064 5535 senioris
1084 5501 1260 5549 nurus,
1284 5498 1439 5541 mater
1455 5483 1675 5554 junioris'
1694 5483 2145 5552 uﬁﬁﬁiiﬁ.

631 5566 647 5582 '
675 5573 773 5615 non
793 5568 1067 5630 reperimus
1085 5569 1207 5621 hanc
1230 5572 1277 5620 in
1300 5577 1407 5622 Mss.
1435 5576 1526 5625 nisi
1547 5579 1624 5627 ob.
1648 5587 1699 5631 et
1721 5581 1910 5633 duobus
1932 5598 1977 5632 γ.

565 5644 1107 5729 μέεέὶὲίὶὲἱῗῃιίεῐυεθ
1127 5660 1288 5703 amem
1310 5653 1398 5703 ‘2‘
1431 5664 1550 5718 erat,
1574 5673 1699 5712 ηηηο
1716 5662 1793 5711 96-
1821 5666 1995 5729 Scripta
2020 5667 2143 5715 circa

563 5711 809 5754 ineuntem
826 5720 902 5756 an.
934 5711 985 5758 H
1001 5711 1035 5767 η

2264 4308 2368 4348 ηοη
2398 4294 2625 4362 Ροδεὶῐη.
2669 4308 2935 4365 nunquam
2981 4305 3153 4351 tamen
3197 4298 3426 4367 majores
3464 4304 3636 4360 aestus,
3663 4305 3777 4362 quam

2264 4386 2362 4440 ista
2387 4385 2561 4440 hieme
2590 4395 2693 4439 tam
2719 4386 3005 4453 horrenda,
3036 4390 3239 4459 perpeti
3267 4390 3432 4460 potui,
3461 4388 3590 4461 quod
3614 4384 3671 4440 ad
3690 4396 3776 4442 vos.

2260 4474 2326 4529 ad
2351 4490 2484 4545 quos
2509 4475 2683 4529 volatu
2715 4476 2880 4530 maria
2907 4479 3220 4534 transeunda
3247 4479 3469 4544 fuerant,
3498 4487 3593 4534 tam
3618 4477 3663 4532 in
3688 4487 3776 4544 pro-

2258 4564 2403 4619 ximo
2423 4564 2757 4625 constitutos,
2792 4575 2895 4621 tam
2921 4566 2989 4622 de
3014 4567 3299 4640 longinquo
3328 4569 3520 4626 visendi
3546 4584 3628 4622 nos
3646 4562 3773 4635 gratia

2259 4658 2532 4712 venientes
2550 4698 2563 4719 ,
2596 4671 2699 4711 non
2726 4657 2895 4713 dicam
2924 4676 3141 4733 pergere
3160 4703 3175 4728 ,
3205 4661 3300 4717 sed
3328 4664 3501 4717 volare
3527 4674 3620 4715 non
3646 4653 3770 4728 potui.

2258 4746 2326 4800 Et
2353 4745 2492 4802 forte
2520 4745 2784 4802 Sanctitas
2811 4758 2985 4804 vestra
3022 4752 3263 4807 eamdem
3306 4752 3572 4808 hiemalem
3610 4742 3804 4825 aSperi-j

2255 4878 2466 4949 monium
2488 4879 2630 4929 datae.
2669 4886 2759 4930 Eos
2779 4879 2977 4949 Melania
2997 4884 3161 4933 senior
3184 4883 3425 4949 aliquanto
3443 4891 3554 4949 ante

2255 4938 2598 5007 irruptionem,
2627 4949 2765 5007 Itonia
2790 4941 3169 5007 eduxerat,iuna
3188 4938 3296 4994 cum
3318 4947 3413 4995 tilio
3434 4940 3767 5007 Γιιωίοοιιοὶξὲῐ1³

2962 4997 3185 5076 qui_hunc
3198 5007 3589 5076 Publicolanhseu
3864 5062 3873 5073 ,

2252 5057 2347 5129 lam
2357 5059 2825 5129 neoteronjuniorem
2838 5057 2971 5129 dicit,
2981 5057 3124 5129 indigi
3132 5074 3237 5117 tans
3250 5057 3372 5119 forte
3383 5083 3440 5119 an
3453 5057 3586 5119 lilium
3600 5057 3692 5129 εξές
3705 5064 3767 5129 El!

2251 5117 2442 5193 blieolie
2449 5117 2627 5193 Albinae
2638 5125 2811 5193 mariti,
2822 5117 3030 5193 decujus
3037 5117 3482 5193 ob'ituagitursnpra
3496 5130 3540 5177 in
3548 5117 3622 5193 ep.

2251 5183 2584 5252 (mutuabatur
2592 5184 2849 5252 profugum
2888 5182 3073 5252 huncce
3102 5182 3382 5252 religiosum
3399 5182 3561 5241 ὸωωω
3578 5182 3760 5252 ἢαῧξκξξ

2252 5254 2460 5325 91193?
2482 5238 3094 5325 tiiléji‘illiiislselewr
3107 5238 3761 5325 sae-"‘tﬁueieWEFY‘E

2253 5304 2453 5373 Regium
2489 5304 2900 5373 Julium_ﬂar_nmis
2934 5312 3207 5373 vastabant,
3230 5304 3373 5364 sicuti
3404 5304 3591 5363 testatur
3616 5306 3701 5373 ipse
3724 5304 3760 5373 it}

2254 5359 2455 5438 ριέῖιοεο
2475 5378 2567 5438 ἓςυ
2607 5366 2811 5438 θνὲδωιθ
2830 5370 2889 5418 ad
2924 5359 3207 5438 υτεδείιέῶζ
3228 5359 3420 5437 ἧιὶῖἱῖιὲ

2251 5421 2451 5499 bris-i9
2475 5421 2653 5499 “11min
2672 5436 3011 5499 Numerorum)
3039 5441 3088 5483 et
3111 5421 3760 5499 vulgata'abﬁiieuriéqjaleff“

2251 5482 2415 5562 suniat.
2434 5488 2482 5539 in
2500 5490 2675 5562 Euseb.
2697 5490 2782 5539 lib.
2800 5490 2923 5562 6,
3195 5482 3491 5562 ’Μωῂᾖᾲ
3515 5482 3756 5562 καθιερέῗ

2252 5555 2468 5620 mortuo,
2492 5548 2926 5620 adnavigarunt'illi
2948 5556 3307 5620 garthaginem,
3342 5548 3391 5610 e't
3611 5548 3753 5620 Thali?

2251 5616 2372 5684 stam
2395 5622 2679 5684 secessere;
2697 5614 2835 5684 cujus
2851 5616 2924 5664 rei
2942 5615 3084 5684 fidem
3098 5614 3210 5684 facit
3221 5614 3318 5670 non
3331 5620 3464 5684 modo
3473 5616 3618 5684 istim;
3630 5615 3753 5684 Αξξξξς

2252 5671 2364 5740 stini
2389 5671 2731 5740 epis_t_ola,_s_ed
2755 5671 2906 5740 etiam
2945 5678 3287 5740 Metaphl‘asu‘s
3314 5685 3361 5732 in
3382 5678 3574 5731 Melania:
3596 5671 3754 5733 imm

2255 5732 2368 5789 vita,
2387 5732 2446 5779 ad
2466 5732 2596 5781 diem
2618 5736 2670 5783 51
2690 5736 2909 5795 januarii.

2255 4998 2508 5061 Palladium
2524 5003 2572 5048 in
2582 5004 2800 5051 lausiaca
2815 5003 2946 5061 hist.,
