3990 6378
167 305 254 363 ιτδ

162 428 293 475 tatem
328 420 485 483 preme
524 417 657 461 mere
698 408 903 457 tantum
946 410 1158 454 ausam
1195 392 1489 467 putaverit;
1519 390 1676 456 absit,

156 502 429 568 cbarissiml.
455 496 586 567 Quid
613 494 757 553 enim
786 507 946 563 grave
969 505 1033 545 ac
1060 489 1340 545 molestum
1362 527 1375 552 ,
1407 483 1491 540 vel
1520 483 1678 539 etiam

155 596 462 673 periculosum
493 587 690 644 habent
718 584 915 639 imbres
942 581 1030 635 isti
1049 621 1065 642 ,
1094 578 1234 651 quod
1266 592 1369 673 non
1402 573 1529 629 mihi
1559 572 1685 628 sub-

152 669 347 748 eundum
386 698 445 739 ac
473 678 749 735 ferendum
780 676 901 736 fuit.
936 684 989 727 ut
1019 673 1087 728 ad
1115 687 1209 726 vos
1239 669 1470 725 venirem
1492 708 1506 733 ,
1538 675 1680 721 tanta

152 786 192 840 in
231 779 371 835 tantis
410 772 562 829 malis
606 769 802 825 nostris
843 764 1063 830 solatia,
1110 764 1162 817 in
1205 761 1305 816 hac
1343 756 1681 831 generatione

152 885 347 933 tortuosa
367 883 426 924 ac
446 877 717 936 perversa,
738 869 843 915 tam
867 857 1113 912 ardenter
1135 867 1357 908 accensa
1381 851 1449 906 de
1473 863 1682 904 summo

151 968 313 1025 lumine
335 959 526 1016 lumina
545 998 560 1019 ,
588 962 834 1021 suscepta
863 949 1154 1005 humilitate
1181 944 1448 1010 sublimia,
1476 952 1530 997 et
1557 957 1683 996 eon-

151 1066 310 1128 tempta
335 1053 567 1109 claritate
591 1043 855 1102 clariora?
881 1040 1052 1098 Simul
1074 1039 1233 1093 etiam
1259 1034 1465 1121 fruerer
1491 1048 1679 1088 carna-

150 1158 201 1212 lis
220 1126 380 1223 patria:
403 1161 536 1202 mea:
558 1152 664 1199 tam
691 1137 947 1211 spirituali
973 1135 1237 1196 felicitate,
1261 1145 1381 1202 quas
1406 1142 1501 1223 vos
1523 1126 1681 1180 etiam

154 1219 396 1318 przesentes
419 1238 618 1292 habere
641 1231 835 1288 meruit
862 1246 875 1281 :
904 1227 971 1282 de
994 1225 1190 1318 quibus
1211 1219 1538 1318 absentibus,
1562 1231 1681 1318 cum

154 1307 193 1395 id
216 1334 336 1406 quod
364 1329 467 1387 nati
497 1326 661 1389 estis,
694 1332 746 1380 et
773 1319 913 1392 quod
940 1317 1105 1390 gratia
1131 1312 1329 1370 Christi
1373 1310 1494 1365 facti
1531 1307 1681 1372 estis,

153 1427 350 1490 audiret,
380 1417 619 1491 quamvis
641 1413 901 1471 charitate
926 1406 1197 1470 crederet,
1229 1411 1405 1458 tamen
1425 1441 1441 1465 ,
1471 1413 1539 1454 ne
1576 1411 1681 1451 non

157 1792 324 1849 veniam
344 1830 357 1853 ,
398 1786 491 1842 sed
518 1784 678 1839 etiam
703 1778 895 1835 vestris
919 1772 1247 1832 orationibus
1265 1813 1280 1837 ,
1308 1768 1490 1824 abillo
1513 1767 1601 1836 qui
1631 1765 1683 1820 in

155 1883 274 1938 vobis
293 1876 421 1950 quod
449 1872 700 1937 eivivitis
724 1876 994 1940 Operatur,
1019 1878 1226 1921 merear
1247 1857 1681 1916 misericordiam.

156 1947 344 2043 Populus
363 1963 715 2039 Hipponensis
731 2004 747 2028 ,
774 1959 858 2015 cui
887 1973 974 2014 me
998 1955 1254 2011 Dominus
1280 1965 1492 2043 servum
1517 1947 1682 2043 dedit,

156 2040 247 2122 cum
283 2079 341 2120 ex
373 2073 559 2129 magna
605 2064 661 2112 et
699 2066 835 2123 pene
878 2065 943 2105 ex
986 2046 1130 2102 omni
1169 2053 1318 2115 parte
1347 2043 1416 2098 ita
1445 2040 1686 2095 inlirtnus

156 2158 234 2218 sit,
276 2164 328 2208 ut
369 2128 613 2221 pressura
656 2143 816 2201 etiam
865 2140 1079 2196 levioris
1131 2134 1480 2193 tribulationis
1521 2128 1688 2202 possit

155 2247 347 2318 graviter
369 2249 660 2313 agrotare,
691 2250 831 2291 nunc
856 2241 962 2287 tam
990 2244 1177 2301 magna
1208 2226 1546 2282 tribulatione
1580 2237 1685 2277 cm—

155 2340 288 2402 ditur,
314 2344 367 2390 ut
388 2329 597 2389 etiamsi
623 2344 727 2383 non
756 2326 836 2383 sic
859 2334 1001 2380 esset
1025 2322 1285 2385 infirmus,
1311 2319 1398 2372 vix
1424 2332 1539 2373 eam
1566 2329 1687 2370 cum

154 2431 294 2499 aliqua
318 2427 480 2483 salute
507 2420 668 2476 animi
695 2418 1001 2475 sustineret.
1029 2413 1163 2468 Eum
1185 2419 1359 2465 autem
1386 2406 1542 2461 modo
1567 2421 1686 2458 eum

155 2534 387 2590 regressus
414 2514 562 2573 sum.
603 2506 1052 2582 periculosissime
1092 2500 1500 2558 scandalizatum
1538 2511 1689 2551 com-

157 2613 249 2683 peri
285 2611 346 2665 de
384 2606 620 2663 absentia
668 2617 784 2657 mea
816 2617 828 2651 :
867 2596 1058 2653 vestris
1103 2602 1313 2658 autem,
1358 2590 1426 2645 de
1466 2602 1689 2658 quorum

153 2680 379 2774 spirituali
420 2699 610 2755 robore
647 2693 938 2765 gaudemus
974 2689 1027 2745 in
1056 2684 1282 2742 Domino
1302 2726 1315 2749 ,
1342 2682 1485 2737 sanis
1512 2680 1691 2749 utique

157 2773 365 2848 faucibus
388 2790 516 2860 sapit
545 2783 814 2858 quomodo
849 2782 1048 2835 dictum
1088 2778 1187 2841 sit,
1231 2774 1355 2841 Quis
1380 2773 1688 2842 inﬁrmatur,

153 2892 199 2937 et
222 2898 302 2953 ego
337 2897 426 2935 non
460 2875 734 2948 inﬁrnwr?
774 2873 886 2943 quis
926 2868 1332 2930 scandalizatur,
1375 2872 1423 2917 et
1462 2879 1552 2933 ego
1591 2877 1691 2914 non

151 2991 253 3028 sror
295 2972 365 3047 (ll
384 2972 499 3026 Cor.
524 2986 579 3024 ιι
596 3010 612 3036 ,
636 2966 769 3037 29)?
798 2961 1098 3019 Praesertim
1125 2957 1372 3030 quoniam
1397 2955 1546 3011 multi
1570 2961 1694 3008 sunt

151 3065 245 3129 hic.
270 3044 351 3134 qui
373 3059 702 3118 detrahendo
731 3055 884 3113 nobis
901 3096 917 3122 ,
944 3060 1258 3109 caeterorum
1285 3048 1492 3102 animos
1515 3062 1547 3100 a
1574 3044 1691 3114 qui-

151 3160 232 3213 bus
244 3157 381 3227 diligi
400 3156 662 3217 videmur,
688 3149 941 3204 adversus
964 3160 1061 3200 nos
1081 3142 1392 3214 perturbare
1412 3146 1689 3204 conantur,

150 3258 197 3302 ut
220 3248 378 3303 locum
408 3246 461 3301 in
487 3244 568 3300 eis
594 3241 804 3297 diabolo
830 3238 1041 3293 faciant.
1072 3234 1207 3290 Cum
1243 3240 1419 3287 autem
1461 3231 1693 3284 irascun-

152 3347 221 3394 tur
241 3337 383 3393 nobis
407 3336 476 3391 de
502 3348 726 3405 quorum
754 3331 922 3385 salute
948 3326 1267 3397 satagimus,
1302 3338 1549 3392 magnum
1590 3320 1695 3375 illis

147 3428 397 3484 consilium
439 3421 775 3486 vindicandi,
821 3428 903 3475 est
944 3416 1107 3472 libido
1151 3414 1445 3478 moriendi,
1494 3427 1600 3467 non
1642 3412 1693 3466 in

148 3536 375 3594 corpore,
404 3518 500 3573 sed
530 3518 584 3571 in
611 3514 806 3575 corde,
838 3512 928 3566 ubi
970 3508 1128 3564 funus
1166 3507 1373 3563 occulte
1414 3506 1558 3575 prius
1599 3519 1696 3559 suo

148 3622 309 3683 putore
332 3610 561 3666 sentitur
580 3649 594 3673 ,
622 3621 782 3676 quam
807 3611 987 3660 nostra
1014 3600 1332 3671 cogitatione
1358 3598 1694 3669 prospicitur.

148 3704 262 3760 Huic
286 3717 418 3757 mea;
440 3696 778 3755 sollicitudini
818 3693 1000 3764 procul
1035 3691 1196 3746 dubio
1224 3691 1450 3745 libenter
1473 3688 1698 3759 ignosci-

147 3794 233 3857 tis;
258 3790 546 3863 przesertim
578 3786 825 3858 quoniam
868 3784 911 3837 si
955 3779 1372 3844 succenseretis,
1404 3786 1459 3835 et
1494 3779 1697 3833 velletis

148 3883 324 3946 ulcisci,
344 3880 475 3936 nihil
501 3879 725 3933 fortasse
744 3874 953 3945 gravius
978 3870 1286 3929 inveniretis
1306 3885 1463 3940 quam
1486 3869 1537 3924 id
1558 3867 1697 3939 quod

146 3974 321 4041 patior,
363 3985 489 4026 eum
529 3982 624 4023 vos
650 3965 929 4035 Thagastte
972 3977 1078 4019 non
1118 3959 1293 4016 video.
1324 3959 1495 4028 Spero
1521 3967 1699 4012 autem

148 4063 314 4118 vestris
342 4061 556 4131 adjutus
589 4055 948 4120 orationibus,
988 4052 1129 4123 quod
1170 4051 1299 4106 mihi
1337 4050 1403 4106 ad
1441 4064 1536 4104 vos
1577 4049 1699 4104 ubi-

147 4168 348 4222 cumque
375 4153 426 4205 in
453 4149 631 4205 Africa
667 4146 872 4202 fueritis
890 4187 905 4211 ,
952 4143 1137 4199 venire
1161 4141 1475 4213 quantocius
1502 4155 1698 4195 conce-

145 4241 296 4306 detur,
328 4256 453 4297 cum
484 4238 585 4293 hoe
609 4252 714 4308 quo
742 4249 884 4290 nunc
907 4234 1152 4289 detentus
1177 4247 1292 4287 sum
1309 4272 1325 4298 ,
1355 4231 1700 4302 preterierit;

149 4332 183 4384 si
205 4332 306 4389 base
329 4332 521 4388 civitas
546 4330 599 4383 in
624 4343 727 4398 qua
754 4326 1086 4390 laboramus,
1128 4324 1285 4395 digna
1310 4339 1413 4378 non
1437 4332 1520 4379 est
1539 4365 1553 4389 ,
1582 4323 1701 4393 quia

150 4438 229 4478 nec
268 4438 370 4496 ego
416 4420 589 4477 audeo
637 4419 850 4490 dignam
894 4426 1116 4488 putare,
1163 4432 1282 4487 quae
1323 4417 1595 4472 nobiscum
1636 4415 1704 4470 de

150 4525 298 4572 vestra
324 4514 609 4587 prasentia
636 4512 944 4568 collzetetur.

560 4622 892 4679 EPISTULA
927 4620 1114 4677 cxxv
1153 4624 1172 4645 ·
1214 4621 1311 4694 (α).

152 4735 257 4792 Cum
283 4737 578 4809 Hipponem
595 4735 665 4790 ad
688 4734 1000 4790 inriscndum
1023 4733 1357 4804 Augustinum
1379 4732 1588 4787 venisset
1609 4732 1706 4786 Pi-

210 4830 406 4894 nianus,
440 4828 606 4899 ibique
629 4826 701 4881 rei
728 4841 887 4880 sacra:
912 4825 1201 4891 interesset,
1229 4824 1391 4879 subito
1414 4826 1588 4895 populi
1623 4835 1706 4878 tu-

210 4921 362 4976 multu
396 4919 469 4974 ad
507 4917 865 4990 presbyterium
904 4916 1185 4986 postulatus
1228 4915 1358 4984 fuit;
1385 4931 1473 4968 nec
1506 4915 1710 4970 euadere

212 5013 472 5079 pmnissus
486 5011 644 5064 donec
652 5010 876 5079 jurasset
896 5025 994 5061 non
1023 5024 1076 5061 se
1098 5006 1335 5077 Hippone
1356 5007 1704 5073 discessurum,

213 5111 345 5173 atque
362 5104 408 5157 si
421 5100 623 5172 quando
639 5100 716 5155 illi
729 5099 799 5153 ad
812 5099 1181 5169 suscipiendum
1195 5099 1485 5153 clericatum
1498 5116 1709 5154 consen-

214 5193 298 5247 tire
321 5193 622 5264 placuisset,
656 5191 857 5246 nonnisi
896 5192 948 5244 in
983 5191 1096 5261 ipsa
1133 5189 1449 5261 Hipponensi
1488 5190 1711 5244 Ecclesia

213 5295 547 5357 mccpturum
565 5286 659 5340 hoc
682 5301 881 5339 munus.
900 5282 1166 5354 Conquesti
1189 5292 1305 5338 sunt
1318 5282 1500 5337 Albina
1523 5284 1713 5353 ﬁliique

213 5376 364 5449 ipsius
385 5380 535 5448 (puta
565 5375 815 5431 Pinianus
833 5384 881 5430 et
907 5373 1154 5445 Melania)
1183 5373 1532 5445 Hipponenses
1558 5390 1708 5445 pecu-

417 5518 563 5561 cxxv
582 5516 636 5561 et
653 5516 819 5561 CXXVI
844 5510 1214 5573 recognovimus
1251 5508 1310 5558 ad
1332 5508 1493 5559 cb.sb.
1506 5523 1579 5559 vc.
1592 5510 1713 5561 duos

207 5650 276 5719 (ᾳ)
296 5652 685 5719 Numaque
712 5661 877 5704 autem
921 5652 1013 5702 125
1044 5658 1181 5710 erat,
1232 5666 1357 5702 nunc
1388 5650 1497 5702 ﬂ.
1536 5653 1712 5717 Scripta

156 5711 279 5770 ιηιιιῡ
298 5723 405 5777 post
416 5711 732 5778 superiorem.

1262 267 1667 341 EptsToLA'nt
1690 264 1737 319 ιιι
1777 264 2051 349 t.‘LA_SSlS
2084 274 2169 330 ιιι.

1768 374 1791 381 ’
1860 390 1963 446 nia
1997 388 2273 461 cupiditate
2307 389 2467 444 virum
2497 389 2807 458 praedivitcm
2844 390 3100 449 vindicare
3128 392 3223 449 sibi
3257 402 3369 449 sat-

3264 279 3371 339 ιιι

1857 481 2046 551 egisse,
2072 480 2356 551 nulliusque
2386 481 2569 551 vigoris
2593 498 2698 536 esse
2716 481 2942 537 volebant
2956 483 3369 555 juramentumei

1858 582 2089 642 metuque
2131 583 2397 627 extortum.
2431 574 2597 639 Quam
2634 574 2696 628 ob
2733 589 2938 629 causam
2962 574 3271 646 Augustinus
3303 577 3373 630 ad

1858 663 2097 734 Alypium
2114 663 2284 719 scribit
2303 664 2553 736 quomodo
2568 664 2937 735 suspicionibus
2957 674 3005 720 et
3025 667 3238 734 querelis
3263 668 3372 724 istis

1856 754 1921 807 sit
1953 755 2315 809 occurrendum
2333 796 2348 819 ,
2389 771 2547 825 quave
2578 755 2819 826 religione
2845 756 3199 811 exsolvendum
3216 758 3371 828 jura-

1857 854 2075 898 mentum
2099 844 2271 899 datum
2297 861 2330 898 a
2348 843 2588 899 Piniano.

1788 936 2013 991 Domino
2051 938 2359 993 beatissimo
2383 946 2437 993 et
2476 936 2853 993 venerabiliter
2876 935 3190 993 charissima
3221 936 3372 995 fratri

1859 1035 1913 1081 et
1941 1027 2307 1082 consacerdoti
2338 1029 2539 1083 Αιῖιιιο
2559 1070 2575 1093 ,
2604 1037 2659 1083 et
2686 1028 2777 1099 qui
2812 1036 2986 1084 tecum
3030 1038 3156 1084 sum
3194 1030 3373 1087 fratri-

1860 1116 1956 1171 bus
1976 1160 1991 1183 ,
2020 1120 2387 1187 Aucusrnvus,
2427 1127 2482 1174 et
2521 1119 2609 1189 qui
2656 1133 2866 1174 mecum
2894 1127 3017 1175 sunt
3046 1116 3273 1185 fratres,
3317 1120 3374 1175 in

1860 1207 2080 1261 Domino
2106 1209 2349 1262 salutem.

1858 1300 1911 1355 l.
1957 1299 2207 1355 Dolemus
2247 1299 2459 1369 quidem
2505 1299 2759 1371 graviter,
2807 1313 2906 1354 nec
2949 1297 3065 1354 ﬁeri
3106 1306 3283 1370 potest
3315 1305 3377 1355 ut

1788 1391 2231 1462 parvipendamus
2251 1391 2390 1461 quod
2422 1392 2475 1446 in
2508 1391 2728 1461 injurias
2752 1390 3060 1446 Sanctitatis
3086 1400 3189 1445 tute
3210 1407 3377 1462 popu—

1788 1482 1872 1537 lus
1914 1481 2266 1552 Hipponensis
2309 1489 2453 1536 tanta
2500 1481 2779 1546 clamavit;
2826 1480 2920 1537 sed
2973 1482 3139 1535 multo
3166 1481 3378 1551 gravius

1786 1574 2071 1628 dolendum
2096 1582 2211 1639 est,
2238 1572 2404 1628 frater
2432 1573 2571 1628 bone
2588 1614 2603 1638 ,
2633 1573 2758 1627 talia
2786 1572 2855 1627 de
2882 1571 3036 1627 nobis
3062 1571 3376 1639 existimari,

1787 1682 1945 1737 quam
1985 1664 2071 1720 illa
2100 1665 2336 1721 elamari.
2382 1665 2606 1734 Quando
2635 1664 2779 1720 enim
2809 1680 2907 1719 nos
2931 1663 3202 1719 credimur
3225 1662 3377 1732 cupi-
3474 1696 3482 1705 .

1788 1757 1951 1812 ditate
1996 1756 2269 1827 pecuniae,
2315 1771 2422 1811 non
2466 1755 2751 1811 dilectione
2789 1754 3009 1825 iustitia:
3049 1768 3232 1810 servos
3283 1752 3377 1809 Dei

1789 1850 1926 1905 velle
1966 1850 2225 1915 retinere,
2256 1864 2434 1905 nonne
2459 1849 2749 1921 optandum
2793 1857 2876 1904 est
2901 1856 2959 1903 ut
2986 1848 3077 1919 qui
3117 1846 3218 1903 hoc
3257 1860 3379 1902 cre-

1788 1940 1941 2007 dunt,
1962 1941 2228 1995 occultum
2242 1940 2417 1995 cordis
2439 1940 2522 1994 sui
2543 1956 2673 1995 voce
2700 1949 2978 2000 testentur,
2994 1954 3057 1995 ac
3079 1939 3158 1995 sic
3180 1939 3379 2008 aliqua.

1790 2031 1836 2087 si
1888 2030 2000 2085 fieri
2046 2039 2255 2100 potest,
2301 2038 2450 2084 tanto
2488 2030 2689 2099 majora
2746 2028 2981 2084 remedia
3019 2028 3383 2097 requirantur,

1792 2139 1952 2194 quam
1978 2132 2035 2177 ut
2062 2122 2201 2177 taciti
2246 2130 2466 2192 pereant
2512 2120 2823 2192 perniciosis
2876 2119 3265 2189 suspicionibus
3291 2132 3384 2173 ven

1794 2214 2013 2270 nenati?
2063 2214 2397 2285 Quapropter
2458 2212 2625 2283 magis
2675 2212 3019 2283 satagendum
3067 2217 3185 2278 est,
3238 2207 3381 2265 unde

1792 2308 1948 2363 etiam
1991 2307 2296 2377 priusquam
2328 2304 2432 2360 hoc
2475 2304 2625 2360 ﬁeret
2662 2304 2823 2359 locuti
2860 2318 3077 2368 sumus,
3116 2299 3384 2371 quomodo

1752 2424 1757 2425 ί
1793 2398 2173 2469 persuadeatur
2218 2397 2555 2462 hominibus,
2595 2396 2785 2466 quibus
2825 2411 2923 2449 nos
2971 2393 3036 2449 ad
3081 2393 3383 2465 exemplum

1792 2488 2053 2545 bonorum
2082 2504 2305 2555 aperum
2353 2488 2591 2559 praebere
2637 2486 2996 2557 prtecipimur,
3042 2484 3235 2541 falsum
3261 2497 3383 2539 esse

1793 2579 1935 2650 quod
1962 2579 2315 2649 suspicantur,
2346 2594 2504 2649 quam
2528 2577 2796 2647 quomodo
2824 2575 3082 2646 arguendi
3118 2574 3259 2641 sint,
3291 2573 3385 2645 qui

1794 2670 2122 2737 suspiciones
2146 2684 2273 2723 suas
2292 2669 2509 2723 vocibus
2535 2668 2818 2737 verbisque
2836 2665 3129 2720 declarant.

1862 2758 1917 2812 2.
1952 2759 2180 2815 Proinde
2203 2774 2302 2830 ego
2330 2767 2527 2813 sancta:
2554 2757 2757 2813 Albinae
2784 2772 2888 2811 non
2917 2769 3241 2820 succenseo,
3286 2769 3387 2811 nec

1794 2849 2116 2922 arguendam
2148 2849 2364 2919 judico,
2410 2849 2504 2903 sed
2532 2864 2559 2901 a
2591 2847 2683 2904 tali
2724 2847 3027 2917 suspicione
3070 2844 3385 2904 sanandam.

1794 2942 1924 3009 Quae
1946 2983 1960 3007 ,
1992 2941 2113 3013 quia
2144 2958 2249 2997 non
2292 2941 2345 2996 in
2374 2956 2546 2997 meam
2574 2955 2857 3011 personam
2889 2937 3074 2994 eadem
3113 2938 3276 2994 verba
3302 2936 3388 2994 di-

1796 3034 1939 3089 rexit
1969 3034 2008 3097 ί,
2049 3032 2143 3089 sed
2184 3042 2431 3104 tanquam
2470 3031 2539 3087 de
2581 3030 3007 3102 Hipponensibus
3052 3038 3241 3100 questa
3267 3037 3386 3095 est.

1796 3123 1938 3195 quod
1963 3123 2266 3193 aperuerint
2297 3122 2642 3194 cupiditatem
2663 3137 2835 3188 suam,
2867 3136 2927 3176 se
2953 3135 3060 3176 non
3085 3120 3388 3188 clericatus,

1796 3215 1891 3271 sed
1932 3214 2169 3285 pecuniae
2208 3229 2368 3269 causa
2416 3213 2685 3268 hominem
2727 3212 2981 3276 divitem,
3013 3219 3170 3289 atque
3209 3210 3394 3279 huius-

1798 3306 1941 3361 modi
1972 3306 2210 3375 pecunize
2249 3313 2669 3375 contemptorem
2710 3312 2765 3358 et
2803 3303 3113 3373 largitorem
3153 3301 3294 3372 apud
3333 3316 3393 3357 se

1797 3405 1980 3453 tenere
2012 3396 2276 3461 voluisse;
2306 3403 2482 3450 tamen
2514 3394 2654 3465 quod
2687 3394 2757 3449 de
2788 3392 2942 3448 nobis
2971 3391 3231 3457 senserit,
3254 3405 3394 3463 pene

1797 3488 2043 3543 clamavit
2074 3506 2086 3539 :
2120 3501 2221 3541 nec
2259 3487 2370 3556 ipsa
2401 3494 2634 3549 tantum,
2663 3500 2846 3539 verum
2894 3483 3054 3540 etiam
3094 3482 3261 3537 sancti
3300 3480 3393 3536 lilii

1799 3579 1945 3647 ejus,
1972 3578 2062 3650 qui
2093 3576 2196 3632 hoc
2224 3578 2383 3631 etiam
2425 3576 2538 3645 ipsa
2566 3575 2652 3630 die
2680 3574 2732 3629 in
2764 3571 2947 3628 abside
2986 3572 3253 3628 dixerunt.
3286 3570 3395 3625 llos

1799 3685 1958 3740 ergo,
1984 3678 2045 3723 ut
2072 3667 2220 3732 dixi,
2250 3668 2417 3738 magis
2462 3665 2726 3720 sanandos
2767 3665 2834 3720 ab
2872 3663 3179 3734 hujusmodi
3221 3661 3396 3733 suspi-

1799 3761 2038 3815 eionibus
2057 3801 2071 3825 ,
2107 3774 2264 3829 quam
2296 3766 2510 3828 prepter
2540 3757 2636 3812 has
2664 3755 2966 3827 arguendos
2993 3755 3259 3811 existimo.
3290 3752 3395 3810 Ubi

1801 3854 1944 3907 enim
1976 3850 2128 3906 nobis
2157 3866 2185 3904 a
2217 3850 2384 3921 spinis
2416 3850 2609 3904 talibus
2629 3849 2886 3903 securitas
2926 3857 2981 3902 et
3024 3847 3235 3917 requies
3258 3858 3397 3915 pra:-

1803 3941 1973 4012 parsri
1997 3941 2080 3995 vel
2112 3940 2334 4009 praeberi
2354 3949 2550 4011 potest,
2565 3939 2611 3993 si
2640 3938 2897 3993 adversus
2924 3952 3024 3991 nos
3054 3937 3106 3991 in
3130 3945 3240 3991 tam
3268 3950 3390 3992 san-

1802 4033 1902 4087 ctis
1942 4031 2201 4099 nobisque
2248 4029 2575 4084 cbarissimis
2603 4028 2854 4083 cordibus
2895 4027 3091 4081 nostris
3138 4024 3399 4094 pullulare

1805 4121 2066 4192 potuere?
2099 4122 2175 4175 De
2203 4129 2256 4175 te
2284 4120 2479 4190 quippe
2522 4119 2823 4188 imperitum
2849 4117 3037 4186 vulgus
3067 4117 3169 4170 hoc
3192 4116 3395 4179 sensit;

1804 4212 1871 4268 de
1902 4211 2083 4277 nobis,
2117 4211 2314 4265 lumina
2346 4209 2597 4265 Ecclesia:
2631 4228 2645 4263 :
2678 4208 2819 4263 unde
2842 4208 2968 4280 quid
3008 4207 3175 4277 magis
3209 4206 3397 4262 dolen-

1804 4303 1930 4358 dum
1974 4301 2071 4366 sit,
2116 4300 2283 4356 vides.
2333 4299 2624 4371 Utrumque
2661 4308 2839 4355 autem
2889 4315 2994 4354 non
3041 4298 3396 4355 accusandum

1805 4409 2031 4457 censeo.
2078 4394 2173 4448 sed
2216 4393 2511 4448 sanandum
2549 4410 2562 4445 :
2604 4392 2848 4447 homines
2894 4392 3035 4447 enim
3067 4400 3222 4457 sunt,
3254 4392 3399 4448 etde

1807 4485 2111 4541 hominibus
2137 4485 2293 4551 talia,
2341 4484 2463 4540 licet
2492 4483 2657 4550 falsa,
2704 4500 2810 4539 non
2851 4492 3027 4540 tamen
3071 4482 3399 4539 incredibilia

1807 4576 2162 4647 suspicantur.
2192 4574 2323 4630 Nam
2371 4575 2551 4644 utique
2602 4589 2709 4629 non
2748 4590 2916 4645 usque
2963 4574 3099 4629 adeo
3134 4573 3401 4643 desipiunt

1809 4669 1942 4724 tales
1978 4667 2223 4722 homines
2247 4707 2264 4734 ,
2308 4675 2368 4721 ut
2395 4667 2617 4721 credant
2639 4667 2890 4737 populant
2916 4680 3067 4721 suam
3096 4665 3400 4720 desiderare

1809 4760 2125 4831 pecuniam;
2171 4758 2464 4829 prmsertim
2506 4758 2615 4828 jam
2646 4758 2849 4828 experti
2887 4757 3026 4827 quod
3070 4756 3200 4811 nihil
3240 4771 3303 4811 ex
3336 4772 3399 4811 ea

1810 4852 2037 4924 populus
2061 4840 2437 4921 ThagaStensis
2461 4853 2670 4922 accepit
2697 4869 2709 4904 :
2740 4852 2818 4906 sic
2846 4864 2973 4921 ergo
2998 4858 3053 4905 et
3093 4849 3401 4922 Hipponen-

1811 4946 1905 5000 sis.
1940 4943 2133 4998 Verum
2175 4943 2350 4998 omnis
2379 4943 2493 4998 hare
2536 4943 2731 4999 invidia
2776 4959 2882 4997 non
2927 4944 3031 4999 nisi
3076 4944 3128 4999 in
3170 4943 3403 5007 clericos

1812 5044 2033 5100 aestuat,
2084 5033 2417 5105 maximeque
2465 5036 2519 5089 in
2562 5035 2874 5105 episcopos,
2926 5050 3150 5105 quorum
3195 5035 3403 5091 videtur

1815 5128 2129 5199 prteminere
2157 5126 2489 5192 dominatus,
2519 5127 2610 5197 qui
2652 5127 2726 5180 uti
2772 5125 2979 5196 fruique
3024 5128 3185 5184 rebus
3214 5128 3400 5184 Eccle-
3482 5116 3487 5129 ’

1815 5219 1909 5274 size
1935 5227 2180 5288 tanquam
2208 5232 2543 5287 possessores
2568 5226 2622 5273 et
2648 5216 2851 5274 domini
2880 5219 3272 5275 existimantur.
3319 5219 3398 5274 Ad

1815 5311 1969 5366 istam
1998 5308 2341 5378 cupiditatem
2380 5317 2485 5363 tam
2525 5308 2739 5364 noxiam
2778 5317 2939 5381 atque
2962 5310 3285 5366 mortiferam
3307 5350 3323 5376 ,
3353 5309 3399 5364 si

1815 5404 1929 5461 ﬁeri
1958 5412 2162 5475 potest,
2190 5403 2262 5458 mi
2297 5402 2454 5474 Alypi
2477 5443 2491 5467 ,
2536 5418 2640 5457 non
2683 5402 3012 5459 aedificentur
3048 5418 3143 5473 per
3178 5414 3276 5456 nos
3322 5401 3400 5455 in.

1816 5495 1972 5551 ﬁrmi.
2001 5492 2302 5551 Recordare
2324 5493 2449 5563 quid
2478 5493 2639 5548 locuti
2669 5494 2957 5561 fuerimus,
2985 5503 3268 5565 antequam
3298 5492 3396 5547 ista

1818 5588 2066 5651 tentatio,
2099 5601 2217 5657 qua:
2243 5585 2364 5655 plus
2388 5584 2453 5639 ad
2481 5586 2583 5642 hoc
2619 5587 2793 5658 cogit,
2834 5583 3123 5640 accideret.
3173 5581 3249 5643 Ex
3295 5581 3398 5639 hoc

1883 5719 1898 5751 ⁸
1922 5724 2053 5777 Lov.,
2073 5715 2274 5766 dixerit.
2300 5723 2356 5774 At
2375 5724 2500 5775 Mss,
