3990 6392
631 379 732 437 879

701 495 753 550 5.
795 492 864 550 Et
907 479 1026 550 cum
1076 493 1437 550 lassitudinem
1484 505 1812 552 excusarem.
1855 491 1969 546 sine
2019 504 2108 544 me
2150 486 2215 542 ad

629 587 837 655 plebem
877 586 1132 642 accedere
1170 587 1371 650 noluit;
1413 584 1567 638 simul
1605 583 1946 638 accessimus.
1991 581 2132 635 Dixit
2167 580 2216 634 ei

627 695 745 748 qum
769 694 797 730 a
834 679 1060 733 diacono
1088 678 1264 731 audita
1289 686 1440 732 erant
1469 693 1527 731 se
1559 676 1840 730 mandasse
1861 717 1874 739 ,
1907 690 1964 730 se
1985 675 2214 743 jurasse,

627 783 795 839 eaque
818 785 876 824 se
899 785 1020 824 esse
1045 770 1319 833 facturum,
1347 769 1702 840 continuoque
1728 770 1902 822 omnia
1935 783 2000 823 eo
2033 778 2215 822 tenore

628 876 732 930 quo
760 861 1075 923 dictaverat,
1108 871 1417 929 prosecutus
1443 869 1543 915 est.
1585 861 1916 928 Responsum
1957 867 2070 922 est,
2108 858 2214 913 Deo

623 958 838 1021 gratias,
874 964 928 1010 et
955 956 1172 1024 petitum
1210 965 1266 1009 ut
1294 963 1458 1009 totum
1488 955 1740 1022 scriptum
1769 954 2209 1009 subscriberetur.

625 1044 928 1099 Dimisimus
953 1045 1389 1108 catechumenos,
1418 1046 1774 1116 continuoque
1807 1044 2060 1114 scriptum
2088 1045 2214 1099 sub-

619 1136 850 1204 scripsit.
887 1136 1087 1192 Deinde
1113 1139 1215 1206 peti
1244 1139 1504 1207 cmpinius
1533 1153 1630 1193 nos
1657 1139 1911 1207 episcopi,
1939 1155 2042 1191 non
2071 1138 2214 1192 voci-

618 1226 716 1280 bus
748 1229 922 1297 populi
950 1271 963 1291 ,
997 1230 1088 1284 sed
1120 1240 1294 1284 tamen
1319 1246 1348 1284 a
1381 1231 1574 1300 populo
1600 1246 1695 1299 per
1726 1230 1979 1286 honestos
2006 1231 2207 1295 fideles,

618 1326 675 1370 ut
703 1333 801 1372 nos
830 1335 1042 1390 quoque
1082 1321 1557 1376 subscriberemus.
1591 1322 1658 1375 At
1687 1321 1778 1376 ubi
1817 1321 1953 1390 ccepi
1978 1321 2212 1377 subscri-

618 1410 762 1475 bere,
790 1422 971 1466 sancta
1009 1413 1230 1468 Melania
1268 1413 1606 1468 contradixit.
1637 1413 1853 1467 Miratus
1897 1429 2015 1466 sum
2046 1427 2210 1481 quare

618 1513 725 1556 tam
775 1519 916 1567 sero,
957 1505 1107 1574 quasi
1155 1506 1560 1573 promissionem
1601 1505 1744 1559 illam
1791 1513 1844 1558 et
1885 1505 2206 1573 juratiouem

617 1611 733 1656 nos.
781 1612 884 1650 non
931 1597 1334 1662 subscribendo,
1377 1597 1549 1653 facere
1597 1611 1875 1666 possemus
1919 1595 2203 1650 infectam:

615 1688 709 1742 sed
758 1699 930 1743 tamen
973 1690 1370 1759 obtemperavi;
1413 1706 1476 1745 ac
1517 1691 1594 1744 sic
1641 1684 1898 1744 remansit
1941 1704 2057 1743 mea
2099 1703 2207 1742 non

617 1779 770 1848 plena
802 1780 1120 1848 subscriptio
1141 1823 1154 1843 ,
1184 1795 1282 1835 nec
1313 1781 1446 1834 ultra
1486 1782 1639 1835 nobis
1668 1781 1944 1850 quisquam
1983 1789 2040 1833 ut
2079 1780 2205 1834 sub-

618 1871 978 1926 scriberemus
1006 1871 1208 1940 putavit
1234 1872 1556 1926 instandum.

691 1961 744 2015 6.
785 1960 883 2027 Qui
906 1971 1080 2016 autem
1102 1962 1209 2016 alio
1229 1961 1315 2016 die
1337 1971 1682 2032 posteaquam
1705 1962 1875 2030 ipsum
1898 1959 2207 2016 discessisse

623 2051 945 2116 didicerunt,
970 2051 1164 2106 fuerint
1187 2061 1363 2106 motus
1389 2051 1472 2106 vel
1504 2052 1695 2121 lingua)
1725 2051 2018 2116 hominum,
2040 2067 2208 2121 quan-

617 2149 727 2194 tum
757 2142 886 2196 satis
914 2141 1202 2196 arbitratus
1230 2157 1346 2195 sum
1369 2183 1383 2208 ,
1415 2141 1691 2197 Sanctitati
1719 2149 1910 2195 vestra:
1939 2157 2034 2210 per
2059 2157 2206 2196 coin-

616 2232 960 2288 monitorium
1007 2233 1251 2288 intimare
1294 2233 1492 2287 curavi.
1537 2232 1786 2301 Quisquis
1836 2233 2012 2302 itaque
2055 2232 2206 2286 vobis

616 2323 882 2377 conlraria
916 2322 999 2376 his
1023 2339 1140 2392 qua:
1172 2324 1414 2386 narravi,
1449 2322 1584 2377 forte
1615 2323 1867 2386 narravit,
1896 2331 1987 2375 aut
2016 2324 2207 2377 ruenti-

617 2422 720 2479 tur,
751 2423 842 2467 aut
885 2414 1100 2468 fallitur.
1130 2415 1384 2482 Quaedam
1423 2416 1564 2469 enim
1607 2431 1726 2484 qua:
1759 2413 1884 2469 mihi
1914 2414 1981 2469 ad
2022 2429 2206 2470 curam

619 2518 726 2558 non
771 2505 1034 2573 pertinere
1079 2506 1189 2559 visa
1237 2515 1377 2568 sunt,
1422 2506 1824 2573 praetermisisse
1866 2521 1952 2560 me
1993 2507 2202 2571 sentio;

566 2631 572 2637 -
619 2597 759 2650 nulla
785 2605 959 2652 tamen
984 2597 1111 2652 falsa
1133 2597 1348 2652 dixisse.
1375 2597 1604 2652 Proinde
1624 2605 1838 2651 sanctus
1864 2596 2000 2651 illius
2026 2606 2208 2652 noster

618 2687 890 2751 Pinianus,
913 2688 1055 2758 quod
1077 2704 1162 2743 me
1186 2697 1448 2758 prarsente
1474 2703 1536 2741 ac
1563 2689 1902 2756 permittente
1922 2687 2203 2756 juraverit,

619 2793 804 2833 verum
848 2788 969 2833 est:
1008 2779 1148 2849 quod
1196 2788 1372 2834 autem
1421 2794 1505 2833 me
1548 2779 1890 2848 prmcipiente
1931 2777 2202 2847 juraverit,

618 2870 807 2926 falsum
847 2879 949 2926 est.
987 2871 1099 2926 Scit
1129 2872 1275 2940 ipse,
1307 2871 1482 2925 sciunt
1518 2871 1655 2924 servi
1701 2871 1791 2924 Dei
1830 2887 1962 2938 quos
2009 2870 2076 2924 ad
2119 2886 2206 2926 me

617 2963 779 3026 misit,
806 2963 979 3031 primo
1003 2970 1217 3017 sanctus
1245 2963 1544 3027 Barnabas,
1576 2962 1767 3017 deinde
1793 2962 2081 3030 Timasius,
2109 2979 2204 3032 per

615 3070 774 3124 quem
800 3055 957 3110 etiam
979 3053 1045 3108 de
1070 3056 1420 3123 promissione
1453 3054 1748 3123 praesentire
1771 3069 1881 3107 sua:
1902 3053 2031 3107 mihi
2051 3069 2204 3110 man-

618 3144 780 3198 davit.
811 3145 928 3214 Ipse
968 3161 1178 3214 quoque
1220 3145 1446 3215 populus
1479 3146 1493 3176 ยน
1539 3145 1604 3198 ad
1646 3145 2072 3216 presbyterium,
2100 3159 2204 3201 non

622 3235 688 3290 ad
714 3235 1082 3304 jusjurandum
1113 3236 1392 3290 clamando
1417 3236 1638 3305 cogebat
1663 3254 1674 3288 :
1707 3236 1798 3289 sed
1827 3236 2066 3290 oblatum
2103 3235 2203 3290 sibi

620 3345 726 3384 non
763 3329 982 3398 respuit,
1014 3344 1075 3384 ea
1114 3345 1208 3398 spe
1245 3345 1352 3399 quo
1389 3339 1566 3398 posset
1610 3330 1660 3382 in
1702 3329 1890 3383 eodem
1933 3329 2071 3398 apud
2106 3343 2204 3383 nos

619 3423 890 3478 habitante
928 3423 1172 3477 voluntas
1215 3423 1358 3488 fieri,
1386 3437 1491 3493 quo
1532 3423 1858 3477 consentiret
1886 3423 1953 3476 ad
1993 3423 2207 3477 ordina-

619 3517 839 3583 tionem,
885 3533 951 3572 ne
998 3517 1136 3571 sicut
1173 3516 1476 3585 juraverat,
1515 3516 1559 3570 si
1607 3515 1799 3570 invitus
1845 3515 2200 3582 ordinaretur,

617 3607 948 3663 abscederet.
995 3609 1069 3662 Ac
1097 3623 1190 3676 per
1229 3608 1328 3662 hoc
1356 3616 1410 3660 et
1440 3607 1512 3660 illi
1555 3615 1772 3676 propter
1808 3622 1942 3675 opus
1976 3607 2066 3662 Dei
2094 3607 2203 3662 cla-

622 3709 900 3754 maverunt
929 3697 948 3766 (
969 3713 1141 3768 neque
1170 3698 1312 3752 enim
1354 3697 1702 3751 sanctificatio
1739 3697 2054 3767 presbyterii
2095 3713 2202 3751 non

619 3801 704 3847 est
730 3806 864 3861 opus
891 3790 1012 3860 Dei)
1041 3807 1054 3853 ;
1084 3799 1138 3845 et
1163 3790 1301 3860 quod
1333 3799 1516 3859 postea
1543 3789 1610 3843 de
1635 3788 1892 3858 promissa
1924 3789 2202 3857 praesentia

619 3881 865 3953 gratulati
894 3897 998 3935 non
1033 3889 1190 3945 sunt,
1221 3880 1321 3936 nisi
1347 3879 1632 3934 adderetur
1657 3879 1795 3949 quod
1826 3879 1869 3932 si
1895 3878 2108 3948 quando
2135 3879 2200 3934 ad

616 3973 1012 4044 suscipiendum
1038 3974 1343 4029 clericatum
1372 3973 1675 4028 consentire
1700 3973 1878 4037 vellet,
1908 3974 2117 4029 nonnisi
2148 3975 2199 4031 in

619 4066 941 4137 Hipponensi
967 4065 1193 4122 ecclesia
1225 4064 1572 4130 consentiret,
1599 4065 1729 4120 satis
1760 4065 1810 4118 in
1843 4074 2089 4134 promptu
2117 4076 2202 4122 est

614 4157 756 4227 quod
783 4159 943 4212 etiam
971 4157 1036 4211 de
1063 4156 1176 4228 ipsa
1202 4155 1318 4226 ejus
1345 4157 1484 4226 apud
1515 4172 1573 4210 se
1597 4155 1920 4210 habitatione
1947 4171 2200 4224 sperave~

615 4250 741 4312 rint,
771 4248 997 4312 ideoque
1025 4248 1093 4301 ab
1121 4247 1212 4302 illo
1240 4247 1417 4316 operis
1451 4247 1545 4302 Dei
1580 4246 1844 4302 desiderio
1874 4259 1978 4300 non
2019 4261 2202 4302 reces-

615 4349 820 4395 serunt.

688 4431 741 4482 7.
782 4429 1062 4496 Quomodo
1097 4444 1224 4498 ergo
1253 4428 1386 4483 dicis
1416 4428 1517 4482 hoc
1548 4443 1642 4482 eos
1679 4429 1869 4484 fecisse
1898 4429 2201 4498 turpissimo

615 4519 851 4590 appetitu
882 4519 1118 4588 pecunia:
1138 4519 1161 4570 ?
1184 4519 1364 4573 Primo
1385 4518 1505 4588 quia
1533 4518 1598 4571 ad
1627 4519 1834 4587 plebem
1862 4536 1980 4588 qua:
2005 4521 2202 4574 clama-

615 4612 739 4678 bat,
768 4611 985 4665 omnino
1027 4625 1131 4664 non
1179 4609 1444 4678 pertinet:
1474 4609 1609 4664 sicut
1637 4609 1778 4662 enim
1811 4610 1958 4678 plebs
1989 4610 2198 4681 Thaga-

614 4704 807 4760 stensis
835 4703 904 4758 de
931 4702 1013 4756 his
1051 4718 1168 4772 qua:
1207 4701 1502 4756 contulistis
1542 4701 1796 4756 Ecclesia:
1826 4701 2195 4771 Thagastensi,

614 4811 718 4850 non
759 4795 918 4850 habet
959 4795 1060 4849 nisi
1107 4792 1354 4863 gaudium
1400 4793 1523 4847 boni
1568 4793 1745 4863 operis
1790 4793 1988 4857 vestri;
2033 4794 2110 4848 sic
2144 4802 2201 4849 et

614 4887 967 4957 Hipponensis
1002 4896 1056 4943 et
1095 4885 1377 4955 cujuslibet
1401 4885 1620 4940 alterius
1653 4885 1782 4950 loci,
1815 4886 1902 4939 tibi
1932 4885 2000 4940 de
2029 4901 2201 4940 mam-

616 4996 770 5034 mona
811 4981 1106 5051 iniquitatis
1147 4979 1353 5033 Domini
1400 4987 1658 5048 pra-cepta
1700 4978 1920 5043 fecistis,
1950 4978 2032 5032 vel
2071 4979 2200 5032 estis

616 5072 933 5140 ubicumque
960 5071 1168 5126 facturi.
1195 5070 1310 5125 Non
1335 5087 1462 5140 ergo
1490 5070 1716 5140 populus
1743 5079 1798 5123 ut
1820 5069 1886 5123 de
1913 5079 2060 5124 tanto
2086 5071 2198 5125 viro

619 5162 869 5218 Ecclesiae
896 5165 1198 5218 consuleret
1224 5180 1333 5218 sum
1361 5163 1734 5218 ardentissime
1760 5162 2020 5232 ๏ฌagitans,
2044 5177 2196 5218 suum

615 5257 976 5328 pecuniarium
1017 5258 1258 5326 quaesivit
1297 5258 1634 5314 conuuodum
1674 5275 1703 5312 a
1743 5257 1928 5320 vobis;
1972 5257 2065 5311 sed
2103 5274 2195 5314 ve-

615 5358 784 5404 strum
819 5347 1054 5417 pecuniae
1092 5356 1455 5419 contemptum
1485 5349 1672 5404 dilexit
1702 5350 1751 5403 in
1781 5349 1950 5404 vobis.
1976 5349 2108 5404 Nam
2151 5352 2195 5406 si

615 5441 664 5495 in
717 5453 802 5492 me
848 5437 1178 5503 dilexerunt,
1225 5441 1362 5509 quod
1414 5441 1690 5496 audierant
1736 5440 1916 5511 paucis
1958 5441 2196 5511 agellulis

612 5530 852 5602 paternis
889 5529 1228 5600 contemptis,
1266 5531 1332 5585 ad
1372 5531 1465 5586 Dei
1507 5533 1726 5588 liberam
1772 5532 2080 5587 servitutem
2109 5548 2196 5588 me

615 5623 773 5678 fuisse
812 5637 1152 5687 conversum,
1181 5638 1353 5692 neque
1390 5625 1439 5678 in
1482 5623 1584 5678 hoc
1616 5625 1914 5679 inviderunt
1942 5625 2194 5679 Ecclesia:

611 5709 990 5784 Thagastensi,
1018 5730 1137 5784 quae
1177 5717 1406 5772 carnalis
1433 5718 1600 5786 patria
1633 5734 1748 5772 mea
1790 5729 1908 5782 est;
1941 5718 2034 5773 sed
2072 5733 2191 5773 cum

683 5823 701 5853 โธ
718 5828 848 5881 ฯฮฝ..
865 5823 1173 5886 populum
1194 5828 1258 5875 ad
1281 5827 1647 5892 presbyterium.
1675 5831 1820 5880 Abest
1841 5842 1932 5879 non
1950 5843 1976 5876 a
1992 5835 2098 5877 Mss.

1853 375 1908 432 s.
1951 369 2315 431 mansum
2355 367 2661 427 EPISCOPI
3732 387 3808 446 ฮทฮฟ

2325 482 2412 537 illa
2443 485 2747 540 clericatum
2770 486 2898 541 mihi
2921 500 3025 541 non
3067 487 3412 558 imposuisset,
3439 493 3626 563 quando
3659 506 3810 568 potae.

2319 585 2446 629 runt
2477 619 2490 640 ,
2534 576 2834 632 habendum
2895 579 3235 634 invaserunt:
3267 591 3454 651 quanto
3493 582 3750 655 flagrantius
3774 592 3812 650 in

2323 682 2507 725 nostro
2534 671 2755 726 Piniano
2783 687 2963 726 amare
2992 681 3276 741 potuerunt
3302 683 3488 729 tantam
3525 680 3677 734 mundi
3699 683 3814 753 hujus

2320 763 2682 832 cupiditatem,
2715 774 2887 818 tantas
2912 780 3062 834 opes,
3094 775 3287 820 tantam
3319 782 3478 836 spem,
3502 777 3626 826 tanta
3647 789 3814 832 convcr-

2319 853 2470 908 sione
2499 863 2800 924 superatam
2837 864 2998 925 atque
3029 855 3283 911 calcatam
3310 859 3323 910 !
3356 858 3460 929 Ego
3481 861 3650 931 quippe
3673 879 3814 921 secun-

2317 946 2444 1000 dum
2507 947 2792 1001 multorum
2843 964 3060 1002 sensum
3118 952 3524 1019 comparantium
3568 958 3816 1027 semetipsos

2317 1038 2681 1110 sibimetipsis,
2725 1057 2830 1095 non
2873 1041 3084 1097 divitias
3121 1043 3404 1107 dimisisse,
3445 1047 3532 1102 sed
3571 1049 3627 1102 ad
3659 1050 3815 1110 divitias

2317 1133 2501 1188 videor
2525 1135 2756 1190 venisse.
2786 1135 2884 1189 Vix
2915 1136 3057 1191 enim
3093 1137 3344 1208 vigesima
3374 1140 3608 1208 particula
3641 1158 3710 1198 res
3732 1161 3816 1203 mea

2319 1233 2538 1292 paterna
2559 1226 2847 1280 existimari
2873 1236 3066 1296 potest,
3093 1228 3142 1282 in
3166 1231 3549 1298 comparatione
3566 1233 3815 1301 pmdiorum

2318 1316 2598 1380 Ecclesiae,
2631 1333 2748 1387 qum
2781 1333 2920 1373 nunc
2948 1327 3006 1372 ut
3030 1319 3274 1373 dominus
3301 1321 3561 1375 existimor
3585 1323 3813 1391 possidere.

2313 1409 2372 1466 lu
2397 1409 2631 1478 qualibet
2653 1419 2851 1472 autem,
2877 1411 3106 1465 maxime
3131 1411 3486 1466 Africanarum
3511 1413 3813 1483 Ecclesiarum,

2316 1501 2404 1556 hic
2445 1510 2644 1567 noster,
2691 1517 2794 1556 non
2840 1502 2961 1557 dico
3003 1503 3302 1574 presbyter,
3347 1503 3438 1558 sed
3480 1504 3718 1574 episcopus
3750 1507 3814 1573 sit,

2313 1601 2648 1661 comparatus
2677 1592 2912 1661 pristinis
2953 1593 3143 1664 opibus
3169 1594 3309 1658 suis,
3337 1593 3534 1650 etiamsi
3570 1595 3718 1651 animo
3747 1597 3815 1651 do-

2313 1683 2565 1738 minantis
2593 1684 2788 1754 egerit,
2828 1684 3196 1754 pauperrimus
3235 1685 3354 1740 erit.
3395 1686 3552 1740 Multo
3576 1701 3684 1757 ergo
3705 1688 3818 1758 liqui-

2313 1771 2433 1826 dius
2457 1781 2512 1826 et
2539 1774 2780 1828 securius
2807 1773 2859 1827 in
2894 1774 2995 1828 hoc
3035 1783 3246 1829 amatur
3271 1774 3552 1830 christiana
3580 1786 3814 1847 paupertas,

2313 1862 2365 1918 in
2392 1879 2497 1933 quo
2519 1865 2659 1918 nulla
2689 1880 2864 1921 rerum
2888 1865 3204 1936 ampliorum
3228 1875 3400 1936 potest
3425 1867 3583 1934 putari
3602 1868 3816 1938 cupiditas.

2313 1952 2424 2008 Hoc
2449 1955 2690 2010 accendit
2713 1955 2922 2010 animos
2950 1956 3148 2025 populi,
3183 1955 3287 2010 hoc
3320 1955 3372 2009 in
3415 1955 3547 2010 illam
3581 1955 3818 2010 violentiam

2314 2046 2823 2114 perseverantissimi
2878 2046 3127 2102 clamoris
3182 2047 3372 2101 erexit.
3419 2046 3526 2100 Non
3569 2060 3653 2100 eos
3698 2046 3819 2115 turpis

2312 2137 2615 2208 cupiditatis
2667 2140 2885 2208 insuper
2927 2154 3285 2206 accusemus,
3332 2138 3423 2194 sed
3471 2139 3622 2209 magis
3674 2138 3819 2192 bonum

2311 2228 2452 2298 quod
2493 2229 2591 2299 ipsi
2631 2245 2736 2284 non
2781 2229 2997 2296 habent,
3039 2230 3232 2285 saltem
3275 2231 3328 2285 in
3367 2230 3482 2285 aliis
3515 2230 3706 2299 diligere
3739 2228 3821 2283 sine

2310 2321 2536 2378 crimine
2559 2324 2946 2391 permittamus.
2971 2324 3103 2378 Nam
3132 2325 3232 2379 etsi
3259 2324 3449 2378 fuerint
3473 2324 3542 2378 illi
3569 2323 3820 2378 multitudini

2312 2414 2559 2482 permixti
2592 2415 2778 2486 inopes
2805 2417 2890 2472 vel
2915 2417 3166 2482 mendici,
3201 2416 3290 2487 qui
3320 2417 3473 2471 simul
3501 2416 3769 2478 clamabant,
3785 2427 3822 2470 et

2310 2503 2378 2558 de
2405 2514 2579 2560 vestra
2606 2508 2894 2563 venerabili
2921 2509 3274 2564 redundantia
3305 2508 3598 2580 indigentiae
3619 2522 3713 2563 sua:
3730 2523 3822 2577 sup-

2311 2595 2637 2664 plementum
2659 2600 2987 2668 sperabant;
3017 2614 3116 2655 nec
3138 2599 3262 2667 ista,
3287 2608 3348 2655 ut
3367 2599 3602 2666 arbitror,
3621 2597 3822 2670 cupiditas

2312 2689 2480 2758 turpis
2500 2699 2602 2744 est.

2374 2785 2434 2840 8.
2465 2785 2650 2840 Restat
2669 2801 2795 2856 ergo
2817 2793 2874 2841 ut
2894 2787 2992 2842 iste
3015 2786 3257 2858 pecuniae
3276 2785 3606 2856 turpissimus
3621 2784 3823 2856 appetitus

2307 2890 2376 2931 ex
2397 2877 2611 2947 obliquo
2655 2877 2706 2931 in
2734 2877 2978 2942 clericos,
3010 2885 3066 2933 et
3091 2877 3324 2932 maxime
3351 2878 3402 2931 in
3429 2877 3708 2948 episcopum
3730 2875 3825 2929 diri-

2311 2981 2482 3041 gatur.
2521 2969 2629 3025 Nos
2655 2971 2795 3024 enim
2827 2970 2986 3026 rebus
3029 2969 3282 3024 Ecclesiae
3321 2968 3576 3024 dominari
3609 2966 3823 3023 existima-

2310 3076 2451 3125 mur,
2485 3076 2582 3115 nos
2607 3061 2796 3129 opibus
2832 3061 2952 3114 frui.
2984 3060 3262 3114 Postremo
3290 3057 3540 3130 quidquid
3563 3057 3624 3113 de
3647 3057 3740 3112 istis
3759 3071 3826 3109 nos

2310 3151 2635 3220 accepimus,
2673 3167 2771 3206 nos
2800 3152 2884 3206 vel
2914 3151 3086 3206 adhuc
3113 3151 3480 3221 possidemus,
3509 3148 3588 3204 vel
3611 3157 3662 3203 ut
3683 3147 3825 3216 placuit

2312 3243 2680 3313 erogavimus;
2724 3241 2857 3296 nihil
2903 3241 3025 3295 inde
3052 3241 3253 3312 populo
3291 3252 3446 3297 extra
3484 3240 3751 3295 clericatum
3769 3237 3826 3291 vel

2310 3341 2459 3386 extra
2489 3331 2868 3386 monasterium
2893 3333 3182 3385 constituto
3201 3372 3217 3396 ,
3266 3331 3371 3385 nisi
3402 3329 3709 3401 paucissimis
3731 3325 3828 3380 indi-

2308 3427 2555 3496 gentibus
2579 3425 2751 3496 largiti
2777 3440 2979 3479 sumus.
3009 3423 3123 3478 Non
3148 3439 3277 3494 ergo
3307 3422 3430 3478 dico
3455 3423 3572 3493 quia
3599 3421 3672 3476 vel
3697 3419 3739 3474 in
3762 3431 3829 3473 nos

2309 3520 2540 3574 maxime
2572 3535 2603 3573 a
2628 3519 2779 3573 vobis
2805 3517 2909 3572 dici
2949 3517 3044 3571 ista
3075 3516 3413 3578 debuerunt,
3457 3521 3772 3569 verumtamen
3792 3508 3828 3561 in

2310 3626 2407 3666 nos
2427 3611 2573 3665 solos
2597 3609 2922 3664 credibiliter
2943 3607 3048 3663 dici
3079 3616 3384 3678 potuerunt.
3417 3605 3549 3672 Quid
3577 3618 3689 3674 ergo
3711 3602 3828 3656 [ฯแฝทฮตฮน

2309 3702 2463 3756 mus?
2485 3717 2586 3772 qua
2611 3717 2728 3766 nos,
2753 3701 2796 3754 si
2821 3699 2959 3769 apud
2982 3699 3226 3753 inimicos
3248 3713 3358 3752 non
3383 3709 3668 3768 possumus,
3688 3692 3827 3746 saltem

2307 3793 2446 3864 apud
2473 3809 2566 3847 vos
2598 3792 2800 3846 ratione
2835 3789 3164 3862 purgamus?
3204 3788 3316 3843 Res
3346 3789 3461 3843 haec
3483 3786 3634 3841 animi
3656 3794 3746 3846 est,
3771 3781 3828 3836 in-

2308 3893 2393 3937 tus
2421 3891 2522 3949 est,
2554 3882 2735 3952 procul
2765 3882 2830 3936 ab
2855 3880 3023 3934 oculis
3051 3887 3256 3934 secreta
3283 3877 3604 3942 mortalium,
3631 3875 3724 3929 Deo
3744 3881 3828 3925 tan-

2309 3973 2581 4029 tummodo
2607 3981 2728 4027 nota
2750 3981 2852 4027 est.
2874 3971 3009 4039 Quid
3037 3985 3164 4037 ergo
3182 3979 3374 4034 restat,
3397 3970 3499 4024 nisi
3521 3970 3672 4024 Deum
3691 3962 3829 4021 testari

2306 4066 2391 4120 cui
2421 4074 2543 4119 nota
2574 4065 2688 4119 est?
2719 4065 2848 4119 Cum
2893 4077 3020 4133 ergo
3063 4061 3132 4116 de
3172 4061 3330 4116 nobis
3359 4063 3461 4116 ista
3497 4059 3718 4122 sentitis,
3753 4069 3828 4108 non

2307 4155 2591 4225 prazcipitis
2625 4155 2786 4227 (quod
2816 4155 2985 4209 multo
3026 4153 3215 4208 melius
3257 4161 3376 4216 est,
3409 4162 3464 4208 et
3491 4151 3626 4222 quod
3662 4147 3768 4205 mihi
3793 4147 3830 4198 in

2306 4245 2530 4316 epistola
2560 4256 2647 4300 tua
2676 4256 2921 4315 tanquam
2963 4243 3221 4313 culpabile
3259 4241 3613 4312 objiciendum
3638 4235 3828 4310 putasti).

2306 4338 2400 4394 sed
2433 4338 2650 4393 omnino
2678 4336 2865 4407 cogitis
2901 4344 2959 4389 ut
2977 4335 3253 4404 juremus;
3300 4350 3409 4388 non
3452 4333 3692 4387 intentato
3723 4333 3831 4380 metu

2306 4429 2494 4484 mortis
2519 4428 2694 4482 carnis
2735 4436 2964 4492 nostrae,
2995 4424 3137 4495 quod
3173 4425 3401 4496 pepulus
3433 4419 3755 4493 Hipponensis
3774 4414 3831 4468 fe-

2305 4523 2443 4577 cisse
2473 4529 2684 4591 putatus
2710 4528 2812 4582 est,
2844 4517 2937 4573 sed
2964 4519 3223 4572 intentato
3247 4525 3392 4572 metu
3414 4515 3597 4571 mortis
3615 4509 3831 4568 existima-

2308 4614 2466 4669 tionis
2491 4620 2716 4675 nostrm,
2743 4626 2862 4681 qua:
2897 4619 3114 4681 pr0pter
3141 4609 3384 4664 infirmos
3412 4608 3600 4678 quibus
3622 4619 3707 4659 uos
3726 4615 3830 4674 pra:-

2306 4706 2432 4762 bere
2476 4706 2541 4760 ad
2589 4703 2890 4774 exemplum
2943 4703 3199 4758 bonorum
3244 4715 3466 4770 operum
3519 4697 3830 4769 qualicumque

2302 4797 2707 4853 conversatione
2733 4811 3015 4859 conamur,
3045 4793 3203 4848 etiam
3232 4793 3356 4847 vita:
3397 4791 3569 4847 carnis
3597 4789 3734 4858 hujus
3753 4783 3831 4838 uti-

2303 4908 2407 4962 que
2435 4889 2785 4962 przepouenda
2813 4896 2912 4944 est.

2376 4984 2428 5038 9.
2463 4983 2836 5038 Verumtamen
2863 4980 3014 5034 vobis
3053 4993 3150 5034 nos
3179 4978 3251 5033 ita
3287 4976 3598 5048 cogentibus
3637 4983 3687 5027 ut
3715 4970 3829 5036 jure-

2305 5091 2442 5139 mus,
2471 5091 2574 5129 nou
2603 5088 2997 5139 succensemus,
3028 5071 3164 5126 sicut
3188 5086 3281 5126 vos
3302 5066 3710 5140 llipponensibus
3730 5073 3825 5114 suc-

2303 5171 2552 5226 censetis.
2579 5169 2806 5223 Creditis
2829 5169 2969 5222 enim
3007 5175 3254 5236 tanquam
3281 5163 3525 5218 homines
3552 5160 3615 5215 de
3645 5151 3830 5212 hominiv

2304 5263 2422 5326 bus,
2447 5261 2544 5316 etsi
2567 5275 2630 5315 ea
2655 5275 2772 5329 qua:
2803 5261 2853 5314 in
2881 5258 3033 5312 nobis
3057 5271 3160 5312 non
3182 5263 3326 5320 sunt,
3351 5269 3458 5309 non
3481 5265 3648 5307 tamen
3671 5262 3724 5302 ea
3741 5255 3830 5313 qm:

2305 5355 2356 5410 in
2387 5353 2539 5408 nobis
2566 5367 2684 5406 esse
2712 5367 2816 5405 non
2847 5358 3084 5420 possunt.
3107 5347 3349 5404 Sananda
3379 5347 3476 5400 ista
3499 5345 3551 5399 in
3571 5341 3724 5402 vobis,
3750 5346 3828 5388 non

2302 5444 2598 5502 accusanda
2628 5453 2786 5506 sunt;
2826 5452 2881 5497 et
2909 5450 3086 5496 nostra
3127 5437 3394 5510 purganda
3420 5435 3570 5491 vobis
3595 5441 3670 5488 est
3694 5429 3828 5485 fama.

2302 5539 2345 5594 si
2373 5547 2456 5594 est
2490 5537 2716 5592 Domino
2735 5543 2956 5606 purgata
2980 5532 3326 5588 conscientia.
3356 5528 3459 5596 Qui
3486 5529 3697 5582 fortasse
3721 5529 3830 5588 ฮนฯฮต-

2302 5633 2492 5696 stabit,
2517 5631 2656 5686 sicut
2687 5639 2967 5698 antequam
2999 5625 3280 5681 accidisset
3305 5625 3401 5677 ista
3431 5618 3662 5680 tentatio,
3689 5623 3772 5681 ego
3790 5612 3830 5660 ฮตแฝท

2301 5725 2462 5781 frater
2506 5737 2656 5778 meus
2685 5721 2906 5791 Alypius
2937 5717 3184 5773 collocuti
3211 5726 3389 5772 sumus
3409 5753 3425 5778 ,
3471 5723 3574 5764 non
3600 5715 3652 5760 ut
3689 5699 3828 5800 solum

2299 5818 2451 5872 vobis
2479 5813 2803 5869 ยซhanissimis
2838 5810 3213 5868 commembris
3241 5813 3433 5863 nostris
3453 5843 3468 5868 ,
3501 5810 3675 5855 verum
3699 5799 3828 5846 etiam
