3990 6372
194 313 275 371 ιω
1334 283 1711 344 EPISTOLAR

1853 283 2126 341 CLASSIS
2155 284 2238 339 Ill.

193 429 300 501 ipsis
322 415 681 479 inimicissimis
711 413 1042 469 notissimum
1074 409 1199 476 ﬁat,
1228 406 1368 463 nulla
1395 421 1493 461 nos
1517 403 1721 474 cupidi-

193 497 279 577 tate
313 513 529 589 pecuniae
556 511 607 564 in
651 507 811 563 rebus
851 503 1225 560 ecclesiasticis
1253 499 1534 556 sordidari.
1570 497 1722 564 Quod

191 616 328 670 donec
353 607 451 672 ﬁat,
480 604 521 660 si
545 603 800 658 Dominus
825 598 1042 655 donabit
1067 605 1126 652 ut
1157 595 1276 660 ﬁat,
1319 609 1444 650 ecce
1469 608 1608 647 nunc
1638 592 1720 647 in-

191 705 315 762 terim
339 698 466 770 quod
487 695 724 767 cogimur
750 693 1002 759 facimus,
1047 705 1115 746 ne
1147 689 1309 745 vestri
1355 687 1531 743 cordis
1556 685 1722 741 medi-

190 798 330 850 cinam
370 791 418 844 in
451 784 827 859 quantamlibet
870 797 1074 838 moram
1119 780 1368 850 temporis
1395 778 1716 834 diﬁ‘eramus.

191 885 303 940 Deus
326 880 460 935 testis
484 886 584 942 est,
612 876 768 930 istam
796 887 1010 929 omnem
1035 887 1215 926 rerum
1244 869 1718 925 ecclesiasticarum

191 971 587 1046 procurationem.
615 981 841 1037 quantm
865 962 1136 1018 credimur
1161 975 1342 1015 amare
1365 959 1716 1025 dominatum,

191 1075 365 1140 propter
385 1061 685 1119 servitutem
725 1074 884 1130 quam
926 1056 1098 1112 debeo
1137 1053 1380 1110 charitati
1417 1053 1635 1106 fratrum
1665 1059 1720 1106 et

193 1161 329 1217 timori
353 1158 456 1221 Dei,
482 1156 709 1211 tolerare
728 1169 835 1218 me,
859 1167 964 1206 non
984 1163 1194 1211 amare;
1224 1148 1292 1201 ita
1316 1156 1475 1207 utea,
1503 1146 1546 1200 si
1568 1144 1720 1199 salvo

191 1253 330 1308 oﬁicio
352 1249 574 1319 possim,
606 1260 791 1302 carere
833 1243 1150 1299 desiderem.
1199 1239 1305 1294 Nec
1354 1237 1493 1291 aliud
1538 1251 1625 1290 me
1651 1234 1719 1289 de

189 1346 316 1400 fratre
338 1355 449 1396 meo
477 1339 668 1410 Alypio
690 1338 906 1397 sentire,
930 1335 1044 1404 ipse
1064 1333 1205 1387 Deus
1226 1330 1373 1385 testis
1393 1338 1492 1384 est.
1517 1327 1716 1381 Tamen

188 1435 300 1490 etde
325 1432 404 1487 illo
443 1431 598 1484 aliter
624 1427 904 1483 sentiendo
942 1425 1196 1494 populus,
1224 1430 1298 1484 ct,
1327 1418 1465 1490 quod
1496 1427 1577 1472 est
1600 1432 1719 1487 gra-

188 1528 290 1588 vius,
321 1522 680 1593 Hipponensis,
711 1521 764 1574 in
791 1527 962 1573 tantas
981 1525 1063 1571 est
1089 1515 1228 1569 illius
1254 1511 1607 1582 prmcipitatus
1632 1509 1716 1562 in-

181 1617 314 1687 jurias
335 1633 348 1670 :
369 1623 420 1669 et
451 1613 521 1667 de
547 1611 701 1667 nobis
724 1623 820 1663 vos
845 1607 1011 1663 sancti
1044 1605 1135 1661 Dei
1175 1613 1227 1659 et
1253 1602 1394 1674 pleni
1427 1599 1718 1655 visceribus

184 1705 518 1764 misericordia:
541 1705 664 1758 talia
692 1701 980 1766 credendo,
1010 1698 1224 1753 nomine
1249 1695 1487 1765 ejusdem
1516 1693 1714 1763 populi,

184 1801 251 1870 qui
274 1798 331 1854 ad
365 1812 577 1853 causam
621 1791 987 1864 hujuscemodi
1026 1788 1325 1860 cupiditatis
1367 1785 1582 1841 omnino
1611 1798 1716 1838 non

182 1893 398 1964 pertinet,
428 1905 528 1945 nos
557 1899 775 1958 tangere
817 1895 974 1955 atque
1000 1881 1285 1937 admonere
1309 1876 1582 1941 voluistis;
1612 1875 1717 1929 uti-

181 2000 261 2056 que
282 1984 338 2038 ad
365 1997 460 2038 nos
485 1977 850 2050 corrigendos,
880 1990 1052 2045 neque
1077 1973 1217 2028 cnim
1243 1970 1386 2037 odio,
1413 1966 1553 2039 quod
1581 1965 1720 2021 absit

181 2094 204 2133 ι
226 2078 381 2133 vobis:
410 2075 551 2132 unde
581 2090 686 2129 non
725 2071 915 2135 irasci,
958 2067 1052 2123 sed
1090 2065 1284 2137 gratias
1323 2075 1478 2134 agere
1507 2059 1714 2126 debeo,

181 2169 292 2237 quod
329 2183 423 2224 nec
476 2163 826 2222 verecundius
884 2175 982 2215 nec
1024 2159 1242 2213 liberius
1301 2169 1458 2225 agere
1514 2151 1718 2221 potuis-

181 2265 260 2326 tis,
303 2268 352 2314 ut
396 2260 649 2329 episcopo
689 2271 795 2311 non
846 2252 996 2324 quasi
1041 2249 1341 2304 conviciose
1384 2243 1714 2314 objiceretis,

178 2353 289 2423 quod
311 2349 617 2408 sentiebatis
635 2391 650 2415 ,
678 2347 774 2404 sed
802 2361 867 2402 ex
894 2344 1110 2415 obliquo
1136 2337 1530 2411 intelligendum
1558 2335 1718 2391 relin-

176 2445 390 2514 queretis.

233 2538 305 2593 l0.
331 2537 438 2592 Nec
468 2535 755 2590 molestum
798 2532 869 2586 sit
893 2529 1042 2583 vobis
1062 2569 1076 2595 ,
1105 2535 1164 2581 ut
1189 2540 1283 2579 vos
1305 2523 1447 2578 velut
1473 2527 1718 2589 gravatos

177 2627 489 2690 arbitremini,
518 2625 640 2695 quia
673 2621 957 2693 jurandum
999 2617 1193 2689 putavi.
1225 2614 1407 2684 Neque
1436 2612 1575 2668 enim
1600 2626 1720 2681 gra-

179 2721 307 2774 vabat
327 2717 633 2788 Apostolus,
681 2722 770 2768 aut
798 2728 889 2768 eos
922 2725 1104 2781 parum
1132 2706 1382 2776 diligebat
1411 2705 1603 2774 quibus
1632 2701 1715 2755 di-

179 2811 338 2866 cebat:
379 2810 493 2865 Non
528 2811 583 2862 in
624 2822 852 2861 sermone
890 2800 1197 2857 adulationis
1223 2801 1410 2871 fuimus
1441 2794 1578 2865 apud
1602 2809 1714 2862 vos,

173 2904 284 2956 sicut
303 2903 460 2964 scitis;
491 2916 581 2954 nec
607 2903 660 2953 in
686 2897 947 2951 occasione
965 2892 1253 2964 cupiditatis
1270 2930 1285 2952 ,
1322 2889 1459 2942 Deus
1489 2887 1622 2941 testis
1647 2893 1719 2938 est

177 2993 211 3060 (l
235 2993 395 3049 Thess.
429 3010 465 3048 n
487 3033 500 3057 ,
531 2992 607 3063 5).
643 2990 740 3045 Rei
769 2989 960 3059 quippe
986 2994 1181 3057 apertae
1207 2984 1350 3054 ipsos
1380 2991 1544 3036 testes
1569 2979 1719 3033 adhi-

170 3085 290 3150 buit;
315 3088 388 3141 rei
413 3093 588 3139 autem
615 3082 836 3137 occultae
855 3094 1033 3149 quem,
1057 3077 1156 3132 nisi
1181 3073 1381 3130 Deum?
1409 3071 1463 3128 Si
1485 3087 1611 3141 ergo
1633 3070 1718 3123 ille

171 3177 331 3230 merito
360 3185 439 3229 est
466 3173 666 3229 veritus
711 3186 778 3226 ne
804 3169 1030 3223 humana
1073 3165 1366 3236 ignorantia
1409 3162 1475 3216 de
1506 3161 1598 3215 illo
1622 3159 1718 3212 ali-

167 3266 270 3335 quid
308 3266 411 3321 tale
437 3266 678 3330 sentiret,
710 3263 863 3332 cujus
902 3261 1050 3315 labor
1092 3257 1338 3313 omnibus
1379 3255 1430 3308 in
1471 3259 1716 3323 promptu

168 3368 287 3425 erat,
310 3358 452 3430 quod
490 3358 590 3412 nisi
635 3370 841 3411 summa
869 3352 1181 3407 necessitate
1223 3365 1251 3402 a
1293 3347 1500 3419 papulis
1529 3345 1719 3416 quibus

166 3453 360 3520 gratiam
389 3450 585 3506 Christi
605 3447 964 3517 dispensabat,
999 3446 1050 3499 in
1081 3458 1209 3498 usus
1237 3457 1360 3498 suos
1385 3438 1580 3510 aliquid
1610 3453 1714 3492 non

166 3545 413 3608 sumebat,
454 3553 644 3599 cetera
671 3556 798 3596 vero
823 3553 921 3595 suo
947 3537 1106 3592 victui
1143 3535 1439 3591 necessaria
1465 3533 1574 3586 suis
1601 3546 1714 3585 ma-

166 3636 297 3694 nibus
338 3635 702 3706 transigebat:
736 3641 930 3703 quanto
970 3627 1137 3698 magis
1174 3626 1327 3680 nobis
1369 3622 1714 3679 laborandum

164 3738 232 3782 est
263 3739 316 3783 ut
358 3727 626 3791 credatur,
657 3725 744 3796 qui
787 3733 842 3778 et
880 3722 1069 3777 merito
1109 3717 1400 3773 sanctitatis
1443 3724 1496 3769 et
1525 3715 1716 3768 virtute

164 3817 302 3873 animi
329 3818 482 3887 longe
514 3817 742 3886 impares
769 3829 970 3877 sumus,
1000 3826 1099 3865 nec
1132 3808 1327 3878 aliquid
1357 3807 1422 3861 ad
1453 3813 1717 3861 sustenta-

162 3908 262 3962 cula
286 3909 440 3978 hujus
466 3908 588 3962 vitae
609 3906 815 3977 operari
840 3904 1032 3958 nostris
1055 3900 1295 3954 manibus
1321 3913 1633 3968 possumus;
1662 3905 1716 3950 et

163 4000 200 4054 si
219 4016 500 4070 possemus,
519 3999 681 4054 tantis
703 3994 1154 4066 occupationibus,
1178 4007 1307 4062 quas
1331 4002 1454 4044 tunc
1476 3990 1593 4043 illus
1610 4003 1713 4043 non

162 4091 301 4146 credo
331 4091 492 4146 fuisse
537 4102 835 4161 perpessos,
868 4100 1199 4155 nequaquam
1242 4081 1570 4136 sincremur‘t
1599 4079 1712 4134 Non

162 4197 268 4252 ergo
290 4183 507 4238 ulterius
538 4181 590 4234 in
614 4179 712 4234 hac
737 4194 892 4232 causa
919 4176 1112 4247 p0pulo
1132 4173 1440 4237 christiano,
1468 4187 1585 4240 qua:
1612 4170 1714 4224 Ec-

161 4272 300 4327 clesia
330 4282 409 4328 est
437 4273 566 4335 Dei,
614 4269 890 4338 objiciatur
934 4267 1166 4336 pecunia:
1195 4261 1530 4332 turpissimus
1555 4275 1714 4330 appeo

162 4365 288 4418 titus.
319 4364 667 4419 Tolerabilius
688 4363 827 4417 enim
857 4359 1007 4414 nobis
1026 4359 1293 4428 ohjicitur,
1325 4358 1373 4410 in
1397 4370 1528 4424 quos
1559 4355 1713 4424 hujus

163 4456 269 4509 mali
292 4457 530 4527 quamvis
560 4455 711 4516 falsa,
745 4463 917 4507 tamen
941 4452 1238 4506 verisimilis
1266 4449 1496 4518 suSpicio
1524 4447 1712 4502 cadere

167 4551 330 4616 patuit,
357 4566 514 4621 quam
544 4549 669 4615 illis,
697 4561 830 4618 quos
855 4545 922 4599 ab
947 4543 1048 4599 hoc
1077 4544 1309 4614 appetitu
1337 4553 1390 4596 et
1416 4540 1712 4610 suspicione

160 4653 342 4698 constat
366 4657 485 4700 esse
510 4641 734 4696 alienos.

227 4736 305 4789 ll.
333 4736 600 4806 Denegare
625 4743 802 4788 autem
829 4732 1146 4801 iurationem
1177 4725 1406 4796 qualibet
1433 4725 1535 4778 ﬁde
1571 4739 1711 4795 prte-

167 4825 286 4882 ditas
309 4837 539 4893 mentes,
569 4834 768 4896 quanto
803 4823 970 4892 magis
997 4818 1099 4874 ﬁde
1119 4817 1403 4873 christiana
1421 4859 1435 4882 ,
1466 4831 1569 4869 non
1595 4814 1714 4869 dico

167 4916 338 4988 aliquid
372 4918 695 4976 contrarium
727 4914 1072 4976 conﬁrmare,
1111 4909 1205 4965 sed
1230 4909 1447 4963 omnino
1475 4906 1713 4961 dubitare

170 5007 238 5062 fas
257 5025 344 5065 non
366 5022 466 5067 est.
496 5011 569 5065 De
590 5024 689 5080 qua
713 5024 771 5063 re
792 5005 918 5076 quid
939 5002 1183 5067 sentiam,
1216 5001 1362 5062 satis,
1388 5009 1441 5054 ut
1464 4999 1706 5060 arbitror,

170 5097 217 5152 in
240 5102 439 5169 epistola
466 5117 624 5173 quam
650 5099 716 5154 ad
738 5099 950 5153 fratrem
978 5109 1151 5150 meum
1177 5093 1386 5162 scripsi,
1409 5091 1713 5161 plenissime

168 5195 345 5260 aperui.
389 5194 614 5264 Scripsit
652 5191 782 5247 mihi
821 5189 1084 5246 Sanctitas
1125 5198 1254 5243 tua:
1285 5185 1344 5242 Si
1383 5195 1470 5239 aut
1512 5201 1600 5256 ego
1625 5192 1712 5236 aut

170 5281 490 5355 Hipponenses
520 5288 613 5339 hoc
647 5293 873 5348 censent,
915 5290 968 5335 ut
996 5278 1333 5353 jurejurando
1357 5279 1592 5331 violenter
1620 5291 1710 5329 ex-

165 5384 280 5431 torto
294 5380 518 5450 satisﬁat.
541 5377 623 5432 Tu
646 5376 788 5431 enim
812 5376 923 5445 ipsa
944 5372 1068 5444 quid
1088 5369 1308 5427 censes?
1333 5371 1571 5440 plaeetne
1594 5365 1707 5428 tibi,

168 5471 380 5527 utetiam
401 5481 544 5528 certa
581 5478 752 5525 morte
780 5468 1122 5534 imminente,
1158 5464 1297 5536 quod
1333 5474 1459 5518 tunc
1485 5461 1713 5516 inaniter

169 5564 498 5629 metuebatur,
531 5577 723 5617 nomen
755 5559 959 5614 Domini
983 5559 1075 5614 Dei
1102 5559 1180 5613 sui
1212 5559 1262 5613 in
1289 5556 1546 5612 fallaciam
1575 5554 1711 5608 chri-

169 5649 352 5709 stianus
373 5663 622 5717 assumat,
649 5653 814 5709 Deum
839 5665 993 5705 suum
1017 5660 1203 5705 testem
1233 5648 1445 5704 falsitati
1466 5647 1708 5702 christia-

165 5755 262 5798 lus
285 5747 546 5805 adhibeat?
588 5748 688 5817 Qui
721 5746 950 5819 profecto
979 5745 1025 5801 si
1066 5753 1258 5815 prater
1281 5743 1600 5816 jurationem
1637 5741 1706 5797 ad

3306 291 3410 351 482

1835 398 2024 454 falsum
2045 380 2403 456 testimonium
2420 390 2589 458 morte
2606 403 2914 461 imminente
2925 415 3222 477 cogeretur,
3237 425 3405 465 macu-

1832 491 1944 546 lare
1956 493 2115 547 vitam
2128 509 2277 548 suam
2298 495 2466 564 magis
2485 496 2670 551 timere
2683 496 2864 551 debuit
2875 513 3030 567 quam
3049 499 3218 555 finire.
3239 500 3402 557 Hosti-

1831 583 1909 638 les
1940 583 2078 638 inter
2096 599 2156 639 se
2185 584 2327 640 acies
2347 593 2400 640 et
2419 593 2656 654 armatae,
2683 596 2827 642 certe
2853 589 3186 657 apertissima
3217 592 3403 648 mortis

1829 679 2179 736 intentatione
2203 679 2517 752 conﬂigunt;
2552 692 2605 738 et
2624 691 2800 738 tamen
2819 699 2938 738 cum
2960 685 3182 740 invicem
3202 685 3401 754 jurant,

1828 771 2105 828 laudamus
2135 773 2291 828 ﬁdem
2315 783 2610 842 servantes,
2640 774 2882 829 fallentes
2904 785 3079 829 autem
3104 777 3296 831 merito
3321 776 3404 832 de-

1827 874 2102 922 testamur.
2127 867 2193 922 Ut
2219 877 2396 922 autem
2434 868 2696 936 jurareut,
2721 867 2846 937 quid
2877 876 3111 938 utraeque
3152 869 3218 924 ab
3246 869 3403 924 alter-

1826 960 1960 1012 utris
1981 1001 1994 1023 ,
2022 959 2121 1013 nisi
2151 959 2320 1013 occidi
2359 960 2440 1013 vel
2465 958 2583 1028 capi
2606 958 2926 1012 timuerunt?
2957 962 3031 1012 Ac
3060 973 3154 1028 per
3183 958 3284 1014 hoc
3321 959 3404 1016 vel

1825 1051 2012 1104 mortis
2035 1049 2118 1104 vel
2140 1050 2459 1119 captivitatis
2491 1057 2634 1104 metu
2659 1057 2882 1103 extortae
2906 1048 3159 1118 jurationi
3183 1051 3279 1105 nisi
3307 1065 3402 1120 pa-

1824 1151 2020 1206 reatur,
2053 1141 2156 1195 nisi
2200 1140 2330 1196 ﬁdes
2355 1145 2470 1210 inite
2499 1140 2567 1194 ibi
2594 1139 2714 1193 data
2745 1147 2828 1194 est
2864 1139 3207 1203 custodiatur,
3241 1142 3401 1194 sacri-

1825 1231 1965 1300 legii,
1992 1231 2210 1300 perjurii
2235 1231 2457 1285 crimine
2477 1230 2801 1295 detinentur,
2824 1230 2982 1284 etiam
3007 1230 3135 1284 tales
3159 1230 3400 1285 homines

1823 1322 1909 1390 qui
1935 1323 2099 1391 magis
2116 1330 2356 1376 metuunt
2377 1321 2636 1390 pejerare,
2659 1335 2815 1390 quam
2835 1319 3103 1374 hominem
3123 1319 3364 1374 occidere
3385 1339 3399 1374 ε

1825 1421 1878 1465 et
1907 1426 2003 1466 nos
2030 1421 2204 1466 utrum
2247 1410 2517 1481 implenda
2562 1411 2630 1464 sit
2656 1419 2867 1464 extorta
2904 1409 3101 1479 jnratio
3128 1425 3400 1466 servorum

1824 1502 1937 1567 Dei,
1967 1517 2187 1557 munere
2209 1502 2505 1557 sanctitatis
2526 1501 3000 1571 prceeminentium,
3022 1504 3402 1559 monachorum

1823 1596 1888 1649 ad
1934 1595 2312 1664 perfectionem
2359 1594 2730 1650 mandatorum
2776 1593 2975 1650 Christi
3019 1610 3195 1650 rerum
3241 1597 3401 1652 etiam

1823 1701 2039 1741 suarum
2065 1687 2437 1742 distributione
2476 1686 2830 1754 currentium,
2869 1685 3021 1757 quasi
3062 1686 3401 1758 disceptaturi

1823 1779 2067 1848 ponimus
2090 1779 2474 1848 quaestionem!

1894 1869 1979 1923 12.
2002 1869 2135 1923 Nam
2159 1869 2285 1940 quid
2309 1869 2497 1934 exsilii,
2531 1869 2615 1923 vel
2641 1868 3042 1938 deportationis,
3079 1877 3172 1924 aut
3198 1870 3400 1941 relega-

1821 1961 1980 2014 tionis
2006 1961 2218 2014 nomine
2238 2002 2252 2027 ,
2288 1960 2548 2031 promissa
2577 1959 2665 2012 illa
2694 1958 2976 2029 praesentia
3021 1969 3398 2030 prmgravatur,

1821 2054 2044 2109 obsecro
2063 2053 2148 2109 te?
2180 2054 2311 2108 Puto
2332 2052 2468 2123 quod
2497 2052 2882 2123 presbyterium
2903 2067 3007 2107 non
3034 2060 3117 2106 est
3136 2051 3398 2108 exsilium.

1822 2145 1934 2201 Hoc
1960 2161 2086 2216 ergo
2113 2153 2292 2200 noster
2318 2146 2557 2216 eligeret,
2598 2159 2754 2213 quam
2785 2143 2914 2197 illud
2939 2142 3222 2199 exsilium?
3251 2145 3402 2200 Absit

1822 2255 1850 2294 a
1881 2239 2064 2304 nobis,
2094 2238 2252 2292 utsic
2278 2246 2494 2292 sanctus
2537 2236 2628 2290 Dei
2671 2244 2725 2290 et
2753 2235 2904 2289 nobis
2931 2233 3271 2289 charissimus
3309 2235 3401 2289 de-

1821 2323 2067 2379 fendatur
2090 2342 2103 2377 :
2131 2323 2289 2389 absit,
2318 2323 2550 2392 inquam,
2581 2330 2633 2375 ut
2658 2319 2863 2375 dicatur
2884 2320 3132 2374 maluisse
3157 2318 3400 2374 exsilium

1821 2431 1977 2486 quam
2025 2415 2445 2486 presbyterium,
2495 2423 2587 2467 aut
2629 2413 2878 2468 maluisse
2917 2412 3208 2482 perjurium
3241 2427 3401 2482 quam

1822 2507 2086 2561 exsilium.
2114 2506 2239 2560 Ηωο
2262 2505 2516 2570 dicerem,
2549 2504 2595 2559 si
2626 2519 2750 2560 vere
2773 2518 2803 2557 a
2831 2503 3004 2570 nobis,
3035 2512 3126 2556 aut
3150 2517 3179 2555 a
3209 2503 3402 2573 p0pulo

1817 2598 2014 2668 jnratio
2068 2597 2116 2651 ei
2163 2596 2349 2650 fuisset
2393 2604 2604 2649 extorta
2656 2593 3022 2663 promittendae
3072 2595 3399 2661 pnesentiaa;

1821 2704 1961 2744 nunc
1985 2703 2112 2743 vero
2137 2703 2243 2742 non
2282 2696 2488 2741 extorta
2531 2694 2614 2740 est
2652 2684 2776 2738 dum
2815 2692 3114 2752 negaretur,
3145 2685 3239 2738 sed
3268 2684 3396 2738 dum

1822 2781 2101 2836 oll‘erretur
2120 2787 2356 2848 accepta.
2382 2777 2448 2832 Et
2465 2776 2567 2831 hoc
2589 2791 2651 2830 ea
2669 2791 2783 2846 spe,
2810 2777 2945 2830 sicut
2964 2790 3121 2845 supra
3145 2774 3395 2842 diximus,

1823 2875 1942 2944 quia
1977 2889 2071 2943 per
2096 2873 2238 2926 illam
2276 2869 2608 2941 praesentiam
2637 2868 2896 2923 creditum
2926 2877 3037 2935 est,
3079 2881 3201 2922 eum
3239 2868 3398 2922 etiam

1822 2968 1887 3022 ad
1906 2968 2211 3024 clericatum
2236 2961 2627 3033 suscipiendum
2655 2975 2809 3030 posse
2830 2960 3254 3016 desiderantibus
3272 2975 3398 3015 con-

1822 3063 2039 3116 sentire.
2069 3060 2347 3115 Postremo
2386 3055 2658 3125 quodlibet
2701 3053 2767 3107 de
2809 3053 2961 3107 nobis
2995 3054 3075 3107 vel
3103 3052 3170 3107 de
3201 3053 3400 3123 llippo-

1823 3152 2077 3208 nensibus
2115 3151 2392 3214 sentiatur,
2425 3147 2579 3216 longe
2624 3146 2724 3199 alia
2765 3153 2850 3199 est
2891 3160 3075 3200 eorum
3106 3159 3264 3200 causa
3307 3147 3397 3215 qui

1822 3243 2092 3314 coegerint
2107 3242 2478 3311 jurare,quam
2500 3252 2684 3294 eorum
2707 3237 2818 3306 qui,
2849 3251 2952 3290 non
2967 3236 3086 3290 dico
3105 3237 3395 3306 coegerint,

1821 3336 1914 3391 sed
1960 3334 2224 3390 suaserint
2273 3331 2530 3401 pejerare.
2580 3329 2698 3399 lpse
2742 3330 2901 3385 etiam
2949 3327 3020 3383 de
3057 3343 3163 3399 quo
3204 3330 3395 3400 agitur,

1821 3427 2160 3483 considerare
2186 3438 2290 3478 non
2318 3433 2538 3487 renuat,
2589 3429 2766 3475 utrum
2795 3419 2864 3475 sit
2906 3420 3088 3488 pejus,
3137 3420 3235 3474 sub
3263 3435 3395 3490 quo-

1820 3520 1946 3575 libet
1993 3520 2180 3574 timore
2223 3514 2624 3586 jusjurandum,
2677 3529 2744 3568 an
2794 3522 3000 3568 remoto
3047 3513 3164 3582 ipso
3206 3514 3398 3570 timore

1821 3611 2130 3681 perjurium.

1892 3705 1980 3759 l5.
2015 3704 2122 3757 Deo
2146 3701 2344 3772 gratias
2363 3743 2377 3766 ,
2407 3702 2530 3771 quia
2558 3715 2666 3753 non
2692 3698 2848 3752 aliter
2876 3697 3242 3769 Hipponenses
3269 3713 3395 3769 pro-

1819 3797 2040 3851 missum
2067 3795 2207 3849 circa
2253 3809 2311 3849 se
2337 3794 2542 3864 impleri
2569 3793 2806 3848 sentiunt
2825 3834 2839 3857 ,
2867 3807 3023 3863 quam
3053 3801 3109 3845 ut
3142 3793 3279 3847 adsit
3305 3807 3397 3847 vo—

1820 3889 2020 3943 luntate
2066 3886 2370 3948 habitandi,
2427 3895 2481 3940 et
2525 3893 2611 3940 eat
2656 3899 2761 3955 quo
2803 3898 3022 3940 necesse
3076 3883 3235 3939 fuerit
3274 3899 3396 3939 cum

1819 3978 2166 4047 dispositione
2196 3975 2472 4035 redeundi.
2505 3974 2634 4028 Nam
2663 3975 2707 4028 si
2731 3974 2886 4028 verba
2913 3973 3192 4042 jurationis
3227 3983 3396 4029 atten-

1819 4071 2006 4125 derent
2042 4079 2097 4124 et
2131 4070 2444 4138 exigerent,
2485 4076 2592 4120 tam
2623 4067 2765 4118 nullo
2792 4066 2950 4118 modo
2975 4079 3160 4119 servus
3189 4066 3282 4122 Dei
3313 4081 3397 4122 re-

1818 4161 2009 4217 cedere
2031 4204 2045 4226 ,
2091 4175 2250 4229 quam
2297 4159 2403 4212 ullo
2430 4156 2589 4211 modo
2617 4155 2798 4210 debuit
2837 4155 3094 4225 pcjcrare.
3124 4155 3229 4210 Sed
3271 4158 3392 4226 quia

1817 4257 2016 4310 crimen
2043 4268 2225 4309 eorum
2247 4259 2407 4315 esset,
2434 4265 2535 4304 non
2557 4249 2675 4303 dico
2697 4248 2852 4302 talem
2879 4247 3070 4315 virum,
3095 4248 3186 4302 sed
3210 4264 3394 4318 quem-

1820 4348 1946 4401 libet
1976 4346 2241 4400 hominem
2271 4344 2349 4398 sic
2375 4351 2588 4406 tenere;
2619 4355 2715 4394 nec
2742 4340 2835 4409 ipsi
2859 4340 3016 4394 aliam
3046 4342 3394 4410 exspeCIatio-

1819 4455 1940 4494 nem
1971 4453 2030 4493 se
2078 4436 2328 4491 habuisse
2368 4433 2755 4504 probaverunt,
2805 4432 2893 4500 qui
2937 4431 3210 4488 audientes
3252 4433 3392 4503 quod

1819 4530 2089 4585 rediturus
2109 4524 2431 4582 abscesserit
2453 4522 2697 4593 gratulati
2729 4529 2871 4585 sunt,
2899 4535 2995 4576 nec
3014 4521 3154 4576 aliud
3185 4522 3286 4576 illis
3313 4538 3393 4577 ve-

1820 4639 1910 4678 rax
1946 4622 2140 4691 jnratio
2170 4618 2358 4682 debet,
2400 4631 2555 4685 quam
2586 4614 2636 4668 id
2667 4613 2806 4683 quod
2836 4614 2903 4668 ab
2929 4613 3016 4668 illa
3049 4624 3391 4681 exspectave-

1817 4724 1958 4770 runt.
1989 4712 2122 4780 Quid
2143 4719 2224 4766 est
2247 4717 2422 4762 autem
2448 4706 2588 4777 quod
2625 4706 2839 4770 dicitur,
2867 4719 2986 4758 eum
3008 4703 3273 4772 juratione
3297 4719 3392 4759 ore

1818 4824 1916 4864 suo
1941 4817 2210 4874 expressa,
2243 4801 2606 4869 exceptionem
2635 4797 2820 4851 fecisse
2843 4794 3204 4850 necessitatis?
3229 4793 3390 4862 Quasi

1819 4913 1925 4954 non
1956 4911 2048 4950 ore
2077 4909 2174 4948 suo
2195 4893 2295 4946 hoc
2322 4905 2531 4946 rursum
2554 4889 2772 4958 jusserit
2790 4885 3003 4940 auferri.
3030 4886 3185 4940 Certe
3206 4886 3271 4940 ad
3297 4901 3391 4956 po-

1818 4992 1997 5062 pulum
2025 4985 2236 5058 quando
2277 4985 2388 5054 ipse
2416 4984 2622 5037 locutus
2645 4989 2760 5046 est,
2803 4987 2926 5032 tunc
2966 4977 3126 5032 etiam
3157 4978 3391 5048 interpo-

1818 5089 1969 5138 neret
1989 5099 2001 5134 :
2025 5079 2162 5150 quod
2184 5077 2228 5130 si
2251 5075 2482 5141 fecisset,
2504 5087 2607 5128 non
2630 5074 2806 5140 utique
2825 5068 3258 5137 reSponderetur,
3281 5069 3392 5125 Deo

1816 5174 2046 5246 gratias;
2078 5170 2171 5225 sed
2208 5169 2274 5224 ad
2313 5169 2453 5222 illam
2503 5164 2762 5219 rediretur
2805 5161 3233 5216 reclamationem
3271 5177 3389 5232 qua:

1818 5267 1952 5322 facta
1981 5265 2180 5328 fuerat,
2224 5260 2435 5332 quando
2464 5258 2540 5311 sic
2573 5271 2600 5308 a
2631 5254 2853 5310 diacono
2876 5255 3152 5310 recitatum
3193 5264 3292 5309 est.
3321 5252 3392 5307 Et

1818 5355 2071 5427 numquid
2095 5354 2161 5410 ad
2188 5368 2298 5407 rem
2331 5349 2585 5421 pertinet,
2628 5346 2738 5401 sive
2766 5347 3072 5416 interposita
3108 5345 3176 5398 sit
3211 5342 3276 5396 ad
3301 5357 3387 5396 re-

1816 5451 2110 5509 cedendum
2156 5444 2484 5504 necessitatis
2509 5440 2811 5506 excusatio,
2851 5439 2962 5493 sive
2988 5451 3092 5491 non
3120 5435 3219 5489 sit?
3248 5433 3386 5490 Nihil

1816 5547 1882 5602 ab
1910 5546 1999 5599 illo
2027 5542 2169 5596 aliud
2198 5543 2559 5608 exspectatum
2587 5541 2702 5596 est,
2741 5541 2897 5600 quam
2944 5527 2998 5580 id
3041 5525 3181 5596 quod
3224 5540 3386 5594 supra

1814 5640 2064 5696 diximus.
2110 5629 2570 5701 Exspectationcm
2614 5631 2788 5678 autem
2818 5633 2999 5674 eorum
3025 5617 3216 5687 quibus
3240 5617 3382 5687 jnra-

1818 5743 1921 5801 tur,
1947 5730 2183 5802 quisquis
2209 5724 2495 5795 deceperit,
2524 5735 2628 5775 non
2655 5725 2828 5788 potest
2850 5727 2968 5770 esse
2987 5727 3092 5768 non
3120 5717 3380 5785 perjurus.
