3990 6378
206 393 289 451 ιο]

205 508 415 560 riiianum
457 505 815 573 innocentem,
848 509 967 567 illos
986 522 1163 567 autem
1215 514 1477 572 violentos
1511 518 1728 573 etcalut—

194 595 396 652 mniosos
410 609 522 651 esse
536 596 805 667 judicatus
823 599 891 655 ab
914 615 979 655 eo
994 600 1333 673 imperatore,
1352 606 1417 661 ad
1441 609 1592 677 cujus
1606 624 1732 665 exa-

190 704 289 744 men
329 688 717 746 criminationes
756 706 878 747 suas
906 693 1043 749 uitro
1088 698 1388 753 accusando
1419 700 1678 756 miserunt
1713 721 1725 757 :

188 790 422 850 postremo
442 780 486 835 si
527 781 783 853 quidquid
809 783 875 839 de
902 788 1135 855 peccatis
1163 790 1519 859 quorumlibet
1548 792 1725 848 homi-

185 886 288 926 num
320 870 559 936 dixerint,
588 873 675 930 vel
714 873 959 932 humanis
998 877 1353 947 documentis,
1409 884 1493 940 vel
1533 884 1726 943 divinis

182 961 546 1032 probaverimus
568 1005 585 1030 ,
614 974 705 1019 aut
733 980 921 1022 eorum
958 968 1314 1028 innocentiam
1357 974 1503 1030 falsis
1544 978 1727 1033 crimi-

178 1052 305 1106 nibus
328 1053 609 1123 appetitam
626 1095 645 1122 ,
672 1064 764 1111 aut
785 1054 985 1114 Christi
1014 1059 1305 1118 Ecclesium
1329 1105 1344 1129 ,
1377 1066 1527 1135 cujus
1570 1082 1721 1124 com-

177 1144 379 1198 munioni
410 1143 743 1202 cohaeremus
764 1189 781 1217 ,
809 1148 971 1205 nullis
994 1165 1182 1208 eorum
1220 1153 1427 1212 delictis
1455 1172 1577 1214 esse
1622 1159 1715 1215 de-

175 1246 422 1305 structam;
450 1239 531 1294 sic
554 1238 673 1310 ejus
691 1242 969 1318 nobiscum
995 1252 1208 1302 teneant
1236 1249 1511 1319 unitatem,
1536 1262 1593 1307 ut
1613 1268 1717 1311 non

172 1327 315 1382 solum
337 1328 470 1384 viam
498 1330 687 1386 salutis
710 1333 1020 1403 inveniant,
1052 1336 1149 1393 sed
1176 1354 1276 1395 nec
1314 1339 1572 1398 honorem
1600 1345 1715 1415 epi-

170 1428 383 1491 scopatus
404 1420 671 1479 amittant.
717 1424 903 1498 Neque
931 1429 1074 1484 enim
1104 1430 1157 1486 in
1195 1432 1273 1487 eis
1300 1433 1492 1490 divinae
1528 1438 1713 1493 Sacra-

168 1521 315 1566 menta
349 1512 587 1571 veritatis
608 1556 627 1583 ,
675 1516 771 1573 sed
812 1527 1113 1575 commenta
1140 1520 1358 1579 humani
1384 1524 1715 1584 detestamur

166 1600 332 1658 erroris
360 1621 374 1657 :
401 1604 595 1675 quibus
619 1606 845 1664 sublatis
880 1608 1173 1669 fraternum
1214 1627 1400 1685 pectus
1438 1618 1715 1689 amplecti-

166 1706 281 1757 mur,
323 1694 614 1753 Christiana
657 1699 813 1755 nobis
854 1700 1115 1759 charitate
1154 1706 1528 1777 conjunctum,
1569 1711 1710 1782 quod

166 1798 280 1839 snite
301 1782 533 1843 dolemus
558 1789 895 1849 dissensione
916 1792 1178 1851 diabolica
1198 1808 1524 1868 separatum.

220 1876 266 1931 ‘5.
302 1876 494 1935 Poterit
533 1882 731 1954 quippe
764 1885 1126 1957 unusquisque
1174 1898 1437 1960 nostrum,
1490 1892 1708 1950 honoris

161 1967 241 2023 sibi
268 1970 403 2024 socio
428 1971 699 2041 copulato,
728 1974 962 2030 vicissim
989 1978 1181 2035 sedere
1198 1981 1542 2048 eminentius,
1570 1985 1708 2041 sicut

160 2060 401 2130 peregrino
417 2063 673 2133 episcopo
689 2064 840 2135 juxta
864 2068 1178 2127 considente
1207 2073 1432 2146 collega.
1456 2075 1567 2133 iioc
1583 2092 1705 2134 cum

158 2150 340 2207 alternis
373 2151 605 2209 basilicis
636 2157 881 2229 utrinque
903 2160 1233 2232 conceditur,
1265 2177 1487 2237 uterque
1528 2168 1596 2224 ab
1624 2168 1704 2224 ai-

158 2248 324 2298 tet-utro
338 2243 538 2303 honore
562 2258 745 2303 mutuo
772 2253 1126 2322 pnnvenitur;
1153 2257 1276 2326 quia
1300 2258 1386 2314 ubi
1417 2263 1703 2333 praeceptio

156 2326 390 2389 charititis
406 2334 709 2394 dilataverit
730 2341 915 2410 corda,
944 2346 1211 2414 possessio
1237 2348 1379 2417 pacis
1396 2326 1501 2405 non
1522 2326 1702 2408 iit-an-

154 2434 295 2492 gusta,
319 2434 373 2481 ut
399 2443 505 2484 uno
530 2443 716 2486 eorum
754 2432 1025 2503 defuncto,
1066 2437 1317 2510 deinceps
1337 2440 1448 2512 jam
1478 2444 1699 2515 singulis

152 2512 311 2586 singuli
348 2519 570 2589 pristino
596 2537 747 2579 more
774 2526 1065 2584 succedant
1091 2547 1104 2584 :
1139 2546 1240 2587 nec
1268 2549 1464 2589 novum
1490 2512 1691 2607 aliquid

151 2604 257 2673 fiet;
282 2622 395 2664 nam
439 2608 541 2666 hoc
581 2611 650 2668 ab
676 2614 840 2683 ipsius
883 2620 1238 2688 separationis
1258 2624 1500 2691 exordio,
1535 2604 1601 2681 in—
1617 2628 1695 2684 eis

146 2698 219 2765 qui
243 2698 476 2758 damnato
510 2703 730 2760 nefaria:
756 2705 1086 2765 discissionis
1113 2727 1297 2771 errore
1324 2717 1540 2774 unitatis
1573 2719 1693 2776 dul-

147 2786 362 2844 cedinem
386 2792 465 2848 vel
489 2809 616 2849 scro
642 2808 952 2866 sapuerunt,
975 2801 1234 2860 catholica
1267 2806 1483 2865 dilectio
1511 2820 1691 2867 custo-

144 2876 272 2933 tivit.
299 2882 398 2938 Aut
419 2883 463 2939 si
491 2882 637 2941 forte
667 2886 941 2946 christiani
970 2895 1151 2964 populi
1179 2896 1402 2969 singulis
1424 2899 1692 2958 delectan-

142 2979 211 3025 tur
229 2972 499 3046 episcopis,
527 2985 585 3032 et
613 2976 840 3036 duorum
873 2988 1224 3057 consortium,
1245 2990 1492 3048 inusitata
1510 3010 1687 3051 rerum

140 3061 248 3118 facie
272 3065 492 3125 tolerare
518 3085 627 3125 non
653 3083 897 3143 possunt,
926 3079 1134 3151 utrique
1158 3081 1226 3139 de
1263 3085 1439 3142 medio
1464 3088 1685 3145 seceda-

135 3168 245 3221 mus,
276 3166 328 3213 et
351 3158 605 3218 Ecciesiis
629 3164 682 3219 in
712 3166 933 3238 singulis
957 3169 1202 3229 damnata
1227 3177 1529 3236 schismatis
1553 3197 1682 3238 cau.

134 3261 196 3311 sa,
220 3247 265 3303 in
288 3253 484 3308 unitate
511 3254 732 3324 pacifica
751 3261 1071 3331 constitutis,
1095 3266 1163 3321 ab
1188 3266 1272 3323 his
1296 3271 1384 3341 qui
1409 3273 1600 3344 singuli
1632 3276 1683 3331 in

132 3336 354 3399 Ecciesiis
377 3345 601 3417 singulis
642 3349 1006 3421 invenientur,
1037 3358 1234 3415 unitate
1262 3359 1399 3418 facta
1437 3380 1530 3434 per
1569 3367 1681 3423 loca

130 3436 394 3491 necessaria
442 3436 637 3509 singuli
683 3444 1071 3502 constituantur
1096 3450 1349 3523 episcopi.
1378 3454 1516 3523 Quid
1540 3460 1680 3515 enim

128 3520 397 3583 dubitemus
436 3527 785 3603 Redemptori
818 3546 1003 3601 nostro
1049 3520 1365 3602 sacrificium
1396 3520 1550 3606 istius
1577 3551 1680 3609 hu-

126 3615 334 3674 militatis
362 3619 601 3678 oiTerre?
630 3640 697 3679 an
720 3641 847 3682 vero
872 3629 964 3686 ille
983 3630 1050 3687 de
1074 3635 1223 3691 caelis
1250 3638 1303 3692 in
1329 3643 1567 3699 membra
1590 3645 1679 3702 liu-

121 3720 252 3761 mana
281 3709 572 3780 descendit,
601 3725 659 3770 ut
678 3719 916 3775 membra
945 3722 1063 3793 ejus
1083 3740 1353 3797 essemus;
1385 3744 1439 3788 et
1463 3750 1580 3801 nos,
1611 3754 1679 3794 ne

120 3796 215 3867 ipsa
238 3800 344 3870 ejus
364 3804 605 3860 membra
646 3807 848 3865 crudeli
878 3810 1135 3871 divisione
1174 3817 1457 3891 iauieutur,
1489 3826 1557 3882 de
1584 3844 1675 3883 ca-

120 3887 301 3946 thedris
340 3893 667 3953 descendere
716 3899 1100 3960 formidamus?
1156 3908 1378 3983 Propter
1418 3887 1516 3972 nos
1545 3919 1677 3976 nihil

116 3979 460 4052 sufﬁcientius,
486 4002 645 4058 quam
668 3989 943 4048 christiani
967 3994 1151 4052 tideles
1180 4010 1233 4056 et
1257 3979 1567 4064 obedientés
1582 4026 1673 4065 su-

116 4084 257 4127 mus:
286 4072 385 4131 hoc
437 4092 567 4150 crgo
594 4094 809 4153 semper
836 4084 1021 4141 simus.
1051 4088 1297 4163 Episcopi
1339 4107 1517 4153 autem
1547 4117 1673 4170 pro-

117 4172 213 4229 pter
234 4167 551 4227 christianos
579 4176 807 4244 popuios
826 4178 1133 4238 ordinamur
1163 4202 1176 4238 :
1209 4188 1349 4258 quod
1373 4206 1503 4261 ergo
1528 4167 1672 4251 chri-

114 4254 273 4313 tlianis
295 4260 506 4330 papuiis
525 4262 593 4318 ad
618 4264 969 4325 christianum
999 4288 1184 4342 pacem
1211 4254 1462 4349 prodest:
1476 4283 1579 4341 hoc
1605 4286 1673 4345 de

115 4359 270 4405 nomo
297 4352 612 4424 episcopatu
659 4355 938 4417 faciamus.
984 4362 1042 4420 Si
1080 4368 1219 4423 servi
1266 4372 1419 4429 utiles
1467 4391 1668 4447 sumus,

112 4454 192 4498 cur
213 4444 419 4503 Domini
439 4451 656 4505 aeternis
674 4452 834 4509 lucris
844 4471 943 4527 pro
962 4461 1159 4516 nostris
1183 4469 1560 4536 temporalibus
1583 4489 1671 4529 su-

114 4534 434 4599 Mimitatibus
475 4543 822 4603 invidemus?
845 4549 1174 4625 Episcopalis
1194 4534 1421 4629 dignitas
1441 4566 1671 4624 fructuo-

110 4626 199 4684 sior
221 4633 373 4691 nobis
398 4637 525 4703 erit,
550 4638 596 4693 si
624 4654 838 4711 gregem
866 4642 1061 4701 Christi
1091 4626 1275 4720 magis:
1286 4652 1523 4725 deposita
1552 4663 1667 4717 coi-

76 4776 86 4789 ,
111 4716 286 4795 legerit,
318 4743 482 4799 quam
513 4740 719 4788 retenta
745 4732 1078 4806 disperserit.
1131 4716 1261 4798 Nam
1289 4716 1390 4816 qua
1415 4716 1665 4811 frontein

66 4860 83 4879 .,
110 4810 255 4871 tum
270 4819 471 4876 uinculo
497 4823 822 4894 promissum
846 4842 877 4881 a
902 4827 1116 4885 Christo
1141 4810 1472 4903 sperabimus
1498 4810 1666 4901 honos

68 4919 77 4943 ι
108 4914 221 4971 ται,
242 4908 284 4963 si
319 4908 674 4971 christianam
714 4915 770 4973 in
799 4916 901 4976 hoc
930 4923 1127 4981 saeculo
1155 4938 1337 4986 noster
1361 4929 1533 4991 honor
1562 4936 1661 4994 im-

107 4994 227 5062 Mil
246 5004 499 5062 unitatem
525 5006 599 5081 (a)
619 5010 642 5064 i
1142 5062 1145 5071 ,

160 5086 207 5144 4.
250 5088 371 5151 Haec
405 5110 690 5169 propterea
721 5103 1049 5166 Praestanlite
1076 5120 1177 5169 tute
1200 5117 1479 5176 scribenda
1504 5139 1659 5189 cura-

107 5176 272 5249 vimus,
300 5196 356 5242 ut
381 5197 439 5244 et
460 5204 560 5260 per
588 5201 643 5247 te
674 5193 1010 5256 innotescant
1037 5206 1303 5263 omnibus.
1324 5186 1658 5276 Postulamus

106 5276 153 5323 It
186 5270 235 5330 in
278 5276 543 5351 adjutorio
585 5283 799 5343 Domini
832 5290 921 5346 Dei
955 5297 1143 5364 nostri,
1188 5315 1295 5370 quo
1337 5270 1658 5370 admonente

152 5448 886 5552 mufn'ffﬂﬂfesﬂiﬂi‘
907 5475 1272 5552 Fﬂﬁiiiizizanc
1306 5490 1556 5549 θρίδιοιῦω
1588 5513 1652 5552 ex

162 5508 169 5511 ⁷
196 5508 209 5515 ⁷
289 5508 319 5519 ν
456 5521 467 5531 ι
488 5508 508 5511 ⁷
532 5508 579 5511 ’-
603 5508 751 5515 *⁷⁷⁷⁷⁷
780 5508 886 5516 “’“’””
912 5508 1036 5522 “⁴⁸¹¹ν⁵
1050 5508 1117 5525 ιιυ
1150 5508 1272 5531 ιιαιιυ
1306 5508 1556 5549 υριδωιδω

104 5508 470 5594 Mrem?"
481 5522 651 5585 δυεδίῑν
679 5539 885 5611 “Eligilt?
907 5534 1054 5611 \fng
1071 5535 1151 5587 illa
1166 5539 1472 5611 legerentur,
1498 5569 1555 5606 se
1577 5560 1651 5611 di-

104 5580 212 5611 nun
228 5581 437 5611 ειη-ιιι...
456 5584 506 5611 ί..
526 5585 593 5611 m.
634 5587 698 5611 Α..
723 5601 779 5611 ....
818 5604 889 5611 η...

104 5540 265 5582 ww
279 5540 470 5594 raucam
481 5540 651 5585 jussu,
679 5540 885 5639 emno
907 5540 1054 5584 verba
1071 5540 1151 5587 illa
1166 5540 1472 5611 legerc'nmr’
1485 5540 1556 5606 ξε
1577 5540 1650 5611 ὥς

103 5580 796 5673 mm‘ﬂ'i'ﬂfa..-
814 5599 1115 5673 ,ς’θξιίεε
1141 5610 1385 5673 εννῐιιςθε,
1419 5617 1461 5664 si
1492 5624 1650 5673 Domi-

975 5643 1080 5649 7""
1102 5643 1114 5648 ⁷
1145 5643 1163 5647 ﬁ
1181 5643 1196 5650 “
1211 5643 1298 5656 ¹“¹¹⁶”
1314 5643 1385 5669 ""9
1419 5643 1461 5664 δι
1492 5643 1647 5673 υυιιιι-

808 5652 1188 5739 ἓἮΡΞΡθαέἓθ
1208 5669 1423 5739 “nimis
1442 5687 1537 5739 est.
1556 5696 1647 5735 non

138 5696 148 5713 ο
216 5702 225 5711 '
307 5696 334 5703 ν
517 5696 529 5706 1
558 5710 567 5720 ⁸
610 5696 619 5697 ί
634 5696 677 5721 ﬂ"
705 5696 791 5724 “'.‘
818 5696 946 5705 “‘"V'
959 5696 973 5716 ‘l
992 5696 1188 5721 ὝΜΒΩΙ
1213 5696 1423 5725 VlllllUl'ls

106 5709 124 5736 ι
139 5701 719 5777 .mginmsuperinentis.
743 5723 783 5762 Si
807 5728 916 5791 cum
938 5719 1047 5791 volo
1069 5728 1288 5780 retinere
1322 5737 1647 5803 episc0patum

106 5767 278 5803 ιωιω
296 5800 307 5803 -
325 5766 554 5803 (hmani-nn
576 5786 777 5803 annnam
816 5788 827 5803 ι
849 5779 957 5803 In“...
971 5798 978 5803 .
1043 5800 1099 5803 Α--
1112 5801 1126 5803 _
1194 5802 1203 5803 κ
1230 5790 1241 5803 ι
1440 5802 1451 5803 γ

105 5767 279 5860 me
295 5766 778 5860 materiem
816 5779 999 5841 (ιινίςτί,
1037 5766 1288 5847 qius?an
1312 5766 1643 5860 ἕξδδὶτιῖιῖδξῖἔ

112 5800 278 5812 ,_____
456 5800 476 5817 κ,
524 5800 554 5817 .,
594 5800 620 5818 .,
653 5800 730 5821 -.,.

103 5826 280 5887 συθεὶς

346 5914 552 5977 Βλκρτ
589 5962 603 5975 .
650 5924 924 5985 Λυσιτετ.
970 5930 1051 5990 ιι.

1338 399 1812 458 ΕΡιετοιΑΒυΜ
1851 405 2123 468 CLASSIS
2161 410 2246 474 ill.

1956 5511 2226 5623 pauloﬁaost
2246 5527 2304 5565 su

1784 5569 1838 5633 _(
1873 5570 2110 5633 )Exstatt
2192 5582 2304 5625 non:

3326 444 3424 501 490

1845 516 1942 571 ista
1960 523 2337 592 promittimus,
2367 540 2545 602 etquo
2578 536 2858 606 adjuvantc
2893 558 2991 599 nos
3020 546 3240 621 implere
3266 570 3421 624 posse

1854 609 2192 681 confidimus,
2221 620 2379 674 etiam
2435 634 2557 681 ante
2582 629 2937 702 collationem,
2979 639 3023 693 si
3073 609 3186 697 fieri
3227 609 3419 716 poteSt,

1836 701 1998 757 corda
2017 703 2289 764 hominum
2319 713 2402 768 vel
2432 715 2659 785 infirma,
2688 724 2771 778 vel
2801 725 2953 796 dura,
2978 731 3061 800 pia
3078 732 3310 795 charitas
3327 755 3419 800 aut

1834 805 2007 863 sanet,
2036 808 2129 854 aut
2155 802 2396 868 edomet;
2447 824 2511 865 ac
2535 812 2613 867 sic
2626 813 2736 883 jam
2762 820 2991 887 pacificis
3018 830 3283 887 mentibus
3312 850 3416 893 non

1834 888 2143 948 resistamus
2171 897 2615 961 manifestissimae
2642 910 2879 978 veritati,
2907 925 2962 971 et
2997 918 3410 991 disputationem

1830 992 2067 1040 nostrain
2113 990 2197 1045 vel
2245 997 2610 1062 praecedamus
2638 1009 2943 1074 concordia,
2983 1013 3065 1068 vel
3104 1031 3411 1090 sequamur.
3459 1048 3463 1067 ι

1827 1073 2011 1146 Neque
2029 1082 2171 1138 enim
2193 1084 2478 1157 desperare
2499 1090 2776 1167 debemus,
2806 1100 2849 1154 si
2874 1104 3109 1161 recolunt
3127 1108 3309 1168 beatos
3328 1130 3411 1170 es-

1825 1182 1886 1223 se
1902 1171 2166 1240 pacificos,
2182 1180 2429 1247 quoniam
2456 1184 2551 1254 ipsi
2588 1187 2677 1242 filii
2706 1190 2793 1245 Dei
2826 1196 3149 1255 vocabuntur
3185 1202 3408 1275 (Matth.

1825 1273 1878 1324 v,
1898 1259 1986 1331 9),
2011 1265 2177 1320 multo
2197 1267 2408 1339 dignius
2426 1282 2480 1328 et
2504 1275 2711 1334 facilius
2733 1296 2825 1337 eos
2848 1286 2982 1343 velle
3000 1301 3054 1342 ut
3080 1259 3202 1360 pars
3223 1259 3409 1354 Donati

1824 1350 2076 1407 universo
2110 1357 2225 1412 orbi
2270 1363 2559 1422 christiano
2589 1375 2978 1444 reconcilietur,
3007 1397 3162 1452 quam
3192 1387 3407 1444 univer-

1822 1454 1915 1496 sus
1935 1444 2079 1499 orbis
2099 1446 2423 1509 christianos
2438 1472 2467 1510 a
2491 1470 2641 1528 parte
2664 1463 2851 1520 Donati
2871 1444 3225 1541 rebaptizetur
3246 1496 3259 1532 :
3281 1492 3405 1534 cum

1828 1536 2126 1603 praesertim
2152 1539 2219 1597 de
2246 1543 2547 1604 Maximiani
2592 1555 2851 1628 sacrilego
2880 1570 2935 1615 et
2961 1562 3209 1622 damnato
3260 1570 3405 1625 schi-

1815 1717 2148 1788 jussionibus
2187 1729 2496 1790 insectando
2527 1741 2814 1800 emendare
2840 1761 3114 1819 curarunt,
3147 1762 3288 1810 tanta
3318 1758 3403 1812 di-

1814 1808 2044 1869 lectione
2084 1820 2394 1886 quaesierint
2439 1837 2497 1882 ut
2537 1846 2636 1886 nec
2663 1832 2979 1904 baptismum
3024 1843 3092 1898 ab
3117 1846 3195 1901 eis
3219 1846 3400 1904 datum

1814 1904 2118 1963 rescindere
2154 1912 2435 1985 auderent,
2481 1931 2538 1977 et
2577 1927 2836 1994 quosdam
2867 1946 3048 1988 eorum
3097 1937 3398 2010 damnatos,

1811 1995 1927 2049 sine
1983 1996 2085 2051 ulla
2138 1999 2358 2060 honoris
2408 2024 2593 2066 eorum
2640 2014 2995 2078 diminutione
3037 2029 3395 2101 susciperent,

1808 2093 2067 2161 quosdam
2103 2109 2230 2151 vero
2260 2099 2312 2151 in
2336 2098 2478 2156 illius
2507 2103 2835 2163 discissionis
2872 2113 3123 2173 societate
3154 2120 3386 2191 impollu-

1810 2188 1892 2236 tos
1918 2183 2079 2242 fuisse
2104 2198 2402 2245 censerent.
2426 2193 2662 2258 Quorum
2694 2198 2832 2254 inter
2860 2217 2918 2258 se
2946 2210 3246 2266 concordiae
3286 2229 3392 2269 non

1808 2270 2132 2344 invidemus;
2164 2278 2259 2335 sed
2287 2296 2381 2336 eos
2410 2295 2555 2340 certe
2576 2298 2788 2357 oportet
2812 2292 3092 2353 advertere
3113 2317 3268 2370 quam
3304 2305 3388 2375 pie

1806 2372 1953 2421 tanto
1982 2368 2158 2425 studio
2195 2388 2400 2429 ramum
2423 2391 2452 2430 a
2478 2393 2536 2432 se
2562 2378 2784 2437 fractum
2816 2386 2966 2443 radix
2992 2392 3253 2450 catholica
3305 2398 3390 2454 in-

1802 2458 1985 2529 quirit,
2031 2462 2077 2517 si
2107 2478 2286 2521 ramus
2326 2468 2437 2537 ipse
2478 2472 2721 2529 similiter
2745 2491 2775 2531 a
2815 2494 2875 2534 se
2904 2498 3122 2551 parvum
3144 2486 3387 2561 fragmen

1804 2549 2029 2607 incisum
2054 2556 2133 2609 sic
2160 2557 2410 2628 colligere
2430 2560 2707 2620 laboravit.
2730 2566 2825 2640 (Et
2853 2549 2956 2626 alia
2984 2580 3159 2649 manu)
3186 2598 3199 2634 :
3221 2549 3388 2651 6pm-

1803 2658 1922 2699 mus
1954 2654 2023 2711 te,
2054 2646 2147 2713 fili,
2181 2649 2234 2704 in
2264 2650 2490 2708 Domino
2516 2654 2653 2713 bene
2678 2660 2873 2717 valere.
2904 2646 3154 2725 Aurelius
3183 2674 3387 2741 episco-

1802 2749 1901 2803 pus
1929 2734 2183 2794 Ecclesia:
2216 2742 2488 2798 catholicae
2511 2745 2864 2821 Carthagincn
2877 2756 2970 2820 sis,
3000 2757 3121 2814 huic
3140 2734 3382 2833 epistola:

1802 2823 2111 2898 subscripsi.
2137 2828 2289 2897 (Item
2316 2833 2417 2887 alia
2441 2835 2619 2910 manu)
2648 2858 2660 2892 :
2690 2839 2933 2902 Silvanus
2956 2861 3116 2905 senex
3136 2823 3384 2910 Ecclesiae

1797 2916 2129 2977 Summensis
2151 2924 2456 2997 subscripsi.

2223 3036 2546 3095 EPISTOLA
2600 3040 2818 3101 cxxnx
2842 3050 2937 3121 (a).

1796 3140 2046 3199 Catholici
2086 3150 2309 3221 episcopi
2353 3151 2593 3211 Notoria:
2622 3159 2693 3229 (b)
2741 3159 3121 3223 Donatistarum
3168 3189 3379 3243 respou-

1864 3236 2003 3303 dcnt,
2050 3239 2389 3310 signiﬁcantes
2437 3245 2738 3305 Marcellino
2766 3270 2818 3307 se
2838 3253 2941 3311 illis
2960 3260 3227 3316 concedere
3246 3236 3381 3336 quod

1864 3327 2142 3396 petierant,
2172 3341 2228 3384 ut
2268 3334 2482 3391 universi
2519 3341 2605 3409 qui
2649 3355 2884 3399 venerant
2940 3365 3113 3405 eorum
3160 3355 3381 3428 episcopi

1862 3432 2129 3491 praesentes
2154 3436 2313 3480 essent
2341 3429 2393 3483 in
2423 3446 2480 3485 eo
2510 3432 2619 3487 loco
2648 3437 2733 3489 ubi
2759 3438 3057 3496 celebranda
3082 3456 3189 3499 erat
3212 3448 3376 3502 colla-

1857 3510 1927 3565 tio
1951 3528 1969 3565 :
1990 3521 2095 3566 tum
2124 3515 2274 3571 etiam
2321 3521 2583 3577 cat/taliae
2615 3523 2862 3582 Ecclesiae
2899 3549 3104 3587 causam
3139 3542 3377 3595 adversus

1857 3620 2028 3659 eorum
2047 3607 2263 3663 sclrisma
2298 3613 2477 3667 ualidis
2497 3620 2804 3685 argumentis
2831 3623 3101 3679 vindicant.

1784 3715 2091 3773 Honorabili
2147 3738 2209 3775 ac
2260 3723 2606 3785 dilectissimo
2646 3732 2753 3788 tilio
2809 3733 2867 3788 V.
2914 3738 2976 3791 (Σ.
3019 3749 3073 3793 et
3102 3745 3375 3811 spectabili

1856 3812 2065 3869 tribuno
2107 3825 2161 3870 et
2182 3820 2388 3873 notario
2438 3820 2802 3894 Mancuuuo,
2836 3829 3132 3899 AURELIUS,
3183 3837 3371 3893 SILVA-

1854 3918 1971 3970 uos,
1999 3916 2051 3960 et
2077 3907 2311 3964 universi
2332 3913 2565 3984 episcopi
2593 3917 2857 3973 catholici.

1857 4019 1905 4069 l.
1932 4015 2152 4073 Multum
2187 4035 2285 4076 nos
2309 4023 2565 4079 sollicitos
2588 4029 2816 4085 reddidit
2836 4031 3080 4103 Notoria,
3117 4040 3196 4093 vel
3226 4043 3369 4096 litte-

1781 4120 1855 4161 ra:
1895 4105 2113 4163 fratrum
2142 4119 2465 4178 nostrorum,
2497 4130 2630 4186 quos
2650 4119 2893 4188 cupimus
2928 4123 2995 4177 ad
3040 4127 3361 4186 catholicam

1780 4212 1963 4269 pacem
1993 4215 2023 4255 a
2048 4203 2347 4273 perniciosa
2377 4206 2711 4267 dissensione
2732 4217 2994 4283 converti,
3024 4221 3164 4291 quod
3192 4224 3366 4281 edicto

1778 4287 2076 4348 Nobilitatis
2102 4302 2226 4360 tuac,
2257 4311 2363 4366 quo
2390 4298 2556 4368 ipsius
2584 4302 2960 4375 disputationis
2990 4287 3186 4371 nostra:
3214 4327 3361 4375 tran-

1780 4383 2028 4453 quillitati
2054 4386 2327 4460 quietique
2367 4394 2662 4463 providisti,
2708 4406 3018 4461 consentire
3047 4410 3362 4481 noluerunt;

1777 4489 1845 4529 ne
1883 4473 2019 4531 forte
2046 4478 2254 4535 etiamsi
2290 4497 2399 4539 non
2425 4500 2633 4558 omnes,
2664 4491 2825 4563 aliqui
2858 4504 3032 4555 tamen
3061 4518 3246 4561 eorum
3272 4523 3364 4577 per

1777 4567 2127 4626 multitudinis
2174 4576 2459 4633 tumultum
2512 4597 2609 4638 seu
2650 4588 2947 4657 strepitum,
3002 4567 3360 4666 collationem,

1775 4674 1893 4729 qua:
1924 4662 2139 4732 pacifica
2167 4675 2221 4721 et
2257 4679 2441 4737 pacata
2485 4686 2605 4730 esse
2636 4676 2810 4747 debet,
2840 4681 3148 4753 impediant.
3185 4662 3360 4762 Atque

1776 4754 1977 4810 utinam
2005 4757 2147 4826 ipsos
2173 4774 2278 4815 non
2309 4772 2578 4831 pertentet
2631 4770 2730 4826 ista
2760 4776 3028 4845 cogitatio,
3056 4790 3110 4835 et
3135 4797 3231 4837 nos
3260 4754 3359 4854 po-

1776 4845 1878 4901 tius
1908 4845 2051 4903 fallat
2091 4850 2193 4904 ista
2224 4855 2458 4924 suspicio
2483 4858 2498 4911 !
2526 4867 2582 4914 et
2618 4861 2738 4918 ideo
2766 4865 2809 4919 si
2832 4868 2994 4922 velint
3030 4886 3215 4929 omnes
3240 4891 3360 4933 esse

1774 4947 2088 5006 praesentes,
2114 4952 2171 4995 ut
2195 4956 2316 4998 cum
2345 4945 2427 5003 eis
2455 4948 2624 5006 visum
2669 4952 2845 5024 fuerit,
2875 4966 3205 5032 congregatis
3234 4967 3359 5025 illuc

1771 5031 1930 5086 etiam
1975 5032 2149 5103 nobis,
2178 5037 2339 5095 simul
2367 5041 2491 5098 inde
2518 5046 2853 5116 egrediamur
2879 5031 3170 5115 concordes
3198 5072 3357 5134 atque

1768 5125 1938 5193 pacati
1962 5167 1977 5189 ,
2034 5136 2089 5182 et
2129 5128 2465 5191 schismatica
2507 5136 2767 5195 divisione
2816 5156 3076 5215 correcta,
3125 5125 3358 5211 fraterno

1769 5215 1986 5272 unitatis
2009 5217 2208 5276 Christi
2244 5223 2455 5281 vinculo
2492 5228 2751 5300 obstricti,
2790 5238 3105 5298 mirantibus
3132 5254 3187 5301 et
3227 5263 3355 5316 gau-

1766 5309 2018 5366 dentibus
2033 5314 2289 5372 omnibus
2310 5318 2486 5387 bonis,
2505 5320 2718 5383 dolente
2733 5338 2910 5387 autem
2931 5336 3045 5389 solo
3065 5309 3276 5391 diabolo
3298 5350 3352 5394 et

1826 5446 1900 5509 (a)
1920 5449 2297 5503 Desiderabatur
2313 5456 2364 5504 in
2383 5457 2544 5510 editis.
2567 5467 2680 5521 Quae
2697 5473 2861 5516 autem
2878 5468 2968 5517 129
2983 5479 3105 5529 erat,
3124 5484 3253 5521 nunc
3268 5475 3345 5523 97.

1826 5507 1940 5579 gipta
1956 5511 2107 5579 paulo
2113 5522 2226 5579 post
2246 5519 2569 5579 superiorem.

1912 5576 2074 5638 Exstat
2095 5574 2174 5638 illa
2192 5574 2540 5631 Donatistarum
2556 5588 2742 5637 Notoria
2762 5590 2812 5638 in

3082 5594 3186 5643 ensi
3205 5594 3350 5649 colla-

1758 5630 2133 5710 tiop_eJi_,_p._tt,
2166 5649 2265 5710 qua
2303 5630 2539 5710 videlicet
2558 5630 3349 5710 Μῶἴυῗαῑοῐῦῗιῑῖῶὧνῖἓῖ

1754 5692 2073 5755 spondentes,
2100 5692 2267 5748 notum

1753 5752 2068 5806 convolantes
2092 5760 2354 5835 ingressos
2374 5752 2874 5833 i'uisseiéar'thagiuem

1753 5822 1962 5847 Inninnn
1980 5827 2029 5847 III
2054 5831 2250 5847 nnnnMM
2274 5837 2354 5847 ιο...
2378 5839 2467 5847 "A—
2478 5837 2608 5847 -..Α-Α
2656 5831 2710 5847 -.Ι
2730 5845 2737 5847 Α
2751 5845 2789 5847 _-
2903 5836 2934 5847 ιι
2991 5844 2999 5847 -
3073 5844 3082 5847 -

1748 5822 1987 5933 wing“
1980 5827 2046 5931 l‘l’;
2053 5822 2252 5874 cunctos
2272 5826 2355 5886 qui
2378 5837 2629 5887 venerant,
2653 5822 2827 5883 ad‘éssc
2845 5822 3089 5891 collaticia
3103 5822 3348 5910 saeuiat

2305 5699 2485 5781 faciunt
2520 5717 2577 5781 se
2618 5720 2681 5781 ei:
2703 5709 2911 5779 diversis
2941 5699 3115 5781 Africa;
3125 5699 3351 5781 isfieri.

2685 5981 2949 6057 {Sci/se.)
