3990 6434
615 325 722 386 ιοεν,

619 457 744 498 vera
768 441 897 507 vita,
928 440 981 494 in
1006 436 1159 509 cujus
1178 436 1573 508 comparatione
1596 435 1777 505 utique
1801 435 1901 490 ista
1926 450 2049 505 quae
2071 435 2207 489 mul-

616 545 730 591 tum
769 541 1006 598 amatur,
1043 530 1336 603 quamlibet
1366 527 1601 599 jucunda
1644 537 1803 599 atque
1832 528 2088 599 producta
2113 529 2201 595 sit,

617 641 717 682 nec
744 626 849 680 vita
890 621 1117 679 dicenda
1142 631 1225 677 est
1255 620 1371 676 :sic
1406 628 1489 675 est
1525 619 1686 675 etiam
1726 620 1971 675 solatium
1996 634 2200 684 verum,

612 719 755 791 quod
781 733 875 789 per
900 716 1211 787 prophetam
1240 713 1495 769 Dominus
1523 713 1786 784 promittit
1812 713 1997 769 dicens
2014 755 2030 781 ,
2057 711 2203 767 Dabo

613 812 692 867 illi
719 810 957 866 solatium
979 825 1170 872 verum,
1197 824 1373 879 pacem
1397 824 1549 879 super
1572 824 1745 880 pacem
1773 805 1935 873 (Isai.
1956 823 2082 873 Lvn,
2110 805 2199 874 18,

522 884 525 887 ἤ
613 905 703 971 19,
730 920 827 958 sec.
848 900 1044 973 LXX);
1077 900 1195 955 sine
1220 914 1326 971 quo
1350 901 1540 955 solatio
1565 916 1913 971 quaecumque
1934 909 2059 955 sunt
2090 908 2200 955 ter-

615 1009 747 1051 rena
769 993 986 1059 solatia,
1010 990 1178 1062 magis
1214 991 1267 1045 in
1293 991 1373 1046 eis
1400 990 1658 1048 desolatio
1677 1034 1692 1059 ,
1719 1006 1877 1062 quam
1910 990 2202 1046 consolatio

609 1085 891 1156 reperitur.
935 1082 1139 1137 Divitias:
1176 1082 1373 1153 quippe
1418 1092 1577 1154 atque
1625 1082 1828 1155 fastigia
1864 1083 2197 1153 dignitatum,

608 1185 906 1247 caeteraque
961 1174 1266 1246 hujusmodi
1312 1175 1503 1247 quibus
1543 1174 1727 1232 felices
1763 1192 1822 1232 se
1859 1192 1979 1232 esse
2016 1185 2201 1248 putant

520 1255 534 1323 ζ
604 1266 861 1323 mortales
896 1281 1037 1322 verae
1064 1266 1205 1322 illius
1232 1266 1496 1323 fclicitatis
1522 1279 1791 1339 expertes,
1818 1269 1943 1340 quid
1972 1268 2200 1325 alierum

518 1354 521 1355 ⁷
604 1359 1008 1425 consolationis,
1027 1373 1148 1414 cum
1168 1359 1239 1414 sit
1257 1359 1335 1415 eis
1356 1375 1460 1415 non
1486 1361 1502 1391 ¹
1525 1360 1764 1432 indigere
1783 1377 1939 1432 quam
1962 1362 2199 1418 eminere

603 1451 978 1522 praestantius;
1003 1466 1123 1523 quae
1145 1451 1263 1522 plus
1282 1452 1589 1507 excruciant
1606 1452 1795 1524 adepta
1820 1452 2009 1507 timore
2033 1453 2197 1507 amis-

601 1543 771 1600 sionis
789 1587 804 1611 ,
827 1559 987 1614 quam
1018 1544 1299 1615 concupita
1341 1544 1640 1616 adeptionis
1667 1545 1860 1602 ardore
1887 1548 1946 1601 "i
1984 1546 2196 1603 Talibus

599 1633 757 1690 bonis
780 1650 884 1689 non
926 1636 1058 1690 ﬁunt
1087 1634 1329 1690 homines
1356 1635 1511 1703 boui,
1536 1636 1630 1691 sed
1659 1636 1869 1692 aliunde
1894 1637 2019 1692 boni
2046 1637 2190 1705 facti,

600 1727 742 1783 bene
771 1726 967 1782 utendo
994 1726 1192 1781 faciunt
1217 1736 1273 1781 ut
1301 1727 1399 1782 ista
1438 1728 1544 1782 sint
1571 1727 1730 1782 bona.
1771 1727 1885 1783 Non
1913 1736 2037 1783 sunt
2065 1743 2194 1799 ergo

601 1818 658 1871 in
688 1817 752 1873 iis
781 1832 904 1871 vera
932 1816 1151 1883 solatia,
1176 1817 1271 1873 sed
1302 1818 1370 1871 ibi
1408 1818 1581 1887 potius
1612 1818 1699 1872 ubi
1731 1834 1851 1873 vera
1892 1819 2017 1875 vita.
2058 1820 2189 1874 Nam

602 1908 726 1965 inde
752 1924 971 1965 necesse
997 1918 1079 1965 est
1101 1921 1155 1965 ut
1178 1909 1267 1963 fiat
1297 1910 1455 1964 homo
1480 1910 1686 1977 beatus,
1715 1910 1855 1966 unde
1884 1911 1942 1965 lit
1963 1912 2149 1967 bonus.

602 2040 607 2052 .
675 2004 730 2058 4.
773 2002 1028 2058 Homines
1053 2012 1229 2058 autem
1255 2003 1378 2058 b0ni
1409 2002 1655 2058 videntur
1679 2005 1838 2060 etiam
1871 2005 1923 2059 in
1954 2004 2055 2060 hac
2078 2006 2183 2061 vita

602 2104 859 2167 praestare
886 2110 991 2149 non
1016 2111 1177 2166 parva
1208 2096 1415 2150 solatia.
1455 2094 1588 2150 Nam
1626 2096 1671 2151 si
1705 2106 1991 2168 paupertas
2018 2098 2185 2170 angit,

598 2189 644 2243 si
674 2188 845 2244 luctus
885 2189 1207 2255 maestiﬁcat,
1255 2189 1299 2243 si
1344 2187 1500 2242 dolor
1545 2190 1788 2259 corporis
1827 2190 2104 2260 inquietat,
2142 2191 2188 2246 si

597 2283 883 2337 contristat
899 2281 1166 2346 exsilium,
1190 2281 1235 2335 si
1260 2281 1363 2335 ulla
1384 2281 1657 2335 calamitas
1677 2282 1779 2336 alia
1805 2292 1978 2348 vexat,
2012 2282 2189 2338 adsint

595 2370 723 2428 boni
753 2372 995 2427 homines
1024 2372 1115 2441 qui
1146 2385 1253 2425 non
1280 2371 1449 2425 solum
1490 2370 1723 2439 gaudere
1762 2388 1882 2427 cum
1912 2373 2189 2444 gaudenti-

597 2466 719 2532 bus,
755 2480 940 2520 verum
981 2464 1138 2519 etiam
1181 2462 1311 2518 ﬂere
1348 2478 1469 2517 cum
1502 2462 1944 2535 ﬂentibus(Rom.
1972 2481 2067 2531 xu,
2092 2466 2185 2537 15)

597 2568 815 2623 norunt,
839 2567 893 2612 et
921 2556 1209 2611 salubriter
1229 2555 1425 2625 alloqui
1447 2565 1501 2610 et
1528 2555 1757 2626 colloqui
1788 2558 1994 2631 sciunt;
2020 2558 2186 2627 pluri-

599 2666 750 2707 mum
781 2650 870 2704 illa
905 2663 1097 2719 aspera
1128 2647 1416 2711 leniuntur,
1456 2647 1757 2704 relevantur
1794 2650 1994 2719 gravia,
2027 2665 2186 2722 supe-

594 2753 780 2797 rantur
826 2740 1072 2795 adversa.
1103 2737 1210 2795 Sed
1242 2739 1330 2794 ille
1360 2738 1461 2795 hoc
1502 2739 1554 2794 in
1599 2740 1677 2795 eis
1712 2749 1766 2795 et
1793 2757 1887 2812 per
1924 2757 2018 2798 eos
2054 2748 2181 2814 agit,

594 2833 685 2904 qui
711 2818 900 2902 spiritu
926 2829 1061 2887 suo'
1088 2828 1257 2885 bonos
1288 2829 1430 2885 fecit.
1462 2830 1500 2883 Ε
1529 2842 1736 2898 contra,
1764 2833 1808 2886 si
1847 2832 2044 2889 divitia:
2077 2836 2185 2890 cir-

592 2922 903 2988 cumfluant,
930 2921 1073 2976 nulla
1103 2920 1308 2976 orbitas
1328 2920 1554 2987 accidat,
1584 2922 1722 2976 adsit
1756 2924 1956 2978 sanitas
1984 2925 2181 2993 carnis,

591 3016 843 3073 incolumi
868 3014 1138 3072 habitetur
1159 3014 1212 3069 in
1235 3015 1422 3085 patria,
1448 3024 1501 3069 et
1524 3014 1829 3070 cohabitent
1854 3017 1978 3072 mali
2005 3018 2182 3073 homi-

591 3123 710 3173 nes,
758 3107 810 3161 in
842 3106 1033 3177 quibus
1077 3120 1236 3162 nemo
1278 3105 1346 3160 sit
1376 3105 1460 3161 cui
1502 3106 1633 3161 fides
1681 3106 1957 3175 habeatur,
2009 3124 2038 3163 a
2077 3125 2185 3180 quo

594 3214 700 3252 non
730 3197 903 3263 dolus,
937 3196 1101 3263 fraus,
1139 3196 1252 3260 iraa,
1296 3195 1596 3262 discordiae,
1629 3196 1833 3252 insidiae
1872 3200 2179 3269 timeantur,

595 3298 756 3359 atque
798 3287 1191 3351 sustineantur;
1224 3302 1402 3342 nonne
1432 3287 1519 3341 illa
1547 3289 1724 3342 omnia
1763 3289 1895 3343 fiunt
1918 3306 2097 3346 amara
2129 3299 2186 3346 et

593 3380 748 3446 dura,
792 3394 893 3435 nec
932 3377 1130 3448 aliquid
1159 3376 1338 3433 luctum
1368 3378 1453 3433 vel
1484 3378 1637 3433 dulce
1668 3389 1748 3433 est
1786 3381 1837 3433 in
1868 3381 1980 3436 eis?
2013 3382 2085 3436 lta
2127 3384 2180 3438 in

592 3470 914 3549 quibuslibet
957 3468 1119 3526 rebus
1147 3468 1395 3525 humanis
1438 3470 1569 3525 nihil
1599 3480 1681 3526 est
1711 3471 1908 3526 homini
1948 3474 2179 3530 amicum

590 3564 707 3619 sine
738 3562 955 3618 homine
996 3562 1186 3617 amico.
1224 3560 1329 3616 Sed
1363 3566 1783 3632 quotusquisque
1828 3562 1947 3617 talis
1973 3563 2180 3620 inveni-

590 3663 695 3725 tur,
737 3653 805 3709 de
833 3653 985 3725 cujus
1023 3653 1202 3708 animo
1248 3667 1302 3707 et
1330 3651 1567 3707 moribus
1594 3653 1662 3706 sit
1692 3653 1743 3707 in
1774 3654 1872 3709 hac
1899 3655 2002 3709 vita
2032 3664 2180 3712 certa

590 3744 885 3799 securitas?
922 3743 1055 3798 Nam
1098 3744 1235 3798 sicut
1264 3742 1363 3797 sibi
1405 3743 1633 3813 quisque
1664 3759 1819 3799 nemo
1848 3746 1986 3801 alter
2024 3747 2179 3804 alteri

590 3844 749 3891 notus
774 3843 888 3901 est;
920 3843 975 3890 et
1000 3844 1175 3890 tamen
1206 3850 1303 3890 nec
1334 3834 1432 3890 sibi
1453 3836 1675 3906 quisque
1707 3837 1791 3891 ita,
1813 3848 1969 3893 notus
1993 3849 2094 3907 est,
2124 3850 2181 3896 ut

590 3928 659 3981 sit
698 3927 765 3981 de
808 3942 901 3981 sua
942 3926 1171 3981 crastina
1211 3927 1616 3982 conversatione
1658 3944 1899 3985 securus.
1947 3931 2179 3989 Proinde

590 4018 833 4090 quamvis
856 4034 921 4074 ex
953 4017 1214 4075 fructibus
1254 4018 1364 4074 suis
1391 4020 1540 4074 multi
1570 4032 1977 4091 cognoscantur,
2007 4034 2062 4080 et
2089 4025 2178 4080 alii

588 4110 805 4181 quidem
843 4111 979 4165 bene
1007 4108 1232 4165 vivendo
1273 4110 1543 4179 proximos
1579 4111 1866 4181 lactificent,
1909 4113 1997 4167 alii
2036 4114 2178 4170 male

594 4212 823 4268 vivendo
851 4210 1200 4276 contristent;
1237 4218 1408 4264 tamen
1440 4218 1656 4280 propter
1685 4210 2036 4266 humanorum
2057 4213 2173 4266 aui-

591 4320 803 4358 tnornm
824 4304 998 4373 ignota
1030 4311 1085 4356 et
1105 4302 1325 4369 incerta,
1356 4303 1649 4357 rectissime
1680 4303 1961 4371 Apostolus
1988 4303 2176 4358 admo-

593 4404 686 4449 net
722 4402 779 4448 ut
807 4408 913 4446 non
952 4402 1073 4447 ante
1102 4400 1308 4462 tempus
1334 4392 1620 4463 quidquam
1644 4392 1962 4461 judicemus,
2005 4394 2178 4451 donec

592 4486 775 4540 veniat
802 4484 1074 4550 Dominus,
1106 4493 1158 4539 et
1184 4484 1447 4539 illuminet
1478 4484 1785 4540 abscondita
1812 4488 2171 4559 tenebrarum,

588 4585 647 4632 et
678 4574 986 4631 manifestat
1022 4575 1369 4644 cOgitationes
1410 4576 1613 4644 cordis,
1663 4585 1717 4633 et
1759 4586 1885 4633 tunc
1918 4578 2032 4635 laus
2073 4582 2176 4638 erit

591 4667 877 4737 unicuique
902 4682 932 4721 a
963 4666 1073 4721 Deo
1101 4664 1144 4738 (l
1173 4665 1291 4720 Cor.
1314 4682 1387 4732 tv,
1415 4667 1492 4739 5).

665 4763 718 4816 5.
760 4761 818 4816 ln
842 4760 905 4815 iis
930 4761 1089 4831 igitur
1116 4761 1236 4815 vitae
1263 4759 1417 4829 hujus
1445 4762 1695 4829 tenebris,
1729 4765 1780 4819 in
1807 4766 1996 4836 quibus
2027 4783 2174 4839 pere-

588 4852 870 4923 grinamur
894 4867 924 4905 a
952 4850 1196 4918 Domino,
1236 4851 1487 4920 quamdiu
1512 4868 1606 4923 per
1632 4852 1789 4910 fidem
1816 4856 2168 4928 ambulamus,

588 4958 699 4997 non
733 4958 826 5012 per
845 4942 1073 5013 speciem
1103 4940 1171 5011 (ll
1203 4940 1321 4997 Cor.
1343 4957 1397 5009 v,
1418 4942 1470 5009 6,
1497 4942 1575 5011 7),
1605 4943 1897 5001 desolatam
1925 4947 2084 5004 debet
2111 4966 2170 5006 se

587 5031 877 5087 christiana
903 5033 1075 5088 anima
1098 5041 1363 5103 reputare,
1391 5049 1457 5088 ne
1484 5033 1704 5090 desistat
1730 5052 1884 5091 orare
1913 5048 2001 5094 :et
2026 5038 2171 5095 Scri-

586 5133 862 5195 pturarum
910 5125 1202 5182 divinarum
1256 5136 1664 5198 sanctarumque
1714 5132 1947 5186 sermoni
2000 5133 2171 5191 discat

585 5230 838 5287 tanquam
859 5216 1092 5274 lucerna:
1117 5220 1169 5275 in
1196 5219 1422 5275 obscuro
1451 5219 1571 5275 loco
1600 5222 1786 5290 positae
1807 5223 1928 5279 lidei
1955 5226 2167 5283 oculum

583 5308 881 5375 intendere,
924 5308 1094 5365 donec
1133 5310 1247 5367 dies
1285 5312 1536 5379 lucescat,
1574 5323 1627 5368 et
1654 5313 1840 5371 lucifer
1877 5316 2076 5373 oriatur
2112 5320 2167 5377 in

585 5401 837 5457 cordibus
868 5402 1065 5457 nostris
1090 5402 1153 5474 (il
1180 5401 1323 5458 Petr.
1352 5421 1390 5471 ι,
1416 5404 1528 5475 l9).
1567 5404 1732 5476 Hujus
1762 5407 1903 5462 enim
1934 5408 2167 5467 lucernas

646 5535 662 5564 ¹
684 5532 1202 5608 .Appdltov..omittitur
1219 5534 1297 5584 hic
1319 5536 1551 5597 particula
1574 5552 1785 5608 negans,
1820 5555 1931 5606 quae
1974 5548 2166 5608 reperi-

581 5602 662 5661 tur
682 5594 859 5661 in’Edd.
876 5594 992 5661 aliis
1015 5595 1138 5661 etin
1162 5604 1265 5661 Mss.
1289 5594 1441 5661 prope
1462 5594 1700 5661 omnibus.

646 5655 1457 5741 i.‘3‘3°i3_9§£9ﬂ‘§i5£‘1‘f’5}_93‘?
1465 5658 1585 5741 12‘s
1604 5667 1900 5741 ,επενυςίωςς
1936 5668 2165 5741 «senm

581 5715 1058 5792 “remissae.
1081 5715 1514 5792 ςυωιιριιρίεηρειιι
1534 5724 1711 5792 ardore
1733 5715 2014 5792 adeptas;

642 5780 664 5811 ³
688 5785 795 5829 )tss.
820 5776 916 5828 duo
938 5776 1106 5844 vatio;
1127 5776 1397 5847 spiritu'suo
1412 5783 1531 5837 bona
1556 5784 1696 5837 bonos
1717 5776 1846 5853 facii.

1839 318 1894 373 ὃ.
1936 318 2299 377 AUGUSTINI
2340 320 2644 378 EPISCOPI

3774 335 3858 391 196

2310 434 2525 505 quidam
2551 436 2667 490 fons
2690 434 2972 491 ineﬂ'abilis
2990 435 3163 491 lumen
3196 435 3330 491 illud
3360 446 3471 503 est,
3499 440 3630 509 quod
3651 442 3720 497 sic
3744 443 3855 502 lucet

2312 526 2362 581 in
2404 524 2658 592 tenebris,
2700 536 2756 583 ut
2798 542 2904 582 non
2934 528 3428 598 comprehendatur
3458 543 3487 582 a
3526 531 3754 597 tenebris;
3784 540 3851 594 cui

2308 616 2576 686 videndo,
2632 617 2738 675 fide
2787 618 2950 674 corda
2995 618 3302 675 mundanda
3351 630 3476 676 sunt
3512 638 3526 675 :
3566 620 3700 678 Beati
3737 628 3850 685 enim

2306 712 2497 767 mundo
2523 712 2715 777 corde;
2742 713 2981 783 quoniam
3016 712 3116 783 ipsi
3142 710 3314 766 Deum
3337 711 3568 767 videbunt
3597 712 3788 784 (Matth.
3806 736 3849 787 ν,

2308 802 2396 877 8);
2424 814 2500 871 et,
2539 805 2743 860 Scimus
2765 806 3001 876 quoniam
3031 821 3146 859 cum
3173 805 3494 876 apparuerit,
3521 806 3694 863 similes
3712 810 3753 863 ei
3770 813 3849 867 eri-

2306 912 2438 963 mus,
2470 897 2708 967 quoniam
2734 896 3006 951 videbimus
3044 912 3159 951 eum
3182 896 3337 951 sicuti
3360 906 3437 951 est
3462 895 3507 969 (Ι
3526 897 3672 953 Joaa.
3700 916 3766 968 ιιι,
3786 903 3846 975 2).

2306 986 2455 1041 Tune
2484 987 2587 1042 erit
2617 1002 2739 1043 vera
2768 987 2872 1042 vita
2897 996 3021 1058 post
3057 997 3311 1053 mortem,
3336 1003 3619 1059 verumque
3648 994 3845 1051 solatium

2306 1087 2427 1149 post
2450 1079 2839 1136 desolationem
2868 1099 2881 1134 :
2916 1081 3003 1135 illa
3029 1082 3135 1137 vita
3159 1082 3367 1138 eximet
3401 1082 3626 1138 animam
3658 1095 3845 1143 nostram

2304 1172 2372 1228 de
2392 1182 2587 1238 morte,
2611 1181 2666 1228 et
2688 1172 2816 1229 illud
2844 1173 3094 1229 solatium
3116 1175 3305 1230 oculos
3330 1184 3546 1230 nostros
3562 1193 3589 1229 a
3617 1175 3844 1249 lacrymis;

2303 1273 2357 1320 et
2378 1265 2626 1335 quoniam
2656 1265 2727 1319 ibi
2752 1264 2862 1334 jam
2892 1280 2997 1320 non
3031 1267 3135 1322 erit
3166 1265 3273 1320 ulla
3313 1266 3552 1333 tentatio,
3580 1266 3687 1322 ideo
3707 1272 3847 1339 sequi-

2303 1365 2389 1412 tur
2424 1358 2476 1412 in
2505 1357 2696 1413 eodem
2730 1358 2957 1428 psalmo,
2999 1356 3164 1412 Pedes
3200 1374 3343 1412 meos
3379 1374 3412 1411 a
3449 1357 3611 1429 lapsu.
3647 1358 3782 1416 Porro
3808 1364 3842 1417 si

2301 1452 2446 1507 nulla
2479 1451 2723 1516 tentatio,
2750 1453 2861 1521 jam
2896 1451 3039 1507 nulla
3069 1451 3283 1506 oratio:
3310 1466 3418 1506 non
3458 1451 3595 1507 enim
3628 1452 3687 1507 ibi
3711 1453 3843 1510 adhuc

2300 1544 2402 1599 erit
2428 1544 2676 1615 promissi
2699 1544 2824 1599 boni
2850 1544 3201 1613 exspectatio,
3230 1544 3330 1598 sed
3358 1542 3548 1598 redditi
3573 1546 3840 1616 contempla-

2302 1636 2408 1699 tio;
2436 1635 2598 1699 unde,
2632 1633 2873 1700 Placebo,
2906 1636 3096 1706 inquit,
3125 1633 3353 1689 Domino
3376 1636 3433 1689 in
3457 1635 3647 1706 regione
3666 1637 3841 1692 vivorum

2301 1725 2471 1799 (Psal.
2501 1743 2646 1795 cxtv,
2684 1727 2740 1795 8,
2768 1728 2853 1797 9),
2899 1726 2992 1782 ubi
3033 1736 3160 1782 tunc
3196 1726 3428 1792 erimus,
3472 1742 3573 1782 non
3600 1726 3648 1781 in
3673 1727 3838 1784 deserto

2297 1830 2652 1887 mortuorum,
2694 1820 2785 1877 ubi
2827 1834 2971 1875 nunc
3006 1835 3211 1875 sumus.
3256 1818 3454 1874 Μονευί
3489 1821 3614 1874 enim
3641 1821 3755 1888 estis,
3786 1822 3839 1876 ait

2296 1912 2603 1982 Apostolus,
2640 1922 2688 1966 et
2711 1912 2813 1967 vita
2841 1919 3002 1967 vestra
3036 1910 3337 1966 abscondita
3367 1920 3442 1965 est
3469 1927 3576 1965 cum
3605 1909 3771 1967 Christo
3798 1913 3835 1966 in

2296 2000 2406 2057 Deo
2428 2018 2448 2057 :
2470 2019 2586 2056 cum
2610 2013 2779 2059 autem
2803 2002 3033 2059 Christus
3055 2002 3355 2075 apparuerit
3383 2004 3484 2056 vita
3506 2012 3673 2067 vestra,
3691 2012 3786 2056 tunc
3801 2014 3835 2056 tt

2296 2112 2384 2151 vos
2422 2096 2730 2167 apparebitis
2758 2112 2874 2150 cum
2907 2095 3018 2167 ipso
3059 2098 3114 2149 in
3152 2095 3325 2166 gloria
3353 2093 3566 2167 (Coloss.
3605 2109 3675 2159 ιη,
3705 2094 3750 2160 3,
3774 2094 3829 2163 l).

2295 2186 2420 2253 Haec
2446 2196 2529 2243 est
2549 2188 2693 2243 enim
2722 2202 2849 2243 vera
2864 2188 2992 2255 vita,
3021 2202 3180 2258 quam
3197 2187 3459 2257 jubentur
3481 2185 3623 2240 bonis
3639 2183 3832 2255 aperibus

2294 2278 2699 2349 apprehendere
2720 2279 2916 2335 divites
2941 2298 2952 2332 :
2977 2290 3033 2335 et
3064 2279 3135 2334 ibi
3167 2287 3255 2334 est
3280 2292 3471 2334 verum
3495 2276 3830 2347 solatium;th

2293 2370 2484 2425 solatio
2516 2386 2654 2425 nunc
2678 2370 2833 2427 vidua
2855 2370 3115 2437 desolata,
3139 2370 3305 2425 etiam
3328 2383 3447 2439 quae
3476 2367 3607 2422 ﬁlios
3635 2376 3684 2422 et
3704 2379 3826 2436 nepo-

2295 2471 2376 2519 tes
2398 2462 2576 2532 habet,
2605 2474 2661 2521 et
2681 2464 2896 2519 domum
2922 2478 3075 2519 suam
3099 2464 3183 2534 pie
3214 2470 3430 2529 tractat,
3453 2476 3608 2532 agens
3624 2474 3727 2516 cum
3742 2473 3825 2513 om-

2294 2553 2450 2609 nibus
2478 2554 2590 2609 suis
2615 2563 2676 2609 ut
2703 2564 2900 2624 ponant
2938 2555 2989 2609 in
3027 2554 3137 2610 Deo
3166 2568 3323 2625 spem
3351 2567 3521 2618 suam,
3554 2550 3671 2605 dicit
3692 2559 3825 2603 tamen

2294 2644 2348 2700 in
2375 2646 2639 2712 oratione,
2673 2645 2841 2703 Sitivit
2874 2646 2962 2701 tibi
2987 2648 3159 2701 anima
3190 2663 3307 2701 mea
3331 2662 3350 2701 :
3374 2662 3522 2717 quam
3550 2642 3826 2715 multipliciter

2294 2736 2381 2789 tibi
2413 2746 2460 2790 et
2488 2753 2607 2791 cara
2641 2753 2770 2803 mea,
2812 2737 2867 2791 in
2904 2747 3038 2792 terra
3072 2737 3295 2802 deserta,
3338 2746 3385 2791 et
3421 2737 3525 2790 sine
3558 2736 3649 2802 via,
3682 2742 3720 2788 et
3747 2732 3824 2786 sint

2292 2844 2422 2898 aqua
2451 2828 2619 2900 (Psal.
2645 2844 2777 2897 uti,
2807 2828 2863 2897 2,
2888 2830 2974 2901 5);
3002 2829 3144 2901 quod
3174 2838 3261 2885 est
3290 2829 3391 2885 ista
3420 2826 3705 2884 moribunda
3731 2826 3821 2890 vita,

2290 2918 2618 2989 quibuslibet
2646 2920 2962 2976 mortalibus
2989 2920 3193 2975 solatiis
3220 2921 3597 2991 frequentatur.
3618 2914 3817 2989 quibusli-

2292 3008 2383 3064 bet
2415 3010 2789 3067 itinerantibus
2822 3012 3125 3081 comitetur,
3165 3011 3499 3083 quantalibet
3525 3024 3683 3066 rerum
3709 3006 3818 3075 copi:

2290 3103 2609 3158 cumulatur.
2639 3103 2785 3159 Nosti
2807 3105 3003 3175 quippe
3022 3104 3119 3159 ista
3140 3104 3325 3159 omnia
3342 3118 3496 3176 quam
3517 3102 3693 3156 incerta
3712 3099 3813 3153 sint:

2290 3203 2344 3250 et
2369 3195 2420 3248 iu
2448 3195 2587 3251 illius
2614 3196 2894 3267 promissae
2919 3195 3185 3252 felicitatis
3213 3196 3607 3267 comparatione
3632 3188 3735 3263 quid
3755 3202 3815 3245 es-

2290 3300 2430 3357 sent,
2460 3292 2669 3348 etiamsi
2695 3293 2897 3349 incerta
2920 3308 3029 3348 non
3058 3292 3283 3348 essent?

2360 3384 2414 3438 ti.
2458 3384 2582 3440 llaec
2618 3384 2755 3450 dixi,
2783 3385 3038 3455 quoniam
3067 3399 3378 3440 sermonem
3417 3397 3586 3439 meum
3610 3379 3735 3434 vidua
3756 3375 3813 3430 di-

2287 3488 2382 3530 ves
2420 3484 2475 3530 et
2508 3475 2723 3542 nobilis,
2764 3484 2821 3532 et
2855 3484 3015 3531 tantae
3054 3474 3275 3530 familiae
3320 3483 3505 3541 mater,
3534 3470 3597 3527 de
3628 3468 3811 3525 oratione

2287 3566 2546 3636 quaesisti,
2581 3576 2636 3620 ut
2670 3567 2831 3621 etiam
2864 3577 3039 3622 tecum
3085 3565 3139 3620 in
3178 3565 3284 3622 hac
3314 3566 3418 3620 vita
3449 3558 3809 3634 permanentith

2287 3665 2342 3712 et
2376 3658 2792 3729 obscquentibus
2816 3659 2941 3725 tuis,
2986 3669 3037 3714 te
3069 3658 3273 3714 sentias
3299 3656 3601 3721 desolatam,
3630 3649 3805 3709 nondum

2288 3750 2468 3819 utique
2503 3749 2834 3820 apprehensa
2863 3751 2949 3805 illa
2980 3751 3105 3818 vita,
3130 3751 3220 3807 ubi
3251 3759 3336 3807 est
3362 3762 3539 3805 verum
3566 3754 3807 3810 certumque

2286 3840 2554 3909 solatium,
2605 3842 2695 3897 ubi
2741 3842 3047 3914 implebitur
3074 3842 3217 3913 quod
3264 3844 3318 3897 in
3366 3838 3625 3913 prophetia
3656 3834 3802 3892 dictum

2285 3943 2368 3990 est
2397 3952 2409 3988 :
2441 3934 2630 3990 Satiati
2663 3952 2839 3990 sumus
2868 3951 3015 3989 mane
3042 3936 3391 3991 misericordia
3417 3944 3535 3998 tua;
3572 3940 3613 3986 et
3635 3924 3800 3983 assultu-

2284 4029 2446 4083 vimus
2464 4030 2793 4100 etjucundati
2817 4046 2989 4084 sumus
3013 4030 3067 4084 in
3092 4030 3328 4084 omnibus
3353 4026 3518 4083 diebus
3540 4021 3711 4079 nostris.
3730 4014 3800 4069 ll-

2285 4119 2493 4175 cundati
2520 4138 2691 4177 sumus
2715 4138 2806 4194 pro
2840 4122 3012 4176 diebus
3054 4121 3232 4192 quibus
3262 4138 3355 4177 nos
3396 4115 3666 4179 humiliasti,
3696 4109 3801 4163 annis

2284 4218 2461 4285 quibus
2480 4217 2696 4271 vidimus
2725 4217 2862 4270 mala
2886 4213 3061 4286 (Psal.
3091 4230 3333 4283 Lxxnx,
3359 4215 3443 4281 14,
3475 4211 3577 4283 l5).

2355 4307 2583 4364 CAPUT
2604 4306 2689 4361 lll.
2714 4338 2783 4347 —
2804 4308 2857 4361 7.
2884 4307 3185 4377 Antequam
3208 4321 3337 4378 ergo
3354 4306 3449 4360 ista
3465 4298 3719 4357 consolatio
3732 4304 3795 4345 ve—
3892 4364 3895 4373 Ι

2284 4397 2417 4465 niat,
2454 4409 2881 4470 quantacumque
2924 4398 3295 4468 temporalium
3336 4397 3581 4452 bonorum
3608 4384 3796 4443 felicitate

2284 4490 2643 4559 circumﬂuas,
2673 4500 2732 4545 ut
2761 4489 3017 4561 persistas
3052 4489 3106 4544 in
3129 4488 3457 4545 orationibus
3483 4483 3564 4540 die
3587 4497 3639 4535 ac
3664 4482 3793 4533 nocte.
3886 4516 3890 4542 ;

2283 4583 2575 4639 desolatam
2617 4592 2668 4638 te
2702 4597 2823 4639 esse
2866 4583 3192 4639 memineris.
3241 4583 3358 4639 Non
3400 4580 3534 4637 enim
3574 4568 3792 4646 Apostolus

2283 4675 2654 4746 qualicumque
2681 4674 2851 4731 vidua:
2872 4675 2975 4731 hoc
3003 4690 3195 4732 munus
3217 4675 3433 4733 tribuit:
3460 4670 3558 4728 Sed
3574 4680 3669 4739 qua:
3697 4675 3790 4719 vat.

2281 4768 2474 4838 inquit,
2523 4769 2675 4823 vidua
2712 4778 2785 4824 est
2820 4779 2867 4823 et
2914 4770 3158 4837 desolata,
3202 4770 3419 4842 speravit
3453 4768 3501 4820 in
3535 4758 3731 4821 Domino,
3758 4760 3789 4803 (ί

2285 4860 2501 4930 persistit
2533 4860 2587 4915 in
2634 4860 2947 4916 orationibus
2992 4862 3074 4915 die
3109 4878 3169 4915 ac
3203 4872 3364 4917 nocte.
3412 4854 3553 4925 Ωιιοά
3587 4856 3788 4944 Ver?

2281 4953 2492 5024 quitur,
2546 4953 2948 5024 vigilantissime
2989 4968 3119 5010 cave
3142 4996 3157 5023 ,
3212 4954 3341 5020 Quae
3364 4960 3534 5005 autem
3567 4946 3612 4999 in
3644 4937 3785 5035 deliciis

2281 5045 2406 5116 0951,
2450 5047 2616 5100 vivens
2655 5056 2854 5101 mortua
2892 5055 2966 5102 est
3004 5046 3049 5114 (ι
3088 5045 3219 5101 Tim.
3265 5063 3316 5113 v,
3361 5046 3412 5112 5,
3454 5034 3652 5113 6):agit
3681 5034 3783 5123 cata)

2281 5136 2446 5192 homo
2479 5138 2532 5192 in
2561 5138 2625 5193 iis
2651 5153 2769 5208 quae
2792 5137 2983 5208 diligit,
3005 5152 3124 5208 qua:
3152 5153 3248 5209 pro
3274 5148 3458 5205 magno
3480 5125 3779 5215 θνρείίβξῖηῗ

2280 5230 2381 5287 bus
2419 5231 2636 5287 beatum
2676 5246 2736 5287 se
2778 5245 2898 5288 esse
2939 5231 3127 5287 credit.
3167 5230 3490 5301 Quapropter
3527 5214 3648 5291 quod

2279 5330 2435 5394 plura
2471 5322 2605 5378 dixit
2631 5322 2699 5379 de
2718 5322 2937 5388 divitiis,
2965 5321 3170 5377 Divitiae
3196 5323 3240 5377 si
3259 5322 3473 5394 afﬂuant,
3500 5329 3556 5368 ne

2281 5431 2369 5471 cor
2402 5414 2574 5489 (Psal.
2610 5432 2716 5481 ιιι,
2765 5416 2881 5485 ll),
2914 5415 3017 5471 hoc
3052 5415 3212 5471 etiam
3248 5415 3315 5473 de
3347 5409 3536 5469 deliciis
3564 5400 3639 5458 tibi
3663 5395 3773 5449 dico:

2280 5508 2497 5564 Deliciae
2532 5508 2577 5562 si
2612 5506 2851 5573 amuant,
2878 5522 2948 5562 ne
2972 5521 3209 5578 apponas
3232 5523 3344 5563 cor.
3370 5502 3477 5559 Non
3505 5495 3608 5553 ideo
3632 5498 3674 5544 te
3694 5493 3774 5537 ma-

2277 5600 2593 5675 gnipendas,
2624 5599 2765 5671 quod
2789 5614 2893 5655 non
2915 5598 3126 5666 desunt,
3156 5600 3300 5671 quod
3322 5595 3502 5654 allatim
3531 5579 3772 5677 50????"ij

2277 5668 2424 5766 quod
2475 5668 2737 5747 velut—ex
2784 5691 2928 5745 fonte
2972 5668 3271 5762 largissime
3322 5697 3528 5744 terrenae
3572 5668 3774 5729 felicitati!

2281 5765 2473 5843 fluunt.
2505 5784 2730 5858 “mnino
2772 5783 2883 5839 haec
2928 5784 2978 5841 in
3017 5792 3067 5841 te
3106 5783 3317 5855 despice
3354 5789 3497 5848 atque
3534 5765 3771 5824 contemne.

3928 5764 3931 5811 ἲ

3912 5870 3927 5959 έ

3838 6040 3932 6326 J
