3990 6382
196 404 282 469 497
1299 406 1702 466 EPISTOLARI

1820 405 2092 464 CLASSIS
2132 409 2217 466 lll.

181 543 260 591 nec
271 527 315 587 iu
332 530 389 587 iis
404 530 678 601 quidquam
702 528 939 599 requiras
960 534 1152 597 printer
1187 526 1442 594 integram
1469 522 1707 592 corporis

178 625 502 684 valetudinem.
546 621 669 676 ιιωο
699 621 841 675 enim
886 616 1273 674 contemnenda
1322 632 1425 669 non
1458 624 1541 671 est
1582 630 1705 684 pro-

171 732 263 793 pter
285 714 591 773 necessarios
621 727 749 767 usus
772 712 911 775 vitae,
936 720 1220 780 antequam
1248 709 1472 763 mortale
1499 712 1600 763 hoc
1631 709 1707 762 in-

169 817 324 868 duatur
350 805 735 861 immortalitate
765 802 783 873 (
806 803 824 856 Ι
853 800 973 857 Cor.
1000 818 1095 867 xv,
1120 800 1245 872 54);
1271 799 1372 855 hoc
1397 809 1479 854 est
1505 815 1628 854 vera
1656 810 1708 855 et

168 901 356 974 perlecta
396 909 445 952 et
474 906 726 965 perpetua
767 894 1012 957 sanitate,
1041 908 1160 963 qua:
1195 907 1299 947 non
1338 901 1547 947 terrena
1579 891 1709 947 deli-

168 994 282 1049 cieus
315 988 628 1053 inﬁrmitate,
664 986 991 1055 corruptibili
1018 984 1291 1053 voluptate
1318 984 1573 1051 reﬁcitur,
1612 984 1707 1040 sed

164 1084 329 1142 etetesti
354 1081 595 1137 ﬁrmitate
630 1080 944 1150 persistens,
973 1088 1172 1135 mterna
1203 1079 1599 1148 incorruptione
1618 1094 1710 1134 ve-

158 1185 348 1248 ptatur.
378 1172 504 1228 Nam
525 1181 577 1227 et
601 1172 715 1241 ipse
744 1171 1055 1240 Apostolus,
1083 1169 1284 1237 Carnis,
1320 1172 1505 1241 inquit,
1537 1174 1706 1243 provi-

162 1270 343 1323 dentiam
365 1283 425 1319 ne
447 1265 666 1335 feceritis
697 1264 750 1317 in
780 1262 1195 1333 concupiscentiis
1230 1263 1404 1331 (Rom.
1438 1280 1552 1328 xm,
1586 1266 1704 1333 H);

160 1363 257 1433 quia
280 1360 501 1432 gerimus
524 1372 708 1413 curam
736 1354 935 1422 carnis,
959 1354 1050 1410 sed
1082 1355 1147 1411 ad
1172 1356 1541 1411 necessitatem
1568 1357 1711 1410 salu-

161 1461 233 1508 tis.
280 1449 431 1505 Nemo
472 1448 610 1504 enim
662 1463 883 1517 unquam
928 1464 1129 1501 carnem
1183 1464 1327 1501 suam
1378 1447 1495 1500 odio
1537 1447 1710 1501 habuit

159 1544 292 1615 (Eph.
328 1558 375 1607 v,
405 1541 523 1611 29),
556 1542 696 1595 sicut
732 1540 913 1595 itidem
956 1539 1068 1609 ipse
1096 1537 1242 1593 dicit.
1284 1538 1417 1593 Hinc
1456 1547 1538 1594 est
1565 1540 1706 1594 enim

157 1637 273 1710 quod
296 1646 343 1692 et
367 1634 730 1699 Timotheum,
766 1632 1010 1697 nimium,
1039 1632 1174 1686 sicut
1200 1640 1438 1701 apparet,
1468 1632 1709 1701 corporis

155 1729 489 1799 castigatorem
518 1725 773 1780 admonet
802 1731 857 1778 ut
879 1722 1089 1779 modico
1116 1721 1241 1777 vino
1271 1730 1468 1805 utatur,
1493 1734 1709 1793 propter

157 1819 449 1877 stomachum
460 1826 515 1874 et
528 1817 833 1887 frequentes
842 1829 967 1871 suas
978 1814 1309 1870 inﬁrmitates
1323 1813 1365 1885 (Ι
1376 1814 1510 1869 Tim.
1524 1831 1579 1880 v,
1592 1815 1705 1887 23).

214 1911 260 1967 8.
296 1911 394 1966 llas
422 1925 550 1981 ergo
588 1908 829 1973 delicias,
859 1909 912 1962 in
943 1908 1134 1978 quibus
1170 1906 1327 1961 vidua
1364 1906 1409 1960 si
1447 1906 1576 1976 agit,
1607 1905 1708 1961 hoc

158 2012 243 2068 est,
260 2003 301 2059 si
316 2000 662 2058 delectatione
687 1998 894 2055 eordis’
921 1997 1259 2068 baeretatque
1281 1997 1500 2059 habitat.
1524 1997 1707 2052 vivens

159 2103 331 2149 mortua
353 2102 451 2158 est,
484 2090 636 2146 multi
663 2090 835 2146 sancti
863 2098 917 2145 et
934 2097 1135 2144 sanctae
1158 2088 1304 2143 omni
1326 2088 1485 2143 modo
1513 2104 1708 2143 caven-

160 2195 237 2251 tes,
258 2185 387 2257 ipsas
407 2184 549 2239 velut
571 2191 769 2239 matres
788 2181 1098 2239 deliciarum
1124 2180 1334 2235 divitias
1354 2180 1708 2251 dispergendo

158 2278 437 2349 pauperibus
456 2276 788 2346 abjecerunt,
815 2284 870 2331 et
890 2275 978 2330 tali
1005 2274 1164 2330 modo
1186 2274 1238 2329 in
1264 2274 1569 2330 cmlestibus
1588 2275 1705 2330 tlte-

159 2370 304 2424 sauris
328 2369 485 2424 tutius
513 2367 885 2423 condiderunt.
914 2365 1067 2434 Quod
1096 2366 1142 2422 si
1175 2375 1228 2420 tu
1257 2366 1499 2421 devincta
1528 2367 1707 2435 aliquo

156 2462 332 2532 pietatis
354 2460 532 2517 ofﬁcio
557 2475 662 2515 non
692 2458 845 2525 facis,
869 2470 922 2514 ιιι
952 2460 1057 2514 scis
1082 2475 1240 2530 quam
1264 2458 1330 2514 de
1357 2461 1422 2514 iis
1446 2460 1705 2515 rationem

154 2556 314 2613 reddas
343 2558 467 2612 Deo.
498 2554 668 2611 Nemo
708 2554 850 2609 enim
877 2554 978 2609 scit
1003 2553 1129 2625 quid
1165 2564 1349 2624 agatur
1387 2554 1437 2607 in
1466 2553 1703 2619 homine,

156 2648 234 2703 nisi
248 2648 450 2721 spiritus
471 2646 705 2701 hominis
728 2646 817 2716 qui
848 2645 901 2699 iu
924 2647 1039 2715 ipso
1058 2653 1143 2700 est
1168 2644 1210 2714 (l
1230 2642 1348 2699 Cor.
1376 2661 1430 2707 ιι,
1464 2644 1574 2715 Η).
1600 2643 1707 2699 Nos

153 2756 242 2796 non
265 2739 504 2795 debemus
536 2746 666 2793 ante
703 2746 913 2808 tempus
936 2736 1224 2807 quidquam
1245 2736 1503 2805 judicare,
1535 2735 1708 2791 donec

153 2830 311 2886 veniat
342 2830 613 2893 Dominus,
655 2828 745 2899 qui
781 2836 833 2883 et
872 2826 1188 2883 illuminabit
1218 2826 1525 2882 abscondita
1561 2838 1709 2883 tene-

150 2921 356 2987 brarum,
389 2932 439 2978 et
466 2920 828 2977 manifestabit
864 2919 1215 2989 cogitationes
1254 2918 1453 2986 cordis,
1492 2929 1545 2974 et
1580 2928 1707 2975 tunc

150 3012 247 3067 laus
284 3013 381 3068 erit
409 3013 693 3082 unicuique
731 3026 762 3065 a
792 3011 901 3067 Deo
932 3009 1091 3082 (Ibid.
1134 3026 1209 3078 tv,
1240 3010 1318 3080 5).
1363 3010 1597 3065 Pertinet
1629 3021 1708 3065 ta-

150 3118 253 3159 men
279 3104 340 3159 ad
364 3104 627 3159 vidualem
662 3118 844 3159 curam
874 3111 1041 3167 tuam,
1069 3102 1271 3157 delicia:
1298 3102 1342 3156 si
1366 3100 1604 3163 afﬁuant,
1638 3119 1706 3159 ne

146 3207 355 3265 apponas
392 3211 509 3259 cor,
554 3210 623 3249 ne
662 3195 715 3250 in
754 3195 834 3251 eis
872 3193 1226 3264 putrescendo
1266 3193 1524 3247 moriatur
1562 3194 1704 3264 quod

145 3298 328 3339 sursum
358 3300 477 3342 esse
497 3285 657 3342 debet
681 3286 914 3340 utvivat.
952 3284 1027 3341 Te
1052 3284 1104 3339 in
1127 3284 1336 3340 illorum
1364 3299 1587 3340 numero
1611 3284 1705 3341 de-

143 3384 319 3444 putato,
341 3377 406 3432 de
434 3377 627 3448 quibus
647 3376 902 3447 scriptum
922 3384 1005 3432 est
1034 3394 1046 3429 :
1079 3375 1255 3430 Vivent
1278 3375 1432 3429 corda
1456 3392 1628 3430 eorum
1651 3378 1705 3431 in

139 3469 352 3522 iaculum
370 3470 546 3524 seaculi
568 3468 741 3541 (Psal.
761 3484 879 3536 ut,
907 3468 1020 3539 27).

198 3556 406 3614 CAPUT
438 3557 529 3613 IV.
557 3588 629 3598 —
650 3558 704 3614 9.
746 3558 953 3614 Audiin
982 3558 1155 3629 qualis
1174 3561 1195 3590 ³
1226 3575 1369 3625 ores,
1408 3577 1549 3616 nunc
1578 3562 1701 3616 audi

139 3658 182 3703 ct
202 3650 320 3720 quid
344 3665 485 3717 ores,
515 3651 657 3706 unde
685 3667 772 3706 me
795 3652 1025 3706 maxime
1060 3653 1449 3708 consulendum
1478 3656 1698 3726 putasti,

135 3744 360 3811 quoniam
390 3754 441 3801 te
467 3752 746 3816 permovet
784 3744 925 3815 quod
961 3745 1036 3799 ait
1064 3745 1370 3814 Apostolus,
1408 3749 1543 3813 Quid
1570 3751 1701 3804 enim

132 3847 331 3897 oremus,
370 3835 498 3887 sicut
532 3842 728 3904 oportet
774 3835 1021 3889 nescimus
1047 3834 1219 3905 (Rom.
1248 3852 1362 3902 vm,
1392 3836 1518 3907 26);
1556 3848 1611 3894 et
1638 3841 1701 3895 ti-

131 3926 297 3980 muisti
334 3943 398 3982 ne
432 3927 603 3999 magis
632 3927 723 3983 tibi
765 3928 925 3992 obsit,
957 3943 1062 3982 non
1104 3929 1243 3983 sicut
1277 3940 1486 3999 Oportet
1522 3948 1697 3999 orare,

130 4031 271 4086 quam
303 4033 401 4073 nou
428 4034 604 4073 orare.
634 4017 785 4085 Quod
807 4019 985 4090 itaque
1010 4018 1112 4074 dici
1144 4020 1373 4076 breviter
1393 4032 1583 4090 potest,
1606 4039 1698 4079 ora

128 4108 324 4165 beatam
355 4112 516 4165 vitam
541 4128 556 4165 :
586 4112 724 4167 hane
742 4112 883 4166 enim
908 4111 1105 4168 habere
1124 4128 1311 4168 omnes
1336 4115 1578 4172 homines
1603 4133 1695 4173 vo-

131 4200 262 4268 lunt;
314 4218 430 4257 nam
471 4210 528 4257 et
570 4202 661 4274 qui
703 4203 933 4273 pessime
976 4213 1032 4259 et
1070 4205 1277 4274 perdite
1307 4206 1507 4271 vivunt,
1552 4208 1700 4263 nullo

130 4294 271 4349 modo
302 4294 368 4350 ita
394 4296 655 4360 viverent,
685 4295 786 4350 nisi
807 4295 994 4350 eodem
1026 4297 1184 4351 modo
1205 4314 1263 4352 se
1286 4313 1405 4353 esse
1430 4300 1511 4354 vel
1542 4316 1699 4370 posse

130 4384 229 4440 ﬁeri
250 4386 431 4442 beatos
461 4394 727 4456 putarent.
751 4386 887 4455 Quid
911 4402 1038 4457 ergo
1059 4388 1200 4442 aliud
1222 4398 1429 4458 oportet
1451 4401 1501 4445 te
1521 4407 1695 4455 orare,

128 4478 212 4531 nisi
228 4480 276 4533 id
301 4479 444 4550 quod
472 4479 695 4549 cupiunt
722 4493 773 4535 et
793 4480 919 4534 mali
950 4490 1003 4535 et
1031 4480 1175 4547 boni,
1199 4482 1291 4535 sed
1321 4482 1385 4535 ad
1415 4484 1553 4553 quod
1579 4500 1698 4554 per-

128 4573 324 4627 veniunt
357 4589 462 4627 non
495 4572 599 4626 nisi
622 4574 784 4627 boni?

183 4663 403 4720 CAPUT
436 4662 501 4717 V.
531 4693 602 4703 —
623 4663 709 4718 10.
748 4664 843 4720 llic
868 4664 1095 4720 fortasse
1118 4665 1226 4734 jam
1248 4683 1453 4735 qua-ras
1478 4671 1602 4739 quid
1629 4672 1697 4725 sit

122 4754 220 4826 ipsa
257 4756 410 4814 beata
437 4759 567 4811 vita.
602 4756 656 4811 In
688 4772 789 4827 qua
816 4758 1110 4829 quaestione
1147 4758 1431 4814 multorum
1464 4762 1697 4831 philoso-

120 4846 329 4912 phorum
356 4848 568 4917 ingenia
593 4847 806 4917 otiaque
831 4847 1057 4901 contrita
1088 4856 1229 4914 sunt,
1259 4849 1345 4919 qui
1378 4859 1550 4904 tamen
1578 4868 1695 4907 eam

120 4948 249 4995 tanto
281 4942 462 4996 minus
500 4940 743 4996 invenire
783 4948 1092 5012 potuerunt,
1129 4949 1326 5011 quanto
1368 4942 1543 4997 minus
1579 4944 1696 5014 ejus

118 5028 303 5088 fontem
326 5034 748 5097 ltouoraverunt,
770 5033 925 5103 eique
944 5033 1139 5103 gratias
1160 5047 1263 5087 non
1282 5044 1519 5104 egerunt.
1540 5035 1695 5090 Prius

118 5119 279 5193 itaque
312 5122 559 5186 attende,
585 5131 761 5177 utrum
800 5121 1243 5194 acquiescendum
1287 5125 1356 5179 sit
1380 5126 1457 5180 eis
1491 5127 1579 5198 qui
1614 5128 1695 5183 di-

115 5226 231 5271 cunt
255 5233 380 5273 eum
420 5217 637 5273 beatum
668 5231 788 5272 esse
818 5217 905 5287 qui
937 5216 1225 5271 secundum
1268 5233 1416 5273 suam
1447 5220 1571 5275 vivit
1598 5238 1692 5274 v0-

116 5307 381 5366 luntatem.
421 5307 532 5365 Sed
560 5310 709 5380 :absit
748 5317 806 5363 ut
843 5308 945 5363 hoc
982 5325 1161 5363 verum
1206 5326 1327 5366 csse
1371 5314 1687 5369 credamus:

114 5401 225 5471 quid
254 5402 298 5458 si
325 5402 471 5459 enim
503 5401 752 5472 nequiter
769 5401 893 5455 velit
918 5401 1126 5455 vivere?
1154 5400 1337 5456 Nonne
1361 5411 1506 5459 tanto
1534 5405 1693 5460 mise-

116 5494 212 5547 rior
238 5510 362 5550 esse
402 5492 758 5558 convincitur,
804 5500 1003 5563 quanto
1042 5492 1245 5547 facilius
1291 5494 1427 5547 mala
1452 5494 1565 5564 ejus
1594 5512 1689 5550 vu-

166 5676 181 5705 ⁸
206 5679 273 5724 Ita
292 5680 404 5724 uss.
429 5670 589 5721 Gallic.
617 5678 673 5722 At
688 5672 834 5721 vatic.
861 5678 1092 5726 quatuor:
1114 5670 1225 5722 siin
1240 5669 1491 5722 dilectione
1508 5673 1689 5726 cordis.

111 5733 192 5806 alii
212 5736 346 5786 vane
366 5748 385 5806 ξ
413 5734 462 5785 si
502 5731 756 5784 dilectione
779 5731 957 5785 cordis.
982 5732 1095 5782 add.
1139 5746 1256 5783 vero
1284 5747 1295 5781 :
1323 5732 1370 5781 Si
1401 5732 1451 5783 iu
1482 5733 1687 5786 delectw

109 5801 516 5917 “ecumbe,
542 5855 759 5921 Qualiter.
791 5856 873 5908 Alii
899 5857 1010 5907 Fdd.
1035 5865 1085 5907 et
1106 5864 1235 5917 Mss,
1260 5856 1429 5920 qualis.

3302 432 3406 488 ως

1815 525 1990 578 luntas
2035 525 2317 595 impletur?
2360 530 2543 587 Merito
2575 536 2711 592 hanc
2750 543 3068 597 sententiam
3110 545 3267 602 etiam
3306 549 3406 619 ipsi

1813 615 1900 685 qui
1928 616 2043 670 sine
2066 618 2207 672 cultu
2234 621 2324 675 Dei
2359 623 2709 694 philosophati
2740 641 2882 699 sunt,
2908 649 3244 705 respuerant.
3271 615 3405 698 Nam

1813 709 2027 780 quidam
2067 727 2252 767 eorum
2299 716 2379 769 vir
2419 718 2885 788 eloquentissimus
2929 728 3039 782 ait:
3070 729 3201 786 Ecce
3236 745 3405 790 autem

1812 802 1903 856 alii
1941 820 2039 856 non
2066 804 2358 875 philosophi
2381 810 2601 878 quidem,
2642 814 2731 868 sed
2760 819 2979 888 prompti
3009 830 3173 877 tamen
3196 824 3265 877 ad
3290 825 3402 880 dis-

1816 895 2118 963 putandum,
2161 913 2335 952 omnes
2368 900 2529 953 aiunt
2553 918 2658 957 esse
2687 905 2853 961 beatos
2889 910 2975 977 qui
3010 912 3175 967 vivunt
3215 925 3268 968 ut
3305 916 3403 988 ipsi

1812 984 1985 1038 velint.
2015 985 2231 1042 Falsum
2256 990 2310 1043 id
2334 992 2570 1061 quidem:
2594 994 2720 1050 velle
2744 998 2875 1051 enim
2901 1002 3036 1070 quod
3078 1020 3178 1057 non
3208 984 3401 1072 deceat,

1813 1077 1946 1131 idem
1969 1080 2136 1150 ipsum
2158 1083 2489 1139 miserrimum
2508 1103 2527 1150 ;
2553 1098 2766 1144 nectam
2794 1094 3027 1148 miserum
3057 1106 3130 1151 est
3157 1115 3257 1153 non
3289 1102 3405 1155 adi-

1814 1170 1942 1239 pisci
1969 1174 2104 1240 quod
2132 1174 2271 1239 velis,
2313 1192 2463 1244 quam
2487 1179 2702 1249 adipisci
2737 1183 2860 1238 velle
2887 1185 3022 1254 quod
3046 1205 3145 1243 non
3173 1202 3405 1260 oporteat

1818 1260 2031 1333 (Cicero,
2074 1265 2126 1318 in
2162 1264 2475 1339 Ilortensio).
2523 1269 2661 1337 Quid
2698 1272 2790 1327 tibi
2830 1275 3073 1331 videtur?
3100 1278 3215 1335 hzec
3241 1282 3403 1338 verba

1815 1367 1991 1408 nonne
2033 1354 2101 1408 ab
2129 1354 2240 1424 ipsa
2272 1359 2491 1413 veritate
2520 1377 2614 1429 per
2637 1364 2928 1432 quemlibet
2962 1368 3229 1426 hominem
3260 1373 3401 1429 dicta

1814 1445 1974 1497 sunt?
2013 1444 2301 1502 Possumus
2342 1463 2470 1519 ergo
2501 1449 2588 1506 hic
2615 1452 2793 1509 dicere
2827 1458 2966 1526 quod
3003 1459 3289 1530 Apostolus
3324 1467 3401 1521 ait
3494 1484 3501 1492 '

1812 1532 1881 1588 de
1906 1535 2133 1604 quodam
2159 1540 2414 1607 propheta
2438 1541 2703 1611 Cretensi,
2736 1560 2856 1600 cum
2886 1548 3001 1618 ejus
3032 1551 3107 1606 illi
3136 1558 3400 1612 sententia
3501 1536 3507 1567 ’

1813 1626 2096 1695 placuisset
2122 1647 2133 1684 ε
2161 1629 2519 1687 Testimonium
2546 1635 2640 1690 hoc
2665 1653 2837 1693 verum
2861 1652 2931 1695 est
2955 1641 3081 1714 (Tit.
3106 1661 3143 1710 ι,
3178 1647 3291 1718 l5).

1887 1720 1970 1773 11.
1990 1721 2079 1776 Ille
2111 1723 2269 1792 igitur
2290 1724 2474 1783 beatus
2498 1738 2601 1794 est,
2630 1732 2717 1801 qui
2744 1735 2921 1789 omnia
2948 1752 3065 1806 qua:
3087 1740 3198 1794 vult
3218 1740 3400 1808 habet,

1816 1829 1913 1869 nec
1939 1816 2135 1887 aliquid
2158 1819 2269 1873 vult
2292 1821 2431 1890 quod
2460 1838 2564 1877 non
2587 1823 2757 1879 decet.
2788 1826 2937 1892 Quod
2969 1830 3012 1883 si
3044 1831 3113 1886 ita
3144 1845 3245 1900 est,
3279 1834 3400 1891 vide

1807 1905 1917 1974 jam
1955 1924 2072 1978 qua!
2119 1909 2361 1966 homines
2402 1929 2507 1968 non
2550 1915 2855 1972 indecenter
2882 1920 3065 1975 velint.
3110 1923 3259 1980 Alius
3291 1927 3403 1981 vult

1811 1999 2105 2070 conjugari,
2129 2002 2264 2056 alius
2293 2004 2538 2074 conjugio
2564 2007 2805 2063 viduatus
2835 2010 3087 2082 deinceps
3117 2018 3399 2073 continen-

1814 2097 1893 2143 ter
1921 2091 2060 2161 eligit
2085 2093 2281 2159 vivere,
2320 2095 2456 2150 alius
2478 2097 2678 2153 nullum
2706 2100 3041 2157 concubitum
3072 2121 3168 2160 nec
3195 2106 3245 2160 in
3272 2108 3400 2178 ipsis

1813 2182 2011 2251 nuptiis
2035 2185 2283 2252 experiri.
2318 2185 2383 2240 Et
2411 2187 2454 2240 si
2480 2188 2618 2243 aliud
2645 2190 2728 2245 hic
2763 2192 2867 2247 alio
2896 2194 3083 2250 melius
3113 2200 3396 2268 reperitur,

1812 2272 2016 2327 nullum
2060 2283 2233 2330 tamen
2279 2275 2500 2331 istorum
2552 2294 2835 2349 possumus
2874 2283 3052 2341 dicere
3092 2286 3399 2346 indecenter

1810 2362 2007 2433 aliquid
2034 2366 2209 2421 velle:
2254 2367 2331 2422 sic
2366 2378 2418 2423 et
2450 2380 2632 2439 optare
2663 2372 2821 2441 ﬁlios,
2868 2377 3168 2446 nuptiarum
3195 2382 3400 2439 scilicet

1809 2452 2061 2521 fructum,
2090 2464 2145 2511 et
2172 2458 2251 2512 eis
2271 2460 2359 2528 qui
2386 2462 2617 2531 suscepti
2649 2461 2844 2520 fuerint
2875 2467 3035 2522 vitam
3061 2484 3123 2524 ac
3148 2472 3395 2540 salutem,

1809 2560 1915 2615 quo
1954 2555 2077 2601 voto
2108 2548 2421 2621 plerumque
2450 2563 2741 2622 occupatur
2770 2557 2929 2613 etiam
2965 2563 3285 2619 continentia
3315 2566 3398 2620 vi-

1809 2634 2010 2702 dualis;
2036 2654 2155 2692 nam
2179 2641 2275 2694 etsi
2298 2652 2479 2711 spreto
2500 2644 2747 2716 conjugio
2757 2648 2865 2717 jam
2896 2666 2999 2705 non
3029 2662 3214 2722 optant
3235 2657 3397 2713 etiam

1812 2727 1948 2783 tilios
1980 2745 2279 2799 procreare,
2303 2743 2487 2803 optant
2513 2744 2688 2792 tamen
2716 2754 2848 2808 quos
2878 2757 3291 2811 procreaverunt
3318 2749 3399 2803 in—

1809 2820 2048 2877 columes
2080 2823 2281 2878 vivere.
2314 2826 2395 2880 Ab
2422 2827 2521 2882 hac
2560 2833 2702 2884 omni
2740 2847 2865 2887 cura
2899 2834 3151 2894 immunis
3179 2849 3264 2896 est
3289 2842 3397 2897 vir-

1808 2909 1998 2981 ginalis
2042 2912 2336 2983 integritas.
2380 2917 2589 2974 Habent
2628 2930 2802 2977 tamen
2852 2939 3037 2982 omnes
3076 2928 3287 2997 charos,
3341 2943 3398 2988 et

1809 3002 2018 3067 cltaras,
2048 3004 2240 3075 quibus
2266 3022 2371 3061 non
2405 3008 2709 3066 indecenter
2736 3023 2922 3083 optant
2950 3018 3109 3072 etiam
3137 3028 3396 3092 tempora-

1808 3094 1913 3148 lem
1942 3096 2191 3151 salutem.
2222 3098 2326 3154 Sed
2353 3116 2472 3155 cum
2506 3103 2658 3157 istam
2689 3105 2913 3162 salutem
2953 3110 3005 3163 in
3033 3110 3222 3181 seipsis
3260 3124 3314 3168 et
3339 3115 3395 3170 in

1808 3184 1886 3240 eis
1912 3202 2046 3257 quos
2073 3188 2491 3262 diliguntadepti
2522 3194 2765 3251 homines
2789 3197 3002 3264 fuerint,
3035 3218 3162 3258 num
3194 3207 3393 3274 poteri-

1807 3291 1927 3331 mus
1945 3293 2040 3333 eos
2053 3278 2232 3336 dicere
2248 3282 2357 3350 jam
2389 3283 2611 3340 beatos?
2632 3286 2839 3343 llabent
2857 3292 2999 3346 enim
3028 3293 3227 3365 aliquid
3251 3298 3395 3368 quod

1806 3384 1912 3425 non
1958 3370 2181 3429 dedecet
2220 3376 2390 3442 velle;
2434 3379 2527 3434 sed
2575 3379 2616 3433 si
2662 3381 2762 3435 alia
2810 3399 2914 3439 non
2962 3385 3157 3443 habent
3194 3391 3393 3462 majora

1806 3470 1965 3533 atque
1994 3466 2215 3521 meliora
2245 3475 2299 3521 et
2324 3469 2564 3525 utilitatis
2590 3471 2909 3544 decorisque
2938 3477 3192 3546 pleniora,
3219 3481 3395 3540 adhuc

1805 3569 1837 3609 tt
1865 3554 2020 3612 beata
2048 3560 2151 3613 vita
2180 3560 2335 3630 longe
2362 3562 2572 3617 absunt.
2789 3605 2793 3609 η

1875 3648 2219 3704 ϐΑΡυΤινῙ.
2239 3680 2309 3691 ——
2340 3652 2425 3707 12.
2451 3653 2700 3711 Placetne
2731 3657 2887 3727 igitur
2910 3668 2969 3715 ut
2986 3675 3146 3733 super
3166 3664 3391 3722 salutem

1807 3740 1959 3794 istam
1993 3744 2336 3812 temporalem
2366 3755 2549 3813 optent
2578 3748 2679 3802 sibi
2710 3763 2773 3803 ac
2800 3751 2907 3807 suis
2947 3751 3177 3811 honores
3213 3766 3267 3812 et
3295 3773 3395 3827 po-

1806 3833 2061 3887 testates"
2087 3833 2225 3889 Sane
2244 3878 2259 3903 ,
2288 3836 2331 3890 si
2364 3845 2420 3890 ut
2444 3852 2539 3907 per
2564 3838 2664 3893 hoc
2688 3842 2966 3898 consulant
2991 3844 3069 3899 eis
3098 3847 3188 3919 qui
3213 3850 3396 3906 vivunt

1804 3923 1903 3977 sub
1945 3924 2053 3988 eis,
2100 3940 2208 3979 non
2255 3936 2469 3996 propter
2514 3927 2628 3984 haec
2667 3930 2809 3999 ipsa,
2858 3933 2951 3988 sed
2993 3945 3210 4005 propter
3250 3938 3395 3993 aliud

1802 4013 1941 4082 quod
1971 4013 2092 4068 inde
2116 4015 2174 4068 lit
2199 4016 2415 4082 bonum,
2444 4018 2599 4072 decet
2623 4034 2684 4072 ea
2712 4021 2847 4076 velle
2875 4039 2886 4073 :
2916 4023 2957 4076 si
2979 4034 3154 4079 autem
3177 4036 3396 4097 propter

1804 4103 2013 4157 inanem
2056 4104 2245 4159 fastum
2280 4108 2523 4161 elationis
2551 4124 2907 4181 pompamque
2944 4113 3262 4182 superﬂuam
3310 4117 3394 4171 vel

1803 4195 1961 4249 etiam
1990 4197 2199 4250 noxiam
2229 4198 2493 4261 vanitatis,
2523 4214 2628 4252 non
2656 4199 2827 4254 decet.
2857 4200 3114 4267 Quocirca
3139 4204 3185 4259 si
3206 4214 3394 4276 optant

1803 4285 1904 4339 sibi
1930 4302 1993 4340 ac
2019 4287 2128 4341 suis
2154 4289 2311 4342 etiam
2340 4290 2708 4345 sufﬁcientiam
2739 4307 2915 4348 rerum
2942 4298 3388 4367 necessariarum,

1801 4377 1869 4433 de
1913 4395 2015 4449 qua
2063 4380 2139 4435 sic
2186 4382 2471 4449 Apostolus
2517 4383 2782 4454 loquitur,
2826 4385 2920 4441 Est
2960 4396 3127 4443 autem
3169 4402 3391 4462 quwslus

1802 4486 2014 4541 magnus
2043 4472 2199 4540 pietas
2226 4490 2339 4527 cum
2368 4475 2678 4544 suﬁ’icientia.
2716 4474 2866 4530 Nihil
2890 4480 3020 4532 enim
3048 4480 3308 4537 intulimus
3338 4484 3391 4538 in

1803 4562 1935 4617 hunc
1964 4565 2236 4633 mundum,
2264 4566 2353 4620 sed
2378 4583 2468 4620 nec
2493 4570 2694 4638 auferre
2721 4568 2837 4623 hinc
2866 4570 3059 4640 aliquid
3088 4589 3350 4643 possumus
3372 4592 3391 4629 :

1800 4656 1979 4708 victum
2004 4666 2050 4708 et
2078 4665 2410 4728 tegumentum
2429 4657 2682 4725 habentes,
2711 4659 2789 4713 his
2809 4662 3025 4715 contenti
3042 4664 3217 4717 simus.
3248 4662 3388 4717 Nam

1799 4748 1882 4818 qui
1904 4749 2073 4802 volunt
2092 4749 2265 4803 divites
2284 4750 2415 4817 ﬁeri,
2433 4750 2660 4805 incidunt
2679 4753 2730 4805 in
2749 4754 3067 4807 tentationem
3086 4765 3134 4807 et
3152 4756 3386 4825 laqueum

1799 4849 1847 4893 et
1870 4840 2117 4893 desideria
2142 4841 2302 4894 ntulta
2326 4842 2481 4895 stulta
2509 4853 2556 4896 et
2580 4845 2751 4909 noxia,
2783 4861 2897 4915 qua
2914 4854 3139 4916 mergunt
3158 4847 3386 4903 homines

1795 4931 1850 4985 in
1880 4932 2134 4984 interitum
2161 4942 2208 4985 et
2234 4932 2578 5003 perditionem.
2618 4936 2785 4990 Radix
2808 4937 2938 4989 enim
2967 4938 3189 4992 onmium
3218 4941 3384 4994 malo-
3440 4968 3449 5007 ι

1798 5039 1912 5075 rum
1936 5033 2007 5078 est
2035 5025 2283 5089 avaritia;
2312 5042 2461 5095 quam
2500 5027 2703 5095 quidam
2743 5036 3027 5096 appetentes
3055 5046 3086 5081 α
3114 5030 3216 5098 ﬁde
3240 5048 3381 5086 erra-
3442 5014 3445 5021 λ

1798 5124 2007 5181 verunt,
2050 5125 2097 5170 et
2130 5116 2446 5171 inseruerunt
2484 5135 2536 5172 se
2560 5118 2813 5172 doloribus
2841 5121 3011 5175 multis
3042 5121 3094 5190 (Ι
3134 5122 3266 5179 Tint.
3312 5143 3384 5193 vt,

1799 5207 1958 5276 6-10)
1992 5224 2006 5260 :
2040 5207 2175 5263 hanc
2207 5224 2335 5279 ergo
2378 5209 2745 5264 sufﬁcientiam
2776 5227 2881 5266 non
2914 5212 3224 5271 indecenter
3251 5219 3381 5283 vult,

1796 5299 2035 5370 quisquis
2064 5300 2207 5366 vult,
2239 5315 2339 5356 nec
2367 5303 2595 5372 amplius
2620 5302 2764 5369 vult;
2806 5304 3039 5375 alioquin
3077 5323 3181 5362 non
3212 5308 3381 5377 ipsam

1796 5392 1933 5458 vult,
1965 5400 2020 5446 et
2045 5392 2165 5448 ideo
2190 5408 2289 5448 nec
2317 5386 2568 5448 decenter
2598 5394 2725 5448 vult.
2761 5393 2908 5450 Hane
2934 5396 3151 5468 aptabat
3191 5405 3247 5452 et
3285 5412 3383 5467 pro

1799 5482 1897 5539 hac
1934 5484 2116 5540 orabat
2158 5483 2246 5554 qui
2287 5484 2497 5540 dicebat
2539 5502 2551 5537 :
2596 5484 2810 5541 Divitias
2846 5497 2894 5541 et
2935 5495 3281 5558 paupertatem
3319 5505 3383 5543 ne

1796 5576 1993 5630 dederis
2022 5578 2178 5639 mihi;
2208 5578 2451 5631 constitue
2476 5589 2643 5631 autem
2673 5580 2794 5633 mihi
2821 5595 2932 5649 qua:
2957 5580 3238 5634 necessaria
3265 5590 3382 5636 sunt

1795 5669 2111 5739 suﬂicienter,
2138 5679 2276 5723 utne
2293 5669 2503 5724 satiatus
2525 5669 2741 5724 mendas:
2758 5670 2958 5739 eﬁiciar,
2981 5678 3028 5723 et
3047 5670 3229 5738 dicam,
3256 5672 3383 5738 Quis

1796 5781 1874 5818 me
1897 5765 2070 5818 uidet?
2107 5772 2193 5817 aut
2234 5780 2428 5834 pauper
2462 5769 2624 5835 factus
2652 5768 2818 5835 furer,
2849 5772 2895 5818 et
2918 5764 3172 5836 perjurem
3199 5782 3381 5822 nomen

1798 5856 1893 5912 Dei
1923 5857 2020 5911 mei
2052 5854 2229 5929 (Prov.
2260 5872 2396 5919 xxx,
2425 5860 2477 5922 8,
2501 5858 2578 5926 9).
2613 5855 2770 5913 Vides
2789 5865 2935 5915 certe
2970 5864 3023 5916 et
3050 5858 3202 5919 istam
3233 5858 3381 5920 sufﬁ-
