3990 6456
663 599 910 656 cientiam
954 610 1060 653 non
1104 592 1279 667 appeti
1323 597 1540 661 propter
1584 587 1811 659 seipsam
1838 628 1852 652 ,
1900 582 1992 638 sed
2044 590 2257 653 propter

664 693 888 746 salutem
918 688 1193 756 corporis,
1234 693 1287 738 et
1324 690 1701 753 congruentem
1749 678 1982 731 habitum
2017 690 2259 745 persona:

664 783 931 845 hominis,
972 795 1076 849 quo
1120 776 1298 833 habitu
1344 790 1447 829 non
1495 774 1563 829 sit
1608 772 1986 827 inconveniens
2027 770 2104 824 eis
2135 784 2256 833 cum

662 876 858 947 quibus
887 874 1108 933 honeste
1142 870 1488 936 ofﬁcioseque
1517 866 1798 925 vivendum
1829 874 1929 920 est.

736 968 824 1023 13.
866 965 921 1021 In
955 965 1034 1023 his
1064 964 1239 1033 itaque
1277 961 1524 1023 omnibus
1564 960 1896 1015 incolumitas
1934 956 2165 1017 hominis
2203 965 2258 1014 et

661 1059 891 1113 amicitia
925 1066 1141 1130 propter
1178 1056 1349 1125 seipsa
1382 1063 1735 1125 appetuntur;
1779 1052 2096 1108 sufficientia
2128 1066 2255 1107 vero

659 1167 836 1206 rerum
877 1150 1298 1207 necessariarum
1342 1164 1444 1207 non
1474 1155 1689 1219 propter
1713 1147 1940 1216 seipsam
1962 1186 1976 1207 ,
2009 1146 2100 1201 sed
2130 1160 2254 1214 pro.

656 1251 777 1314 pter
802 1242 911 1297 duo
940 1241 1213 1313 superiora
1245 1241 1407 1311 qiuari
1440 1239 1598 1309 solet,
1630 1255 1751 1294 cum
1777 1238 2033 1293 decenter
2060 1235 2257 1309 quzeri-

660 1343 765 1390 tur.
814 1333 1154 1391 Incolumitas
1186 1348 1344 1402 porro
1372 1331 1421 1385 in
1456 1332 1565 1401 ipsa
1595 1331 1731 1396 vita,
1762 1345 1824 1384 ac
1850 1331 2020 1393 salute
2040 1370 2054 1392 ,
2094 1340 2253 1399 atque

658 1424 965 1495 integritate
995 1423 1154 1483 animi
1186 1432 1241 1477 et
1267 1421 1507 1491 corporis
1543 1422 1827 1479 constituta
1870 1429 1971 1481 est.
2014 1420 2252 1496 itemque

659 1517 895 1571 amicitia
923 1531 1028 1569 non
1058 1513 1295 1585 angustis
1332 1514 1519 1571 linibus
1547 1513 1877 1571 terminanda
1906 1521 1990 1570 est
2020 1532 2032 1566 :
2064 1530 2252 1577 ournes

656 1610 799 1663 enim
840 1609 1034 1678 quibus
1071 1623 1223 1669 amor
1266 1616 1319 1669 et
1357 1606 1571 1665 dilectio
1598 1606 1856 1673 debetur,
1888 1606 2243 1676 amplectitur,

654 1703 897 1771 quamvis
928 1702 978 1761 iu
1005 1703 1140 1757 alios
1168 1703 1516 1771 propensius,
1558 1702 1612 1758 iu
1650 1703 1786 1761 alios
1824 1704 2134 1773 suspensius
2164 1704 2245 1758 in-

652 1793 915 1856 elinetur;
945 1794 1185 1865 pervenit
1207 1802 1385 1849 autem
1415 1809 1581 1863 usque
1604 1794 1669 1851 ad
1701 1794 1941 1853 inimicos
1960 1837 1975 1861 ,
2007 1810 2101 1869 pro
2128 1795 2247 1866 qui-

653 1885 753 1945 bus
781 1883 942 1941 etiam
972 1900 1129 1940 orare
1165 1886 1519 1954 pra'cipimur.
1558 1886 1626 1945 Ita
1668 1903 1825 1945 nemo
1863 1897 1945 1945 cet
1975 1887 2024 1941 in
2052 1902 2247 1957 genere

653 1975 886 2033 humano
905 1975 991 2031 cui
1014 1990 1117 2035 non
1139 1975 1373 2047 dilectio,
1394 1978 1491 2033 etsi
1516 1994 1620 2035 non
1649 1994 1743 2049 pro
1764 1989 1941 2035 mutua
1965 1979 2241 2047 charitate,

649 2081 747 2141 pro
778 2066 890 2136 ipsa
921 2076 1101 2125 tamen
1129 2071 1430 2127 connnunis
1456 2080 1658 2130 natura:
1684 2072 1935 2131 societate
1964 2071 2240 2131 debeatur.

720 2158 950 2228 CAPUT
967 2160 1258 2219 Vll.-—-Sed
1284 2162 1315 2215 ii
1336 2179 1431 2216 nos
1450 2162 1671 2218 multum
1688 2163 1937 2237 justeque
1955 2165 2239 2231 delectant,

648 2267 680 2307 a
708 2254 902 2324 quibus
926 2253 1157 2312 vicissim
1188 2264 1372 2313 sancte
1395 2264 1649 2324 casteque
1673 2255 1959 2327 diligimur.
1993 2255 2094 2312 Ista
2120 2273 2239 2321 cum

648 2341 945 2413 habentur,
977 2353 1031 2399 ιιι
1060 2353 1373 2411 teneantur,
1414 2360 1539 2400 cum
1582 2355 1761 2409 autem
1806 2362 1911 2407 non
1955 2348 2238 2417 habentur,

647 2443 710 2488 ut
735 2434 1048 2504 habeantur,
1071 2438 1331 2500 orandum
1352 2446 1455 2507 est.

726 2533 813 2588 ιι.
844 2530 1075 2595 Hoccine
1096 2541 1290 2597 totum,
1309 2542 1363 2588 et
1384 2532 1497 2591 luec
1517 2542 1641 2591 sunt
1661 2535 1836 2599 omnia
1859 2536 2053 2607 quibus
2072 2536 2241 2603 beatae

648 2642 854 2687 summa
881 2626 1005 2689 vitae
1029 2626 1335 2696 colligitur?
1362 2642 1429 2685 an
1460 2627 1659 2697 aliquid
1687 2628 1828 2683 aliud
1862 2631 2055 2685 veritas
2083 2631 2239 2696 dooet

643 2717 789 2787 quod
812 2715 895 2777 his
914 2717 1163 2777 manibus
1186 2716 1533 2787 prmi‘emtur?
1555 2719 1687 2785 Nam
1714 2730 1768 2776 et
1789 2722 1873 2779 illa
1900 2722 2235 2787 sufﬁcientia.

643 2815 700 2871 et
726 2808 835 2877 ipsa
866 2808 1223 2877 inminmitas,
1253 2810 1334 2871 vel
1364 2812 1577 2881 propria
1604 2813 1685 2873 vel
1714 2815 2024 2878 amicorum,
2052 2832 2234 2886 quam-

642 2898 733 2961 diu
762 2902 1073 2970 temporalis
1098 2909 1213 2966 est,
1257 2916 1353 2971 pro
1393 2911 1610 2969 :etorntc
1642 2905 1765 2965 vitae
1791 2905 2079 2974 adeptione
2105 2908 2240 2979 abji—

643 2990 834 3051 eienda
870 2998 955 3055 est
981 3008 996 3049 ι
1024 3006 1326 3061 quanquam
1357 2991 1581 3057 fortasse
1608 3009 1804 3066 (ιωριιε
1823 3036 1839 3063 ,
1866 2997 2074 3059 animus
2108 3015 2237 3063 vero

643 3084 790 3145 nullo
815 3084 978 3143 modo
1000 3100 1169 3152 saan
1196 3087 1582 3151 existimandus
1619 3098 1703 3147 est
1721 3131 1737 3157 ,
1778 3090 1867 3160 qui
1895 3106 2003 3149 non
2031 3099 2235 3163 iunpo-

640 3175 844 3239 ralibus
881 3183 1083 3241 aeterna
1127 3179 1420 3247 praeponit;
1470 3195 1647 3251 neque
1692 3182 1835 3245 enim
1887 3183 1938 3239 in
1994 3193 2235 3255 tempore

640 3270 840 3331 ιιιιιιωι
864 3270 1079 3335 vivitur.
1109 3271 1211 3331 nisi
1236 3272 1302 3333 ad
1327 3274 1743 3342 octuparandum
1769 3276 2016 3338 meritum
2044 3294 2154 3349 quo
2178 3280 2234 3337 in

639 3362 941 3425 ειθιιιίιιιιο
970 3363 1194 3423 vivatur.
1236 3362 1319 3425 Ad
1360 3364 1504 3427 illam
1542 3379 1671 3436 ergo
1704 3380 1863 3421 uuam
1895 3368 2054 3430 vitam
2074 3410 2091 3433 ,
2125 3385 2231 3439 qua

637 3470 760 3518 eum
794 3455 905 3523 Deo
940 3466 995 3512 et
1027 3455 1098 3512 de
1138 3457 1247 3515 Deo
1285 3456 1510 3521 vivitur,
1551 3466 1746 3521 castera
1788 3475 1910 3529 quae
1953 3461 2154 3525 utiliter
2176 3470 2235 3526 et

637 3549 891 3605 decenter
922 3558 1206 3620 optantur,
1236 3550 1351 3605 sine
1385 3550 1546 3611 dubio
1573 3550 1854 3615 referenda
1891 3562 2037 3619 sunt.
2080 3554 2137 3616 In
2163 3570 2231 3619 eo

636 3640 836 3711 quippe
861 3645 1220 3712 nosmetipsos
1241 3642 1542 3712 diligimus,
1574 3646 1617 3703 si
1650 3645 1813 3705 Deum
1836 3644 2110 3715 diligimus
2136 3665 2149 3701 :
2177 3656 2231 3703 et

637 3747 703 3789 ex
729 3732 836 3789 alio
862 3744 1133 3803 praeepto
1158 3735 1434 3805 proximos
1468 3749 1684 3796 ιιοειτυδ
1709 3738 1846 3797 sicut
1873 3740 2231 3807 iiosmetipsns

638 3822 710 3880 ita
740 3836 865 3878 vero
888 3822 1175 3890 diligimus,
1208 3824 1253 3882 si
1276 3840 1370 3881 eos
1396 3826 1465 3881 ad
1494 3827 1582 3887 Dei
1613 3828 1839 3883 similem
1865 3828 2225 3895 dilectionem,

636 3922 892 3982 quantum
924 3912 980 3970 in
1006 3914 1159 3973 uoltis
1187 3925 1301 3982 ost,
1331 3917 1699 3987 perducamus.
1732 3920 1897 3981 Deum
1930 3922 2088 3992 igitur
2110 3922 2229 3977 dili-

634 4007 808 4078 gimus
836 4017 1053 4079 propter
1079 4009 1343 4077 seipsum,
1391 4019 1447 4068 et
1492 4025 1591 4071 nos
1616 4027 1681 4068 ae
1709 4012 1980 4081 proximos
2011 4022 2227 4084 propter

626 4099 806 4171 ipsum
833 4115 849 4156 ι
881 4116 979 4156 nec
1006 4115 1128 4156 eum
1154 4101 1228 4159 ita
1254 4102 1514 4170 vivimus,
1552 4103 1662 4173 iam
1706 4119 1804 4163 nos
1845 4106 1897 4159 in
1932 4104 2041 4174 ipsa
2068 4105 2224 4168 beata

630 4194 735 4248 vita
761 4194 1080 4249 constitutos
1103 4196 1473 4252 existimemus
1493 4236 1510 4262 ,
1537 4199 1693 4265 quasi
1737 4197 1865 4255 nihil
1894 4198 1965 4253 sit
1994 4199 2224 4268 amplius

629 4286 772 4356 quod
792 4302 1029 4342 oremus.
1058 4288 1337 4353 Quomodo
1358 4291 1501 4345 enim
1521 4288 1630 4357 iam
1658 4290 1811 4345 beate
1832 4289 2074 4353 vivimus.
2096 4305 2222 4351 cum

629 4376 759 4432 illud
787 4377 958 4433 adhuc
985 4378 1158 4443 desit,
1188 4391 1406 4451 propter
1433 4382 1575 4449 quod
1603 4398 1765 4439 unum
1799 4383 1932 4439 bene
1960 4385 2222 4441 vivimus?

705 4465 930 4524 CAPUT
964 4468 1295 4525 VIIIa-r15.
1327 4470 1525 4540 thuid
1546 4488 1674 4542 ergo
1698 4490 1793 4542 per
1818 4475 1979 4530 multa
2004 4476 2221 4545 disper-

629 4559 830 4630 gimur,
859 4570 912 4623 et
938 4561 1228 4631 quaerimus
1257 4562 1382 4631 quid
1424 4579 1676 4629 oremus,
1710 4566 1956 4623 timentes
1989 4586 2055 4623 ne
2083 4568 2221 4627 forte

629 4651 766 4706 sicut
795 4668 897 4707 non
925 4662 1134 4724 oportet
1157 4668 1397 4717 oremus,
1428 4670 1495 4710 ae
1523 4672 1627 4711 non
1654 4658 1831 4728 potius
1859 4674 1978 4713 cum
2007 4659 2219 4717 Psalmo

625 4746 854 4805 dicimus
887 4766 901 4802 :
934 4745 1104 4803 lim
1149 4749 1267 4818 petii
1304 4766 1337 4803 η
1364 4748 1618 4815 Domino,
1662 4751 1792 4813 lim
1828 4754 2123 4822 requiram;
2163 4764 2219 4809 ut

628 4837 843 4892 habitent
868 4837 926 4897 in
955 4836 1107 4892 domo
1134 4836 1343 4899 Domini
1367 4857 1538 4897 omnes
1560 4841 1669 4898 diu
1692 4843 1807 4898 vit:
1832 4860 1989 4909 mete;
2020 4855 2073 4900 ut
2098 4862 2218 4905 can-

626 4931 838 5000 tompler
878 4930 1262 4986 delectationem
1305 4930 1437 4999 Dei,
1466 4944 1532 4987 -οι
1583 4934 1775 4991 vilitati
1818 4936 2059 5005 templum
2109 4939 2217 5007 duo

628 5019 798 5090 (Psal.
826 5037 979 5089 xxvi,
1003 5022 1097 5094 4)?
1119 5023 1193 5080 lbi
1217 5039 1445 5095 namque
1468 5040 1654 5091 comes
1679 5027 1796 5087 dies
1818 5045 1925 5084 non
1954 5032 2217 5090 veniendo

626 5119 682 5167 et
713 5114 1036 5171 transeundo
1067 5117 1196 5170 [lunt
1222 5132 1412 5173 omnes
1432 5159 1448 5185 ,
1482 5133 1583 5174 nec
1628 5119 1832 5174 initium
1877 5122 2099 5182 alterius
2132 5132 2217 5179 est

625 5203 748 5259 ﬁnis
774 5205 1030 5270 alterius;
1065 5223 1253 5264 omnes
1296 5211 1413 5266 sine
1460 5212 1563 5265 line
1609 5213 1765 5273 simul
1802 5226 1926 5271 sunt
1948 5258 1964 5282 ,
1997 5216 2085 5275 ubi
2118 5233 2215 5274 nec

626 5298 738 5367 ipsa
780 5297 887 5351 vita
933 5297 1092 5359 habet
1134 5301 1330 5367 tinem,
1370 5303 1522 5375 cujus
1552 5304 1626 5360 illi
1654 5305 1771 5369 dies
1801 5317 1943 5363 sunt.
1990 5310 2214 5380 Propter

624 5390 760 5447 hanc
786 5389 1180 5460 adipiscendam
1208 5397 1371 5450 vitam
1394 5394 1602 5452 beatam
1630 5399 1742 5468 ipsa
1769 5415 1893 5455 vera
1916 5400 2031 5457 Vita
2058 5403 2212 5460 beata

622 5497 903 5540 necom
922 5483 1128 5549 docuit,
1154 5501 1261 5539 non
1292 5487 1344 5540 in
1370 5490 1725 5560 multiluquio,
1759 5500 2008 5562 nunquam
2035 5510 2100 5550 eo
2120 5497 2214 5549 ﬁat

621 5583 681 5628 ut
706 5575 1051 5630 exnudismur
1070 5591 1182 5647 quo
1208 5576 1537 5647 loquaciores
1562 5598 1768 5651 sumus,
1798 5600 1917 5638 eum
1944 5603 2065 5642 eum
2090 5603 2212 5641 ore-

622 5679 741 5719 mus
765 5666 855 5736 qui
884 5667 1066 5733 novit,
1110 5667 1245 5727 sicut
1286 5669 1401 5739 ipse
1442 5671 1696 5730 Dominus
1740 5677 1845 5740 ait,
1887 5677 2011 5747 quid
2056 5679 2211 5741 nobis

625 5758 981 5812 necessarium
1025 5760 1126 5826 sit,
1158 5762 1466 5832 priusquam
1499 5776 1741 5834 petamus
1782 5768 1849 5824 ab
1886 5784 1953 5827 eo
1994 5769 2203 5843 ()Iattlt.

628 5860 701 5913 vt,
730 5847 783 5911 7,
809 5849 887 5917 8).
917 5848 1069 5906 Unde
1096 5853 1288 5908 mirum
1317 5855 1486 5911 videri
1518 5868 1725 5926 potest,
1755 5863 1996 5929 quamvis
2026 5863 2207 5921 multi-

623 5935 859 6008 ioquium
908 5941 1270 6009 prohibuerit.
1320 5960 1417 6000 cur
1458 5963 1560 6003 nos
1602 5949 1681 6006 sic
1716 5966 1871 6006 orare
1895 5953 2208 6012 adhortatus

1868 464 1924 522 s.
1968 459 2329 520 sucusreu
2370 420 2671 523 Episcopi
3762 493 3836 555 εω

2372 579 2465 641 sit,
2501 580 2587 649 qui
2622 583 2765 637 novit
2792 584 2916 655 quid
2946 585 3100 642 nobis
3131 592 3464 650 necessarium
3488 597 3575 665 sit,
3602 603 3833 679 priusquam

2367 683 2611 742 petamus
2652 677 2719 729 ab
2748 694 2845 740 eo,
2878 690 2928 733 ut
2960 680 3188 746 dieerct,
3224 683 3420 754 Oportet
3452 707 3622 763 semper
3649 677 3781 763 orare,
3802 716 3836 759 et

2365 782 2464 820 non
2487 768 2739 837 deﬁcere;
2765 772 2935 825 viduzc
2959 774 3229 843 eujusdam
3253 782 3497 847 proposito
3516 792 3731 856 exemplo.
3752 812 3835 862 qum

2363 859 2432 923 de
2457 874 2553 913 suo
2577 862 2883 919 adversario
2911 868 3130 935 cupiens
3156 870 3417 939 vindicari,
3440 873 3640 941 indicem
3663 859 3837 953 iniquum
3904 892 3911 898 ”

2363 965 2505 1020 saepe
2534 953 2922 1023 interpellando
2951 956 3095 1013 ﬂexit
3133 959 3198 1014 ad
3235 963 3528 1019 audiendum
3546 1008 3559 1033 ,
3588 986 3673 1024 non
3691 974 3836 1037 jtntitia

2362 1045 2441 1097 vel
2487 1046 2849 1102 misvricordFa
2894 1062 3228 1119 permotum,
3273 1055 3360 1108 sed
3404 1057 3545 1111 ta-dio
3578 1075 3836 1129 Sillicraltlllli

2361 1148 2418 1191 ut
2462 1138 2582 1193 hinc
2626 1142 3067 1211 admonerentur,
3116 1162 3272 1219 quam
3318 1153 3500 1207 certius
3542 1171 3625 1209 nos
3659 1164 3838 1218 exaudiat

2361 1232 2671 1289 misericors
2697 1245 2748 1289 et
2767 1236 2943 1308 justus
2972 1238 3226 1295 Dominus
3253 1242 3385 1298 Deus
3408 1244 3515 1299 sine
3536 1247 3842 1309 intermissiﬂe

2359 1334 2609 1387 orantes,
2657 1329 2871 1396 quando
2920 1330 3002 1383 illa
3056 1346 3159 1387 nec
3204 1332 3270 1386 ah
3298 1334 3466 1405 iniquo
3493 1340 3840 1411 rtimplojmlioe

2358 1419 2529 1495 potuit
2578 1421 2786 1475 assidua
2843 1421 3270 1492 interpellatione
3313 1430 3592 1493 contemni;
3644 1442 3686 1486 et
3729 1450 3842 1503 quam
3942 1480 3943 1487 η

2358 1510 2528 1564 libens
2556 1519 2715 1580 atque
2747 1513 2982 1583 placatus
3013 1516 3147 1571 bona
3181 1519 3437 1575 desideria
3476 1521 3663 1601 impleat
3692 1543 3838 1593 comm,

2358 1616 2382 1643 τι
2412 1602 2601 1643 mlilmc
2630 1605 2799 1643 nlimm
2834 1619 3047 1643 nannnln
3078 1613 3218 1643 nnr:l
3250 1611 3441 1643 ειτηηοηι
3490 1615 3528 1643 .:
3556 1631 3642 1643 η..-
3666 1621 3757 1643 ---ι
3784 1622 3843 1643 ι-.

2356 1616 2382 1654 a
2412 1602 2602 1672 quibus
2629 1605 2800 1659 aliena
2834 1619 3047 1677 peccata
3078 1613 3223 1665 nevit
3250 1611 3464 1683 ignosci,
3490 1615 3529 1667 si
3555 1631 3644 1686 quo
3665 1621 3845 1689 rupithat

2354 1691 2439 1747 illa
2466 1697 2848 1767 pervenit'qua:
2879 1700 3043 1756 voluit
3066 1701 3320 1758 vindicari
3348 1703 3483 1771 (Luc.
3511 1722 3640 1771 xvm,
3663 1708 3763 1779 l-8).
3782 1709 3843 1767 llle

2353 1798 2563 1859 quoque
2592 1787 2675 1840 cui
2707 1789 2911 1843 amicus
2937 1790 3003 1844 de
3034 1792 3117 1845 via
3150 1804 3386 1859 venerat,
3418 1794 3509 1851 ne‘c
3532 1798 3652 1867 quod
3674 1798 3714 1854 ei
3732 1814 3846 1869 appo-

2352 1886 2504 1931 neret
2530 1877 2779 1944 habebat,
2807 1879 2875 1935 ab
2900 1884 3072 1936 amico
3101 1883 3203 1937 sibi
3233 1892 3339 1939 tres
3368 1902 3518 1956 panes
3540 1890 3724 1957 cupiens
3742 1905 3845 1944 com-

2352 1965 2555 2021 modari
2577 2008 2593 2032 ,
2626 1970 2816 2039 quibus
2849 1970 3074 2028 fortasse
3105 1974 3219 2043 ipsa
3252 1975 3476 2032 Trinitas
3503 1978 3642 2033 unius
3665 1978 3847 2035 substan-

2349 2056 2439 2110 tiae
2482 2058 2701 2129 ﬁgurata
2742 2070 2860 2127 est,
2904 2063 3017 2132 jam
3063 2079 3183 2120 Cum
3230 2064 3339 2120 suis
3383 2066 3541 2122 servis
3578 2068 3845 2123 domtientem

2347 2149 2546 2227 petitur
2584 2152 3000 2211 instantissimus
3046 2166 3099 2213 et
3129 2159 3531 2215 molestissimos
3557 2164 3784 2227 excitaiit,
3813 2174 3849 2217 ut

2348 2242 2500 2299 daret
2542 2246 2588 2300 ei
2633 2258 2859 2316 quantos
2887 2242 3134 2319 volebat,
3167 2254 3340 2323 magis
3369 2264 3420 2309 et
3447 2255 3552 2324 ipse
3584 2255 3758 2310 vitando
3785 2265 3847 2311 te-

2347 2333 2495 2389 dium
2524 2354 2679 2406 quam
2710 2338 3135 2397 benevolentiam
3163 2344 3449 2415 cogitando
3477 2363 3490 2397 z
3517 2355 3569 2400 ut
3595 2347 3700 2403 hinc
3716 2346 3852 2402 Intellio

2347 2444 2619 2510 geremus,
2651 2434 2694 2487 si
2726 2434 2855 2489 dare
2883 2436 3091 2506 cogitur
3119 2436 3214 2509 qui
3238 2454 3360 2494 cum
3387 2438 3631 2506 dormiat,
3657 2455 3681 2494 τι
3704 2450 3851 2509 petente

2345 2521 2607 2576 excitatur
2638 2523 2853 2592 invitus,
2885 2537 3084 2597 quanto
3112 2528 3207 2584 det
3236 2530 3512 2600 benignius
3549 2530 3631 2602 qui
3659 2545 3741 2586 nec
3766 2529 3850 2584 dor-

2344 2613 2479 2668 mire
2512 2616 2675 2682 novit,
2708 2627 2761 2673 et
2789 2618 3116 2677 dormientes
3146 2637 3250 2677 nos
3276 2624 3471 2678 excitat
3500 2633 3551 2678 ut
3578 2633 3788 2695 petanms.

2416 2706 2502 2762 16.
2548 2708 2680 2765 Hinc
2722 2718 2805 2765 est
2843 2721 2896 2766 et
2938 2711 3065 2767 Illud
3099 2731 3111 2766 :
3143 2711 3315 2768 Petito
3343 2725 3391 2769 et
3418 2716 3683 2786 accipietis;
3708 2714 3856 2785 {marite

2341 2806 2389 2851 et
2418 2798 2708 2863 invenietis;
2736 2803 2935 2872 pulsate
2958 2814 3005 2857 et
3029 2805 3290 2875 aperietur
3312 2806 3468 2861 vobis.
3500 2806 3663 2860 Omnis
3682 2806 3783 2861 enim
3799 2804 3857 2868 qui

2338 2892 2463 2967 petit
2500 2893 2713 2966 accipit,
2746 2903 2790 2947 et
2818 2911 3048 2966 quaerens
3077 2896 3299 2963 invenit,
3332 2908 3379 2953 et
3420 2899 3630 2972 pulsanti
3653 2898 3854 2968 aperietur.

2341 2983 2442 3051 Aut
2481 2986 2594 3056 quis
2636 2997 2712 3041 est
2754 3005 2817 3047 ea:
2855 2990 2990 3044 nobis
3030 2990 3219 3065 homo,
3254 3009 3287 3045 a
3315 3009 3415 3062 quo
3449 2994 3580 3062 ﬁlius
3604 3008 3710 3047 sunt
3733 3006 3857 3061 parm

2336 3076 2485 3149 petit,
2518 3078 2763 3147 numquid
2791 3080 3013 3153 lapidem
3044 3084 3262 3155 porrigit
3293 3087 3337 3138 ei
3359 3084 3387 3139 2
3414 3096 3499 3137 aut
3522 3086 3562 3140 si
3588 3085 3745 3159 placent
3763 3083 3856 3154 petii.

2340 3172 2583 3244 numquid
2623 3182 2905 3249 serpentem
2952 3176 3165 3257 porrigit
3216 3176 3347 3231 illi?
3389 3186 3477 3231 aut
3520 3178 3561 3231 si
3603 3193 3729 3231 ovum
3762 3174 3857 3245 ραὶιι

2338 3264 2583 3342 numquid
2623 3265 2834 3343 porrigit
2881 3266 2927 3318 ei
2966 3268 3269 3338 scorpium?
3306 3269 3369 3324 Si
3396 3286 3513 3341 ergo
3537 3284 3644 3333 vos,
3677 3284 3771 3322 cum
3786 3264 3859 3321 sitit

2338 3354 2462 3407 mali
2480 3396 2494 3421 ,
2524 3356 2682 3415 nostis
2711 3356 2840 3409 bona
2869 3356 2989 3415 data
3017 3358 3139 3411 dare
3170 3352 3302 3428 ﬁliis
3332 3362 3506 3414 vestris
3525 3402 3540 3425 ,
3566 3370 3729 3425 quanto
3752 3356 3861 3426 magis

2342 3446 2497 3502 Pater
2536 3461 2694 3504 vester
2722 3451 2933 3506 caelestis
2970 3452 3107 3511 dabit
3137 3454 3276 3509 bona
3316 3456 3591 3526 petentibus
3623 3472 3670 3512 te
3693 3452 3785 3525 (Μ.
3807 3466 3859 3514 ιι.

2336 3541 2533 3611 5-15)?
2553 3542 2686 3598 Cum
2717 3560 2844 3617 ergo
2873 3545 3169 3600 secundum
3206 3549 3311 3603 tria
3345 3549 3436 3603 illa
3466 3566 3581 3619 qua;
3604 3544 3863 3613 commendat

2335 3635 2657 3705 Apostolus,
2712 3636 2844 3692 ﬁdes
2888 3639 3223 3710 signiliCctur
3274 3642 3328 3697 iu
3382 3645 3549 3719 pisce,
3596 3642 3669 3697 vel
3709 3647 3861 3711 propter

2334 3742 2524 3801 aquam
2553 3729 2842 3799 Baptismi,
2889 3733 2969 3786 vel
3012 3733 3155 3801 quod
3197 3735 3253 3788 in
3294 3734 3456 3805 hujus
3486 3734 3655 3791 saeculi
3681 3732 3860 3787 ﬂuctibus

2333 3817 2536 3889 integra
2576 3831 2693 3886 est;
2740 3821 2824 3875 cui
2865 3824 3165 3878 contrarius
3210 3834 3301 3881 est
3345 3826 3436 3881 ille
3481 3822 3863 3896 scrpens,quiul

2334 3927 2439 3979 non
2466 3913 2775 3970 crederetur
2802 3915 2930 3981 Deo,
2964 3933 3238 3974 venenosa
3271 3919 3469 3979 fraude
3498 3920 3763 3993 persuasit:
3783 3927 3864 3993 spe

2331 4005 2382 4059 in
2412 4022 2537 4072 ovo,
2570 4007 2691 4077 quia
2731 4008 2839 4063 vita
2884 4008 3010 4081 pulli
3046 4010 3291 4067 nondum
3338 4022 3458 4083 est,
3503 4013 3594 4068 sed
3632 4014 3772 4065 futura
3796 4014 3862 4067 est,

2330 4114 2430 4154 nee
2448 4099 2557 4175 jam
2587 4100 2818 4170 videtur,
2850 4102 2944 4158 sed
2975 4102 3149 4167 adhuc
3178 4116 3471 4183 speratur;
3505 4122 3623 4178 spes
3646 4105 3761 4161 enim
3784 4112 3865 4168 qua:

2332 4192 2569 4271 videtpr,
2603 4209 2706 4248 non
2737 4204 2819 4259 est
2847 4210 2969 4267 spes
3004 4194 3180 4269 (Rom.
3212 4215 3341 4265 vut,
3368 4198 3501 4271 2i);
3534 4197 3615 4253 cui
3641 4193 3866 4250 centrarius

2328 4297 2407 4349 est
2435 4288 2697 4358 sdorpius,
2723 4288 2974 4359 qttnniam
3002 4290 3089 4365 qui
3116 4304 3306 4361 sperat
3335 4303 3596 4348 aeternam
3620 4292 3770 4349 vitat“.
3788 4298 3868 4354 ll”in

2328 4388 2472 4439 retro
2502 4388 2623 4433 sunt
2663 4378 3030 4451 obliviscitur,
3066 4391 3119 4435 et
3163 4382 3219 4441 in
3267 4386 3546 4439 anteriora
3582 4399 3636 4438 se
3662 4376 3866 4437 estendit;

2327 4469 2413 4529 cui
2454 4472 2669 4526 noxium
2710 4484 2792 4526 est
2836 4484 2979 4529 retro
3024 4475 3343 4549 respicere;
3388 4480 3630 4548 scorpius
3665 4485 3805 4530 autem
3828 4483 3869 4521 ει

2327 4576 2387 4616 ea
2411 4570 2559 4630 parte
2586 4562 2852 4617 cavendus
2881 4575 2982 4625 est.
3014 4581 3170 4635 quam
3203 4579 3537 4624 venenatam
3567 4579 3620 4624 et
3642 4564 3865 4622 aeoli-nul"

2325 4665 2618 4721 retrorsum
2650 4654 2809 4709 habet
2841 4674 2855 4711 :
2889 4655 3120 4715 cltaritas
3150 4658 3203 4713 in
3239 4678 3418 4729 pane;
3452 4660 3623 4737 major
3652 4658 3770 4719 enim
3804 4653 3869 4705 lto-

2324 4759 2442 4798 rum
2471 4744 2701 4799 charilas
2729 4746 2778 4820 (I
2803 4747 2921 4801 Cor.
2947 4763 3063 4804 xtu.
3093 4748 3206 4820 l5),
3245 4760 3303 4804 et
3332 4752 3386 4808 in
3414 4753 3552 4806 cibis
3577 4752 3736 4818 utique
3754 4744 3869 4799 vincit

2325 4845 2516 4899 ctetera
2550 4838 2698 4905 panis
2728 4836 2959 4911 utilitas;
2991 4840 3074 4893 cui
3119 4844 3444 4899 contrarius
3488 4854 3571 4898 est
3614 4841 3757 4912 lapis,
3783 4848 3874 4905 σιω·

2324 4932 2465 4989 niam
2514 4927 2644 4995 dura
2693 4931 2851 4986 corda
2902 4943 3157 5004 reSpuunt
3205 4935 3542 4995 charitutem
3590 4953 3602 4988 :
3645 4938 3743 4988 sive
3772 4924 3870 4982 aliud

2322 5023 2520 5093 aliquid
2548 5025 2925 5099 congruentius
2954 5025 3055 5080 ista
3085 5027 3405 5105 signiﬁcent
3426 5072 3441 5095 ,
3474 5040 3647 5084 tamen
3674 5025 3749 5105 qui
3771 5018 3874 5076 noti!

2323 5114 2457 5171 bona
2489 5116 2610 5172 data
2638 5117 2765 5175 dare
2794 5119 2914 5174 [iliis
2940 5119 3086 5195 suis,
3129 5133 3331 5201 petere
3379 5141 3484 5180 nos
3522 5135 3575 5181 et
3608 5132 3810 5197 quaerere
3836 5118 3872 5166 ci

2321 5210 2535 5282 pulsare
2563 5213 2851 5283 compellit.

2396 5303 2479 5363 17.
2523 5304 2671 5377 Quod
2698 5320 2861 5375 quare
2890 5304 3074 5385 l‘aeiat,
3104 5306 3193 5377 qui
3226 5314 3389 5367 novit
3417 5311 3547 5382 quid
3579 5310 3717 5366 nobis
3738 5316 3875 5365 W

2318 5397 2518 5459 sarium
2542 5398 2628 5464 sit,
2654 5399 2957 5469 priusquam
2983 5408 3228 5472 petamus
3252 5403 3328 5458 ab
3350 5420 3441 5467 eo,
3468 5422 3677 5460 movere
3694 5400 3873 5459 animum
3942 5426 3943 5441 ς

2321 5499 2514 5561 potest,
2545 5490 2644 5544 nisi
2670 5490 3027 5567 intelligamus
3047 5492 3187 5563 quod
3216 5494 3496 5563 Dominus
3524 5509 3575 5552 et
3601 5499 3723 5551 Deus
3740 5498 3876 5546 noster

2322 5599 2426 5638 non
2455 5583 2780 5638 voluntatem
2809 5594 3042 5638 nostram
3070 5584 3168 5638 sibi
3208 5589 3295 5642 \el
3307 5590 3348 5643 it
3379 5591 3737 5648 innotescere.
3760 5598 3876 5655 quam

2318 5694 2425 5743 non
2458 5685 2632 5749 potest
2660 5676 2936 5747 ignorare;
2973 5678 3069 5739 sed
3096 5683 3353 5736 exerceri
3388 5683 3445 5743 in
3476 5683 3782 5739 orationibus
3805 5676 3876 5729 de-

2315 5771 2570 5825 siderium
2600 5782 2858 5834 nostrum,
2886 5789 2993 5843 quo
3020 5776 3298 5843 possimus
3328 5796 3537 5852 capere
3563 5778 3698 5851 quod
3721 5785 3881 5847 pt‘J‘W‘
3942 5764 3943 5773 γ

2316 5872 2395 5917 rat
2434 5862 2583 5917 dare.
2623 5865 2751 5925 Illud
2796 5867 2936 5921 enim
2978 5868 3128 5927 valde
3167 5884 3442 5941 magnum
3473 5884 3585 5943 est,
3618 5872 3704 5927 sed
3730 5879 3810 5924 nos
3829 5858 3880 5914 ad

2315 5956 2631 6027 capiendum
2652 5958 2798 6031 parvi
2820 5967 2874 6014 et
2891 5962 3099 6031 angusti
3118 5974 3338 6019 sumus.
3372 5965 3507 6021 Ideo
3530 5967 3679 6021 nobis
3698 5963 3884 6018 dicitur:
