3990 6444
532 275 636 332 50.3

531 389 655 460 quid
688 387 831 443 aliud
857 387 985 442 dicit
1019 400 1196 457 quam,
1224 384 1578 453 Sanctiﬁcetur
1609 396 1791 436 nomen
1816 382 1996 435 tuum?
2019 381 2120 448 Qui

529 481 676 541 dicit,
734 479 870 534 Deus
913 479 1172 541 virtutum.
1213 485 1441 532 converte
1478 490 1589 540 nos,
1630 483 1678 529 et
1709 473 1914 528 ostende
1938 473 2123 545 faciem

531 584 690 638 tuam,
710 581 756 627 et
775 571 902 627 salui
924 571 1115 627 erimus
1139 569 1310 640 (Psal.
1345 585 1531 634 Lxxtx,
1553 569 1612 638 4)
1637 585 1652 634 ;
1684 567 1808 640 quid
1830 567 1970 623 aliud
1992 566 2123 622 dicit

529 683 709 737 quam,
749 664 927 720 Veniat
955 681 1163 737 regnum
1193 664 1370 718 tuum?
1395 663 1494 732 Qui
1516 662 1664 725 dicit,
1692 660 1886 716 Itinera
1910 677 2020 716 mea
2035 661 2118 715 di—

528 758 636 829 rige
655 758 930 826 secundum
950 756 1151 812 verbum
1171 765 1331 820 tuum,
1364 765 1412 810 et
1433 772 1496 811 ne
1522 756 1809 812 dominetur
1836 756 1933 810 mei
1959 757 2120 810 omnis

527 850 766 921 iniquitas
787 851 805 919 (
818 848 959 904 Psal.
976 865 1158 914 cxvxu,
1175 849 1327 919 155);
1346 848 1471 920 quid
1491 848 1633 905 aliud
1655 849 1784 906 dicit
1800 864 1980 920 quam,
2003 847 2120 902 Fiat

527 940 760 995 voluntas
782 949 867 994 tua
883 940 1012 994 sicut
1032 939 1085 993 in
1103 939 1228 994 caelo
1247 948 1293 994 et
1308 939 1362 993 in
1389 950 1524 995 terra
1539 939 1565 994 .9
1575 939 1681 1022 Qui
1706 940 1858 1008 dicit,
1886 937 2119 1009 Pauper-

528 1043 679 1088 tatem
711 1043 756 1089 et
783 1033 982 1088 divitias
1010 1050 1074 1089 ne
1105 1033 1304 1089 dederis
1331 1033 1458 1089 mihi
1483 1031 1668 1106 (Prov.
1699 1049 1838 1100 xxx,
1872 1031 1963 1106 8);
1993 1031 2119 1104 quid

525 1125 667 1182 aliud
694 1111 821 1181 dicit
847 1141 1027 1195 quam.
1074 1125 1270 1180 Panem
1300 1136 1529 1182 nostrum
1557 1125 1907 1196 quotidianum
1930 1123 1999 1179 da
2022 1141 2116 1179 no-

526 1218 602 1274 bis
631 1219 817 1274 hodie?
839 1220 940 1288 Qui
968 1219 1117 1286 dicit,
1148 1219 1423 1284 Memento,
1448 1219 1686 1282 Domine.
1719 1218 1906 1282 Dauid,
1937 1228 1981 1272 et
2011 1236 2118 1274 om-

524 1312 604 1365 nis
631 1311 1033 1366 mansuetudinis
1062 1311 1170 1382 ejus
1194 1311 1366 1378 (Psal.
1404 1327 1595 1375 CXXXI,
1628 1311 1682 1380 1)
1711 1319 1855 1376 :aut,
1880 1309 2116 1375 Domine,

520 1405 567 1460 si
596 1405 692 1477 feci
729 1405 894 1472 istud,
942 1406 987 1459 si
1014 1414 1087 1460 est
1121 1404 1362 1475 iniquitas
1397 1405 1450 1458 in
1482 1404 1711 1458 manibus
1740 1403 1894 1469 meis,
1934 1404 1978 1456 si
2002 1403 2114 1459 red-

523 1497 1032 1554 didiretribuentibus
1059 1497 1182 1551 mihi
1210 1499 1348 1551 mala
1368 1495 1544 1567 (Psal.
1577 1512 1670 1562 vn,
1703 1495 1794 1561 4);
1823 1495 1949 1566 quid
1975 1495 2115 1550 aliud

521 1591 652 1647 dicit
676 1608 859 1662 quam.
895 1591 1100 1645 Dimitte
1119 1589 1262 1645 nobis
1292 1591 1461 1645 debita
1481 1600 1673 1656 nostra,
1702 1590 1835 1644 sicut
1861 1598 1905 1644 et
1926 1605 2018 1644 nos
2038 1587 2118 1642 di-

520 1683 766 1737 mittimus
795 1682 1102 1737 debitoribus
1133 1682 1354 1736 nostris?
1380 1681 1480 1748 Qui
1498 1680 1648 1746 dicit,
1668 1681 1828 1752 Aufer
1852 1697 1883 1732 a
1904 1695 1982 1733 me
1998 1695 2118 1732 con-

520 1774 857 1845 eupiscentias
903 1774 1106 1837 uentris,
1151 1783 1195 1827 et
1239 1773 1548 1828 desiderium
1593 1771 1883 1828 concubitus
1922 1788 1985 1826 ne
2017 1788 2115 1840 ap-

520 1865 799 1937 prehendat
823 1882 903 1919 me
928 1864 1117 1934 (Eeeli.
1150 1880 1302 1930 xxnt,
1332 1864 1422 1936 6);
1451 1863 1576 1934 quid
1603 1863 1743 1918 aliud
1765 1863 1895 1919 dicit
1931 1877 2113 1934 quam.

524 1957 608 2012 Ne
646 1975 738 2014 nos
768 1959 959 2029 inferas
986 1959 1040 2012 in
1065 1957 1428 2014 tentationem.’
1464 1956 1566 2025 Qui
1596 1955 1747 2021 dicit,
1782 1953 1920 2009 Erue
1944 1971 2024 2008 me
2052 1954 2115 2008 ab

520 2050 736 2105 inimicis
763 2049 903 2114 meis,
934 2048 1091 2116 Deus,
1120 2059 1167 2104 et
1191 2049 1254 2104 ab
1279 2047 1652 2120 insurgentibus
1675 2064 1828 2118 super
1853 2063 1932 2102 me
1956 2045 2115 2102 libera

518 2140 786 2214 ms(Psal.
816 2142 1072 2212 cvntﬂ);
1103 2141 1229 2212 quid
1258 2141 1402 2196 aliud
1437 2141 1564 2198 dicit
1586 2155 1743 2211 quam
1763 2182 1778 2204 ,
1813 2139 1997 2194 Libera
2023 2155 2114 2194 nos

517 2251 548 2288 α
574 2233 746 2288 male?
771 2233 840 2288 Et
868 2234 910 2288 si
945 2249 1040 2304 per
1071 2234 1250 2288 omnia
1281 2233 1646 2303 precationum
1669 2241 1974 2288 sanctarum
2003 2248 2113 2288 ver-

514 2324 582 2380 ba
610 2324 899 2389 discurras,
927 2332 1184 2394 quantum
1213 2323 1484 2388 existimo,
1529 2322 1662 2378 nihil
1699 2321 1941 2378 invenies
1969 2322 2111 2394 quod

516 2417 569 2472 in
605 2417 705 2472 ista
749 2415 1016 2470 dominica
1047 2431 1151 2470 non
1177 2415 1514 2470 contineatur
1539 2424 1594 2470 et
1625 2413 1974 2469 concludatur
1992 2429 2112 2468 ora-

515 2509 683 2563 tione.
703 2505 857 2563 Uude
881 2506 1107 2561 liberum
1132 2515 1215 2560 est
1235 2506 1354 2560 aliis
1379 2514 1539 2576 atque
1567 2505 1685 2561 aliis
1707 2506 1901 2567 verbis.
1924 2505 2109 2560 eadem

515 2612 693 2656 tamen
721 2601 772 2655 in
799 2599 1003 2654 orando
1027 2599 1246 2664 dicere;
1279 2599 1375 2655 sed
1406 2615 1510 2656 non
1537 2599 1698 2656 debet
1726 2615 1845 2656 esse
1881 2599 2108 2654 liberum

513 2691 613 2747 alia
643 2691 845 2747 dicere.

584 2782 675 2837 25.
707 2782 832 2857 llme
855 2790 908 2837 et
930 2796 1026 2852 pro
1051 2781 1228 2848 nobis,
1247 2790 1302 2837 et
1323 2796 1420 2851 pro
1447 2783 1666 2848 nostris,
1697 2791 1751 2838 et
1771 2797 1868 2853 pro
1895 2784 2108 2850 alienis,

512 2883 672 2945 atque
699 2889 795 2944 pro
818 2873 946 2944 ipsis
965 2872 1193 2929 inimicis
1213 2873 1330 2928 sine
1353 2872 1515 2928 ﬂuctu
1539 2872 1886 2930 dubitationis
1910 2875 2108 2930 oranda

512 2976 637 3020 sunt
666 2982 681 3018 :
714 2965 958 3038 quamvis
995 2965 1132 3021 alius
1159 2981 1256 3034 pro
1284 2965 1402 3030 isto,
1437 2965 1578 3021 alius
1607 2981 1704 3035 pro
1744 2966 1857 3033 illo,
1885 2967 2024 3022 sicut
2051 2982 2110 3023 se

514 3057 716 3114 habent
745 3057 1169 3128 propinquitates
1203 3056 1284 3111 vel
1315 3056 1732 3128 longinquitates
1757 3058 2111 3114 necessitudi-

509 3168 659 3217 num,
700 3151 752 3204 in
796 3151 958 3205 corde
999 3150 1200 3206 orantis
1239 3150 1442 3204 oriatur
1483 3158 1575 3204 aut
1613 3151 1838 3206 excellat
1864 3149 2106 3207 affectus.

509 3244 610 3311 Qui
659 3255 840 3299 autem
890 3243 1018 3297 dicit
1060 3244 1113 3298 in
1131 3242 1394 3308 oratione,
1433 3243 1580 3298 verbi
1620 3244 1812 3314 gratia,
1860 3244 2103 3312 Domine,

510 3334 807 3406 multiplica
833 3334 1043 3388 divitias
1069 3344 1218 3388 meas
1240 3350 1256 3398 ;
1282 3341 1391 3396 aut,
1419 3333 1491 3386 Da
1525 3332 1656 3388 mihi
1682 3342 1855 3388 tantas
1879 3343 2108 3406 quantas

507 3426 584 3482 illi
607 3426 690 3481 vel
719 3424 792 3479 iiii
824 3424 1058 3489 dedisti;
1088 3431 1198 3488 aut,
1238 3419 1482 3479 Honores
1518 3438 1669 3480 meos
1703 3439 1859 3495 auge,
1907 3423 1990 3479 iac
2019 3441 2106 3480 me

506 3521 562 3575 in
594 3519 697 3575 hoc
732 3518 928 3573 sacculo
969 3525 1351 3586 prtupotcntem
1388 3524 1546 3586 atque
1579 3516 1894 3578 clarcntem,
1938 3516 2022 3571 vel
2061 3516 2106 3571 si

506 3610 634 3682 quid
657 3608 960 3682 hujusmodi
991 3617 1107 3669 est;
1136 3616 1191 3662 et
1217 3606 1334 3662 lucc
1363 3605 1512 3674 dicit,
1541 3621 1726 3662 eorum
1753 3605 1956 3662 habens
1975 3621 2106 3662 con-

506 3701 913 3773 cupiscentiam,
947 3716 1052 3754 non
1085 3699 1138 3754 id
1164 3697 1467 3762 attendens,
1505 3709 1562 3753 ut
1598 3714 1662 3755 ex
1705 3697 1788 3752 bis
1808 3698 2104 3756 secundum

507 3794 679 3850 Deum
718 3791 891 3862 prosit
937 3789 1240 3845 hominibus
1273 3806 1286 3843 :
1316 3798 1443 3860 puto
1474 3805 1596 3846 eum
1637 3804 1744 3845 non
1773 3791 2012 3846 invenire
2052 3791 2120 3854 in

506 3886 754 3942 oratione
807 3883 1072 3939 dominica
1122 3897 1228 3954 quo
1279 3883 1449 3954 possit
1489 3885 1603 3940 lucc
1651 3891 1772 3939 vota
1829 3893 2101 3953 cooptare.

504 3975 862 4046 Quamobrem
890 3973 1088 4046 pudeat
1112 3974 1302 4029 saltem
1335 3983 1516 4045 petere
1550 3969 1669 4046 qut'e
1696 3990 1800 4030 non
1830 3975 1994 4045 pudet
2012 3991 2105 4031 cu-

502 4083 660 4139 pere;
688 4077 778 4122 aut
804 4069 848 4122 si
878 4077 932 4123 et
959 4067 1059 4122 hoc.
1080 4065 1264 4137 pudet,
1294 4066 1389 4124 sed
1405 4067 1668 4138 cupiditas
1683 4069 1868 4133 vincit,
1899 4078 2101 4139 quanto

503 4161 698 4217 melius
727 4160 827 4216 hoc
852 4160 1066 4230 petitur,
1109 4168 1164 4214 ut
1189 4159 1346 4215 etiam
1385 4160 1454 4214 ab
1484 4160 1587 4216 isto
1616 4160 1920 4233 cupiditatis
1961 4160 2102 4216 male

501 4252 710 4317 liberet,
742 4253 827 4310 cui
854 4253 1102 4316 dicimus,
1130 4251 1310 4308 Libera
1342 4270 1432 4309 nos
1463 4271 1495 4308 a
1520 4254 1694 4308 malo!

578 4344 804 4401 CAPUT
833 4344 971 4399 XIII.
995 4376 1064 4384 ——
1089 4344 1179 4400 24.
1217 4345 1410 4409 Habes,
1436 4354 1689 4417 quantum
1718 4346 1968 4412 arbitror,
1991 4362 2097 4402 non

503 4437 674 4493 solum
705 4436 880 4506 qualis
908 4452 1052 4502 ores,
1091 4452 1275 4492 verum
1320 4437 1479 4493 etiam
1530 4438 1656 4508 quid
1693 4453 1850 4503 ores;
1876 4453 1981 4492 non
2012 4453 2100 4494 me

503 4530 754 4595 docente,
782 4529 874 4584 sed
907 4529 995 4583 illo
1019 4529 1108 4600 qui
1140 4543 1330 4584 omnes
1369 4545 1469 4584 nos
1495 4529 1690 4586 docere
1717 4530 1962 4600 dignatus
1990 4539 2093 4586 est.

503 4623 667 4678 Beata
697 4621 804 4674 vita
825 4620 1111 4692 quaerenda
1139 4631 1241 4688 est,
1274 4622 1388 4676 base
1419 4637 1446 4676 a
1473 4622 1700 4677 Domino
1729 4622 1840 4679 Deo
1870 4615 2094 4692 petenda

499 4721 602 4770 cst.
632 4712 768 4782 Quid
795 4712 864 4768 sit
882 4712 1093 4768 beatum
1119 4728 1260 4777 esse,
1283 4729 1314 4767 a
1341 4713 1520 4768 multis
1561 4713 1727 4768 multa
1755 4723 1881 4768 sunt
1907 4714 2087 4785 dispu-

499 4816 638 4872 tata;
677 4806 772 4862 sed
802 4820 900 4861 nos
939 4805 1005 4860 ad
1053 4806 1252 4860 multos
1291 4813 1345 4860 et
1389 4804 1455 4860 ad
1487 4806 1650 4860 multa
1682 4807 1866 4876 utquid
1917 4807 2094 4862 imus?

498 4898 743 4955 Breviter
779 4899 832 4954 in
879 4899 1152 4968 Scriptura
1184 4897 1276 4953 Dei
1317 4897 1682 4968 veraciterque
1724 4897 1922 4954 dictum
1966 4908 2092 4955 est:

498 4987 688 5044 Beatus
718 4990 936 5060 populus
962 4991 1108 5062 cujus
1145 4998 1219 5043 est
1266 4987 1518 5044 Dominus
1559 4987 1696 5043 Deus
1732 4989 1892 5060 ipsius
1917 4989 2089 5059 (Psal.

497 5095 680 5145 chut,
723 5079 832 5151 15).
876 5081 933 5136 lu
965 5081 1081 5153 ipso
1110 5081 1306 5155 populo
1335 5089 1394 5137 ut
1430 5082 1618 5150 simus,
1665 5090 1824 5152 atque
1861 5081 1927 5138 ad
1967 5098 2089 5139 eum

498 5171 972 5244 contemplandum
998 5184 1187 5230 etcum
1217 5191 1283 5232 eo
1304 5176 1420 5232 sine
1451 5175 1556 5231 line
1586 5175 1870 5232 vivendum
1904 5191 2091 5246 perve-

497 5265 614 5321 nire
632 5265 916 5336 possimus,
937 5266 1053 5334 ﬁnis
1073 5269 1310 5339 prtecepti
1338 5278 1410 5325 est
1435 5270 1656 5324 charitas
1676 5270 1740 5323 de
1763 5271 1914 5324 corde
1937 5286 2085 5340 puro,

496 5366 546 5410 et
571 5356 880 5411 conscientia
908 5354 1059 5424 bona,
1100 5366 1144 5411 et
1174 5358 1276 5426 ﬁde
1311 5377 1411 5414 non
1443 5361 1562 5429 [icta
1596 5358 1639 5433 (Ι
1684 5359 1813 5415 Tim.
1847 5377 1887 5428 l,
1919 5359 1998 5434 5).
2030 5359 2088 5416 In

494 5448 699 5504 eisdem
731 5449 920 5518 tribus,
942 5463 1041 5522 pro
1072 5450 1400 5506 conscientia
1441 5452 1579 5508 bona
1605 5467 1729 5524 spes
1771 5453 1942 5523 posita
1981 5459 2082 5508 est.

495 5540 657 5598 Fides
701 5557 829 5614 ergo
867 5550 922 5598 et
949 5557 1073 5615 spes
1101 5551 1156 5598 et
1193 5542 1428 5600 cltaritas
1472 5545 1538 5600 ad
1583 5546 1750 5601 Deum
1789 5545 2086 5619 perducunt

496 5632 890 5700 orantem,_boc
919 5643 1003 5690 est
1039 5633 1367 5701 credentem,
1411 5645 1738 5706 sperantem,
1778 5635 2086 5693 desideran-

499 5733 623 5788 tem,
662 5731 713 5777 et
765 5739 882 5793 qua:
921 5735 1063 5798 petat
1103 5743 1130 5781 a
1175 5725 1400 5783 Domino
1443 5727 1495 5783 in
1536 5727 1799 5785 dominica
1844 5728 2086 5784 oratione

1721 264 1802 320 ἐί
1836 261 2198 319 AUGUSTIN!
2242 261 2540 319 El‘lSCOPI
3706 277 3798 338 50b

2236 378 2681 434 considerantem.
2729 377 2936 449 Jejunia
2962 387 3014 435 et
3051 381 3118 438 ab
3156 379 3285 436 aliis
3310 380 3660 454 voluptatibus
3699 389 3800 451 sine

2237 468 2420 523 salutis
2463 467 2705 540 neglectu
2743 469 2972 524 carnalis
3004 471 3464 541 concupiscentia:
3501 476 3796 551 refrenatio,

2228 560 2467 616 maxime
2481 575 2584 631 que
2600 560 2956 633 eleemosyna:
2977 563 3203 646 multum
3229 563 3489 633 adjuvant
3508 571 3798 644 orationem,

2229 662 2285 708 ut
2314 654 2580 724 possimus
2600 654 2813 710 dicere:
2840 653 2905 708 In
2933 655 3016 710 die
3036 657 3382 714 tribulationis
3409 677 3535 714 ntere
3560 661 3709 719 Deum
3727 684 3799 724 (.1:-

2227 746 2425 816 quisioi,
2456 747 2691 801 manibus
2714 748 2855 809 meis,
2882 757 3028 801 nocte
3060 764 3237 803 coram
3267 765 3372 814 eo;
3406 761 3453 805 et
3481 740 3709 812 non'sutn
3729 761 3799 817 de.

2226 848 2398 910 ceptus
2414 836 2587 910 (Psol.
2617 853 2805 900 unt.
2833 838 2910 910 3).
2929 838 3214 908 Quomodo
3233 841 3384 896 enim
3404 841 3547 900 Deus
3573 845 3796 920 incorpo-

2227 931 2355 986 ralis
2375 940 2431 988 et
2456 930 2814 1002 impalpabilis
2830 931 3077 988 manibus
3099 932 3428 1004 exquiritur,
3451 937 3550 992 nisi
3574 941 3797 1012 operibus

2227 1021 2579 1093 exquiratur?

2296 1113 2520 1170 CAPUT
2543 1111 2855 1172 Kuh—25.
2877 1114 3066 1172 Adhuc
3081 1125 3162 1172 est
3183 1119 3420 1175 fortasse
3435 1120 3575 1192 quod
3592 1138 3791 1192 quam,

2225 1221 2321 1262 cur
2349 1206 2634 1277 Apostolus
2658 1207 2873 1272 dixerit,
2907 1209 3046 1274 Quid
3071 1212 3210 1266 enim
3230 1229 3440 1268 oremus
3459 1215 3585 1270 sicut
3609 1228 3792 1288 oportet,

2225 1298 2473 1353 nescimus
2503 1298 2680 1369 (Rom.
2702 1315 2816 1364 vtu,
2847 1299 2940 1371 26)
2967 1320 2980 1356 :
3012 1317 3187 1373 neque
3211 1305 3363 1359 enim
3396 1306 3509 1360 ullo
3533 1310 3681 1365 modo
3696 1326 3792 1369 cre-

2223 1389 2456 1446 dendum
2483 1402 2566 1447 est
2592 1393 2674 1447 vel
2701 1395 2897 1464 ipsum,
2925 1395 3009 1451 vel
3046 1397 3243 1468 quibus
3275 1398 3381 1454 ista
3398 1398 3625 1468 diccbat,
3643 1403 3786 1459 domi-

2225 1485 2396 1540 nicam
2419 1486 2654 1542 nescisse
2670 1488 2990 1544 orationem.
3023 1487 3131 1544 Cur
3145 1506 3282 1562 ergo
3307 1501 3558 1562 putamus
3578 1493 3670 1550 hoc
3689 1511 3790 1553 eum

2223 1573 2423 1631 dixisse
2460 1576 2602 1647 quod
2642 1592 2742 1632 nec
2788 1587 2993 1635 temere
3023 1581 3194 1650 potuit
3239 1597 3345 1638 nec
3382 1583 3698 1642 mendaciter
3720 1587 3790 1643 dio

2222 1681 2364 1733 cere,
2402 1668 2503 1723 nisi
2539 1669 2661 1741 quia
2697 1670 2957 1726 molestia:
2986 1672 3474 1746 tribulationesque
3501 1679 3787 1748 tempora'es

2224 1758 2537 1831 plerumque
2565 1771 2810 1831 prosunt,
2860 1763 2941 1818 vel
2983 1765 3050 1819 ad
3094 1765 3404 1822 sanandum
3441 1776 3691 1825 tumorem
3711 1785 3789 1827 su-

2222 1850 2438 1921 perbiae,
2458 1851 2539 1907 vel
2574 1851 2641 1908 ad
2682 1854 3007 1924 probandam
3031 1857 3465 1915 exercendamve
3492 1859 3787 1931 patientiam,

2222 1942 2308 1997 cui
2336 1943 2576 2013 probata:
2603 1953 2659 2000 et
2685 1946 2991 2002 exercitatas
3024 1948 3224 2005 clarior
3251 1965 3466 2007 merces
3505 1952 3787 2023 uberiorque

2220 2044 2489 2103 servatur,
2526 2037 2610 2092 vel
2639 2037 2706 2093 ad
2736 2054 3083 2112 quaecumque
3118 2041 3443 2114 ﬂagellanda
3468 2051 3526 2100 et
3562 2044 3786 2102 abolenda

2221 2139 2474 2198 peccata;
2504 2139 2682 2210 tamen
2717 2146 2819 2187 nos
2858 2132 3158 2190 nescientes
3183 2134 3317 2206 quid
3346 2136 3449 2192 ista
3487 2136 3694 2208 prosint,
3732 2139 3786 2193 ab

2220 2221 2365 2276 omni
2393 2222 2738 2280 tribulatione
2766 2232 3016 2294 optamus
3043 2225 3308 2282 liberari?
3331 2227 3415 2283 Ab
3442 2226 3542 2284 hac
3565 2228 3785 2296 ignoran-

2219 2315 2288 2369 tia
2313 2329 2413 2370 nec
2431 2315 2664 2386 seipsum
2691 2317 2982 2388 Apostolus
3003 2318 3246 2374 ostendit
3271 2319 3527 2386 alienum,
3557 2321 3650 2376 nisi
3674 2320 3783 2377 forte

2218 2404 2345 2476 quid
2375 2415 2573 2473 oraret,
2598 2408 2737 2462 sicut
2767 2417 3000 2479 oportet.
3024 2409 3254 2476 sciebat,
3280 2411 3501 2482 quando
3526 2411 3579 2467 in
3605 2410 3782 2466 revela-

2221 2497 2424 2553 tionutn
2449 2497 2812 2568 magnitudine
2853 2515 2919 2554 ne
2938 2501 3294 2558 extolleretur
3317 2501 3474 2557 datus
3502 2511 3585 2559 est
3609 2502 3676 2558 illi
3701 2501 3780 2558 sti-

2219 2591 2396 2646 mulus
2419 2593 2619 2659 carnis,
2645 2593 2868 2664 angelus
2894 2602 3113 2661 satanze,
3147 2595 3240 2666 qui
3271 2611 3399 2653 eum
3426 2595 3778 2665 colapliizaret;

2217 2693 2437 2755 propter
2454 2684 2594 2755 quod
2618 2693 2698 2740 ter
2723 2685 3002 2742 Dominum
3024 2688 3231 2758 rogavit
3265 2696 3323 2744 ut
3352 2704 3474 2743 eum
3495 2686 3709 2745 auferret
3726 2687 3778 2743 ab

2217 2789 2301 2838 eo.
2327 2777 2530 2848 utique,
2562 2776 2945 2848 sicutoportet,
2979 2779 3228 2836 nesciens
3255 2779 3386 2851 quid
3412 2789 3604 2836 oraret.
3643 2778 3777 2835 Deni-

2217 2884 2322 2939 que
2349 2870 2443 2925 Dei
2473 2885 2790 2941 responsum
2816 2887 2915 2928 cur
2938 2888 3044 2928 non
3069 2872 3222 2930 lict-et
3245 2875 3393 2946 quod
3416 2875 3500 2930 vir
3514 2883 3674 2930 tantus
3687 2882 3775 2929 Ora-

2216 2961 2326 3028 bat,
2351 2970 2407 3018 et
2431 2977 2598 3030 quare
2625 2963 2738 3019 lleri
2763 2979 2868 3020 non
2891 2965 3186 3034 expediret,
3221 2967 3428 3023 audivit
3456 2985 3469 3020 :
3503 2967 3686 3039 Sttﬁicit
3705 2966 3775 3020 tibi

2215 3053 2381 3124 gratia
2407 3069 2551 3118 mea;
2579 3071 2698 3108 nam
2724 3055 2880 3110 uirtus
2905 3055 2959 3110 in
2987 3056 3288 3128 inﬁrmitate
3309 3058 3567 3130 perﬁcitur
3589 3056 3652 3128 (ΙΙ
3675 3055 3768 3112 Cor.

2217 3162 2312 3212 xu,
2335 3146 2476 3216 7-9).

2284 3241 2374 3296 26.
2415 3240 2470 3296 ιιι
2502 3241 2587 3297 bis
2609 3257 2737 3315 ergo
2765 3243 3196 3300 tribulationibus
3216 3233 3339 3316 quae
3361 3251 3578 3316 possunt
3601 3251 3649 3299 et
3673 3257 3764 3312 pro-

2214 3333 2372 3391 desse
2391 3344 2444 3391 et
2463 3350 2674 3402 nocere,
2693 3335 2818 3407 quid
2835 3351 3074 3404 oremus,
3095 3337 3235 3394 sicut
3251 3347 3488 3409 Oportet,
3507 3336 3767 3393 nescimus:

2213 3436 2269 3482 et
2292 3435 2471 3483 tamen
2496 3428 2619 3498 quia
2640 3427 2793 3496 dura,
2818 3429 2937 3498 quia
2963 3429 3211 3497 molesta,
3232 3413 3364 3500 quia
3387 3440 3566 3487 contra
3585 3440 3769 3484 sensum

2214 3528 2414 3574 nostrm
2441 3519 2762 3574 inﬁrmitatis
2787 3530 2930 3585 sunt,
2955 3521 3239 3576 universali
3262 3522 3498 3578 humana
3517 3520 3766 3584 voluntate,

2214 3619 2323 3665 uta
2349 3610 2502 3666 nobis
2526 3610 2640 3664 Irrc
2660 3611 2970 3668 auferantur
2989 3655 3002 3678 ,
3033 3629 3273 3669 oramus.
3307 3613 3414 3671 Sed
3445 3612 3544 3667 hoc
3572 3607 3769 3666 devotio-

2214 3703 2296 3757 nis
2323 3701 2578 3757 debemus
2599 3703 2823 3758 Domino
2845 3705 2956 3760 Deo
2980 3716 3182 3772 nostro,
3215 3716 3275 3760 ut
3302 3707 3346 3762 si
3379 3721 3440 3760 ea
3463 3719 3564 3764 non
3579 3699 3766 3758 abstule-

2214 3793 2304 3859 rit,
2337 3807 2441 3848 non
2471 3793 2592 3850 ideo
2622 3811 2720 3850 nos
2743 3795 2811 3850 ab
2835 3811 2900 3851 eo
2926 3797 3116 3868 negligi
3144 3798 3546 3862 existimemus,
3577 3793 3661 3851 sed
3688 3805 3764 3862 po-

2212 3884 2317 3939 tius
2338 3883 2422 3956 pia
2443 3885 2692 3955 patientia
2719 3888 3002 3955 malorum,
3039 3889 3174 3944 bona
3199 3903 3482 3960 speremus
3509 3885 3760 3958 ampliora:

2211 3977 2290 4033 sic
2323 3976 2465 4034 enim
2507 3978 2676 4033 virtus
2720 3979 2774 4035 in
2817 3980 3124 4037 inﬁrmitate
3177 3983 3474 4053 perﬁcitur.
3523 3969 3763 4036 Nonnullis

2211 4070 2406 4141 quippe
2447 4069 2848 4140 impatientibus
2887 4072 3142 4128 Dominus
3178 4072 3324 4128 Deus
3373 4070 3511 4144 quod
3551 4066 3762 4141 petebant

2209 4160 2478 4216 concessit
2505 4161 2690 4230 iratus,
2713 4162 2849 4218 sicut
2884 4171 3067 4218 contra
3095 4164 3356 4233 Apostolo
3380 4161 3584 4234 negavit
3609 4153 3757 4230 ρΓοΡί·

2211 4254 2336 4308 tius.
2365 4252 2497 4308 Nam
2521 4253 2746 4323 legimus
2772 4253 3026 4309 lsraelitac
3050 4253 3176 4326 quid
3202 4267 3256 4311 et.
3282 4252 3547 4328 quomodo
3568 4259 3757 4319 rogarer

2211 4345 2317 4399 rint
2335 4352 2391 4400 et
2413 4345 2752 4414 acceperint;
2778 4343 2873 4401 sed
2894 4345 3101 4415 expleta
3132 4344 3582 4418 concupiscentia,
3613 4341 3754 4408 impa-
3789 4345 3796 4354 '

2208 4437 2389 4492 tientia
2435 4446 2519 4493 est
2566 4437 2799 4508 graviter
2845 4437 3097 4508 castigata
3157 4438 3343 4511 (Num.
3400 4437 3497 4508 xi).
3538 4431 3676 4490 Dedit
3713 4433 3753 4481 et

2209 4544 2388 4600 regem
2416 4528 2719 4599 petentibus
2735 4527 3025 4584 secundum
3045 4543 3142 4584 cor
3154 4545 3366 4596 eorum,
3387 4529 3520 4585 sicut
3535 4522 3751 4594 scriptum

2207 4629 2309 4686 est,
2341 4634 2447 4674 non
2471 4617 2760 4674 secundum
2790 4633 2885 4674 cor
2907 4634 3062 4675 suum
3104 4621 3147 4692 (ι
3188 4619 3319 4694 Reg.
3352 4637 3465 4686 vtn,
3497 4618 3548 4685 5,
3572 4615 3638 4684 7).
3667 4611 3746 4666 De-

2203 4713 2280 4769 dit
2306 4714 2467 4770 etiam
2494 4711 2635 4785 quod
2664 4710 2910 4769 diabolus
2935 4714 3241 4784 postulavit,
3271 4723 3330 4771 ut
3351 4708 3639 4786 probandus
3657 4703 3748 4774 ejus

2204 4808 2432 4864 famulus
2465 4815 2761 4863 tentaretur
2810 4805 2952 4878 (Job.
3003 4823 3052 4873 ι,
3109 4807 3203 4875 12,
3232 4818 3279 4863 et
3312 4824 3380 4872 ιι,
3403 4807 3478 4878 6).
3504 4792 3748 4860 Exaudivit

2202 4907 2450 4971 rogantes
2475 4910 2530 4955 et
2553 4898 2857 4955 immundos
2878 4899 3116 4970 spiritus,
3133 4910 3192 4955 ut
3218 4901 3272 4955 in
3297 4899 3488 4955 multos
3507 4907 3617 4951 sues
3635 4885 3746 4958 ὶεείο

2199 4991 2504 5047 ἁτεηιοηιιιη
2550 4991 2852 5046 mitteretur
2900 4990 3048 5062 (Luc.
3117 5007 3244 5060 vnt,
3279 4993 3390 5064 3‘2).
3429 4989 3544 5045 11.υο
3579 4983 3739 5050 scripta

2201 5089 2358 5146 sunt,
2417 5096 2486 5136 ne
2530 5079 2665 5134 forte
2711 5095 2771 5136 se
2812 5080 3036 5153 quisque
3084 5081 3476 5154 magnipendat,
3527 5075 3566 5130 si
3613 5066 3742 5126 fuerit

2199 5170 2478 5227 exauditus
2503 5212 2518 5239 ,
2546 5185 2669 5227 eum
2694 5171 2894 5243 aliquid
2925 5173 3265 5244 impatienter
3292 5173 3450 5246 petit,
3487 5161 3614 5238 quod
3652 5171 3734 5213 nan

2199 5264 2486 5336 impetrare
2522 5263 2641 5334 plus
2677 5264 2874 5337 prosit;
2918 5273 3008 5321 aut
3041 5279 3102 5321 se
3142 5264 3392 5336 obiiciat,
3428 5269 3482 5320 et
3506 5257 3568 5314 de
3591 5247 3734 5309 divina

2196 5371 2321 5428 erga
2350 5369 2410 5411 se
2436 5355 2780 5413 miseratione
2801 5354 3069 5428 desperet,
3095 5357 3138 5412 si
3168 5371 3274 5414 non
3303 5351 3611 5414 exaudiatur,
3634 5351 3731 5396 cum

2197 5450 2332 5506 forte
2358 5447 2558 5520 aliquid
2581 5448 2749 5520 petit,
2775 5463 2884 5521 quo
2903 5449 3214 5521 accipiendo
3243 5447 3494 5522 amigatur
3518 5433 3731 5497 atrocius.

2197 5541 2280 5599 vel
2309 5557 2338 5597 a
2366 5542 2722 5614 prosperitate
2750 5550 3035 5614 corruptus
3061 5542 3279 5615 penitus
3303 5545 3565 5599 evertitur.
3595 5529 3642 5584 ln
3667 5532 3726 5576 ta-

2197 5636 2335 5692 libus
2357 5651 2485 5707 ergo
2513 5636 2642 5708 quid
2663 5651 2899 5703 oremus,
2928 5638 3067 5694 sicut
3090 5645 3322 5710 oportet,
3351 5631 3611 5693 nescimus.
3637 5615 3726 5673 ὕπ’

2197 5726 2266 5784 d0
2290 5728 2334 5784 σῖ
2362 5726 2560 5798 aliquid
2587 5737 2770 5785 contra
2795 5743 2954 5801 uuam
2987 5743 3204 5786 oramus
3223 5725 3478 5789 acciderit,
3497 5713 3722 5793 patienter
