3990 6368
142 242 222 299 505
1225 221 1703 282 EPISTOLARUM

1794 221 2024 278 LASSlS
2079 221 2163 278 In.
2366 187 2374 191 ’
3267 238 3370 298 506

139 353 338 421 ferendo,
373 362 422 409 et
457 352 506 407 in
537 347 774 407 omnibus
822 347 1023 420 gratias
1065 343 1294 416 agendo,
1339 344 1444 400 hoc
1490 341 1664 412 potius
1780 342 2090 398 omnimodo
2116 343 2473 416 ignoraretur,
2502 360 2607 403 non
2636 347 3062 421 desideraretur;
3091 364 3145 412 et
3160 373 3368 426 rursus,

137 452 387 523 oportuisse
427 445 563 517 quod
589 445 714 510 Dei,
747 459 852 498 non
887 442 1030 514 quod
1066 448 1246 496 nostra
1288 440 1531 494 voluntas
1573 438 1668 492 ha-
1774 437 1817 491 si
1840 437 2128 505 videretur,
2158 455 2262 494 non
2288 440 2702 511 desideraretur,
2730 460 2830 502 nec
2849 447 3132 518 gemitibus
3155 466 3368 522 quaere-

135 547 250 608 buit,
274 541 475 598 minime
512 540 746 593 dubitare
786 537 1066 593 debemus.
1085 534 1217 590 Nam
1261 542 1316 590 et
1359 531 1664 602 hujusmodi
1775 540 1943 586 retur.

132 637 385 705 exeruplum
416 631 630 702 praebuit
659 629 812 684 nobis
844 629 934 683 ille
974 627 1256 692 mediator,
1298 626 1387 696 qui
1427 639 1548 680 eum
1583 625 1664 678 di-
1843 622 2091 679 CAPUT.
2134 624 2274 681 XVI.
2298 626 2477 683 —29.
2523 627 2648 684 "me
2685 629 2861 684 omnia
2903 632 3283 702 considerans,
3311 644 3366 695 et

133 730 275 789 sisset,
309 723 472 786 Pater,
513 723 553 777 si
589 722 701 791 ﬁeri
733 731 927 791 potest,
956 728 1178 773 transeat
1211 735 1243 770 a
1279 734 1359 772 me
1385 718 1521 771 calix
1549 718 1659 781 iste,
1772 714 1818 770 si
1854 716 1978 786 quid
2023 717 2164 772 aliud
2213 718 2278 774 de
2326 719 2424 775 hac
2464 736 2523 775 re
2563 722 2655 776 tibi
2699 721 2955 778 Dominus
2994 724 3362 793 insinuaverit,

133 821 368 872 humanam
401 815 450 869 in
497 829 551 869 se
586 813 914 868 voluntatem
953 827 1018 867 ex
1054 811 1284 866 hominis
1325 812 1663 880 susceptione
1772 806 1916 876 quod
1941 808 2024 863 vel
2047 809 2177 864 mihi
2204 825 2307 864 non
2338 812 2589 879 occurrit,
2615 812 2697 868 vel
2724 812 2826 868 dici
2852 829 2882 868 a
2907 829 2993 870 me
3015 815 3227 887 lengum
3245 817 3360 881 fuit,

133 907 462 963 trausformaus
487 946 502 970 ,
543 904 793 960 continuo
832 901 1059 972 subjecit
1089 917 1103 954 :
1145 899 1332 955 Verum
1376 917 1478 955 non
1527 902 1664 969 quod
1771 910 2018 956 concerta
2048 902 2099 956 in
2124 902 2364 958 oratione
2388 903 2602 958 vincere
2622 904 2724 958 hoc
2745 906 3032 974 sarculum;
3059 923 3149 963 ora
3173 909 3223 964 in
3245 925 3359 981 Spe,

128 1017 195 1069 rgo
217 1000 326 1061 toto,
354 996 439 1050 sed
455 995 586 1066 quod
627 1004 680 1048 tu
719 993 811 1056 vis,
856 991 1016 1047 Pater
1069 989 1280 1063 (Matth.
1343 1007 1497 1060 XXVI,
1543 993 1658 1063 59).
1769 1007 1860 1048 ora
1889 993 2118 1049 fideliter
2143 1003 2197 1050 et
2220 1006 2480 1062 amanter,
2509 1012 2601 1051 ora
2625 997 2883 1053 instanter
2901 1008 3059 1070 atque
3076 1001 3356 1071 patienter,

131 1093 244 1148 Unde
275 1107 367 1145 non
391 1087 652 1144 immerito
680 1103 775 1158 per
798 1087 954 1142 unius
981 1086 1339 1142 obedientiam
1371 1086 1498 1156 justi
1533 1101 1660 1141 con-
1769 1101 1863 1140 ora
1884 1087 2024 1140 sicut
2053 1086 2208 1141 vidua
2239 1084 2455 1142 Christi.
2485 1087 2736 1156 Quamvis
2757 1089 2896 1145 enim
2915 1091 2979 1145 ad
3001 1093 3176 1146 omnia
3195 1109 3361 1149 mem-

128 1185 366 1238 stituuntnr
393 1181 540 1236 multi
587 1181 764 1248 (Rom.
795 1196 850 1246 v,
873 1180 980 1251 t9).
1768 1176 1861 1232 bra
1898 1177 2032 1247 ejus,
2067 1179 2167 1234 hoc
2206 1189 2289 1234 est
2322 1179 2389 1234 ad
2427 1194 2616 1235 omnes
2652 1181 2740 1250 qui
2776 1181 2828 1237 in
2857 1198 2980 1237 eum
3013 1183 3275 1251 credunt,
3306 1197 3360 1243 et

179 1275 245 1329 Ξῖ.
273 1275 508 1344 Quisquis
532 1283 708 1328 autem
747 1273 888 1327 illam
930 1287 1088 1326 uuam
1121 1273 1252 1342 petit
1279 1271 1577 1338 aDomino,
1606 1280 1662 1327 et
1767 1269 1884 1340 ejus
1925 1272 2133 1342 corpori
2163 1273 2453 1340 sociantur,
2496 1273 2633 1330 sicut
2653 1273 2852 1342 docuit,
2894 1292 3048 1331 orare
3075 1280 3356 1348 pertineat,

126 1369 226 1425 tunc
241 1369 442 1438 requirit
493 1365 660 1436 (Psal.
688 1383 831 1431 xxvr,
883 1365 963 1435 4),
992 1374 1170 1420 certus
1203 1379 1266 1419 ac
1299 1379 1518 1420 securus
1562 1379 1659 1435 pe-
1768 1362 2068 1432 specialiter
2095 1375 2271 1421 tamen
2309 1366 2614 1436 diligentior
2649 1383 2775 1423 cura
2801 1369 3100 1425 orationum
3128 1371 3178 1426 in
3217 1371 3360 1428 Scri-

123 1462 184 1520 lit,
207 1474 286 1513 nec
314 1459 454 1512 timet
488 1473 556 1512 ne
585 1457 719 1512 forte
745 1457 884 1512 obsit
922 1471 1043 1510 cum
1071 1454 1376 1525 acceperit,
1411 1454 1526 1509 sine
1554 1471 1658 1524 qua
1766 1453 1936 1523 pturis
1965 1453 2084 1524 ejus
2123 1453 2296 1508 viduis
2334 1455 2601 1512 invenitur
2633 1456 2888 1526 iniuncta.
2931 1459 3062 1515 Nam
3094 1460 3212 1516 dum
3237 1461 3355 1519 fue-

121 1550 220 1606 nihil
250 1549 446 1620 prodest
482 1547 738 1620 quidquid
785 1546 930 1602 aliud
975 1546 1196 1614 orando,
1247 1546 1386 1601 sicut
1425 1554 1656 1617 oportet,
1766 1552 1890 1597 runt
1930 1543 2097 1598 Amne
2140 1543 2521 1602 honorabiliter
2564 1549 2870 1617 nominatae,
2927 1567 3032 1606 una
3079 1553 3356 1624 conjngata

119 1641 349 1710 acceperit.
385 1639 496 1710 Ipsa
538 1649 618 1694 est
644 1639 786 1694 enim
824 1653 925 1692 una
951 1654 1076 1695 vera
1103 1649 1157 1692 et
1180 1636 1290 1693 sola
1317 1638 1471 1693 beata
1501 1637 1606 1691 vita
1639 1680 1655 1704 ,
1765 1649 1885 1703 qua:
1913 1644 2155 1691 sanctum
2183 1635 2485 1694 Samuelem
2517 1641 2744 1710 peperit,
2767 1640 2869 1695 alia
2897 1641 3052 1697 vidua
3074 1659 3193 1713 qua:
3222 1646 3357 1699 San-

119 1744 159 1788 ut
182 1733 573 1803 contemplemur
599 1730 807 1786 Domini
840 1731 1246 1786 delectationem
1276 1729 1328 1784 in
1373 1739 1654 1795 :eternum,
1764 1733 1907 1780 ctum
1920 1736 2247 1795 sanctorum,
2267 1745 2386 1785 cum
2409 1729 2582 1786 adhuc
2602 1731 2774 1787 infans
2792 1741 2953 1798 esset,
2972 1735 3202 1805 agnovit.
3222 1736 3356 1792 Ora-

118 1827 391 1883 immortales
429 1835 592 1896 atque
621 1823 1051 1896 incorruptibiles
1092 1836 1316 1893 corpore
1352 1831 1406 1878 et
1442 1822 1655 1894 spiritu.
1763 1819 1917 1875 vitet
1943 1821 2219 1893 conjugata
2251 1826 2301 1877 in
2335 1823 2521 1880 dolore
2552 1825 2715 1880 animi
2749 1837 2801 1881 et
2826 1825 3112 1885 afflictione
3139 1830 3314 1885 cordis
3339 1873 3352 1897 ,

118 1921 293 1992 Propter
314 1920 442 1975 hanc
468 1935 630 1975 unam
672 1926 863 1974 cmtera
891 1916 1268 1986 requiruntur,
1296 1925 1350 1970 et
1375 1930 1480 1970 non
1511 1915 1658 1971 inde-
1763 1911 1884 1983 quia
1923 1912 2059 1968 tilios
2105 1929 2209 1969 non
2256 1915 2484 1972 habebat
2517 1935 2530 1971 :
2562 1927 2687 1973 tunc
2715 1918 2884 1988 ipsum
2919 1919 3220 1976 Samuelem
3253 1924 3352 1979 im-

119 2021 266 2068 center
290 2021 551 2084 petuntur.
587 2011 747 2066 lstam
778 2009 1019 2079 quisquis
1040 2008 1303 2075 imbuerit,
1331 2008 1507 2063 omnia
1538 2023 1656 2078 qua:
1762 2007 2022 2076 pctravit,
2055 2018 2110 2064 et
2135 2019 2407 2080 acceptum
2440 2011 2550 2065 Deo
2571 2011 2822 2076 reddidit,
2849 2013 2968 2082 quia
3014 2030 3131 2069 cum
3170 2030 3353 2084 posce-

114 2104 200 2160 vnlt
223 2104 434 2172 habebit,
457 2119 565 2159 nec
587 2101 782 2171 aliquid
811 2101 883 2156 ibi
910 2101 1046 2155 velle
1075 2100 1270 2156 habere
1300 2099 1654 2170 poteritquod
1764 2106 1867 2164 ret,
1899 2098 2042 2153 vovit
2085 2099 2138 2170 (Ι
2177 2101 2305 2172 Reg.
2345 2101 2428 2171 ι).
2461 2100 2566 2157 Sed
2614 2103 2788 2158 oratio
2825 2104 2940 2174 ejus
2974 2106 3244 2176 quomodo
3282 2108 3348 2162 ad

113 2213 190 2252 non
212 2197 416 2284 decebit.
445 2196 517 2251 lbi
569 2196 765 2267 quippe
809 2203 890 2249 est
934 2194 1051 2249 fons
1093 2194 1232 2259 vitae,
1283 2208 1441 2264 quem
1493 2193 1652 2248 sitire
1761 2191 2056 2246 orationem
2089 2192 2229 2246 illam
2258 2193 2578 2250 dominicam
2620 2196 2915 2265 pertineat,
2947 2213 3051 2253 non
3090 2199 3239 2254 facile
3260 2215 3347 2256 re-

114 2305 222 2345 nunc
253 2283 446 2360 oportet
477 2290 533 2344 in
568 2290 828 2354 oratione,
857 2287 1108 2357 quamdiu
1129 2287 1180 2342 in
1205 2303 1300 2356 spe
1328 2287 1573 2352 vivimus,
1601 2296 1656 2342 et
1763 2283 1967 2352 peritur
1986 2324 1999 2346 ,
2030 2284 2131 2338 nisi
2161 2285 2280 2355 quia
2313 2285 2364 2340 in
2394 2301 2459 2340 eo
2485 2287 2624 2358 quod
2657 2288 2728 2343 ibi
2763 2291 2990 2359 positum
3020 2299 3136 2355 est,
3168 2291 3348 2346 Libera

111 2381 218 2450 quod
241 2395 499 2450 speramus
535 2378 771 2434 nondum
799 2378 1067 2444 videmus,
1099 2378 1150 2432 in
1181 2377 1511 2448 protectione
1539 2379 1653 2432 ala-
1762 2393 1852 2431 nos
1877 2394 1908 2430 a
1938 2379 2093 2444 malo,
2125 2393 2229 2433 non
2258 2394 2476 2448 parvum
2505 2382 2700 2436 malum
2727 2383 3025 2446 videbatur,
3049 2394 3102 2440 et
3129 2396 3346 2455 nuptam

110 2487 198 2526 rum
221 2471 320 2540 ejus
341 2512 354 2535 ,
390 2479 514 2526 ante
547 2485 706 2540 quem
736 2479 818 2524 est
851 2484 1009 2525 omne
1038 2468 1360 2524 desiderium
1390 2477 1650 2532 nostrum,
1760 2483 1896 2533 esse,
1936 2479 1990 2524 et
2018 2468 2191 2526 fructu
2220 2487 2404 2527 carere
2434 2475 2762 2545 nuptiarum,
2803 2489 2926 2530 cum
2976 2477 3090 2531 sola
3130 2487 3350 2533 excuset

108 2562 450 2618 utinebriemur
467 2563 541 2618 ab
571 2564 809 2617 ubertate
835 2562 1026 2616 domus
1054 2561 1192 2630 ejus,
1221 2571 1273 2616 et
1296 2570 1533 2616 torrente
1559 2578 1651 2615 vo-
1760 2562 1972 2630 nuptias
2011 2563 2462 2632 procreandorum
2502 2580 2662 2621 causa
2699 2565 2950 2622 filiorum.
2989 2568 3064 2622 De
3102 2570 3186 2624 illa
3220 2585 3347 2625 vero

107 2654 280 2723 luptatis
313 2655 420 2724 ejus
460 2661 746 2723 putemur;
779 2653 1030 2724 quoniam
1077 2653 1216 2723 apud
1260 2669 1381 2707 eum
1411 2663 1492 2709 est
1535 2653 1653 2709 fons
1759 2651 1910 2705 Anna
1937 2651 2092 2706 vidua
2121 2653 2237 2709 vide
2258 2653 2380 2724 quid
2402 2655 2657 2725 scriptum
2685 2657 2752 2711 sit
2781 2673 2793 2708 :
2827 2657 2958 2722 Quia
2987 2674 3087 2712 non
3118 2660 3346 2714 discede-

105 2745 202 2798 vita:
231 2785 244 2807 .
286 2756 332 2800 et
373 2745 419 2799 in
471 2743 683 2799 lumine
728 2743 844 2812 ejus
889 2743 1187 2798 videbimus
1242 2744 1422 2798 lumen
1476 2743 1650 2814 (Psal.
1759 2741 1842 2795 bat
1867 2742 1930 2796 de
1961 2742 2167 2812 templo,
2189 2745 2406 2815 jejuniis
2432 2757 2476 2798 et
2493 2746 2915 2801 obsecrationibus
2947 2750 3164 2804 serviens
3203 2761 3345 2805 nocte

104 2851 250 2904 xxxv,
277 2836 429 2902 8-t0),
462 2835 687 2907 quando
725 2835 1004 2889 satiabitur
1043 2835 1095 2888 in
1130 2835 1286 2890 bonis
1323 2834 1649 2890 desiderium
1757 2849 1818 2887 ac
1843 2834 1925 2888 die
1951 2834 2102 2906 (Luc.
2125 2851 2184 2899 ιι,
2215 2836 2304 2899 56,
2325 2837 2436 2907 57).
2463 2836 2569 2892 Nec
2584 2838 2796 2893 aliunde
2814 2839 3118 2908 Apostolus,
3138 2841 3345 2912 quodet

103 2938 320 2996 nostrum,
344 2941 394 2985 et
421 2929 559 2984 nihil
581 2931 684 2985 erit
713 2929 848 2982 ultra
879 2927 1019 2999 quod
1039 2928 1302 2999 gemeudo
1322 2943 1647 2998 quaeramus,
1758 2939 1916 2995 supra
1933 2927 2344 2981 commemoravi
2371 2946 2384 2982 :
2409 2927 2536 2994 Quae
2554 2939 2720 2982 autem
2738 2946 2847 2984 vere
2867 2931 3016 2984 uidua
3036 2941 3128 2994 est,
3149 2933 3340 3004 inquit,

105 3021 172 3076 sed
193 3024 315 3093 quod
334 3022 623 3095 gaudendo
650 3031 946 3077 teneamus.
983 3019 1360 3076 Verumtamen
1384 3020 1508 3090 quia
1535 3020 1650 3090 ipsa
1758 3025 1803 3070 et
1823 3017 2069 3085 desolata,
2092 3021 2309 3089 speravit
2331 3020 2383 3074 in
2410 3019 2649 3087 Domino,
2672 3033 2718 3076 et
2735 3023 2952 3094 persistit
2973 3023 3025 3077 in
3038 3025 3346 3081 orationibus

102 3125 162 3169 est
179 3132 263 3186 pax
281 3133 391 3188 quae
408 3115 904 3188 praecellitomnem
927 3113 1277 3175 intellectum,
1301 3111 1460 3167 etiam
1480 3113 1649 3183 ipsam
1757 3119 1903 3164 nocte
1933 3128 1993 3164 ac
2034 3112 2117 3165 die
2164 3111 2208 3182 (l
2235 3112 2366 3166 Tim.
2388 3129 2444 3179 v,
2471 3114 2526 3185 5)
2556 3133 2569 3168 :
2600 3122 2656 3168 et
2683 3115 2934 3170 Dominus
2973 3131 3093 3170 eum
3133 3131 3346 3187 semper

103 3206 140 3260 in
167 3209 378 3263 oratione
417 3205 716 3278 poscendo,
763 3205 891 3277 quid
944 3220 1181 3270 oremus,
1222 3204 1360 3260 sicut
1408 3215 1647 3275 oportet,
1755 3202 1822 3257 ad
1851 3203 2145 3269 orandum,
2173 3214 2355 3260 etnon
2386 3206 2738 3262 deliciendum
2771 3223 2868 3262 nos
2895 3207 3234 3276 hortaretur,
3261 3209 3341 3264 vi-

101 3299 335 3355 nescimus.
365 3300 522 3367 Quod
571 3298 709 3354 enim
750 3298 903 3353 sicuti
944 3306 1023 3352 est
1062 3297 1299 3368 cogitare
1323 3312 1429 3352 non
1457 3311 1649 3367 possu-
1754 3295 1912 3352 duam
1943 3299 2406 3364 commemoravit,
2437 3315 2555 3369 quae
2599 3300 2724 3355 licet
2757 3300 2994 3372 iniquum
3032 3309 3086 3356 et
3125 3301 3342 3371 impium

102 3405 206 3455 mus,
229 3394 396 3464 utique
427 3392 732 3456 nescimus;
765 3391 857 3444 sed
885 3389 1138 3461 quidquid
1179 3389 1429 3460 cogitanti
1458 3404 1649 3445 occur-
1750 3387 1982 3458 judicem
2005 3432 2019 3455 ,
2051 3406 2113 3444 ac
2145 3391 2235 3446 Dei
2266 3399 2322 3446 et
2356 3392 2630 3447 hominum
2661 3402 3115 3464 contemptorem,
3150 3393 3215 3448 ad
3246 3411 3342 3450 au-

100 3485 212 3545 rerit,
241 3484 538 3554 abjicimus,
578 3481 881 3553 respuimus
904 3522 917 3546 ,
961 3481 1356 3551 iutprobamus,
1401 3495 1509 3534 non
1550 3480 1650 3534 hoc
1754 3479 2005 3536 diendam
2034 3497 2249 3536 causam
2277 3497 2429 3537 suam
2459 3483 2673 3539 assidue
2704 3483 3090 3554 interpellando
3114 3500 3342 3541 conver-

100 3590 186 3631 esse
205 3577 331 3648 quod
359 3579 660 3649 quaerimus
683 3574 929 3628 novimus
957 3613 971 3640 ,
995 3573 1236 3644 quamvis
1257 3572 1381 3627 illud
1411 3571 1647 3628 nondum
1754 3574 1834 3629 tit.
1858 3575 2027 3644 Quam
2049 3591 2177 3645 ergo
2207 3592 2315 3645 pra:
2344 3576 2555 3630 caeteris
2582 3577 2753 3631 viduae
2777 3576 2971 3632 debent
3007 3592 3196 3633 vacare
3217 3592 3340 3633 ora-

97 3669 214 3738 quale
239 3671 294 3724 sit
326 3670 660 3725 noverimus.
1755 3667 1988 3723 tionibus
2008 3709 2024 3734 ,
2054 3668 2185 3723 satis
2207 3668 2331 3724 hinc
2359 3670 2575 3741 intelligi
2603 3678 2797 3742 potest,
2829 3671 2969 3741 quod
2999 3671 3248 3728 omnibus
3275 3672 3342 3728 ad

151 3760 346 3818 CAPUT
383 3759 502 3818 XV.
525 3789 602 3800 —
642 3757 732 3814 28.
775 3758 870 3814 Est
892 3771 1019 3829 ergo
1040 3756 1090 3812 in
1117 3756 1271 3812 nobis
1297 3756 1561 3827 quaedam,
1590 3765 1649 3812 ut
1753 3758 2148 3829 suscipiendum
2193 3759 2381 3814 orandi
2423 3761 2657 3816 studium
2703 3761 2771 3817 de
2809 3762 2980 3816 viduis
3011 3763 3340 3834 propositum

94 3852 143 3906 ita
168 3854 338 3922 diam,
367 3855 528 3910 docta
567 3851 884 3924 ignorantia,
919 3848 1011 3903 sed
1039 3848 1192 3903 docta
1213 3848 1401 3918 Spiritu
1432 3849 1526 3904 Dei
1556 3849 1647 3920 qui
1753 3859 1835 3905 est
1859 3849 2247 3906 exhortationis
2272 3853 2595 3922 exemplum.
2843 3920 2850 3931 ι

94 3943 268 4012 adjuvat
295 3945 667 4001 infirmitatem
695 3954 953 3996 nostram.
979 3938 1109 3993 Nam
1131 3954 1250 3995 cum
1269 3938 1649 4010 dixissetApo~
1824 3941 1910 3996 50.
1952 3941 2091 4010 Quid
2133 3952 2313 4000 autem
2362 3945 2413 3999 in
2455 3945 2558 4000 hoc
2605 3947 2781 4016 aperis
2829 3962 3026 4017 genere
3071 3949 3123 4003 in
3169 3948 3342 4004 viduis

92 4040 248 4102 stolas,
275 4038 333 4095 Si
359 4049 534 4093 autem
566 4035 701 4106 quod
729 4051 830 4089 non
858 4034 1080 4087 videmus
1111 4049 1404 4104 speramus,
1435 4050 1523 4103 per
1555 4051 1648 4104 pa-
1751 4031 1979 4086 electum
2011 4041 2132 4098 est,
2169 4034 2269 4088 nisi
2304 4033 2579 4089 destitutio
2605 4045 2656 4088 et
2681 4035 2979 4090 desolatio?
3007 4035 3342 4107 Quapropter

92 4129 271 4184 timtiam
297 4141 650 4201 exspectamus
683 4143 703 4193 ;
749 4127 820 4182 ibi
869 4125 1095 4196 subjecit
1127 4141 1139 4178 :
1174 4125 1420 4181 Similiter
1449 4135 1494 4180 et
1525 4126 1648 4196 8ρί-
1751 4124 1795 4180 si
1826 4140 1886 4180 se
1914 4125 2093 4182 omnis
2120 4126 2298 4181 anima
2327 4127 2585 4197 intelligat
2609 4128 2660 4181 in
2687 4128 2788 4181 hoc
2817 4129 3016 4183 sazculo
3035 4129 3336 4185 destitutam

90 4222 184 4276 ritus
209 4225 404 4296 adjuvat
432 4222 790 4294 inﬁrmitatem
818 4229 1040 4274 nostram
1073 4218 1238 4290 :quid
1266 4218 1394 4271 enim
1425 4234 1641 4283 oremus,
1749 4224 1909 4285 atque
1952 4215 2276 4282 desolatam,
2309 4216 2560 4286 quamdiu
2599 4218 2964 4288 peregrinatur
3003 4235 3033 4273 a
3079 4219 3334 4285 Domino,

91 4316 188 4369 sicut
205 4326 405 4387 Oportet,
436 4316 728 4380 nescimus;
753 4314 844 4369 sed
863 4313 971 4383 ipse
996 4311 1220 4380 Spiritus
1241 4310 1524 4379 interpellat
1554 4328 1645 4380 pro
1749 4307 1986 4378 profecto
2030 4309 2315 4380 quamdam
2353 4308 2664 4365 viduitatem
2704 4325 2853 4363 suam
2903 4309 3014 4365 Deo
3070 4310 3338 4367 defensori

93 4407 200 4463 nobis
239 4389 498 4483 gemitibus
552 4406 988 4462 iuenarrabilibus.
1045 4404 1143 4469 Qui
1187 4412 1352 4456 autem
1395 4413 1647 4457 scrutatur
1749 4400 1958 4455 assidua
1987 4410 2041 4457 et
2075 4401 2467 4472 impensissima
2503 4402 2808 4472 precatione
2844 4402 3204 4458 commendat.
3232 4402 3336 4460 Ora

92 4502 233 4565 corda,
273 4504 361 4558 scit
388 4504 520 4575 quid
560 4501 786 4570 Spiritus
814 4499 1006 4569 sapiat,
1036 4498 1155 4567 quia
1180 4496 1452 4552 secundum
1481 4496 1646 4550 Deum
1750 4507 1878 4562 ergo
1903 4500 1960 4547 ut
1986 4492 2141 4548 vidua
2169 4491 2400 4558 Christi,
2439 4493 2672 4548 nondum
2714 4493 2916 4548 habens
2959 4493 3075 4564 ejus
3111 4510 3337 4566 conspe-

92 4591 326 4664 interpetlat
355 4613 449 4666 pro
486 4592 678 4651 sanctis
727 4592 907 4665 (Rom.
956 4606 1086 4656 vnt,
1115 4589 1333 4661 25-27).
1357 4588 1506 4656 Quod
1540 4605 1643 4642 non
1750 4590 1916 4648 ctum,
1949 4583 2102 4655 cujus
2127 4585 2364 4654 precaris
2402 4585 2674 4639 auxilium.
2708 4584 2775 4638 Et
2804 4584 2927 4639 licet
2949 4586 3024 4638 sis
3051 4585 3338 4652 ditissima,

94 4683 152 4736 sic
175 4695 244 4740 est
268 4685 692 4758 intelligendum,
727 4690 785 4737 ut
813 4682 1179 4738 existimemus
1208 4690 1448 4735 sanctum
1476 4679 1644 4750 Spiri-
1751 4676 1887 4730 sicut
1930 4691 2125 4745 pauper
2155 4692 2246 4729 ora
2279 4694 2291 4728 :
2329 4675 2564 4730 nondum
2591 4675 2733 4730 enim
2781 4691 2936 4730 veras
2967 4676 3126 4729 futuri
3158 4676 3334 4732 sa'culi

93 4782 174 4832 tum
205 4778 321 4845 Dei,
355 4780 448 4852 qui
489 4780 549 4834 in
589 4777 848 4832 Trinitate
889 4773 1336 4831 incommutabilis
1364 4775 1502 4828 Deus
1541 4782 1642 4838 est,
1750 4765 1961 4821 divitias
1988 4768 2173 4830 habes,
2195 4767 2281 4821 ubi
2306 4769 2447 4822 nulla
2471 4767 2661 4822 damna
2681 4766 2950 4821 formides.
2978 4765 3126 4822 Licet
3141 4766 3355 4823 habeas=

92 4877 244 4924 etcum
267 4873 417 4927 Patre
459 4882 517 4927 et
559 4869 694 4925 Filio
735 4884 874 4926 unus
908 4869 1078 4934 Deus,
1126 4876 1372 4938 tanquam
1414 4866 1644 4936 aliquem
1751 4857 1888 4911 ﬁlios
1925 4868 1980 4913 et
2018 4865 2257 4928 nepotes,
2306 4872 2752 4928 numerosamque
2788 4857 3060 4923 familiam,
3093 4856 3236 4926 quod
3283 4866 3338 4914 et

90 4962 155 5030 qui
173 4980 264 5019 non
295 4965 363 5020 sit
397 4962 548 5036 quod
579 4964 718 5019 Deus
756 4973 859 5029 est,
900 4961 1238 5032 interpellare
1281 4975 1377 5029 pro
1407 4958 1639 5013 sanctis:
1751 4965 1909 5019 supra
1955 4950 2155 5004 dictum
2207 4958 2308 5016 est,
2353 4951 2493 5006 sicut
2535 4951 2771 5008 desolata
2801 4966 2893 5006 ora
2927 4966 2940 5001 ε
2972 4950 3171 5006 incerta
3213 4962 3337 5008 sunt

89 5050 248 5108 dictum
267 5057 462 5129 quippe
493 5063 611 5121 est,
642 5052 1052 5124 Interpellatpro
1083 5053 1301 5116 sanctis,
1335 5051 1455 5122 quia
1482 5050 1645 5104 inter.
1751 5041 1890 5095 enim
1935 5040 2112 5094 omnia
2155 5043 2484 5111 temporalia,
2527 5043 2688 5097 etiam
2726 5057 2894 5112 usque
2930 5041 2983 5096 in
3024 5041 3182 5098 finem
3214 5044 3338 5099 vita:

91 5141 252 5208 pellare
276 5156 494 5202 sanctos
526 5143 678 5210 facit;
702 5145 839 5200 sicut
862 5145 1061 5199 dictum
1084 5153 1186 5210 est,
1217 5142 1394 5197 Tentat
1421 5159 1504 5197 vos
1537 5141 1640 5196 Do.
1752 5133 1906 5204 hujus
1936 5134 1987 5188 in
2027 5142 2260 5188 nostram
2290 5135 2709 5189 consolationem
2751 5149 3022 5190 mansura.
3052 5135 3129 5190 'l‘u
3158 5147 3334 5192 autem

89 5235 220 5291 uana.
238 5238 367 5294 Dem
386 5247 573 5304 vester,
601 5247 652 5290 at
670 5238 797 5292 sciat
822 5237 864 5290 si
890 5237 1112 5307 diligatis
1137 5253 1252 5290 eum
1296 5234 1480 5305 (Deut.
1528 5251 1640 5296 xm,
1750 5228 1794 5282 si
1821 5243 1882 5282 ea
1903 5243 2021 5298 quae
2046 5243 2253 5282 sursum
2282 5237 2405 5282 sunt
2434 5227 2629 5297 quaeris
2654 5236 2709 5282 et
2732 5228 2896 5297 sapis,
2925 5240 3124 5285 aeterna
3151 5239 3202 5284 et
3227 5245 3337 5283 cer-

89 5322 284 5391 5),hoc
318 5338 494 5386 estut
528 5328 664 5384 scire
708 5342 804 5382 vos
855 5327 1029 5383 faciat.
1084 5326 1427 5397 Interpellare
1468 5325 1644 5396 itaque
1751 5328 1803 5374 ιθ
1844 5317 2136 5384 desideras,
2192 5334 2312 5391 quae
2362 5317 2614 5389 quamdiu
2654 5318 2885 5373 nondum
2936 5317 3121 5387 habes,
3171 5319 3332 5373 etiam

89 5425 264 5474 sanctos
285 5419 410 5476 facit
435 5419 723 5492 gemitibus
761 5418 1230 5485 inenarrabilibus,
1261 5416 1529 5488 inspirans
1566 5416 1662 5480 eis_
1751 5411 1912 5467 salvis
1936 5412 2185 5468 omnibus
2202 5421 2361 5484 atque
2381 5411 2794 5483 obsequentibus
2818 5412 2938 5479 tuis,
2965 5421 3213 5483 tauquam
3238 5410 3334 5465 de-

87 5503 369 5568 desiderium
408 5512 576 5569 etiam
623 5511 798 5568 adhuc
843 5511 1122 5582 incognitie
1165 5517 1326 5566 tantae
1369 5509 1446 5564 rei
1485 5523 1642 5579 quam
1751 5506 1972 5561 solatam
2003 5506 2259 5577 deputare
2301 5514 2355 5560 te
2389 5504 2578 5560 debes.
2613 5505 2678 5560 Et
2706 5505 2750 5560 si
2795 5515 2870 5570 tu,
2900 5503 3134 5574 profecto
3171 5501 3330 5558 etiam

88 5609 162 5664 De?
182 5602 483 5670 mtientiam
514 5614 901 5677 exspectamus.
919 5603 1198 5672 Quomodo
1215 5603 1354 5659 enim
1379 5611 1641 5666 narratur,
1751 5605 1844 5654 tuo
1873 5599 2117 5669 exemplo
2149 5597 2547 5667 religiosissima
2578 5615 2742 5652 nurus
2769 5607 2880 5663 tua,
2908 5605 2963 5652 et
2990 5595 3108 5651 alia:
3135 5604 3334 5651 sach

87 5693 268 5760 quando
302 5698 641 5756 desideratur
661 5738 683 5767 ,
708 5699 850 5772 quod
878 5699 1151 5773 ignoratur
1180 5699 1203 5750 ?
1232 5711 1352 5753 nam
1395 5697 1571 5767 utique
1597 5696 1638 5748 si
1751 5693 1922 5750 viduae
1950 5693 2285 5766 virginesque
2315 5693 2418 5748 sub
2447 5702 2619 5747 vestra
2649 5707 2773 5746 cura
2805 5691 3042 5750 securius
3069 5690 3328 5748 constitu—
