3990 6388
587 384 685 444 5M

588 502 733 559 illum
785 501 1066 559 Dominum
1088 542 1102 565 .
1137 501 1189 556 in
1219 501 1371 570 cujus
1401 499 1595 555 familia
1643 500 1920 555 nobiscum
1968 500 2177 555 ctelcsti

584 592 705 664 jure
732 594 988 659 censeris,
1022 595 1074 649 in
1106 609 1211 664 quo
1244 609 1392 663 spem
1436 593 1560 648 vitae
1604 603 1819 649 aeternae
1848 593 2051 664 pariter
2077 596 2176 649 ba-

587 688 808 753 bemus,
857 696 912 742 et
936 702 1092 757 quem
1124 701 1221 758 pro
1250 685 1398 740 vobis
1436 685 1488 739 in
1524 686 1883 741 sacrosanctis
1911 686 2178 757 mysteriis

588 779 916 834 invocamus.
955 777 1217 842 Proinde.
1249 776 1466 834 domine
1504 777 1725 848 insignis
1765 786 1822 834 et
1850 779 2041 833 merito
2084 794 2174 834 su-

587 872 786 935 blimis,
816 887 879 926 ac
902 869 1340 942 praestantissime
1370 869 1464 935 fili,
1494 868 1724 939 primum
1753 886 1937 941 quzeso
1975 878 2032 924 ut
2071 886 2177 925 non

586 962 679 1016 tibi
709 961 888 1016 \idear
914 961 1249 1030 importunus
1275 959 1479 1014 irruere
1504 959 1712 1015 actibus
1738 960 1860 1023 tuis,
1892 975 1953 1013 ea
1976 960 2176 1015 sollici-

587 1055 766 1109 tudine
792 1069 948 1123 quam
980 1068 1065 1109 me
1086 1052 1351 1123 prrccipue
1374 1067 1562 1122 gerere
1584 1063 1796 1124 oportet
1818 1068 1914 1125 pro
1934 1053 2174 1109 Ecclesia

585 1144 714 1200 mihi
746 1144 965 1207 credita,
999 1144 1151 1214 cujus
1177 1143 1499 1199 utilitatibus
1545 1143 1756 1209 servio,
1798 1145 1882 1199 cui
1920 1161 2024 1199 non
2070 1156 2176 1200 tam

584 1251 816 1308 pra-esse
842 1252 1000 1308 quam
1029 1237 1287 1309 prodesse
1322 1236 1569 1292 desidero
1597 1254 1611 1290 :
1643 1236 1837 1292 deinde
1869 1237 2096 1293 obsecro
2122 1245 2180 1291 ut

583 1327 723 1398 quod
766 1343 959 1384 moneo
986 1328 1071 1384 vel
1102 1344 1251 1398 rogo,
1282 1343 1388 1383 non
1414 1327 1718 1397 dedigneris
1756 1327 1998 1399 accipere
2020 1370 2035 1395 ,
2069 1343 2175 1384 non

581 1420 848 1476 cuucteris
868 1421 1225 1492 acquiescere.

651 1514 706 1569 2.
737 1513 1211 1570 Circumcelliones
1247 1512 1504 1584 quosdam
1533 1520 1589 1568 et
1611 1511 1837 1568 clericos
1858 1512 2174 1580 donatistas,

578 1620 709 1661 cura
737 1620 922 1659 eorum
953 1604 1043 1674 qui
1082 1604 1374 1674 disciplina:
1409 1603 1634 1674 publica!
1668 1604 1992 1671 inserviunt,
2037 1620 2178 1674 prae-

583 1696 745 1751 missa
772 1693 1009 1759 Notoria,
1039 1694 1105 1749 ad
1138 1694 1336 1765 judicia
1377 1695 1628 1765 legesque
1667 1693 1932 1765 perduxit.
1962 1694 2025 1749 Hi
2052 1710 2174 1751 cum

579 1787 894 1844 audirentur
920 1803 951 1842 a
991 1788 1107 1842 viro
1134 1787 1433 1843 clarissimo
1471 1794 1525 1841 et
1566 1786 1843 1856 Spectabili
1881 1786 2097 1841 tribuno
2121 1795 2177 1842 et

580 1877 791 1934 notario
820 1876 983 1933 fratre
1008 1886 1121 1943 tuo,
1137 1876 1257 1932 filio
1280 1892 1402 1933 meo
1425 1876 1753 1941 Marcellino,
1771 1891 1876 1931 non
1898 1877 2175 1933 tormentis

583 1971 895 2042 ungularum
923 1980 1082 2041 atque
1112 1969 1467 2035 ﬂammarum,
1498 1969 1592 2025 sed
1623 1969 1888 2040 virgarum
1920 1970 2171 2036 coerciti,

579 2060 844 2118 horrenda
875 2061 1108 2116 facinora
1139 2060 1195 2116 in
1222 2059 1414 2117 fratres
1442 2068 1498 2117 et
1526 2060 1994 2133 comprcsbyteros
2024 2077 2173 2118 meos

576 2170 609 2210 ι
654 2169 713 2210 se
763 2163 1066 2226 perpetrata
1102 2154 1331 2210 confessi
1374 2163 1531 2216 sunt;
1575 2153 1717 2225 quod
1756 2153 1965 2209 scilicet
2009 2170 2172 2209 unum

577 2260 763 2301 eorum
818 2253 1098 2317 exceptum
1145 2245 1351 2300 insidiis
1398 2244 1813 2311 trucidaverunt,
1861 2244 2090 2300 alterum
2143 2261 2176 2301 e

575 2334 738 2390 dumo
767 2343 996 2405 raptum,
1023 2335 1179 2390 oculo
1207 2334 1403 2391 effosso
1428 2335 1701 2407 digitoque
1728 2344 2001 2406 amputato
2022 2345 2173 2392 trun-

576 2435 852 2482 caverunt.
882 2425 1009 2482 Haec
1035 2441 1153 2481 cum
1194 2427 1574 2496 comperissem
1615 2426 1733 2481 illos
1773 2426 1935 2483 fuisse
1958 2427 2171 2484 confes-

579 2533 690 2585 sos,
722 2516 951 2596 ideoque
981 2519 1199 2574 minime
1225 2519 1523 2574 dubitarem
1556 2520 1655 2574 sub
1677 2520 1798 2591 jura
1837 2529 1941 2576 tua:
1967 2522 2174 2578 securis

577 2626 698 2667 esse
723 2622 997 2676 venturos,
1028 2612 1125 2667 has
1150 2612 1219 2667 ad
1247 2622 1389 2668 tuam
1412 2612 1751 2669 Nobilitatem
1788 2614 1989 2669 litteras
2016 2630 2171 2671 acce-

576 2701 764 2770 leravi,
787 2704 977 2773 quibus
997 2703 1288 2774 deprecor,
1317 2713 1371 2759 et
1396 2720 1491 2775 per
1516 2705 1935 2759 misericordiam
1972 2703 2169 2762 Christi

576 2790 830 2858 obsecro,
881 2792 960 2849 sic
984 2793 1053 2850 de
1087 2803 1174 2849 tua
1204 2794 1409 2865 majore
1456 2804 1616 2863 atque
1652 2794 1881 2851 certiore
1922 2795 2173 2853 felicitate

574 2883 917 2955 gaudeamus,
952 2893 1011 2940 ut
1034 2886 1114 2940 eis
1136 2885 1277 2955 paria
1301 2900 1408 2940 non
1437 2885 1836 2950 retribuantur;
1864 2901 2170 2958 quanquam

576 2972 766 3043 lapidis
781 2973 972 3029 ictibus
987 2974 1205 3045 digitum
1230 2974 1518 3044 praecidere
1531 2976 1850 3046 oculumque
1862 2976 2171 3032 convellere

580 3064 726 3133 leges
751 3064 1019 3135 puniendo
1046 3082 1150 3121 non
1174 3066 1397 3136 possint,
1416 3065 1556 3136 quod
1584 3066 1668 3120 isti
1695 3065 1966 3122 saeviendo
1987 3076 2172 3136 potue-

576 3166 722 3212 runt.
767 3157 919 3213 Unde
961 3172 1183 3213 securus
1228 3175 1346 3214 sum
1388 3159 1455 3214 de
1501 3160 1565 3214 iis
1616 3161 1706 3229 qui
1745 3160 1849 3215 hoc
1886 3176 1944 3215 se
1983 3160 2172 3217 fecisse

578 3248 809 3304 confessi
838 3258 981 3313 sunt,
1016 3250 1156 3321 quod
1174 3250 1327 3323 hanc
1352 3252 1775 3309 vicissitudinem
1804 3270 1908 3308 non
1932 3264 2171 3323 reporta-

582 3339 752 3405 bunt;
795 3339 890 3396 sed
932 3356 1000 3396 nc
1033 3342 1115 3396 vel
1150 3334 1283 3412 ipsi,
1324 3342 1408 3397 vel
1454 3344 1527 3396 illi
1565 3358 1789 3413 quorum
1825 3344 2170 3401 homicidium

582 3432 903 3503 patefactum
939 3443 1039 3496 est.
1074 3449 1169 3506 per
1183 3442 1288 3489 tua:
1308 3436 1585 3505 potestatis
1603 3437 1920 3492 sententiam
1942 3439 2170 3494 multcn-

583 3532 701 3589 tur,
745 3525 847 3581 hoc
876 3526 1057 3590 timeo,
1092 3526 1195 3583 hoc
1232 3543 1299 3582 ne
1345 3526 1437 3581 fiat
1478 3536 1532 3582 et
1579 3527 1900 3583 christianos
1936 3530 2168 3600 judicem

574 3631 726 3687 rogo,
758 3626 812 3672 et
836 3618 1183 3675 christianum
1212 3620 1493 3691 cpiscOpus
1521 3636 1734 3676 ntoneo.

644 3708 699 3763 3.
758 3710 832 3765 De
876 3710 1028 3766 vobis
1069 3712 1281 3782 quidem
1337 3712 1536 3770 dixisse
1584 3715 1896 3784 Apostolum
1941 3717 2168 3789 legimus

573 3798 717 3871 quod
750 3814 854 3856 nou
891 3801 1007 3858 sine
1034 3818 1192 3857 causa
1221 3802 1455 3874 gladium
1487 3806 1701 3874 geratis,
1735 3815 1788 3860 et
1818 3808 2047 3862 ministri
2073 3809 2167 3865 Dei

573 3890 719 3959 sitis,
747 3892 983 3949 vindices
1026 3894 1079 3948 in
1112 3909 1207 3950 eos
1236 3894 1324 3965 qui
1355 3896 1492 3951 male
1521 3907 1686 3968 agunt
1728 3898 1901 3968 (Rom.
1928 3916 2042 3965 xm,
2065 3900 2121 3972 4)
2147 3917 2162 3966 ;

571 3984 665 4040 sed
690 3985 791 4040 alia
815 4000 976 4042 causa
1002 3995 1085 4042 est
1118 3988 1424 4058 provinciae,
1458 3988 1561 4043 alia
1592 4000 1673 4045 est
1708 3990 1959 4047 Ecclesiae
1984 4010 1997 4045 :
2024 3992 2166 4049 illius

571 4076 881 4133 terribiliter
896 4077 1129 4148 gerenda
1156 4088 1239 4134 est
1260 4078 1647 4135 administratio
1666 4097 1680 4147 ;
1699 4080 1859 4151 hujus
1875 4084 2165 4142 clementer

568 4167 991 4224 commendanda
1026 4179 1107 4224 est
1135 4170 1507 4227 mansuetudo.
1536 4170 1595 4227 Si
1621 4172 1760 4243 apud
1786 4172 2019 4243 judicem
2054 4192 2161 4231 non

569 4257 920 4315 christianum
969 4260 1096 4315 mihi
1146 4277 1326 4318 sermo
1364 4272 1533 4329 esset,
1575 4265 1730 4320 aliter
1767 4282 1981 4336 agerem
2019 4284 2031 4320 :
2062 4283 2162 4326 nec

571 4357 747 4403 tamen
772 4350 931 4403 etiam
950 4350 1026 4404 sic
1047 4350 1299 4406 Ecclesia:
1318 4368 1534 4409 causam
1557 4354 1883 4421 desererem,
1911 4368 1963 4412 et
1988 4376 2159 4431 quau-

572 4448 683 4494 tum
708 4439 991 4495 admittere
1015 4441 1341 4510 dignaretur,
1376 4444 1629 4500 inslarem
1653 4461 1719 4501 ne
1741 4448 2014 4516 passiones
2041 4466 2159 4506 ser-

568 4545 756 4586 vorum
803 4530 897 4586 Dei
940 4531 1320 4587 catholicorum
1345 4574 1360 4599 ,
1398 4550 1516 4605 quae
1560 4536 1816 4604 prodesse
1857 4537 2045 4594 debent
2091 4540 2158 4596 ad

566 4625 810 4697 exempla
843 4625 1134 4696 patientiae,
1165 4626 1497 4684 inimicorum
1526 4645 1744 4685 suorum
1767 4632 2027 4703 sangttine
2055 4634 2157 4691 fu:-

564 4716 852 4784 darentur;
879 4726 935 4776 et
954 4718 998 4774 si
1021 4719 1187 4775 nollet
1213 4721 1575 4792 acquiescere,
1596 4723 1810 4781 inimico
1835 4728 2014 4781 animo
2034 4744 2154 4785 eum

565 4812 817 4868 resistere
865 4813 1186 4883 suSpiearer.
1234 4813 1384 4869 Nunc
1422 4831 1550 4871 vero
1578 4818 1791 4888 quando
1817 4820 1955 4891 apud
1988 4830 2037 4876 te
2067 4838 2155 4878 res

567 4901 761 4971 agitur,
790 4902 891 4957 alia
920 4902 1049 4957 mihi
1079 4904 1214 4959 ratio
1236 4914 1337 4971 est,
1370 4906 1471 4960 alia
1502 4909 1841 4965 consultatio.
1872 4913 2152 4969 Rectorem

567 5001 619 5046 te
662 4991 875 5062 quidem
918 4995 1189 5064 praecelsa:
1232 4997 1517 5067 potestatis
1563 4998 1840 5068 videmus,
1870 5002 1963 5056 sed
1994 5004 2151 5058 etiam

566 5082 734 5139 filium
760 5082 1061 5142 christiana:
1080 5089 1288 5158 pietatis
1314 5090 1672 5161 agnoscimus.
1698 5093 1969 5149 Subdatur
1988 5096 2153 5150 subli-

565 5174 725 5230 mitas
770 5183 877 5239 tua,
918 5176 1171 5233 subdatur
1209 5180 1342 5236 ﬁdes
1386 5191 1510 5249 tua;
1541 5196 1759 5238 causam
1785 5192 1955 5240 tecum
1984 5194 2152 5242 tractu

562 5265 1033 5333 eommunem,sed
1056 5274 1111 5321 tu
1132 5268 1184 5324 in
1212 5286 1275 5324 ea
1297 5280 1446 5341 potes
1471 5271 1613 5345 quod
1642 5288 1741 5344 ego
1758 5290 1862 5329 non
1895 5291 2108 5347 possum
2135 5295 2148 5332 :

564 5356 749 5412 confer
778 5356 1054 5412 nobiseum
1080 5361 1382 5428 consilium,
1414 5373 1470 5419 et
1496 5366 1707 5437 porrige
1735 5367 2011 5423 auxilium.

634 5449 689 5504 ι.
716 5450 1006 5521 Diligenter
1029 5461 1205 5509 actum
1225 5465 1308 5511 est
1331 5464 1389 5512 ut
1412 5456 1611 5515 inimici
1632 5459 1910 5529 Ecclesite,
1942 5464 2031 5534 qui
2058 5479 2150 5519 so-

564 5539 681 5595 lent
700 5543 1002 5615 vaniloquio
1027 5544 1351 5602 seductiouis
1376 5550 1663 5608 sollicitare
1692 5554 1899 5610 animos
1930 5554 2150 5626 imperi-

565 5640 650 5688 tos
702 5641 953 5706 tanquam
1002 5636 1071 5692 de
1123 5639 1493 5708 persecutione
1540 5643 1830 5714 gloriantes
1882 5662 2040 5718 quam
2092 5661 2151 5702 se

566 5724 771 5791 perpeti
816 5723 1044 5794 iactant,
1086 5727 1350 5787 horrenda
1393 5731 1629 5790 facinora
1658 5751 1755 5792 sua
1781 5737 1835 5793 in
1860 5738 2150 5795 catholicos

559 5812 790 5870 clericos
820 5828 1119 5887 perpetrata
1164 5822 1454 5882 faterentur
1482 5836 1539 5884 et
1571 5828 1684 5884 suis
1710 5830 1885 5886 verbis
1911 5832 2146 5903 implica-

1813 386 1867 440 S.
1910 384 2275 443 AUGUSTINI
2313 386 2618 447 EPISCOPI
3724 418 3810 478 δη

2288 513 2494 603 rentur.
2526 505 2769 603 Legenda
2802 517 2925 565 sunt
2945 510 3106 568 Gesta
3132 513 3196 569 ad
3217 518 3472 576 sanandas
3486 523 3685 591 animas.
3698 546 3807 603 quas

2286 595 2534 665 pestifera
2564 599 2814 655 suasione
2844 616 3239 661 veneuaverunt
3258 625 3271 661 :
3293 612 3538 683 numquid
3563 595 3803 686 placet-tibi

2284 699 2342 783 ut
2368 689 2435 743 ad
2470 689 2629 746 linem
2660 691 2966 783 Gestorum.
3000 696 3045 751 si
3074 709 3348 755 cruentum
3392 703 3599 761 istorum
3645 715 3808 783 suppli.

2285 778 2425 833 cium
2455 782 2784 848 continebit,
2836 784 3059 853 legendo
3106 792 3383 858 pervenire
3422 778 3807 866 timeamusfubi

2282 873 2531 943 ponimus
2559 884 2614 930 et
2639 875 2807 945 ipsam
2836 880 3239 949 conscientiam,
3272 900 3339 938 ne
3368 886 3553 942 malum
3579 905 3664 959 pro
3680 897 3805 962 malo,

2284 966 2373 1035 qui
2404 966 2545 1037 passi
2585 975 2728 1031 sunt,
2773 968 3067 1027 reddidisse
3106 972 3423 1029 videantur?
3469 976 3520 1033 Si
3564 996 3674 1051 ergo
3708 986 3808 1044 nihil

2284 1057 2428 1112 aliud
2478 1060 2899 1116 constituerelur
2940 1062 3211 1119 frenandze
3246 1067 3460 1121 malitia:
3505 1071 3806 1143 perditorum,

2284 1156 2523 1204 extrema
2553 1151 2780 1206 fortasse
2809 1155 3101 1211 necessitas
3130 1166 3186 1211 ut
3219 1158 3352 1215 tales
3376 1160 3714 1220 occiderentur
3737 1185 3808 1225 ur-

2285 1252 2469 1311 geret;
2500 1260 2806 1315 quanquam
2838 1248 2977 1317 quod
3006 1248 3073 1303 ad
3103 1266 3200 1304 nos
3228 1252 3435 1318 attinet,
3462 1255 3504 1309 si
3528 1256 3646 1311 nihil
3670 1261 3809 1318 mitius

2283 1330 2364 1387 eis
2394 1334 2508 1389 fieri
2538 1344 2736 1404 posset,
2766 1338 3043 1393 mallemus
3066 1355 3161 1396 eos
3187 1341 3383 1398 liberos
3419 1345 3649 1411 relaxari,
3682 1367 3805 1420 quam

2284 1425 2562 1494 passiones
2607 1426 2827 1507 fratrum
2874 1441 3175 1487 nostrorum
3217 1432 3338 1489 fuso
3379 1450 3558 1491 eorum
3603 1442 3808 1511 sanguine

2282 1519 2538 1575 vindicari
2574 1539 2587 1573 :
2616 1537 2761 1577 nunc
2790 1538 2917 1578 vero
2945 1540 3065 1579 cum
3093 1527 3290 1597 aliquid
3319 1528 3431 1583 fieri
3459 1530 3633 1600 possit,
3662 1549 3747 1603 quo
3769 1546 3810 1593 et

2282 1613 2426 1666 mitis
2450 1615 2858 1671 commendetur
2886 1617 3142 1685 Ecclesia,
3168 1627 3226 1675 et
3252 1620 3528 1676 immitium
3552 1622 3810 1682 cohibeatur

2280 1703 2533 1770 audacia;
2562 1722 2661 1761 cur
2700 1722 2805 1763 non
2846 1708 3029 1765 flectas
3057 1711 3110 1765 in
3136 1721 3342 1781 partem
3382 1713 3807 1784 providentiorem,

2282 1796 2646 1869 lenioremque
2675 1802 3026 1867 sententiam,
3055 1802 3196 1873 quod
3230 1803 3357 1859 licet
3389 1804 3641 1873 judieihus
3677 1806 3811 1863 facere

2280 1889 2438 1944 etiam
2481 1906 2585 1946 non
2630 1892 2681 1947 in
2718 1894 2896 1949 causis
2938 1894 3225 1951 Ecclesiae?
3260 1895 3415 1951 Time
3440 1912 3563 1968 ergo
3586 1898 3809 1956 nobiscum

2275 1980 2533 2051 judicium
2568 1984 2659 2039 Dei
2704 1986 2876 2041 Patris
2901 2027 2915 2051 ,
2960 1995 3016 2042 et
3054 1988 3372 2044 commenda
3412 1991 3808 2048 mansuetudinem

2279 2072 2466 2127 matris
2496 2092 2509 2128 :
2537 2089 2657 2129 eum
2688 2076 2832 2131 enim
2881 2086 2937 2132 tu
2978 2076 3109 2133 facis
3131 2118 3148 2145 ,
3199 2078 3436 2134 Ecclesia
3468 2078 3601 2145 facit,
3640 2091 3809 2153 propter

2278 2178 2436 2233 quam
2479 2166 2623 2230 facis,
2658 2176 2713 2221 et
2738 2168 2889 2238 cujus
2928 2168 3065 2224 filius
3115 2168 3270 2226 facis.
3319 2169 3587 2227 Contende
3623 2173 3810 2228 bonitate

2277 2268 2400 2308 cum
2446 2256 2598 2311 malis
2633 2275 2646 2310 :
2681 2257 2753 2312 illi
2794 2258 2998 2314 scelere
3039 2259 3252 2314 immani
3285 2260 3521 2315 membra
3548 2260 3609 2316 de
3632 2276 3810 2332 corpore

2278 2346 2403 2400 vivo
2428 2347 2768 2414 a\'ulscrunt;
2802 2361 2857 2405 tu
2896 2366 3058 2421 opere
3102 2351 3437 2408 misericordi
3478 2352 3622 2409 effice
3660 2363 3708 2408 ut
3743 2355 3809 2410 illa

2277 2459 2397 2515 qua:
2442 2442 2682 2498 nefandis
2722 2443 2974 2514 operibus
3002 2445 3362 2513 exercebant,
3394 2447 3545 2503 alicui
3572 2447 3673 2503 utili
3696 2448 3809 2517 open

2278 2536 2482 2607 integra
2510 2550 2694 2590 eorum
2728 2536 2967 2592 membra
2995 2536 3323 2595 deserviant.
3354 2538 3434 2596 Illi
3474 2555 3574 2596 non
3606 2556 3808 2611 peperce-

2282 2636 2408 2683 runt
2443 2628 2831 2683 correctionem
2859 2628 2960 2684 sibi
2999 2629 3411 2699 praedicantibus
3444 2631 3535 2687 Dei
3574 2631 3745 2695 servis;
3769 2644 3808 2686 tn

2284 2737 2441 2792 parce
2455 2721 2876 2792 comprehensis,
2902 2737 3059 2792 parce
3082 2722 3280 2790 ductis,
3313 2738 3473 2795 parce
3486 2726 3730 2781 convictis.
3750 2724 3809 2779 Illi

2279 2814 2441 2883 impio
2469 2814 2610 2866 ferro
2648 2812 2902 2868 fuderunt
2940 2814 3249 2884 sanguinem
3286 2814 3633 2871 Christianum
3661 2833 3672 2869 :
3696 2824 3742 2870 tu
3760 2815 3809 2869 ab

2278 2923 2464 2963 eorum
2492 2908 2748 2977 sanguine
2776 2907 3241 2977 etiamjuridicum
3269 2908 3508 2978 gladium
3528 2908 3698 2965 cohibe
3717 2922 3809 2979 pro-

2275 3010 2393 3072 pter
2422 2999 2715 3054 Christum.
2747 3000 2825 3054 Illi
2856 3000 3100 3055 ministro
3126 3000 3389 3058 Ecclesiae
3428 3002 3600 3057 occiso
3620 3009 3807 3057 extorse-

2275 3101 2403 3148 runt
2427 3093 2656 3163 spatium
2687 3091 2931 3146 vivendi:
2955 3101 3009 3146 tu
3039 3093 3269 3148 inimicis
3294 3093 3544 3150 Ecclesiae
3564 3092 3806 3148 viventibus

2274 3184 2455 3239 relaxa
2500 3184 2728 3255 spatium
2774 3183 3085 3254 paenitendi.
3118 3183 3306 3240 Talem
3334 3195 3386 3241 te
3421 3194 3617 3257 oportet
3642 3199 3741 3240 esse
3767 3183 3805 3238 in

2274 3292 2431 3332 causa
2456 3277 2708 3332 Ecclesia:
2724 3277 2958 3346 judicem
2982 3276 3360 3342 christianum,
3390 3278 3694 3350 petentibus,
3718 3291 3805 3331 mo-

2274 3368 2546 3433 nentibus,
2563 3367 3015 3423 intercedentibus
3033 3368 3211 3424 nobis.
3224 3367 3415 3424 Solent
3438 3368 3661 3424 homines
3679 3380 3805 3439 quam

2274 3461 2344 3517 do
2370 3476 2489 3515 eum
2520 3460 2747 3516 inimicis
2770 3477 2955 3516 eorum
2984 3462 3242 3517 convictis
3268 3462 3447 3519 lenius
3474 3463 3659 3534 agitur,
3685 3475 3710 3515 a
3730 3458 3804 3514 uii-

2272 3555 2409 3610 tiore
2447 3555 2711 3610 sententia
2754 3568 3045 3624 provocare
3088 3572 3101 3608 :
3142 3553 3237 3611 sed
3269 3554 3516 3611 inimicos
3551 3562 3734 3609 nostros
3751 3549 3804 3605 ita

2270 3645 2559 3717 diligimus.
2592 3654 2650 3700 ut
2675 3644 2874 3707 niside
2905 3654 2994 3699 tua
3018 3645 3313 3700 christiana
3337 3644 3631 3701 obedientia
3650 3655 3805 3715 pansu—

2272 3752 2516 3803 mamus,
2565 3753 2594 3791 a
2649 3747 2734 3791 tua
2783 3753 2969 3793 severa
3012 3738 3275 3792 sententia
3324 3733 3803 3808 provocemuslieus

2269 3830 2609 3900 omnipotens
2638 3828 3022 3884 Excellentiam
3051 3838 3194 3884 tuam
3222 3831 3516 3886 auctiorem
3536 3827 3802 3887 feliciores!-

2269 3939 2373 3994 que
2397 3932 2698 3987 conservet,
2726 3922 2943 3979 domine
2967 3922 3189 3994 insignis
3206 3933 3263 3979 et
3290 3925 3485 3980 merito
3508 3922 3736 3985 sublimis,
3756 3932 3801 3972 ³ο

2242 4030 2246 4033 ‘
2266 4016 2705 4087 prrestantissime
2735 4015 2829 4073 fili.

2664 4107 2997 4165 EPISTOLA
3032 4106 3273 4164 cxxxv
3316 4112 3336 4132 ·
3364 4106 3465 4181 (η).

2277 4199 2585 4273 Volusianus
2612 4201 2886 4273 Augustino
2905 4242 2921 4266 ,
2952 4215 3237 4273 proponens
3258 4198 3341 4254 illi
3364 4198 3647 4273 quaestiones
3667 4211 3798 4273 aquo-

2338 4272 2491 4327 modo
2521 4271 2661 4326 Deus
2690 4268 2969 4343 immensus
3000 4268 3169 4325 claudi
3199 4268 3417 4343 potuerit
3442 4280 3576 4323 utero
3601 4268 3797 4343 uirginis,

2336 4353 2383 4396 et
2426 4344 2644 4412 infantis
2682 4342 3019 4414 corpusculo;
3049 4358 3116 4394 an
3134 4340 3321 4414 mundi
3365 4356 3544 4414 curant
3578 4340 3799 4414 deseruerit

2335 4408 2556 4477 interim,
2589 4423 2711 4476 etc.;
2745 4408 2867 4465 num
2898 4413 3047 4465 etiam
3074 4411 3333 4465 miraculis
3361 4411 3483 4465 satis
3510 4408 3733 4463 declarata
3752 4408 3799 4458 sit

2335 4486 2444 4555 ejus
2468 4484 2724 4537 diuinitas.

2268 4577 2487 4632 Domino
2531 4592 2641 4630 uere
2677 4585 2882 4641 sancto,
2927 4592 2986 4629 ac
3025 4576 3202 4630 merito
3251 4575 3521 4629 venerabili
3561 4564 3680 4644 patri
3714 4569 3795 4624 At:-

2618 4683 2838 4724 ous'rmo
2866 4668 3121 4738 episcOpo,
3151 4665 3502 4723 VOLUSIANUS.

2335 4762 2387 4817 i.
2422 4758 2561 4815 Petis
2591 4777 2686 4824 me,
2716 4761 2790 4813 vir
2819 4760 3081 4831 probitatis
3101 4760 3419 4829 justititeque
3447 4759 3791 4815 documentum,

2262 4860 2315 4905 ut
2365 4853 2535 4919 aliqua
2570 4869 2631 4905 ea:
2664 4851 2910 4921 ambiguis
2940 4849 3165 4905 lectionis
3192 4852 3364 4919 perita:
3382 4848 3612 4905 discenda
3628 4859 3795 4919 percon-

2264 4955 2356 5000 ter.
2388 4946 2674 5015 Amplector
2710 4946 2925 5016 gratiam
2954 4945 3172 4998 muneris
3200 4945 3451 5013 imperati,
3484 4957 3646 5013 meque
3673 4939 3794 4993 libans

2260 5040 2313 5093 in
2344 5040 2639 5109 disciplinas
2669 5048 2781 5091 tuas
2806 5036 2984 5103 offero,
3018 5039 3192 5091 veteris
3216 5038 3475 5091 sententia:
3495 5033 3791 5088 auctoritatem

2258 5143 2487 5198 secutus,
2530 5147 2644 5201 qua:
2673 5132 2868 5185 nullam
2896 5131 2963 5183 ad
2992 5129 3376 5200 perdiscendum
3407 5128 3649 5183 abundare
3672 5119 3792 5177 credit

2259 5233 2477 5277 atatem.
2505 5222 2682 5294 Neque
2700 5224 2768 5276 im
2776 5223 2948 5277 merito
2963 5223 3184 5293 sapiens,
3208 5221 3489 5291 prudentiae
3504 5218 3657 5273 studia
3673 5212 3790 5268 nullis

2262 5317 2502 5379 terminis,
2538 5334 2697 5388 neque.
2722 5318 2822 5387 ﬁne
2846 5319 3127 5393 conclusit,
3169 5316 3371 5389 quando
3410 5312 3679 5386 primordiis
3709 5302 3789 5361 suis

2257 5423 2453 5468 remota
2494 5412 2651 5465 virtus
2682 5411 2699 5442 ⁸
2726 5426 2980 5482 nunquam
3008 5412 3135 5466 adeo
3157 5419 3405 5467 reseratur
3439 5404 3724 5464 adeuntibus,
3750 5404 3789 5449 ιιι

2324 5530 2341 5561 ί
2368 5536 2496 5578 Unus
2517 5528 2663 5577 vatio.
2688 5525 2845 5575 codex
2861 5526 3057 5576 ueteris
3075 5524 3430 5587 refragantibus
3438 5515 3789 5586 praeferentia“

2256 5598 2525 5704 ωψέιῖἑωι
2541 5665 2649 5703 cum
2687 5648 2891 5715 epistola
2914 5665 3079 5703 oxxxu
3094 5685 3107 5711 ,
3134 5650 3183 5700 iu
3220 5648 3393 5699 iisdem
3411 5646 3518 5698 cdd.
3543 5652 3671 5706 supra
3687 5633 3788 5689 desi-

2256 5724 2535 5841 gnéidjiilias
2556 5776 2586 5826 Ξ
2606 5792 2616 5825 ;
2640 5789 2750 5888 (ξιιω
2768 5785 2930 5827 autem
2968 5778 3053 5827 135
3088 5782 3211 5838 erat,
3246 5785 3370 5825 nunc
3403 5772 3505 5823 HO.
3536 5757 3787 5829 δαὶριιευδ

2257 5842 2444 5888 initium
2465 5841 2573 5888 anni
2594 5839 2645 5887 Μ
2691 5876 2699 5887 .

2257 5839 2444 5892 initium
2465 5841 2573 5889 anni
2594 5839 2699 5888 ΜΞ.
