3990 6398
616 335 745 419 ω

711 479 767 534 8.
809 475 925 533 Non
958 475 1136 548 itaque
1162 475 1503 531 metuendum
1529 482 1612 528 est
1637 471 2008 544 corpusculum
2048 470 2223 526 infan-

641 570 730 625 tiae
747 611 761 634 ,
784 584 855 626 ne
882 567 936 623 in
973 566 1063 623 illo
1090 575 1263 624 tantas
1284 566 1300 599 ¹
1325 564 1462 620 Deus
1491 562 1759 635 angustias
1796 577 1981 633 passus
2007 575 2126 617 esse
2146 561 2225 615 vi.

637 659 845 716 deatur.
885 658 1069 731 Neque
1111 658 1253 714 enim
1303 657 1471 724 mole,
1515 654 1610 711 sed
1651 654 1843 710 virtute
1880 667 2105 725 magnus
2142 661 2225 709 est

641 750 815 817 Deus;
844 752 933 821 qui
956 748 1283 822 providentia
1309 761 1403 803 sua
1425 747 1700 803 meliorem
1726 761 1941 803 sensum
1973 745 2222 800 formicu-

636 843 703 899 lis
735 853 789 900 et
821 842 1043 915 apiculis
1080 842 1225 899 dedit
1267 858 1425 914 qttam
1466 841 1630 897 asinis
1669 849 1726 897 et
1762 840 2011 906 camelis;
2037 839 2127 910 qui
2155 854 2222 894 ex

632 950 804 1007 grano
845 934 1200 991 minutissime
1238 934 1457 990 seminis
1499 943 1700 989 tantam
1739 933 1978 988 ficulnete
2014 931 2221 988 arboris

640 1024 1055 1096 magnitudinem
1081 1034 1247 1091 creat,
1269 1041 1389 1081 cum
1411 1039 1474 1081 ex
1503 1024 1668 1079 multo
1689 1023 1979 1094 majoribus
2004 1022 2222 1078 semini-

634 1118 734 1174 bus
764 1119 921 1191 longe
946 1119 1150 1174 minora
1178 1120 1343 1174 multa
1375 1129 1689 1183 nascantur;
1715 1119 1804 1189 qui
1834 1116 2083 1187 pupillam
2112 1126 2219 1171 tam

635 1227 849 1283 parvam
876 1211 1063 1267 ditavit
1086 1212 1221 1279 acie,
1250 1227 1351 1284 qua
1380 1228 1474 1283 per
1498 1212 1683 1267 oculos
1708 1211 1999 1275 emicante,
2032 1210 2083 1264 in
2114 1209 2218 1264 ictu

630 1303 886 1374 temporis
920 1303 1114 1360 coelum
1144 1318 1310 1374 prOpc
1334 1302 1610 1358 dimidium
1658 1302 2007 1367 lustraretur;
2038 1300 2127 1371 qui
2152 1314 2218 1355 ex

632 1408 827 1466 puncto
856 1407 911 1453 ct
940 1397 1089 1468 quasi
1120 1405 1305 1452 centro
1332 1395 1562 1463 cerebri,
1592 1409 1781 1450 sensus
1806 1408 1996 1450 omnes
2025 1393 2216 1463 quina-

628 1491 705 1544 ria
750 1488 1123 1545 distributione
1160 1488 1441 1552 diffundit;
1480 1489 1569 1558 qui
1599 1486 1796 1555 corde,
1826 1486 2069 1541 membro
2113 1495 2219 1539 tam

629 1580 841 1650 exiguo,
866 1579 1077 1634 vitalem
1102 1589 1301 1634 motum
1326 1594 1419 1649 per
1437 1579 1676 1649 corporis
1696 1586 1886 1641 cuncta
1911 1576 2215 1647 dispensat:

631 1669 715 1725 his
745 1680 903 1740 atque
932 1670 1235 1741 hujnsmodi
1266 1672 1422 1727 rebus
1453 1672 1727 1727 insinuans
1755 1685 1943 1742 magna
1969 1668 2037 1726 de
2063 1669 2220 1725 mini-

628 1762 731 1816 mis
752 1804 768 1828 ,
794 1763 882 1832 qui
925 1778 1028 1818 non
1060 1772 1142 1819 est
1171 1779 1363 1834 parvus
1390 1765 1441 1819 in
1470 1765 1664 1835 parvis.
1698 1765 1811 1834 Ipsa
1843 1764 1984 1820 enim
2014 1764 2218 1834 magni-

632 1851 757 1908 tudo
788 1854 996 1908 virtutis
1018 1855 1132 1924 ejus
1149 1896 1163 1919 ,
1189 1870 1309 1923 qttze
1339 1854 1513 1909 nullas
1537 1855 1587 1909 iu
1614 1864 1839 1925 angusto
1862 1855 2022 1909 sentit
2049 1869 2215 1925 augu-

628 1943 789 2009 stias,
819 1953 1024 2000 uterum
1048 1945 1356 2016 virginalem
1386 1963 1490 1999 non
1516 1945 1826 2008 advetttitio.
1851 1946 1945 2001 sed
1975 1946 2217 2017 indigena

629 2035 910 2104 puerperio
951 2035 1245 2091 fecundavit
1274 2055 1286 2091 :
1320 2037 1431 2105 ipsa
1462 2036 1561 2091 sibi
1601 2037 1835 2091 animam
1872 2037 2215 2105 rationalem,

627 2136 681 2180 et
724 2141 819 2197 per
856 2127 1097 2183 eamdem
1144 2129 1304 2185 etiam
1349 2143 1543 2199 corpus
1586 2129 1915 2198 humanum,
1945 2140 2219 2201 totumque

627 2220 846 2275 omnino
874 2219 1144 2276 hominem
1186 2222 1238 2276 iit
1279 2222 1467 2277 melius
1503 2222 1811 2278 mutandum
1835 2265 1851 2289 ,
1883 2224 2028 2278 nullo
2059 2222 2219 2279 modo

628 2311 681 2367 itt
712 2311 945 2368 deterius
981 2322 1180 2368 mutata
1220 2314 1519 2385 coaptavit;
1548 2330 1742 2369 nomen
1775 2316 2118 2370 humaniL-itis
2151 2315 2218 2369 ab

627 2420 693 2460 co
720 2404 999 2477 dignanter
1017 2420 1315 2473 assumens,
1338 2406 1628 2461 divinitatis
1650 2408 1697 2462 ei
1723 2406 1939 2476 largiter
1959 2407 2213 2463 tribuens.

630 2497 745 2569 ipsa
787 2498 955 2553 virtus
1009 2514 1102 2568 per
1150 2498 1415 2553 inviolata!
1464 2501 1649 2554 matris
1698 2500 1931 2569 \irgittea
1980 2501 2213 2567 viscera,

629 2590 867 2646 membra
898 2590 1114 2647 infantis
1140 2590 1355 2657 eduxit,
1392 2607 1511 2661 qua:
1542 2602 1723 2661 postea
1756 2609 1850 2662 per
1877 2593 2054 2648 clausa
2082 2594 2217 2649 ostia

629 2680 868 2737 membra
892 2682 1101 2753 juvenis
1124 2682 1416 2738 introduxit
1439 2683 1616 2753 (Joan.
1637 2699 1730 2749 xx,
1756 2683 1872 2757 26).
1894 2684 1988 2740 Hic
2012 2685 2055 2740 si
2083 2685 2217 2740 ratio

626 2775 899 2846 qttmritur,
937 2792 1043 2831 nou
1087 2776 1190 2831 erit
1230 2775 1513 2837 mirabile:
1545 2776 1589 2832 si
1620 2777 1921 2847 exemplum
1956 2779 2212 2847 poscitur,

626 2882 734 2924 non
762 2867 866 2924 erit
901 2868 1188 2939 singulare.
1212 2868 1410 2925 Demus
1439 2868 1608 2926 Deum
1633 2869 1828 2940 aliquid
1862 2885 2045 2941 posse.
2074 2871 2215 2939 quod

628 2974 728 3015 nos
757 2959 1018 3017 fateamur
1053 2960 1369 3030 investigare
1403 2975 1508 3015 non
1541 2975 1714 3031 posse.
1747 2959 1803 3015 ln
1836 2960 2025 3016 talibus
2056 2960 2215 3016 rebus

625 3058 733 3105 tota
760 3051 898 3107 ratio
925 3050 1046 3105 facti
1072 3061 1152 3106 est
1177 3052 1410 3121 potentia
1439 3052 1698 3107 facientis.

697 3138 923 3197 CAPUT
963 3140 1048 3196 Ill.
1075 3171 1147 3183 —-
1167 3142 1220 3199 9.
1250 3141 1367 3198 Jam
1391 3142 1540 3208 illud,
1571 3143 1710 3214 quod
1739 3143 1789 3198 in
1817 3158 2031 3201 somnos
2057 3143 2217 3201 solvi-

627 3238 738 3295 tur,
763 3239 817 3285 et
838 3231 957 3287 cibo
979 3231 1160 3299 alitur,
1182 3241 1235 3288 et
1278 3247 1467 3288 omnes
1488 3234 1747 3290 humanos
1790 3235 1949 3290 sentit
1972 3218 2211 3301 affectus,

626 3319 899 3376 hominem
929 3321 1209 3390 persuadet
1239 3321 1739 3394 hominibus,quem
1759 3340 1862 3379 non
1887 3326 2217 3397 consumpsit

626 3411 828 3482 utique,
858 3410 951 3468 sed
977 3413 1280 3481 assumpsit.
1314 3414 1449 3470 Ecce
1490 3415 1567 3469 sic
1594 3414 1788 3470 factum
1816 3425 1924 3482 est;
1949 3426 2002 3472 et
2037 3428 2215 3473 tamen

625 3504 839 3575 quidam
862 3505 1112 3571 literetici,
1148 3522 1396 3577 pet-verse
1425 3507 1666 3563 mirando
1694 3508 2061 3581 laudantloqne
2099 3512 2214 3583 ejus

624 3596 894 3664 virtutem,
925 3606 1167 3652 naturam
1197 3597 1483 3653 humanam
1515 3599 1566 3654 in
1588 3614 1653 3655 eo
1681 3616 1899 3670 prorsus
1925 3617 2214 3672 agnoscere

625 3688 931 3755 noluerunt,
964 3689 1051 3743 ubi
1083 3698 1166 3745 est
1205 3689 1378 3744 omnis
1407 3692 1591 3761 gratim
1640 3693 2056 3760 commendatio,
2108 3709 2211 3765 qua

626 3778 805 3835 salvos
834 3779 958 3836 facit
985 3780 1267 3837 credentes
1310 3781 1361 3836 in
1388 3797 1467 3848 se,
1499 3780 1790 3852 profundos
1818 3782 2095 3840 thesauros
2124 3800 2212 3840 sa-

627 3872 841 3941 pientia:
867 3883 923 3929 et
946 3873 1182 3928 scientiae
1204 3875 1572 3941 continens,et
1598 3875 1699 3932 fide
1716 3886 1920 3932 mentes
1947 3877 2208 3945 imbuens,

625 3978 758 4034 quas
784 3962 851 4019 ad
880 3972 1133 4020 aeternam
1167 3966 1670 4037 contemplationem
1716 3968 1955 4023 veritatis
2005 3971 2208 4025 incom-

626 4055 901 4113 mutabilis
945 4057 1219 4127 provehat.
1271 4058 1406 4126 Quid
1454 4059 1497 4114 si
1548 4058 1895 4130 Omnipotens
1945 4062 2208 4118 hominem

622 4150 944 4221 ubicumque
970 4148 1251 4207 formatum
1300 4165 1404 4207 non
1433 4167 1497 4207 ex
1530 4165 1773 4208 materno
1801 4164 1951 4210 utero
1978 4150 2205 4223 crearet,

624 4240 719 4295 sed
744 4242 1080 4311 repentinum
1105 4242 1323 4298 inferret
1350 4242 1689 4313 aSpectibus?
1713 4244 1838 4314 quid
1870 4245 1914 4299 si
1942 4244 2114 4300 nullas
2140 4260 2207 4300 ex

627 4331 848 4399 parvulo
874 4332 926 4385 iit
967 4332 1239 4401 juventam
1287 4342 1513 4388 mutaret
1560 4342 1765 4397 zelotes,
1814 4336 1984 4391 nullos
2024 4335 2203 4400 cibos,

634 4420 808 4477 nullos
835 4432 1051 4491 caperet
1076 4424 1329 4479 somnos?
1350 4424 1535 4479 Nonne
1547 4426 1849 4494 opinionem
1871 4428 2208 4485 confirmaret

625 4512 847 4580 erroris,
894 4529 993 4570 nec
1026 4515 1297 4572 hominem
1328 4532 1511 4573 verum
1555 4520 1852 4588 suscepisse
1894 4522 2005 4577 ullo
2048 4523 2207 4579 modo

626 4606 969 4673 crederetur;
991 4616 1045 4662 et
1068 4606 1193 4662 dum
1234 4608 1411 4663 omnia
1449 4608 1761 4664 mirabiliter
1785 4608 1941 4677 facit,
1974 4611 2207 4670 auferret

623 4697 765 4770 quod
795 4697 1211 4754 misericorditer
1233 4697 1388 4756 fecit?
1412 4700 1563 4757 Nunc
1584 4716 1710 4759 vero
1730 4702 1799 4757 ita
1819 4704 1955 4759 inter
1969 4704 2135 4760 Deum
2152 4716 2205 4763 et

623 4791 867 4847 homines
909 4791 1172 4848 mediator
1215 4794 1493 4863 apparuit,
1523 4802 1581 4850 ut
1621 4795 1674 4849 in
1718 4796 1920 4852 unitate
1963 4812 2205 4869 personae

623 4885 878 4955 copulatis
905 4896 1185 4956 tttramque
1211 4896 1489 4955 naturam,
1517 4896 1573 4943 et
1599 4886 1754 4943 solita
1780 4889 2091 4945 sublimaret
2118 4890 2204 4946 iu-

625 4975 817 5043 solitis,
837 4985 893 5033 et
921 4977 1134 5033 insolita
1166 4978 1337 5034 solitis
1367 4987 1705 5048 temperaret.

696 5068 783 5126 10.
823 5068 959 5139 Quid
981 5079 1158 5127 autem
1194 5086 1299 5127 non
1328 5072 1522 5128 mirum
1549 5071 1674 5128 facit
1705 5074 1841 5129 Dens
1873 5075 1924 5130 in
1956 5077 2204 5133 omnibus

623 5170 879 5217 creaturae
903 5164 1153 5231 motibus,
1172 5166 1273 5222 nisi
1296 5166 1682 5223 consuetudine
1704 5167 2007 5237 quotidiana
2024 5170 2205 5228 viluis-

624 5254 779 5311 sent!
829 5253 1063 5325 Denique
1109 5273 1271 5327 quam
1302 5259 1467 5314 multa
1497 5259 1690 5314 usitata
1732 5259 2033 5328 calcantur,
2084 5278 2204 5334 qua!

620 5347 952 5403 considerata
978 5350 1288 5417 stupentnr!
1322 5351 1460 5407 sicut
1499 5352 1610 5421 ipsa
1638 5352 1716 5408 vis
1757 5353 2041 5419 seminum,
2069 5370 2204 5426 quos

621 5453 875 5496 numeros
912 5436 1092 5505 habet,
1141 5448 1197 5495 et
1236 5455 1398 5511 quam
1437 5442 1668 5511 vivaces,
1715 5459 1871 5514 quam
1913 5443 2161 5503 efficaces
2184 5489 2198 5514 ,

622 5547 780 5602 quam
823 5530 1050 5588 latenter
1100 5541 1360 5603 potentes,
1382 5549 1540 5604 quam
1572 5534 1624 5589 in
1667 5550 1827 5605 parvo
1856 5551 2043 5606 magna
2083 5553 2201 5592 mo-

624 5623 837 5689 lientes,
865 5625 982 5695 quis
1006 5624 1160 5680 adeat
1189 5624 1390 5693 animo,
1436 5626 1553 5696 quis
1580 5636 1789 5697 promat
1814 5627 2061 5698 eloquio?
2109 5628 2203 5685 Ille

623 5716 783 5788 igitur
804 5716 904 5771 sibi
932 5716 1201 5775 hominem
1227 5719 1344 5776 sine
1367 5722 1572 5779 semine
1614 5736 1865 5797 operatus
1897 5738 1997 5793 est,
2028 5729 2115 5799 qui
2147 5728 2200 5784 in

683 5826 703 5861 ⁸
729 5824 1065 5877 δονθωᾱθοὶω
1080 5836 1208 5893 Mss,
1225 5837 1394 5882 tantus.

1894 352 1950 411 s.
1993 348 2355 410 AUGUSTINI
2395 349 2700 411 EPISCOPI
3754 342 3848 431 ’δίο

2334 483 2515 525 rerum
2538 480 2726 526 natura
2751 470 2867 526 sine
2892 468 3193 528 seminibus
3212 481 3457 542 operatur
3476 484 3528 531 et
3548 479 3741 535 semina.
3774 483 3843 543 ille

2335 561 2389 617 in
2420 576 2519 617 SllO
2547 577 2773 635 corpore
2800 578 3052 619 numeros
3074 572 3369 635 tempomm
3394 580 3737 641 mensurasque
3755 588 3842 631 ser.

2337 655 2479 709 vavit
2504 662 2741 721 artatum,
2771 655 2861 726 qui
2887 655 3004 711 sine
3034 655 3141 711 ulla
3170 656 3251 712 sui
3281 658 3614 715 mutabilitate
3644 667 3845 723 mutando

2331 747 2567 804 contexit
2615 747 2857 803 ordinem
2911 747 3245 803 smeulorum.
3305 746 3417 804 Hoc
3460 749 3592 805 enim
3638 756 3777 810 crevit
3806 758 3844 813 in

2336 847 2600 909 tempore,
2632 838 2777 910 quod
2799 839 2963 907 capit
2986 855 3050 895 ex
3075 850 3331 909 tempore.
3361 840 3581 897 Verbum
3630 856 3774 901 autem
3806 850 3844 904 in

2330 929 2612 1001 principio,
2639 946 2732 1001 per
2763 929 2903 1001 quod
2930 929 3063 985 facta
3086 940 3210 985 sunt
3240 941 3494 1001 tempora,
3525 942 3707 1005 tempus
3724 938 3844 1008 elegit

2327 1037 2435 1091 quo
2463 1020 2758 1091 susciperet
2780 1037 3017 1090 carnem,
3042 1039 3147 1077 non
3171 1022 3395 1091 tempori
3420 1028 3575 1079 cessit
3592 1035 3641 1080 ut
3662 1035 3843 1082 vertere-

2326 1123 2414 1170 tur
2444 1116 2499 1170 in
2525 1131 2764 1172 carnem.
2791 1115 2961 1171 Homo
2985 1116 3182 1187 quippe
3205 1116 3315 1172 Deo
3330 1118 3565 1181 accessit,
3583 1134 3675 1173 non
3693 1118 3803 1175 Deus
3821 1134 3842 1174 ι

2330 1223 2390 1264 se
2418 1209 2658 1263 recessit.

2398 1301 2455 1355 ll
2472 1339 2485 1353 .
2525 1299 2613 1356 Sic
2627 1306 2804 1355 autem
2825 1299 3039 1371 quidam
3064 1297 3214 1354 reddi
3242 1298 3344 1354 sibi
3370 1298 3615 1354 rationem
3637 1298 3839 1371 ﬂagitant,

2325 1391 2592 1462 quomodo
2638 1391 2781 1447 Dens
2827 1389 3028 1445 homini
3084 1388 3377 1460 permixtus
3414 1390 3703 1455 sit,utuua
3726 1393 3838 1451 ﬁeret

2328 1500 2559 1556 persona
2603 1484 2849 1551 Christi,
2898 1498 3019 1539 cum
3073 1483 3175 1539 hoc
3226 1482 3394 1539 semei
3436 1484 3543 1538 fieri
3580 1488 3839 1554 oportuerit;

2322 1578 2473 1647 quasi
2515 1578 2773 1633 rationem
2825 1577 2923 1647 ipsi
2949 1576 3177 1632 reddant
3232 1575 3302 1631 de
3337 1591 3396 1632 re
3421 1592 3532 1648 qure
3556 1578 3752 1648 quotidie
3784 1581 3840 1647 fit,

2324 1670 2593 1740 quomodo
2624 1671 2914 1726 misceatur
2964 1670 3139 1724 anima
3182 1673 3429 1739 corpori,
3458 1677 3513 1724 ut
3550 1685 3643 1725 una
3670 1686 3841 1740 persona

2327 1760 2418 1815 fiat
2445 1760 2695 1817 hominis.
2744 1758 2879 1816 Nam
2922 1760 3061 1816 sicut
3105 1761 3159 1815 iit
3206 1760 3413 1816 unitate
3464 1775 3682 1831 persona:
3709 1763 3841 1818 anima

2324 1852 2505 1907 unitnr
2526 1851 2762 1921 corpori,
2808 1859 2866 1907 ut
2886 1850 3047 1907 homo
3073 1853 3173 1917 sit;
3219 1851 3293 1907 ita
3339 1852 3391 1906 in
3441 1852 3628 1908 unitate
3655 1867 3841 1923 persona

2327 1941 2468 1996 Deus
2497 1943 2677 1998 unitur
2705 1943 2927 2007 homini,
2958 1952 3014 1998 ut
3039 1942 3288 1998 Christus
3311 1942 3400 1997 sit.
3447 1941 3501 1997 In
3523 1942 3600 1997 illa
3625 1958 3729 2013 ergo
3750 1958 3838 2013 per-

2323 2048 2453 2091 sona
2490 2036 2716 2093 mixtura
2744 2044 2825 2091 est
2850 2036 3041 2090 animae
3083 2045 3138 2092 et
3164 2035 3439 2105 corporis;
3471 2036 3520 2089 in
3550 2034 3638 2090 hac
3670 2052 3839 2106 persona

2324 2127 2550 2181 mixtura
2579 2136 2660 2181 est
2692 2126 2784 2182 Dei
2812 2134 2867 2182 et
2892 2125 3158 2181 hominis:
3188 2127 3232 2181 si
3264 2135 3441 2181 tamen
3472 2124 3665 2182 recedat
3684 2125 3840 2182 auditor

2324 2234 2351 2272 a
2373 2219 2757 2276 consuetudine
2783 2235 3089 2291 corporum,
3114 2213 3222 2290 qua
3250 2218 3429 2274 Solent
3455 2218 3556 2274 duo
3581 2219 3772 2290 liquores
3789 2219 3836 2273 ita

2323 2310 2702 2378 commisceri,
2757 2320 2815 2366 ut
2861 2320 3053 2367 neuter
3104 2318 3281 2366 servet
3331 2309 3663 2381 integritatem
3705 2323 3835 2374 suam;

2323 2418 2622 2473 quanquam
2650 2413 2703 2459 et
2732 2403 2783 2457 in
2817 2402 2947 2474 ipsis
2973 2402 3291 2472 corporibus
3342 2401 3451 2456 aeri
3493 2401 3574 2455 lux
3602 2401 3836 2469 incorrupta

2324 2495 2629 2549 misceatur.
2657 2493 2802 2565 Ergo
2830 2509 3057 2564 persona
3087 2491 3337 2558 hominis,
3371 2492 3587 2547 mixtura
3607 2500 3678 2545 est
3700 2490 3837 2544 anima

2323 2596 2377 2642 et
2396 2587 2668 2657 corporis:
2698 2601 2921 2657 persona
2948 2595 3125 2641 autem
3171 2583 3393 2648 Christi,
3430 2583 3641 2637 mixtura
3681 2588 3745 2634 est
3770 2577 3835 2634 Dei

2323 2687 2379 2733 et
2430 2678 2678 2733 hominis.
2708 2676 2842 2732 Cum
2881 2676 3024 2732 enim
3066 2674 3304 2731 Verbum
3355 2675 3445 2730 Dei
3476 2673 3753 2745 permixtum
3781 2678 3838 2724 est

2323 2768 2749 2824 animmhabcnti
2778 2784 2993 2838 corpus,
3042 2766 3197 2822 simul
3232 2775 3292 2822 et
3332 2766 3556 2820 animam
3584 2761 3775 2832 suscepit
3801 2768 3838 2814 et

2322 2877 2536 2933 corpus.
2580 2860 2711 2917 illud
2740 2862 2977 2933 quotidie
3025 2860 3083 2915 fit
3111 2859 3177 2914 ad
3224 2856 3581 2929 procreandos
3616 2853 3834 2909 homines:

2323 2953 2424 3008 hoc
2452 2953 2617 3008 semel
2647 2953 2840 3007 factum
2868 2961 2949 3007 est
2988 2950 3053 3006 ad
3081 2949 3389 3004 liberandos
3415 2948 3657 3003 homines.
3675 2943 3838 2998 Verum-

2322 3053 2499 3100 tamen
2563 3043 2787 3099 duarttm
2851 3057 3028 3098 rerum
3101 3040 3536 3110 incorporearum
3600 3031 3838 3091 commixtio

2329 3136 2540 3192 facilius
2569 3136 2715 3193 credi
2741 3135 2943 3205 debuit,
2966 3149 3122 3203 quam
3151 3132 3310 3187 unius
3340 3132 3664 3201 incorporea.
3689 3137 3729 3180 et
3741 3125 3836 3179 alte-

2320 3228 2434 3284 rius
2457 3243 2753 3299 corporeae.
2771 3224 2901 3281 Nam
2930 3225 2973 3281 si
3001 3224 3182 3279 anima
3203 3222 3259 3279 in
3291 3237 3385 3277 sua
3414 3230 3593 3277 natura
3618 3213 3833 3272 nonfalla-

2323 3331 2429 3388 tur,
2463 3323 2827 3390 incorpoream
2867 3333 2928 3374 se
2965 3332 3085 3373 esse
3118 3314 3563 3386 comprehendit:
3590 3311 3728 3367 multo
3758 3321 3837 3361 tua-

2320 3414 2402 3485 gis
2451 3414 2823 3482 incorporeum
2862 3419 2946 3466 est
2981 3408 3212 3464 Verbum
3268 3406 3387 3473 Dei,
3431 3421 3493 3461 ac
3519 3421 3607 3477 per
3622 3403 3705 3457 huc
3721 3396 3835 3455 Verbi

2323 3504 2415 3558 Dei
2446 3512 2499 3559 et
2522 3503 2714 3558 animm
2738 3500 3042 3556 credibilior
3064 3498 3247 3554 debuit
3268 3512 3391 3554 esse
3409 3494 3686 3568 permixtio,
3722 3504 3834 3560 quam

2320 3586 2514 3641 animae
2542 3594 2596 3640 et
2622 3584 2885 3654 corporis.
2908 3582 3014 3639 Sed
3042 3581 3143 3637 hoc
3168 3584 3221 3636 in
3247 3583 3403 3637 nobis
3427 3580 3551 3651 ipsis
3567 3576 3831 3649 experimur:

2321 3676 2454 3732 illud
2483 3677 2533 3730 in
2553 3675 2768 3731 Christo
2796 3673 3014 3729 credere
3035 3672 3308 3742 jubemur.
3339 3670 3394 3726 Si
3423 3679 3593 3725 autem
3620 3675 3834 3732 utrumque

2321 3770 2475 3825 nobis
2516 3768 2717 3838 pariter
2756 3767 3086 3837 inexpertum
3132 3763 3463 3819 credendum
3501 3758 3830 3832 praeciperetur,

2318 3862 2445 3934 quid
2468 3862 2658 3918 horum
2683 3858 2841 3916 citiu's
2869 3858 3244 3915 crederemus?
3270 3856 3547 3925 Quomodo
3574 3867 3667 3909 non
3690 3851 3830 3905 fatere-

2318 3973 2439 4012 mur
2466 3955 2572 4012 duo
2598 3956 2930 4025 incorporea,
2949 3967 3107 4024 quam
3135 3965 3302 4006 unum
3322 3963 3627 4020 corporeum
3645 3945 3831 3999 alterum-

2316 4063 2421 4120 que
2464 4048 2836 4118 incorporeum
2880 4042 3081 4099 facilius
3107 4042 3347 4112 potuisse
3371 4038 3608 4097 misceri?
3635 4035 3674 4091 si
3704 4043 3830 4089 tamen

2317 4156 2423 4197 non
2453 4140 2667 4212 indigne
2712 4138 2780 4194 ad
2827 4138 2925 4193 ista
2972 4134 3243 4191 mixtionis
3282 4134 3369 4191 vel
3412 4134 3646 4189 mixtum
3687 4136 3828 4182 nomen

2315 4234 2630 4301 admittitur,
2658 4240 2874 4302 propter
2920 4225 3364 4283 consuetudinem
3423 4221 3738 4294 corporalium
3768 4226 3828 4269 reo

2315 4342 2455 4390 rum,
2494 4327 2649 4397 longe
2669 4324 2820 4379 aliter
2844 4336 2904 4377 se
2935 4319 3243 4375 habentium
3275 4318 3533 4389 aliterque
3561 4323 3778 4371 notarum.

2386 4416 2474 4473 12.
2518 4416 2749 4473 Verbum
2781 4414 2937 4485 igitur
2980 4412 3097 4478 Dei,
3125 4411 3376 4480 idemque
3404 4410 3495 4466 Dei
3526 4406 3698 4471 Filius,
3726 4396 3827 4456 Patri

2314 4519 2635 4572 coaeternus,
2663 4505 2960 4575 eademque
2987 4502 3167 4558 Virtus
3192 4510 3246 4558 et
3268 4500 3535 4571 Sapientia
3563 4497 3644 4552 Dei
3674 4491 3718 4566 (Ι
3742 4489 3824 4544 ουτ.

2314 4618 2353 4671 t,
2386 4599 2503 4673 24),
2518 4615 2548 4654 a
2578 4612 2810 4669 superno
2835 4596 2941 4652 fine
2964 4605 3222 4651 creatura:
3246 4591 3516 4649 rationalis
3540 4605 3686 4660 usque
3702 4582 3755 4639 ad
3773 4581 3827 4635 in-

2314 4693 2499 4747 fimum
2524 4690 2682 4744 finem
2705 4696 2966 4744 creaturas
2994 4686 3285 4756 corporalis
3300 4685 3562 4755 attingens
3590 4678 3826 4737 fortiter,et

2312 4781 2601 4853 disponens
2625 4779 2803 4835 omnia
2834 4778 3065 4834 suaviter
3097 4775 3250 4849 (Sap.
3283 4789 3396 4840 Vill,
3443 4771 3495 4841 i)
3516 4814 3530 4837 .
3558 4778 3755 4843 prasells
3787 4764 3825 4813 εί

2311 4876 2505 4941 latens,
2524 4888 2783 4944 nusquam
2804 4870 3075 4937 conclusa,
3103 4884 3360 4941 nusquam
3374 4865 3605 4928 discissa,
3627 4866 3824 4944 ausuml

2314 4966 2535 5030 tumida,
2562 4942 2657 5021 sed
2679 4965 2797 5022 sine
2827 4963 2968 5019 mole
3007 4960 3202 5032 ubiqtte
3239 4969 3367 5026 tota,
3411 4958 3562 5028 longe
3594 4953 3686 5009 alio
3707 4942 3822 5004 modo

2286 5057 2566 5130 quodam,
2590 5070 2747 5126 quam
2779 5070 2845 5111 eo
2872 5068 2980 5125 quo
3005 5052 3262 5108 creaturis
3290 5048 3497 5106 czeleris
3514 5046 3666 5107 adest,
3688 5048 3821 5130 susce-

2313 5126 2390 5227 δὴ
2409 5153 2704 5217 hominem,
2731 5164 2897 5221 seque
2922 5158 2978 5204 et
3004 5148 3095 5204 illo
3126 5149 3143 5180 ¹
3174 5147 3298 5203 fecit
3322 5160 3480 5200 unum
3506 5141 3669 5197 Iesum

2313 5220 2477 5312 stum,
2508 5220 2855 5303 mediatorem
2904 5241 3011 5313 Dei
3043 5250 3096 5297 et
3142 5239 3414 5297 hominum
3460 5236 3502 5309 (Ι
3526 5233 3645 5289 Tim.
3684 5241 3729 5290 tt,
3752 5220 3816 5289 5).

2311 5341 2570 5413 aequalem
2593 5338 2735 5394 Patri
2757 5335 3047 5392 secundum
3069 5334 3415 5399 divinitatem,
3434 5331 3670 5386 minorem
3686 5326 3815 5375 autem

2310 5434 2469 5492 Patre
2488 5432 2779 5490 secundum
2800 5446 3036 5497 carnem,
3052 5428 3157 5485 hoc
3175 5438 3256 5483 est
3277 5422 3559 5482 secundum
3579 5414 3812 5473 hominem;

2311 5523 2816 5583 incommutabiliter
2886 5522 3240 5577 immortalem
3288 5516 3567 5574 secundum
3616 5499 3813 5575 mquam“

2310 5618 2455 5674 Patri
2480 5616 2828 5679 divinitatem,
2862 5604 3214 5682 eumdemque
3243 5608 3535 5665 mutabilem
3554 5610 3690 5669 atque
3706 5601 3812 5645 mor-

2307 5778 2388 5888 m'
2418 5782 2484 5824 tta
2502 5782 2607 5825 Mss.
2646 5769 3016 5836 septemdecim.
3044 5774 3098 5818 At
3119 5779 3291 5819 omnes
3311 5762 3419 5814 uid.
3443 5759 3626 5815 habent.
3645 5756 3758 5813 εειιαε
3779 5743 3811 5790 ⁸⁸

2363 5849 2459 5888 unt.

2363 5849 2459 5888 ωτι.
