3990 6390
194 329 281 388 5ίῦ
1329 325 1804 384 EPISTULARUM
1845 325 2114 382 CLASSlS
2155 326 2243 382 lll.

194 447 332 500 talem
373 441 647 500 secundum
694 451 973 514 cognatam
1003 442 1021 473 ί
1048 439 1201 496 nobis
1246 439 1628 498 infirmitatem.
1682 441 1738 496 ln

191 554 279 608 quo
306 527 529 604 Christo,
551 550 615 592 eo
639 544 880 606 tempore
912 531 1055 606 quod
1097 534 1602 606 opportunissimum
1627 534 1742 604 ipse

191 640 402 696 noverat,
433 639 487 685 et
512 635 628 684 ante
653 626 847 683 saecula
873 624 1231 698 disposuerat,
1261 627 1407 682 venit
1434 625 1739 682 hominibus

190 721 515 790 magisterium
539 728 586 776 et
605 719 953 790 adjutorium,
971 717 1037 774 ad
1061 718 1444 789 capessendam
1463 718 1736 788 sempiter-

190 830 288 870 nam
312 804 544 870 salutem.
564 810 923 883 Magisterium
944 809 1160 883 quidem
1188 819 1244 865 ut
1267 826 1329 865 ea
1350 827 1469 882 qua:
1505 810 1590 865 hic
1615 821 1738 867 ante

188 908 301 962 dicta
320 915 434 960 sunt
458 902 656 960 utiliter
679 918 824 969 vera,
841 917 946 958 non
966 902 1141 958 solum
1160 918 1190 956 a
1209 900 1488 973 Prophetis
1516 902 1736 970 sanctis,

186 998 259 1070 qui
282 995 449 1053 omnia
484 1010 603 1050 vera
629 993 913 1060 dixerunt,
946 1010 1128 1049 verum
1154 994 1314 1048 etiam
1344 1009 1374 1048 a
1405 992 1738 1064 philosophis

186 1101 316 1160 atque
342 1087 464 1157 ipsis
488 1086 694 1158 poetis,
726 1093 784 1140 et
809 1084 1170 1154 cujuscemodi
1197 1083 1503 1139 auctoribus
1533 1084 1736 1140 littera-

186 1195 281 1236 rum
301 1180 450 1250 (quos
472 1177 631 1234 multa
653 1192 778 1233 vera
809 1175 955 1231 falsis
980 1175 1259 1232 miscuisse
1286 1177 1406 1248 quis
1427 1176 1735 1246 ambigat?),

187 1274 303 1328 illius
327 1273 482 1328 etiam
512 1271 560 1325 in
586 1285 748 1325 carne
785 1279 1102 1339 prmsentata
1139 1270 1479 1326 conﬁrmaret
1503 1271 1736 1352 auctori-

186 1377 264 1428 tas,
291 1374 498 1436 propter
520 1379 612 1421 eos
636 1364 728 1437 qui
755 1364 843 1419 illa
863 1379 968 1419 non
986 1373 1205 1435 possent
1225 1365 1275 1421 in
1299 1366 1411 1436 ipsa
1430 1365 1613 1420 intima
1643 1380 1736 1422 ve-

186 1458 315 1511 ritate
340 1470 555 1511 cernere
584 1463 744 1526 atque
770 1454 1109 1510 discernere:
1135 1471 1254 1527 quze
1284 1455 1492 1513 Veritas
1512 1466 1564 1512 et
1589 1467 1738 1513 ante-

183 1563 312 1618 quam
333 1546 593 1602 hominem
611 1554 932 1612 assumeret,
956 1547 1071 1618 ipse
1090 1550 1111 1580 ¹
1135 1547 1323 1604 aderat
1347 1548 1618 1616 omnibus,
1646 1550 1736 1620 qui

183 1643 274 1712 ejus
295 1641 568 1712 participes
590 1655 712 1698 esse
751 1648 1056 1714 potuerunt.
1090 1639 1318 1697 Maxime
1356 1657 1486 1698 vero
1514 1657 1625 1697 sum
1657 1642 1738 1697 in-

181 1734 469 1791 carnationis
511 1733 758 1805 exemplo
801 1733 852 1790 id
883 1733 1168 1791 salubriter
1195 1736 1475 1806 persuasit,
1511 1745 1567 1792 ut
1599 1753 1736 1807 quo-

182 1827 297 1881 niam
320 1826 558 1882 homines
584 1826 824 1898 plerique
851 1825 1146 1882 divinitatis
1184 1827 1348 1896 avidi,
1381 1845 1477 1900 per
1501 1839 1737 1902 potesta-

181 1927 246 1975 tes
267 1917 504 1974 coelestes
529 1933 664 1990 quas
692 1916 825 1973 deos
865 1926 1134 1990 putarent,
1161 1919 1400 1990 ritusque
1430 1921 1607 1975 varios
1638 1921 1737 1976 illi-

179 2013 394 2075 sitorum,
414 2027 517 2067 non
536 2026 835 2078 sacrorum,
849 2011 941 2066 sed
958 2011 1376 2082 sacrilegiorum,
1392 2011 1734 2069 ambiendqu

178 2105 258 2162 εἰθὶ
284 2105 665 2160 arbitrarentur
684 2104 750 2159 ad
776 2104 962 2170 Deum,
987 2104 1154 2174 magis
1184 2104 1414 2175 superbe
1440 2121 1598 2177 quam
1629 2106 1732 2176 pie,

177 2212 260 2269 qua
285 2196 330 2250 in
355 2213 411 2251 re
442 2210 543 2267 pro
571 2196 786 2267 Angelis
805 2195 1004 2250 sanctis
1019 2195 1097 2250 eis
1114 2210 1170 2250 se
1187 2194 1457 2251 dremones
1475 2197 1737 2267 superbiae

177 2286 455 2357 dignatione
480 2286 501 2317 ³
550 2294 876 2356 supponunt,
909 2286 1109 2342 scirent
1136 2285 1380 2342 homines
1411 2295 1517 2342 tam
1560 2288 1739 2358 proxi-

178 2393 296 2433 mum
315 2391 430 2433 esse
447 2377 618 2432 Deum
637 2377 817 2447 pietati
845 2374 1139 2442 hominum,
1153 2376 1218 2432 ad
1241 2392 1398 2448 quem
1427 2379 1571 2434 velut
1585 2379 1738 2448 longe

177 2471 374 2540 positum
395 2485 489 2540 per
516 2470 862 2541 interpositus
889 2478 1179 2540 potestates
1199 2471 1525 2536 ambiebant,
1554 2482 1612 2527 ut
1641 2471 1737 2528 ho-

178 2565 347 2619 minem
370 2564 646 2634 suscipere
671 2563 1000 2634 dignaretur,
1028 2573 1082 2619 et
1101 2578 1221 2619 cum
1239 2563 1328 2619 illo
1347 2565 1483 2620 uniri
1504 2565 1734 2636 quodam

176 2654 311 2710 modo
337 2665 388 2711 ut
407 2655 455 2712 ei
493 2655 577 2711 sic
604 2663 941 2727 coaptaretur
971 2654 1131 2710 homo
1160 2663 1300 2710 totus
1325 2696 1340 2720 ,
1376 2645 1736 2727 quemadmo—

180 2747 283 2802 dum
306 2749 481 2805 animae
501 2763 738 2820 corpus;
770 2757 993 2819 excepta
1015 2749 1358 2806 concretione
1379 2749 1646 2816 mutabili,
1679 2751 1732 2806 in

181 2856 314 2911 quam
339 2857 434 2898 non
481 2843 817 2898 convertitur
848 2841 1007 2908 Deus,
1040 2851 1094 2896 et
1135 2856 1296 2913 quam
1326 2841 1568 2898 videmus
1594 2843 1736 2914 quod

179 2933 342 2989 habeat
358 2944 407 2990 et
429 2950 636 3006 corpus
661 2943 715 2990 et
739 2935 970 2990 animus.
1001 2933 1338 3006 Adjutorium
1367 2945 1566 3004 autem,
1593 2936 1736 3008 quod

175 3027 270 3083 sine
289 3028 445 3098 gratia
477 3027 608 3085 lidei
632 3043 752 3100 qua:
779 3027 847 3084 ab
875 3028 966 3084 illo
991 3037 1096 3091 est.
1123 3043 1283 3084 nemo
1329 3039 1503 3100 potest
1521 3030 1739 3087 vincere

175 3120 604 3191 concupiscentias
625 3122 878 3188 vitiosas;
915 3132 970 3178 et
991 3123 1033 3178 si
1055 3138 1157 3194 qua
1182 3137 1367 3178 earum
1393 3122 1603 3178 residua
1629 3139 1736 3181 non

175 3211 348 3279 vicerit,
379 3213 578 3282 veniali
598 3213 915 3270 remissione
942 3214 1177 3288 purgari.
1209 3214 1361 3282 Quod
1382 3230 1510 3286 ergo
1535 3215 1601 3271 ad
1627 3232 1742 3272 ma-

173 3291 562 3376 gisterium‘cjus
591 3303 804 3371 attinet,
825 3305 942 3376 quis
970 3321 1110 3361 nunc
1137 3314 1408 3361 extremus
1439 3306 1625 3375 idiota,
1655 3309 1736 3364 vel

171 3409 268 3466 qua:
285 3395 483 3468 abjecta
513 3396 826 3454 muliercula
853 3412 960 3453 non
989 3397 1160 3454 credit
1196 3399 1388 3454 animai
1417 3399 1740 3456 immortali-

174 3496 310 3544 tatem
334 3489 606 3560 vitamque
653 3498 774 3560 post
818 3498 1044 3546 mortem
1091 3490 1360 3546 futuram?
1400 3490 1552 3560 Quod
1598 3492 1739 3565 apud

171 3578 360 3637 Grzecos
375 3583 505 3639 olim
533 3582 736 3652 primus
761 3580 1098 3653 Pherecydes
1135 3583 1386 3654 Assyrius
1411 3599 1533 3639 cum
1556 3584 1741 3656 diSpu-

173 3683 328 3742 tasset,
359 3675 720 3749 Pythagoram
755 3675 995 3732 Samium
1023 3674 1165 3732 illius
1192 3675 1568 3747 disputationis
1589 3679 1741 3734 novi-

175 3772 264 3821 tate
282 3775 584 3840 pennatam
611 3782 679 3822 ex
700 3765 900 3824 athleta
918 3767 972 3824 in
1004 3765 1375 3837 philosophum
1396 3767 1575 3824 vertit.
1589 3767 1742 3824 Nunc

173 3870 280 3928 ergo
305 3858 441 3931 quod
482 3857 637 3915 Maro
676 3858 884 3930 ait,.et
919 3873 1108 3916 omnes
1134 3857 1404 3927 videmus;
1452 3861 1739 3918 Amomum

174 3950 424 4022 Assyrium
446 3950 612 4023 vulgo
636 3951 902 4008 nascitur:
933 3950 1074 4022 quod
1113 3961 1290 4008 autem
1319 3952 1387 4008 ad
1417 3952 1736 4024 adiutorium

173 4042 335 4111 gratiae
359 4045 612 4117 pertinet,
640 4060 758 4115 qua:
780 4044 832 4100 in
856 4043 1073 4101 Christo
1109 4053 1211 4111 est,
1239 4045 1356 4114 ipse
1389 4054 1473 4102 est
1495 4046 1736 4115 omnino,

275 4165 371 4223 Quo
388 4157 522 4210 duce
541 4158 585 4208 si
606 4170 702 4222 qua
723 4165 929 4223 trahent
941 4156 1148 4223 sceleris
1167 4159 1375 4223 vestigia
1395 4160 1566 4218 nostri,

277 4221 404 4271 irrita
424 4217 668 4285 perpetua
690 4217 883 4271 solvent
905 4218 1160 4270 formidine
1184 4217 1358 4272 terra's.
1553 4217 1558 4218 “

1239 4281 1400 4348 (Virg.
1425 4280 1526 4333 Ecl.
1544 4281 1617 4345 4.)

232 4361 444 4421 CAPUT
463 4363 731 4420 lV.-——l5.
745 4363 850 4421 Sed
869 4365 1033 4434 nulla,
1049 4365 1293 4437 inquiunt
1314 4407 1329 4433 ,
1352 4367 1742 4438 competentibus

177 4455 309 4525 signis
331 4455 626 4512 claruerunt
653 4466 807 4512 tantae
828 4459 1109 4530 majestatis
1133 4458 1366 4515 indicia:
1394 4461 1512 4532 quia
1537 4461 1743 4516 larvalis

178 4544 252 4599 illa
277 4549 525 4620 purgatio,
551 4547 790 4603 debilium
809 4564 964 4616 curre,
997 4550 1194 4604 reddita
1213 4551 1314 4605 vita
1337 4551 1608 4625 defunctis,
1634 4557 1744 4608 stet

179 4636 254 4690 alii
271 4638 664 4706 conciderentur,
687 4637 794 4695 Deo
819 4655 974 4711 parva
1003 4650 1136 4694 sunt.
1167 4639 1420 4698 Fatemur
1449 4642 1663 4714 quidem
1691 4652 1746 4700 et

181 4741 263 4782 nos
284 4729 399 4786 talia
428 4729 674 4802 quaedam
701 4730 892 4787 fecisse
913 4730 1224 4801 Prolihetas.
1250 4732 1380 4788 Nam
1405 4735 1456 4788 in
1475 4733 1558 4791 his
1580 4736 1745 4806 signis

181 4819 288 4890 quid
311 4820 658 4878 excellentius
681 4837 840 4893 quam
882 4831 1120 4879 mortuos
1163 4827 1560 4883 resurrexisse?
1598 4825 1747 4885 Fecit

185 4907 270 4968 hoc
312 4912 453 4970 Elias
508 4912 598 4987 (Ill
654 4912 783 4986 Reg.
826 4929 936 4970 xvtt
962 4956 977 4980 ,
1015 4913 1108 4987 ‘22)
1134 4957 1149 4982 ,
1193 4913 1318 4971 fecit
1359 4915 1462 4973 hoc
1519 4917 1746 4975 Elisazus

187 4998 264 5071 (ιγ
282 5003 403 5076 Reg.
439 5020 514 5074 tv,
540 5005 655 5078 35).
680 5005 810 5061 Nam
835 5006 904 5062 de
933 5021 1207 5078 magorum
1231 5007 1518 5076 miraculis,
1565 5019 1744 5066 utrum

189 5093 324 5150 etiam
347 5104 589 5152 mortuos
609 5098 1003 5166 suscitaverint,
1036 5096 1113 5154 illi
1140 5098 1370 5156 viderint
1397 5101 1484 5170 qui
1514 5111 1570 5158 et
1599 5105 1744 5172 Apu-

189 5183 326 5243 icium
357 5202 416 5246 se
439 5200 623 5245 contra
651 5191 972 5261 magicarum
1000 5191 1193 5246 artium
1228 5192 1453 5248 erimina
1492 5194 1747 5264 copiosis-

188 5280 304 5338 sime
323 5282 717 5351 defendentem,
756 5295 1017 5340 conantur
1040 5300 1144 5340 non
1165 5285 1483 5351 accusando,
1513 5285 1607 5342 sed
1637 5287 1749 5344 lau-

187 5369 342 5431 dando
361 5377 696 5433 convincere.
717 5374 824 5432 Nos
852 5376 1096 5448 legimus,
1137 5391 1322 5449 magos
1349 5377 1745 5450 Egyptiorum,

189 5464 360 5521 artium
401 5467 622 5524 istarum
674 5469 1055 5538 peritissimos,
1106 5484 1137 5522 a
1187 5467 1370 5541 Moyse
1412 5469 1610 5525 l’amulo
1655 5468 1747 5524 Dei

241 5555 680 5632 {FQ-2
703 5557 797 5610 δαί
818 5557 996 5632 "Pelius
1019 5567 1122 5632 Μεεε
1147 5566 1562 5632 manem-

244 5619 262 5648 ²
279 5623 324 5667 In
343 5619 619 5685 Md.,'ipsa.
647 5621 961 5683 tteposuimus
984 5634 1049 5671 ex
1073 5621 1248 5692 viginti
1263 5619 1537 5732 tisi,
1603 5667 1607 5670 _

246 5679 384 5743 θεῷ.
407 5683 512 5732 Bad.
534 5689 608 5734 Er.
651 5688 782 5743 ωνη
807 5682 1027 5743 superbit
1057 5684 1368 5743 rogitationis.
1449 5689 1584 5743 iquot
1623 5691 1725 5734 Mss.

246 5697 384 5730 ’ωαο
407 5697 512 5732 ⁸³η·
535 5697 608 5734 '1'-
651 5697 782 5744 ωνη
807 5697 1027 5743 ευρθτυω
1057 5697 1368 5747 rogitattoms.
1395 5697 1584 5748 iniquos
1623 5697 1748 5745 mss,

190 5739 738 5820 ξξίΞεζ
761 5745 852 5820 Alii-
871 5753 1064 5820 quanto:
1085 5783 1096 5798 ,
1123 5745 1437 5820 ροςζημιίοηεεμξἔ
1463 5746 1556 5796 sed
1578 5745 1750 5796 meum

193 5803 281 5852 visa
301 5803 583 5856 estolidum
600 5807 814 5871 quinque
840 5803 1005 5864 lectio,
1031 5803 1278 5869 qnam'hic
1298 5807 1563 5858 reddimus.
1665 5875 1670 5878 _
1690 5876 1692 5878 _

406 5888 629 5955 Sacr.
665 5895 940 5954 Ausus'r.
981 5892 1063 5954 ll.

3330 336 3438 396 δίε

1852 439 2016 497 fuisse
2039 450 2339 512 superatos,
2362 457 2485 498 cum
2511 442 2588 498 illi
2606 444 2850 516 quaedam
2881 445 3016 502 mira
3034 449 3278 507 nefandis
3306 453 3438 508 arti-

1851 531 1948 587 bus
1978 543 2215 605 agerent,
2241 533 2330 590 ille
2358 533 2469 591 Deo
2497 535 2811 608 simpliciter
2831 540 2848 571 ¹
2877 539 3142 609 invocato,
3158 543 3435 602 machina-

1848 634 2027 681 menta
2070 640 2257 681 eorum
2292 635 2483 684 cuncta
2525 628 2863 687 subverteret
2912 632 3112 704 (Exod.
3152 652 3265 706 vn,
3295 639 3441 713 viti).

1847 713 1953 771 Sed
1993 725 2048 772 et
2084 716 2200 788 ipse
2242 717 2468 791 Moyses,
2515 731 2569 777 et
2595 726 2774 779 caeteri
2800 723 3082 795 Propheta:
3109 732 3439 788 veracissimi

1848 808 2132 865 Dominum
2172 808 2438 868 Christum
2466 813 2936 887 prophetaverunt,
2971 831 3027 878 et
3049 822 3269 892 gloriam
3321 825 3440 882 ma-

1845 917 2004 974 gnam
2025 903 2073 959 ei
2094 903 2385 974 dederunt;
2418 905 2559 962 hunc
2582 923 2685 963 non
2707 917 2957 981 tanquam
2985 927 3166 983 parem
3187 917 3311 985 sibi,
3341 933 3441 974 nec

1849 993 1902 1048 in
1927 995 2114 1051 eadem
2137 997 2515 1054 miraculorum
2543 1001 2774 1071 potentia
2796 1004 3149 1073 superiorem,
3171 1007 3267 1065 sed
3285 1010 3442 1079 plane

1847 1084 2129 1142 Dominum
2154 1086 2321 1143 Deum
2349 1089 2609 1155 omnium,
2635 1101 2690 1146 et
2714 1091 2984 1150 hominem
3015 1106 3231 1166 propter
3259 1099 3435 1156 homi-

1848 1194 1942 1234 nes
1956 1179 2170 1246 factum,
2195 1192 2476 1239 venturum
2500 1186 3006 1270 przenuntiaverunt.
3029 1189 3132 1259 Qui
3156 1203 3438 1264 propterea

1828 1279 1900 1356 et
1938 1270 2054 1342 ipse
2083 1273 2204 1329 talia
2239 1273 2414 1331 facere
2440 1277 2626 1343 voluit,
2673 1293 2743 1334 ne
2783 1292 2927 1337 esset
2958 1283 3277 1352 absurdum,
3317 1303 3438 1358 qua:

1846 1377 1941 1433 per
1969 1363 2086 1418 illos
2112 1363 2314 1422 fecerat
2337 1368 2384 1424 si
2414 1368 2528 1438 ipse
2554 1385 2662 1425 non
2682 1370 2899 1428 faceret.
2927 1373 3032 1430 Sed
3063 1385 3240 1433 tamen
3261 1389 3316 1434 et
3337 1380 3437 1436 ali-

1845 1451 1972 1522 quid
2003 1455 2272 1525 proprium
2317 1457 2492 1514 facere
2542 1459 2727 1516 debuit
2761 1480 2775 1517 :
2817 1463 2962 1520 nasci
3001 1465 3070 1521 de
3112 1469 3314 1539 virgine
3339 1512 3353 1534 ,
3408 1486 3437 1526 a

1845 1547 2069 1602 mortuis
2100 1564 2400 1622 resurgere,
2420 1551 2472 1607 in
2503 1553 2698 1610 caelum
2721 1557 3035 1615 ascendere.
3069 1560 3180 1617 Hoc
3215 1564 3323 1620 Deo
3348 1569 3438 1636 qui

1847 1653 2031 1708 parum
2051 1649 2218 1711 putat,
2260 1642 2385 1714 quid
2413 1644 2534 1713 plus
2558 1658 2832 1717 exspectet
2862 1650 3069 1722 ignoro.

1919 1731 2006 1786 14.
2048 1732 2292 1788 Arbitror
2340 1735 2484 1790 enim
2542 1737 2663 1792 talia
2713 1737 2970 1810 ﬂagitari,
3018 1744 3193 1814 qualia
3243 1761 3438 1816 gerens

1847 1820 2138 1888 hominem,
2163 1823 2338 1881 facere
2360 1842 2470 1882 non
2499 1829 2520 1860 ²
2547 1827 2749 1885 debuit.
2791 1831 2922 1886 Nam
2953 1835 3002 1888 in
3032 1837 3294 1907 principio
3322 1852 3439 1895 erat

1844 1911 2102 1982 Verbum,
2134 1925 2190 1971 et
2217 1916 2450 1973 Verbum
2491 1930 2609 1975 erat
2647 1924 2786 1993 apud
2823 1925 3010 1992 Deum,
3055 1939 3110 1983 et
3137 1929 3279 1986 Deus
3323 1945 3440 1988 erat

1845 2002 2101 2072 Verbum,
2126 2015 2180 2061 ct
2203 2009 2381 2062 omnia
2420 2025 2514 2079 per
2540 2011 2712 2081 ipsum
2748 2013 2883 2071 facta
2925 2027 3049 2072 sunt
3074 2017 3249 2091 (Joan.
3286 2038 3322 2088 ι,
3356 2022 3432 2093 l).

1844 2094 1980 2152 Num
2003 2097 2219 2156 homine
2246 2113 2539 2175 assumpto,
2568 2104 2728 2161 alium
2756 2108 3010 2165 mundum
3033 2111 3207 2169 facere
3232 2115 3438 2184 debuit,

1845 2201 1903 2245 ut
1921 2208 2044 2248 eum
2071 2210 2192 2250 esse
2207 2196 2569 2264 crederemus,
2595 2214 2689 2269 per
2703 2216 2860 2270 quem
2883 2201 3137 2260 factusest
3162 2209 3393 2264 mundus
3413 2213 3438 2264 ?

1845 2281 1951 2340 Sed
1974 2300 2074 2340 nec
2101 2287 2273 2356 major
2288 2289 2536 2356 mundus,
2557 2307 2655 2347 nec
2680 2293 2763 2347 isti
2789 2297 3007 2366 aequalis
3024 2299 3077 2352 in
3105 2298 3206 2355 hoc
3232 2302 3434 2357 mundo

1847 2375 1962 2431 fieri
1993 2387 2196 2448 posset.
2242 2379 2298 2436 Si
2327 2391 2505 2437 autem
2549 2384 2811 2441 minorem
2843 2386 3044 2444 faceret
3088 2390 3222 2446 infra
3251 2393 3436 2460 istum,

1845 2470 2091 2528 similiter
2142 2473 2244 2530 hoc
2279 2490 2490 2547 quoque
2541 2493 2726 2547 parum
2773 2489 3071 2551 putaretur.
3125 2485 3257 2552 Quia
3303 2504 3432 2559 ergo

1808 2637 1816 2644 .
1845 2578 1952 2617 non
1973 2563 2254 2634 oportebat
2283 2576 2338 2621 ut
2377 2583 2574 2624 novum
2606 2569 2806 2628 faceret
2849 2576 3126 2641 mundum,
3152 2593 3288 2634 nova
3317 2581 3440 2637 fecit

1845 2653 1897 2709 in
1929 2656 2145 2712 mundo.
2195 2657 2366 2714 Homo
2395 2662 2539 2716 enim
2565 2661 2634 2717 de
2674 2665 2878 2735 virgine
2928 2681 3237 2736 procreatus
3261 2714 3276 2736 ,
3322 2681 3434 2730 eta

1845 2747 2070 2802 mortuis
2121 2748 2173 2803 in
2217 2759 2476 2805 aeternam
2533 2753 2696 2808 vitam
2745 2758 3123 2823 resuscitatus,
3173 2770 3229 2817 et
3274 2777 3437 2833 super

1843 2838 2009 2895 caelos
2039 2842 2322 2910 exaltatus,
2374 2845 2644 2914 potentius
2686 2845 2917 2906 fortasse
2961 2867 3096 2922 opus
3145 2863 3229 2909 est
3270 2871 3431 2927 quam

1845 2930 2096 2987 mundus.
2124 2932 2219 2989 llic
2243 2933 2378 2990 forte
2398 2935 2740 3007 respondent,
2767 2954 2828 2996 se
2855 2940 3052 2998 factum
3076 2945 3179 3000 hoc
3193 2963 3312 3004 esse
3329 2966 3435 3007 non

1846 3021 2088 3079 credere.
2126 3023 2262 3093 Quid
2289 3041 2416 3097 ergo
2438 3028 2527 3083 liat
2551 3027 2885 3098 hominibus,
2931 3034 3023 3104 qui
3047 3036 3264 3094 minima
3301 3055 3439 3098 con-

1847 3124 2113 3182 temnunt,
2128 3117 2326 3188 majora
2346 3133 2451 3173 non
2484 3120 2742 3186 credunt?
2761 3122 2991 3194 Reddita
3025 3127 3128 3184 vita
3148 3129 3436 3201 defunctis,

1847 3207 1967 3264 ideo
2003 3208 2258 3276 creditur,
2292 3212 2415 3283 quia
2447 3212 2688 3268 fecerunt
2715 3215 2826 3283 alii,
2858 3226 2911 3272 et
2953 3233 3140 3289 parum
3169 3231 3252 3278 est
3280 3223 3390 3280 Deo
3418 3244 3434 3280 :

1845 3314 1973 3356 caro
1990 3302 2202 3374 propria
2229 3303 2296 3359 de
2322 3303 2525 3376 virgine
2561 3315 2761 3374 creata,
2779 3317 2834 3364 et
2857 3325 2888 3365 a
2916 3321 3088 3367 morte
3105 3313 3157 3369 in
3183 3324 3440 3374 aeternam

1805 3467 1812 3470 _
1847 3397 2009 3453 vitam
2038 3412 2201 3470 super
2241 3399 2408 3455 cmlos
2455 3399 2626 3456 levata
2649 3443 2664 3468 ,
2723 3401 2844 3457 ideo
2889 3419 2994 3459 non
3026 3405 3280 3478 creditur,
3312 3411 3434 3481 quia

1847 3503 2006 3546 nemo
2054 3489 2200 3560 fecit,
2255 3501 2308 3548 et
2345 3492 2602 3564 competit
2629 3492 2758 3549 Deo.
2804 3496 2882 3550 Ac
2914 3511 3010 3567 per
3038 3496 3140 3554 hoc
3175 3515 3294 3571 quze
3336 3503 3438 3558 sibi

1846 3585 2072 3656 quisque
2117 3585 2308 3656 facilia,
2351 3601 2456 3644 non
2505 3585 2670 3654 factu,
2709 3587 2805 3644 sed
2831 3599 3008 3661 captu,
3058 3602 3226 3663 putat,
3279 3610 3434 3666 aequo

1847 3678 2029 3734 animo
2047 3679 2273 3750 accipit;
2310 3694 2471 3750 supra
2497 3694 2561 3736 ea
2587 3680 2750 3736 veluti
2780 3680 2898 3737 {icta
2926 3698 3021 3753 pro
3061 3683 3206 3740 falsis
3244 3685 3390 3744 ducit
3421 3707 3432 3742 :

1852 3769 1963 3827 noli
1985 3770 2064 3828 eis
2085 3786 2206 3828 esse
2227 3772 2442 3841 similis,
2473 3772 2701 3830 obsecro
2727 3782 2798 3830 te.

1926 3865 2012 3920 15.
2047 3865 2393 3937 Disputantttr
2434 3865 2549 3922 haec
2579 3865 2762 3934 latius,
2796 3879 2852 3924 et
2876 3883 3065 3925 omnes
3085 3874 3438 3942 quaestionum

1849 3958 2274 4014 necessariarum
2305 3959 2454 4014 sinus
2483 3961 2798 4031 perscrutati
2836 3960 3171 4033 discussique
3201 3965 3441 4034 pandun-

1850 4058 1970 4103 tur:
2019 4050 2113 4104 sed
2161 4050 2448 4106 intellectui
2497 4049 2628 4104 ﬁdes
2657 4050 2856 4105 aditum
2905 4053 3106 4122 aperit,
3157 4054 3442 4110 inﬁdelitas

1848 4141 2064 4197 claudit.
2095 4141 2264 4210 Quem
2296 4157 2399 4196 non
2441 4153 2653 4196 moveat
2691 4141 2760 4196 ad
2796 4143 3122 4200 credendum
3165 4155 3344 4202 tantus
3375 4150 3443 4203 ali

1849 4233 2000 4289 initio
2027 4235 2139 4306 ipse
2170 4251 2346 4290 rerum
2392 4245 2659 4308 gestarum
2702 4237 2870 4304 ordo,
2915 4248 2968 4293 et
3018 4240 3129 4311 ipsa
3173 4246 3440 4301 connexio

1849 4337 2181 4400 temporum,
2225 4329 2509 4400 praeteritis
2547 4328 2704 4385 tidem
2734 4331 2803 4386 de
2829 4333 3181 4401 praesentibus
3205 4335 3406 4394 faciens
3426 4385 3441 4404 ,

1849 4420 2028 4493 priora
2068 4420 2456 4492 posterioribus
2479 4431 2534 4476 et
2563 4422 2948 4478 recentioribus
2991 4426 3205 4497 antiqua
3243 4427 3446 4484 confir-

1851 4515 2038 4570 muns?
2081 4511 2308 4584 Eligitur
2338 4527 2473 4568 unus
2501 4527 2565 4568 ex
2595 4522 2752 4584 gente
2795 4514 3196 4587 Chaldaeorum,
3245 4521 3444 4590 pietate

1851 4606 2157 4664 ﬁdelissima
2179 4604 2454 4676 praeditus,
2485 4605 2570 4662 cui
2602 4606 2859 4675 promissa
2891 4606 3066 4662 divina
3089 4618 3212 4680 post
3241 4621 3442 4668 tantam

1852 4700 2167 4756 surculorum
2194 4698 2389 4754 seriem
2430 4697 2736 4752 novissimis
2767 4700 3096 4770 temporibus
3124 4703 3439 4772 complenda

1854 4791 2163 4863 prodantur,
2176 4800 2336 4862 atque
2353 4790 2404 4844 in
2422 4788 2536 4860 ejus
2551 4792 2757 4846 semine
2773 4807 2961 4847 omnes
2972 4801 3158 4862 gentes
3176 4795 3436 4852 habiturae

1851 4880 2727 4952 benedictionemiprzenuntiantur
2752 4880 2902 4953 (Gen.
2921 4897 3016 4945 xu,
3041 4881 3119 4954 2).
3149 4883 3248 4940 Hic
3271 4901 3434 4942 unum

1854 4973 2022 5031 Deum
2057 4988 2240 5030 verum
2283 4971 2468 5028 colens
2493 4973 2856 5028 universitatis
2891 4982 3191 5030 creatorem
3212 5019 3227 5044 ,
3268 4979 3441 5051 gignit

1854 5067 2020 5124 tilium
2043 5082 2232 5133 senex,
2244 5066 2312 5123 de
2335 5066 2561 5138 conjuge
2577 5083 2734 5136 quam
2753 5082 2848 5136 spe
2865 5068 3101 5138 pariendi
3121 5073 3330 5140 penitus
3347 5073 3442 5130 de-

1855 5161 2093 5217 stitutam
2117 5159 2370 5216 sterilitas
2391 5168 2624 5230 mtasque
2639 5158 2751 5228 jam
2781 5157 2997 5214 fecerat.
3027 5161 3354 5234 Propagatnr
3375 5181 3442 5220 ex

1856 5253 1949 5310 illo
1965 5252 2432 5308 numerosissimus
2454 5251 2697 5322 populus,
2715 5250 3094 5322 multiplicatus
3115 5255 3167 5310 iu
3185 5253 3440 5326 Egypto,

1856 5361 1962 5415 quo
1983 5333 2129 5401 illam
2159 5345 2380 5416 stirpem
2414 5361 2478 5400 ex
2504 5344 2853 5402 orientalibus
2877 5349 3131 5417 partibus,
3164 5349 3443 5418 promissis

1857 5439 2166 5509 ellectisque
2191 5439 2540 5494 crebrescens
2560 5437 2837 5508 dispositio
2856 5437 3033 5494 divina
3057 5437 3441 5496 transmiserat.

1859 5530 2112 5586 Educitur
2139 5546 2202 5586 ex
2244 5529 2461 5600 Egypti
2489 5530 2744 5585 servitute
2767 5545 2899 5600 gens
2929 5529 3096 5583 valida
3119 5571 3134 5594 ,
3163 5517 3445 5613 horrendis

1921 5623 1937 5654 ι
1959 5622 2199 5688 Edd._t.ov_.
2218 5621 2326 5671 Bad.
2354 5627 2406 5671 et
2426 5627 2501 5670 Er.
2525 5621 2710 5688 habent
2726 5655 2742 5679 ,
2777 5629 2875 5669 Deo
2912 5620 3192 5685 suppliciter
3213 5620 3444 5688 invocato.

1860 5691 1913 5733 At
1936 5691 2041 5732 Mss.
2068 5681 2327 5746 lectionum
2353 5691 2562 5732 nostram
2588 5683 2865 5746 prreferunt.

1923 5748 1942 5778 ³
1961 5751 2010 5793 In
2045 5747 2164 5809 add.
2206 5744 2403 5807 legitur.
2429 5743 2700 5809 facerenon
2723 5743 2900 5793 debuit.
2938 5747 3029 5794 sed
3053 5748 3194 5796 abest
3217 5749 3448 5809 partiam

1828 5843 1829 5846 η
1861 5820 2050 5869 negans
2071 5819 2098 5854 a
2123 5807 2372 5870 plerisque
2397 5807 2506 5855 (κω.
2537 5816 2637 5856 uss.

2583 5890 2985 5977 (ωε-δορί.)
