3990 6392
640 404 744 464 827

640 520 696 575 iu
710 518 1017 576 diversitate
1039 529 1383 587 personarum
1401 527 1507 568 uno
1522 520 1761 582 tempore
1774 508 2015 566 accidere
2037 516 2231 580 potest,

640 620 703 667 ut
731 610 855 666 huic
898 610 1057 665 liceat
1082 606 1279 681 aliquid
1308 607 1524 676 impune
1550 603 1747 671 facere,
1788 617 1896 657 non
1942 601 2100 657 liceat
2127 600 2237 665 illi;

640 720 749 761 non
774 702 915 776 quod
944 700 1218 758 dissimilis
1242 714 1330 757 res
1357 699 1447 765 sit,
1478 697 1573 755 sed
1615 695 1757 770 quod
1786 697 1833 752 is
1849 695 1940 767 qui
1968 694 2092 750 facit
2123 710 2136 747 :
2168 693 2238 747 ita

640 797 711 852 ab
741 810 845 851 una
868 794 1161 864 eademque
1190 805 1418 862 persona
1459 789 1685 845 diversis
1710 785 2064 858 temporibus,
2107 793 2235 838 tunc

641 894 855 959 oportet
878 884 1077 957 aliquid
1106 882 1240 949 fieri,
1263 890 1391 938 tunc
1411 894 1517 937 non
1561 887 1803 951 oportet;
1839 894 1945 934 non
1971 875 2113 949 quod
2157 874 2240 931 sui

641 978 919 1035 dissimilis
937 977 1006 1032 sit
1024 974 1113 1045 qui
1141 975 1285 1038 facit,
1308 972 1403 1029 sed
1426 971 1639 1044 quando
1660 972 1810 1028 facit.

710 1072 765 1127 5.
795 1070 919 1125 Haec
961 1068 1185 1140 quaestio
1218 1082 1377 1139 quam
1419 1066 1527 1123 late
1569 1072 1790 1137 pateat,’
1816 1064 2057 1135 profecto
2098 1062 2242 1117 videt

639 1162 881 1234 quisquis
908 1160 1116 1233 pulchri
1138 1159 1353 1231 aptique
1377 1158 1685 1213 distantiam
1715 1171 1953 1227 sparsam
1976 1155 2240 1225 quodam-

638 1254 802 1310 modo
831 1253 883 1308 in
905 1252 1252 1308 universitate
1278 1264 1458 1306 rerum
1487 1250 1645 1315 valet,
1692 1263 1863 1317 neque
1892 1246 2115 1317 negligit
2162 1245 2242 1299 in-

638 1346 799 1401 tueri.
832 1343 1118 1399 Pulchrum
1146 1342 1289 1396 enim
1311 1356 1407 1411 per
1428 1341 1662 1410 seipsum
1687 1337 2057 1393 consideratur
2083 1344 2241 1405 atque

636 1438 906 1504 laudatur,
928 1438 1014 1493 cui
1040 1447 1195 1505 turpe
1225 1450 1288 1490 ac
1316 1433 1555 1489 deforme
1575 1431 1900 1487 contrarium
1924 1440 2025 1484 est.
2045 1430 2240 1497 Aptum

637 1546 790 1599 vero,
812 1530 897 1585 cui
924 1544 991 1584 ex
1013 1527 1239 1583 adverso
1258 1534 1340 1581 est
1364 1524 1623 1595 ineptum,
1640 1522 1791 1593 quasi
1808 1522 2081 1591 religatum
2113 1534 2244 1589 pen-

640 1622 733 1680 det
757 1620 991 1687 aliunde,
1024 1634 1122 1674 nec
1146 1633 1214 1673 es
1228 1616 1537 1685 semetipso,
1562 1613 1655 1670 sed
1676 1630 1738 1667 ex
1766 1629 1832 1667 eo
1857 1612 1940 1667 cui
1966 1610 2244 1665 connecti-

639 1722 749 1781 tur,
772 1712 1038 1783 iudicatur
1066 1727 1080 1763 ε
1116 1708 1365 1764 nimirum
1383 1707 1541 1762 etiam
1557 1706 1754 1761 decens
1779 1714 1941 1773 atque
1968 1701 2238 1768 indecens,

639 1805 724 1861 vel
749 1804 854 1860 hoc
890 1803 1031 1859 idem
1068 1810 1171 1866 est,
1203 1800 1286 1855 vel
1317 1798 1533 1870 perinde
1566 1798 1809 1853 habetur.
1843 1800 1955 1866 Age
1983 1809 2143 1857 nunc,
2175 1808 2239 1847 ea

640 1913 762 1969 qua:
806 1897 1054 1960 diximus,
1093 1892 1237 1950 refer
1261 1894 1327 1947 ad
1349 1891 1475 1947 illud
1512 1890 1655 1946 unde
1692 1890 1888 1959 agitur.
1918 1890 2113 1957 Aptum
2143 1884 2243 1940 fuit

640 1990 832 2061 primis
859 1986 1188 2059 temporibus
1212 1984 1529 2039 sacriﬁcium
1559 1982 1701 2053 quod
1724 1987 2050 2051 pra-ceperat
2078 1979 2237 2043 Deus,

636 2096 780 2138 nunc
796 2095 930 2137 vero
954 2093 1063 2135 non
1083 2078 1155 2133 ita
1179 2086 1281 2131 est.
1311 2073 1466 2129 Aliud
1490 2074 1635 2128 enim
1667 2072 1919 2143 praecepit
1948 2069 2087 2139 quod
2118 2068 2242 2123 huic

638 2172 869 2244 tempori
912 2179 1095 2242 aptum
1124 2176 1287 2233 esset,
1336 2166 1427 2237 qui
1468 2165 1635 2219 multo
1681 2163 1849 2234 magis
1889 2175 2046 2231 quam
2079 2159 2241 2214 homo

638 2266 789 2321 novit
813 2262 944 2336 quid
965 2261 1160 2332 cuique
1188 2258 1411 2329 tempori
1456 2254 1855 2311 accommodate
1890 2251 2235 2315 adhibeatur;

638 2356 767 2429 quid
793 2353 1006 2427 quando
1033 2352 1319 2424 impertiat,
1349 2350 1528 2414 addat,
1575 2347 1799 2412 auferat,
1842 2345 2105 2411 detrahat,
2144 2360 2234 2399 au-

640 2458 786 2520 geat,
828 2449 1121 2512 minuatve,
1166 2441 1510 2498 immutabilis
1547 2439 1899 2505 mutabilium,
1928 2438 2064 2493 sicut
2090 2453 2239 2493 crea-

639 2555 744 2609 tor,
776 2543 845 2596 ita
867 2539 1193 2605 moderator,
1220 2536 1393 2592 donec
1418 2534 1652 2589 universi
1673 2534 1852 2587 szeculi
1879 2531 2235 2605 pulchritudo,

638 2636 791 2706 cujus
831 2632 1102 2704 particulae
1132 2640 1256 2686 sunt
1288 2645 1408 2700 qua:
1446 2628 1558 2683 suis
1589 2626 1887 2697 quibusque
1914 2624 2239 2694 temporibus

637 2734 758 2795 apta
782 2734 928 2792 sunt,
955 2724 1101 2779 velut
1131 2736 1379 2792 magnum
1406 2733 1623 2775 carmen
1650 2716 1927 2787 cujusdam
1958 2715 2239 2771 ineffabilis

637 2814 986 2870 modulatoris
1031 2821 1297 2875 excurrat,
1339 2819 1499 2881 atque
1540 2807 1664 2864 inde
1707 2816 1978 2863 transeant
2008 2806 2059 2860 in
2085 2816 2240 2860 mter—

638 2923 762 2962 nant
799 2904 1301 2974 contemplationem
1344 2901 1543 2971 speciei
1572 2899 1664 2971 qui
1695 2898 1864 2953 Deum
1902 2898 2003 2953 rite
2032 2896 2233 2961 colunt,

636 2997 798 3052 etiam
812 3011 934 3053 eum
954 3005 1165 3066 tempus
1189 3002 1271 3049 est
1293 2991 1434 3047 fidei.

709 3091 763 3144 6.
796 3089 1071 3145 Falluntur
1094 3098 1271 3144 autem
1300 3088 1391 3157 qui
1435 3087 1749 3142 existimant
1786 3085 1905 3141 haec
1948 3085 2113 3139 Deum
2150 3082 2237 3153 ju-

637 3186 767 3239 bere
789 3196 950 3238 causa
970 3197 1081 3237 sua:
1099 3181 1340 3237 utilitatis
1356 3182 1437 3235 vel
1465 3180 1751 3250 voluptatis
1779 3197 1793 3232 :
1822 3188 1881 3234 et
1899 3178 2091 3233 merito
2116 3190 2235 3231 mo-

638 3282 831 3330 ventur
863 3288 960 3329 cnr
997 3273 1136 3328 Deus
1182 3271 1282 3326 ista
1332 3272 1637 3337 mutaverit,
1687 3270 1839 3341 quasi
1886 3269 2238 3326 delectatione

636 3363 877 3420 mutabili
908 3362 1052 3418 aliud
1079 3362 1184 3418 sibi
1224 3360 1416 3432 iubens
1447 3360 1629 3417 offerri
1659 3360 1753 3415 illo
1794 3361 1937 3430 prius
1976 3369 2233 3429 tempore,

637 3457 783 3512 aliud
809 3457 934 3512 isto.
979 3454 1097 3511 Non
1133 3464 1309 3510 autem
1337 3454 1408 3509 ita
1433 3463 1534 3509 est.
1579 3452 1720 3507 Nihil
1762 3453 1899 3508 Deus
1921 3452 2073 3524 jubet
2094 3451 2235 3523 quod

636 3550 740 3606 sibi
767 3550 955 3620 prosit,
986 3547 1083 3603 sed
1109 3547 1184 3602 illi
1204 3546 1289 3601 cui
1306 3546 1480 3616 jubet.
1508 3544 1632 3600 Ideo
1661 3559 1817 3599 verus
1841 3554 1925 3600 est
1952 3544 2227 3611 Dominus,

634 3642 725 3712 qui
771 3654 928 3695 servo
968 3654 1076 3694 non
1114 3638 1333 3709 indiget,
1370 3648 1425 3692 et
1463 3653 1568 3707 quo
1607 3652 1794 3691 servus
1824 3636 2041 3707 indiget.
2075 3635 2131 3689 ln
2171 3650 2235 3691 ea

633 3734 831 3803 quippe
859 3731 1129 3802 Scriptura
1171 3745 1292 3801 qua:
1327 3739 1480 3786 vetus
1506 3729 1700 3785 dicitur
1729 3729 2148 3795 Testamentum,
2182 3736 2236 3782 et

635 3841 703 3882 eo
727 3836 965 3895 tempore
992 3839 1099 3896 quo
1124 3824 1297 3879 adhuc
1318 3823 1405 3878 illa
1430 3824 1791 3879 offerebantur
1828 3824 2087 3878 sacrificia
2115 3839 2235 3894 qua:

636 3919 740 3974 hoc
765 3927 1003 3988 tempore
1023 3932 1128 3973 non
1146 3917 1461 3983 offeruntur,
1492 3916 1695 3971 dictum
1721 3927 1802 3970 est
1823 3935 1835 3968 :
1855 3915 2227 3984 DiziDomino,

636 4011 777 4066 Deus
802 4028 941 4065 meus
971 4026 1026 4066 es
1050 4020 1123 4077 tu,
1163 4012 1400 4082 quoniam
1444 4012 1686 4065 bonorum
1724 4027 1949 4065 meorum
1994 4028 2093 4064 non
2122 4028 2234 4081 eges

637 4104 656 4173 (
680 4102 822 4157 I'sal.
860 4118 950 4168 xv,
979 4102 1070 4172 2).
1098 4101 1205 4158 Nec
1227 4102 1438 4157 illorum
1467 4117 1594 4173 ergo
1624 4102 2007 4156 sacriﬁciorum
2044 4102 2235 4171 egebat

638 4195 797 4259 Deus,
842 4209 942 4249 nec
964 4194 1277 4264 cujusquam
1313 4204 1431 4260 eget
1460 4209 1690 4264 unquam
1711 4235 1725 4257 ,
1768 4194 1859 4249 sed
1886 4209 2063 4248 rerum
2093 4193 2233 4248 divi-

634 4285 779 4339 nitus
820 4284 1227 4353 impartitarum,
1262 4285 1345 4339 vel
1389 4285 1675 4339 imbuenda
1708 4286 1991 4339 virtutibus
2029 4285 2228 4354 animo,

634 4374 719 4430 vel
757 4382 973 4431 aeterna:
1010 4376 1167 4430 saluti
1210 4376 1585 4446 adipiscendae,
1626 4378 1867 4447 quaedam
1904 4379 2055 4448 signa
2083 4387 2226 4443 sunt,

635 4480 865 4537 quorum
907 4465 1264 4527 celebratione
1299 4474 1460 4535 atque
1504 4466 1795 4534 iunctione,
1839 4484 1943 4522 non
1975 4468 2105 4533 Deo,
2134 4467 2229 4523 sed

635 4558 792 4616 nobis
821 4558 967 4613 utilia
994 4558 1201 4628 pietatis
1227 4557 1403 4612 ofﬁcia
1430 4567 1765 4614 exercentur.

707 4654 760 4708 7.
788 4651 957 4709 Nimis
980 4658 1156 4706 autem
1177 4648 1392 4721 longum
1426 4660 1525 4715 est,
1560 4651 1934 4706 convenienter
1961 4651 2231 4722 disputare

640 4748 701 4805 de
727 4748 982 4804 varietate
1010 4746 1303 4816 signorum,
1336 4760 1455 4815 qua:
1482 4759 1603 4799 cum
1634 4744 1701 4799 ad
1728 4759 1814 4800 res
1838 4744 2044 4800 divinas
2069 4746 2231 4816 perti-

630 4850 783 4908 laent,
814 4842 1156 4897 Sacramenta
1196 4837 1549 4908 appellantur.
1581 4838 1733 4894 Sicut
1755 4846 1929 4893 autem
1962 4852 2067 4893 non
2106 4838 2229 4894 ideo

633 4934 903 4991 mutabilis
924 4934 1085 4990 homo
1112 4935 1152 4999 ⁸,
1184 4933 1307 5004 quia
1335 4945 1493 4987 mane
1513 4931 1677 4997 aliud,
1708 4932 1853 4987 aliud
1882 4947 2131 5002 vespere;
2162 4932 2226 4986 il-

632 5025 727 5081 lud
755 5026 858 5081 hoc
884 5042 1086 5092 mense,
1136 5025 1263 5080 illud
1296 5024 1429 5091 alio;
1463 5038 1568 5078 non
1610 5023 1713 5079 hoc
1754 5024 1858 5079 isto
1903 5038 2047 5078 anno
2084 5023 2225 5095 quod

635 5120 728 5175 illo
752 5138 763 5173 :
793 5119 866 5174 ita
891 5135 997 5175 non
1027 5121 1144 5177 ideo
1169 5120 1441 5177 mutabilis
1460 5121 1617 5185 Deus,
1636 5118 1759 5189 quia
1780 5120 2013 5177 universi
2044 5121 2226 5175 saeculi

635 5212 813 5282 priore
834 5212 1105 5267 volumine
1137 5214 1300 5277 aliud,
1333 5213 1475 5268 aliud
1501 5212 1794 5282 posteriore
1834 5213 1934 5268 sibi
1966 5213 2124 5283 jussit
2148 5214 2228 5268 of-

632 5304 781 5370 ferri,
825 5317 932 5376 quo
961 5305 1338 5361 convenienter
1382 5304 1792 5376 signiﬁcationes
1820 5303 1887 5359 ad
1930 5304 2225 5360 doctrinam

632 5400 903 5474 religionis
952 5398 1353 5457 saluberrimam
1400 5400 1758 5469 pertinentes,
1809 5413 1903 5469 per
1953 5399 2223 5453 mutabilia

631 5505 872 5567 tempora
902 5493 1022 5550 sine
1048 5492 1154 5548 ulla
1180 5494 1260 5547 sui
1290 5492 1584 5547 mutatione
1630 5490 1959 5561 disponeret.
2005 5487 2136 5546 Nam
2166 5499 2227 5547 ut

631 5589 893 5653 noverint,
921 5601 1057 5660 quos
1087 5586 1201 5641 haec
1233 5592 1470 5653 moveut,
1495 5584 1605 5654 jam
1629 5583 1729 5639 hoc
1750 5583 1911 5639 fuisse
1941 5583 1995 5639 in
2023 5585 2225 5640 ratione

630 5681 830 5747 divina,
873 5698 976 5738 nec
1023 5698 1146 5737 cum
1196 5681 1293 5737 ista
1340 5694 1473 5735 nova
1514 5677 2001 5745 constituerentur,
2048 5676 2226 5734 subito

635 5775 810 5843 priora
848 5774 1180 5845 displicuisse
1210 5775 1352 5831 velut
1391 5773 1629 5829 mutabili
1668 5772 1963 5841 voluntate,
2003 5772 2098 5830 sed
2122 5771 2224 5830 hoc

696 5890 835 5937 mss.
858 5886 1243 5948 septemdecim,
1271 5895 1412 5936 Deus.

1869 396 1927 452 s.
1969 391 2335 456 AllGUSTlNl
2378 389 2675 449 EPISCOPI
3782 398 3865 457 δίε

2342 508 2452 578 jam
2481 508 2645 562 fixum
2671 514 2727 561 et
2749 513 3004 561 statutum
3028 504 3187 561 fuisse
3208 504 3262 560 in
3284 506 3397 577 ipsa
3426 507 3665 579 sapientia
3686 509 3783 577 Dei,
3800 519 3866 569 cui

2346 602 2415 657 de
2445 600 2733 671 majoribus
2757 601 2913 655 etiam
2941 614 3120 656 rerum
3152 601 3520 661 mutationibus
3555 603 3721 659 eadem
3750 604 3866 662 seri.

2349 703 2499 766 plura
2523 693 2652 749 dicit
2680 712 2693 759 ;
2723 692 2777 746 Μ
2784 694 2946 747 utabis
2975 711 3051 758 ea,
3071 704 3115 747 et
3146 694 3461 748 mutabuntur
3492 710 3509 749 :
3533 705 3583 749 tu
3601 708 3745 752 autem
3765 700 3869 754 idem

2347 784 2456 857 ipse
2478 802 2528 839 es
2555 784 2721 855 (Psal.
2752 800 2822 851 Cl,
2846 784 2934 848 27,
2965 784 3089 853 28);
3124 785 3489 840 insinuandum
3510 796 3588 842 est
3609 789 3705 852 eis,
3730 800 3866 846 muta-

2348 876 2547 932 tionem
2592 876 2745 931 istam
2781 888 3233 932 sacramentorum
3269 877 3585 934 Testamenti
3632 883 3797 936 veteris
3826 894 3869 939 et

2348 969 2470 1023 novi
2496 969 2655 1024 etiam
2693 969 2997 1039 prmdictam
3026 968 3189 1025 fuisse
3218 970 3535 1039 propheticis
3573 972 3776 1026 vocibus.
3810 972 3868 1029 lta

2348 1060 2489 1115 enim
2517 1059 2791 1127 videbunt,
2814 1062 2859 1116 si
2882 1070 3148 1132 poterunt,
3180 1061 3231 1115 id
3251 1061 3388 1131 quod
3408 1061 3459 1115 in
3477 1070 3696 1131 tempore
3713 1079 3866 1118 novum

2348 1162 2448 1218 est,
2479 1170 2584 1208 non
2610 1169 2728 1209 esse
2748 1168 2941 1209 novum
2968 1153 3105 1225 apud
3141 1170 3262 1210 eum
3286 1154 3375 1225 qui
3402 1154 3625 1209 condidit
3658 1164 3864 1226 tempora,

2348 1254 2402 1301 et
2416 1246 2531 1302 sine
2562 1255 2801 1316 tempore
2822 1246 2980 1302 habet
3004 1247 3180 1301 omnia
3206 1263 3324 1317 quae
3349 1246 3460 1301 suis
3478 1246 3744 1318 quibusque
3767 1258 3868 1303 lein.

2348 1337 2564 1405 poribus
2592 1351 2689 1407 pro
2708 1351 2893 1393 eorum
2918 1337 3174 1391 varietate
3201 1336 3487 1391 distribuit.
3514 1335 3637 1391 Nam
3663 1347 3710 1391 et
3734 1338 3773 1391 in
3797 1338 3867 1392 illo

2349 1427 2572 1497 psalmo,
2592 1427 2732 1483 unde
2759 1428 3170 1484 commemoravi
3205 1428 3423 1499 aliquid,
3455 1443 3556 1500 quo
3592 1428 3864 1484 demonstra-

2348 1536 2460 1577 rem
2489 1537 2591 1577 non
2620 1538 2778 1593 egere
2818 1523 2980 1579 Deum
3009 1522 3279 1578 sacrificiis
3315 1527 3527 1588 nostris,
3569 1522 3646 1577 cui
3676 1522 3830 1577 dicitur
3854 1542 3863 1575 :

2348 1610 2469 1665 Dixi
2494 1611 2733 1681 Domino,
2761 1612 2893 1669 Deus
2923 1631 3060 1668 meus
3081 1631 3131 1667 es
3160 1624 3233 1681 tu,
3262 1597 3496 1685 quoniam
3521 1613 3739 1668 bonorum
3761 1630 3865 1668 nieo-

2346 1720 2460 1757 rum
2479 1720 2578 1757 non
2602 1721 2747 1776 eges;
2790 1706 2947 1775 paulo
2986 1717 3105 1776 post
3140 1707 3329 1776 legitur
3355 1721 3418 1761 ex
3451 1720 3660 1776 persona
3694 1703 3862 1772 Christi,

2350 1792 2469 1848 Non
2494 1796 2807 1867 congregabo
2826 1798 3167 1852 conventicula
3179 1814 3353 1852 eorum
3370 1797 3432 1851 de
3454 1797 3765 1869 sanguinibus,
3790 1796 3865 1851 hoc

2348 1896 2431 1941 est
2456 1902 2707 1957 pecorum
2758 1889 3004 1955 victimis,
3056 1890 3249 1961 quibus
3294 1891 3439 1960 prius
3479 1890 3864 1960 congregabantur

2346 1981 2713 2034 conventicula
2732 1980 3035 2037 Judzcorum
3061 1998 3076 2036 :
3108 1990 3161 2038 et
3196 1981 3323 2037 alihi
3352 1981 3498 2047 dicit,
3533 1979 3642 2035 Non
3676 1979 3864 2049 accipiam

2346 2073 2409 2124 de
2429 2087 2580 2124 manu
2608 2082 2697 2125 tua
2723 2074 2925 2141 vitulos,
2950 2090 3104 2145 neque
3132 2076 3195 2127 de
3212 2072 3445 2145 gregibus
3466 2074 3719 2127 tuisliircos
3736 2069 3860 2143 (Psal.

2346 2177 2490 2226 ms,
2525 2162 2579 2234 9)
2618 2184 2629 2219 :
2662 2175 2715 2219 et
2735 2166 2869 2219 alius
2898 2165 3172 2237 propheta,
3203 2164 3357 2231 Ecce,
3381 2165 3677 2236 inquit,dies
3694 2162 3860 2226 reuieat,

2344 2253 2467 2307 dicit
2492 2252 2758 2323 Dominus,
2783 2267 2828 2311 et
2852 2257 3161 2327 conﬁrmabo
3190 2274 3341 2328 super
3370 2257 3572 2310 doutum
3594 2255 3734 2309 Iacob
3758 2263 3862 2307 testa-

2346 2356 2564 2401 mentum
2587 2364 2788 2414 norum,
2832 2366 2932 2402 non
2975 2350 3104 2402 sicut
3147 2359 3497 2403 testamentum
3541 2347 3665 2420 quod
3692 2345 3861 2416 disponi

2344 2438 2570 2508 patribus
2582 2456 2699 2493 coru
2708 2457 2775 2507 nt,
2791 2458 2903 2493 cum
2921 2441 3071 2495 eduxi
3082 2457 3165 2495 eos
3180 2441 3243 2494 de
3257 2450 3393 2495 terra
3408 2438 3613 2512 {Egypti
3631 2438 3739 2509 (Jer.
3752 2451 3856 2499 mi,

2344 2529 2434 2595 51,
2466 2528 2578 2602 52).
2614 2529 2679 2585 Et
2707 2532 2807 2585 alia
2839 2532 3003 2585 multa
3026 2540 3151 2586 sunt
3176 2532 3243 2587 de
3266 2532 3368 2587 hac
3392 2548 3449 2586 re
3474 2529 3761 2594 testimonia,
3783 2526 3859 2597 qui-

2344 2622 2441 2677 bus
2488 2622 2587 2677 hoc
2638 2624 2801 2678 Deum
2855 2624 3111 2678 facturum
3163 2638 3284 2679 esse
3328 2623 3627 2695 praedictum
3661 2633 3745 2687 est,
3777 2632 3858 2689 qua

2342 2728 2762 2771 commemorare
2783 2732 2922 2771 nunc
2947 2717 3159 2787 longum
3190 2724 3293 2771 est.

2414 2805 2466 2860 8.
2499 2805 2597 2861 Hic
2628 2807 2737 2878 jam
2776 2808 2823 2864 si
2862 2808 2991 2862 satis
3014 2808 3271 2871 constitit,
3303 2806 3445 2879 quod
3477 2816 3611 2861 recte
3636 2804 3726 2858 alio
3758 2812 3853 2856 tctu-

2344 2914 2473 2970 pore
2511 2901 2853 2954 constitutum
2882 2912 2983 2967 est,
3014 2900 3153 2955 idem
3183 2910 3333 2955 recte
3368 2901 3472 2955 alio
3498 2908 3715 2970 tempore
3746 2907 3855 2966 pose

2343 2993 2555 3054 mutari,
2577 2993 2829 3047 mutantis
2849 3007 3032 3062 opere,
3053 3007 3160 3047 non
3174 2992 3527 3062 dispositione
3540 2999 3855 3058 mutata,quam

2341 3086 2741 3157 dispositionem
2788 3088 3131 3157 intelligibilis
3174 3088 3315 3142 ratio
3358 3090 3624 3153 continet,
3663 3085 3734 3141 ubi
3775 3084 3855 3137 sine

2344 3187 2582 3247 tempore
2610 3177 2765 3232 simul
2786 3186 2909 3232 sunt
2934 3194 3053 3249 qua:
3075 3179 3126 3232 in
3159 3180 3489 3249 temporibus
3509 3178 3651 3233 simul
3672 3176 3760 3231 fieri
3780 3190 3851 3227 non

2343 3281 2592 3341 possunt,
2640 3271 2761 3342 quia
2796 3282 3035 3340 tempora
3066 3288 3168 3326 non
3197 3272 3361 3327 simul
3393 3282 3628 3335 currunt;
3657 3268 3850 3341 quispiam
3950 3340 3951 3349 χ

2341 3361 2582 3417 fortassis
2610 3371 2882 3433 exSpectet
2923 3378 3111 3418 causas
3150 3379 3179 3417 a
3219 3365 3378 3419 nobis
3425 3365 3583 3435 ipsius
3619 3360 3851 3417 mutationis

2340 3455 2599 3525 accipere,
2643 3455 2783 3526 quod
2832 3457 2943 3527 ipse
2991 3458 3130 3511 nosti
3170 3473 3333 3528 quam
3365 3458 3551 3529 prolixi
3590 3457 3652 3512 sit
3692 3451 3847 3523 negotii.
3947 3460 3949 3513 ι

2341 3545 2717 3602 Verumtamen
2742 3549 2971 3604 breviter
2996 3548 3099 3604 dici
3117 3561 3316 3620 potest,
3348 3551 3487 3622 quod
3532 3548 3709 3605 homini
3740 3554 3848 3599 acuto
3945 3548 3947 3613 λ

2338 3637 2565 3693 fortasse
2586 3638 2876 3708 sutlecerit,
2902 3640 3021 3695 aliis
3047 3644 3398 3696 sacramentis
3416 3638 3723 3713 prmuuntiari
3743 3632 3847 3689 Clui-

2340 3738 2477 3783 stum
2503 3746 2623 3784 cmn
2644 3741 2897 3785 venturus
2912 3742 3076 3799 esset,
3099 3732 3215 3786 aliis
3235 3747 3359 3787 cum
3384 3733 3603 3787 venisset
3621 3722 3844 3783 aummtiari
3941 3750 3943 3799 λ

2338 3826 2663 3894 oportuisse;
2693 3826 2829 3880 sicut
2856 3825 3011 3879 modo
3041 3842 3137 3881 nos
3163 3827 3391 3896 idipsmn
3422 3829 3690 3898 loquentes,
3717 3820 3842 3875 diver-

2337 3916 2466 3970 sitas
2510 3933 2688 3971 rerum
2720 3918 2976 3988 compulit
3010 3919 3167 3972 etiam
3213 3921 3371 3974 verba
3406 3930 3617 3973 mutare.
3644 3910 3840 3983 Siquidm

2336 4010 2480 4064 aliud
2508 4021 2589 4065 est
2632 4013 2993 4081 praenuntiam,
3044 4011 3185 4067 aliud
3228 4012 3561 4077 annuntiari;
3608 4006 3726 4065 aliud
3760 4016 3839 4057 αιω

2340 4111 2590 4187 veplurus
2619 4114 2778 4169 esset,
2809 4103 2948 4157 aliud
2977 4118 3096 4158 cum
3128 4105 3380 4159 venisset.

2413 4194 2639 4250 CAPUT
2664 4196 2856 4251 ll.-9.
2878 4195 3025 4249 Nunc
3041 4194 3232 4251 deinde.
3249 4196 3521 4251 videamus
3535 4196 3671 4266 quale
3688 4190 3739 4244 sit
3753 4181 3837 4241 illud

2335 4289 2474 4359 quod
2495 4289 2544 4342 in
2569 4289 2790 4359 epistola
2823 4297 2908 4342 tua
2929 4288 3189 4357 sequitur.
3221 4288 3475 4358 Adjecisti
3503 4288 3630 4341 enim
3654 4296 3728 4337 eos
3741 4280 3839 4332 dirc-

2336 4398 2395 4437 re
2442 4382 2575 4449 (μιοιι
2609 4380 2796 4436 Christi
2841 4382 3134 4452 praedicatio
3179 4394 3328 4453 atque
3365 4382 3585 4435 doctrina
3625 4370 3837 4446 reipublica

2335 4475 2553 4527 moribus
2582 4475 2721 4527 nulla
2756 4490 2817 4527 ea:
2836 4484 2978 4544 parte
3007 4475 3285 4536 conveniat,
3315 4475 3458 4544 cujus
3481 4475 3570 4527 hoc
3600 4456 3749 4523 constet
3767 4474 3837 4513 es“

2336 4576 2661 4635 prteccptum,
2699 4577 2751 4619 ut
2781 4567 2911 4620 nulli
2931 4565 3120 4620 malum
3159 4583 3251 4639 pro
3272 4568 3408 4620 malo
3435 4566 3627 4619 reddere
3642 4558 3834 4613 debeam!“

2337 4660 2509 4732 (Rom.
2544 4677 2636 4725 xu,
2673 4662 2782 4734 17),
2811 4673 2857 4715 et
2887 4662 3179 4733 percutienti
3212 4661 3368 4714 aliam
3394 4658 3600 4731 praebere
3621 4650 3829 4707 maxillam.

2331 4764 2377 4807 et
2406 4751 2616 4822 pallium
2646 4752 2766 4806 dare
2786 4752 2830 4806 ei
2856 4753 2940 4821 qui
2969 4753 3191 4805 tunicam
3212 4751 3413 4821 auferre
3428 4746 3686 4819 perstiterit,
3710 4748 3831 4792 ειαηι

2331 4862 2388 4901 eo
2413 4846 2499 4916 qui
2530 4863 2619 4899 nos
2646 4845 2912 4915 angariare
2949 4844 3179 4909 voluerit,
3226 4845 3300 4899 ire
3322 4843 3495 4897 debere
3533 4838 3674 4911 spatio
3698 4826 3830 4885 itineris

2330 4939 2584 5009 duplicato
2610 4938 2820 5011 (Matth.
2851 4952 2906 5003 v,
2932 4936 3306 5007 59-41).·ρυω
3329 4936 3493 4991 omnia
3513 4927 3828 5002 reijmblira'mo-

2330 5030 2468 5085 ribus
2495 5039 2787 5085 asseruntur
2812 5047 2917 5085 esse
2941 5032 3194 5085 contraria
3222 5047 3239 5084 :
3270 5028 3405 5083 Nam
3452 5029 3555 5098 quis
3575 5066 3588 5091 ,
3634 5014 3824 5088 inquiunt.

2330 5126 2439 5179 tolli
2468 5125 2561 5179 sibi
2581 5123 2640 5177 ab
2674 5126 2813 5181 hoste
2835 5124 3029 5195 aliquid
3057 5125 3302 5196 patiatur,
3344 5123 3419 5177 vel
3446 5121 3662 5175 Rortunta:
3684 5104 3823 5215 proris,-

2329 5220 2421 5272 cite
2440 5218 2866 5289 deprardatoribus
2892 5233 2990 5271 non
3024 5218 3158 5269 ntala
3202 5216 3311 5270 uelit
3354 5212 3468 5267 belli
3497 5214 3607 5280 jure
3625 5207 3814 5271 reponere

2330 5310 2638 5382 limosaque
2674 5310 2977 5378 hujnsmodi
3004 5309 3167 5364 verba
3213 5303 3619 5366 obtrectmitium,
3646 5293 3732 5347 sive
3750 5294 3819 5386 ιιοη

2329 5405 2695 5468 obtrectnulo,
2715 5403 2806 5459 set}
2821 5403 3109 5474 qumrendo
3129 5403 3247 5456 talia
3275 5397 3603 5470 loquentium,
3620 5385 3818 5458 operosi“s

2330 5496 2555 5552 fortasse
2602 5497 2922 5562 refellerem,
2956 5496 3058 5551 nisi
3089 5496 3169 5549 lue
3200 5491 3592 5562 disceptationes
3629 5476 3815 5535 habere”

2328 5600 2417 5647 tur
2444 5608 2565 5646 cum
2593 5593 2713 5645 viris
2738 5592 3023 5645 liberaliter
3049 5590 3317 5645 institutis.
3349 5585 3495 5642 Unde
3517 5577 3624 5652 quid
3645 5565 3817 5641 opus“

2330 5695 2384 5739 ut
2405 5686 2602 5740 diutius
2627 5684 2946 5751 laboremus,
2975 5698 3037 5737 ac
3058 5698 3161 5737 non
3180 5684 3321 5753 ipsos
3344 5677 3505 5749 polit!s
3532 5663 3817 5753 Ρετθοηίθψῗτ

2327 5776 2597 5847 quomodo
2628 5742 3365 5845 poterantgubernare'atque
3387 5742 3566 5836 augere
3600 5742 3815 5847 ιοωιιυωίς

2329 5886 2469 5937 eam,
2499 5886 2655 5940 quam
2696 5885 2757 5923 ex
2791 5883 2951 5937 parva
2979 5876 3027 5921 ct
3058 5867 3201 5938 inopi
3241 5875 3472 5933 magnam
3496 5844 3817 5925 opulentamne

3953 3142 3955 3215 ι

3950 3236 3953 3315 ¹

3947 3460 3949 3513 ι

3945 3562 3947 3613 ι

3943 3658 3945 3711 l

3942 3750 3943 3806 ι
