3990 6388
283 313 369 372 διο
1449 313 1942 372 EPISTULARUM'
1963 315 2237 374 CLASSIS
2275 316 2362 374 lli.

286 434 524 499 fecerunt,
554 434 644 504 qui
665 444 882 507 accepta
913 433 1105 505 injuria
1137 433 1412 505 ignoscere
1435 448 1590 504 quam
1615 434 1862 504 persequi

286 527 531 582 malebant
563 527 888 596 (Sallustius,
925 527 1054 581 Bell.
1087 525 1306 597 Catil.)?
1357 529 1624 597 quomodo
1667 527 1863 583 Ctesari
1919 547 1922 550 '

285 618 681 675 administratori
711 619 890 688 utique
918 618 1243 690 reipublicae,
1266 632 1445 674 mores
1462 618 1578 688 ejus
1603 618 1864 675 extollens

283 714 450 770 Cicero
475 713 709 777 dicebat,
745 713 886 786 quod
916 713 1048 769 nihil
1076 712 1317 769 oblivisci
1359 713 1558 770 soleret
1593 713 1695 768 nisi
1727 712 1864 784 inju-

284 808 370 862 rias
419 806 612 877 (Uret.
672 823 765 876 pro
811 806 873 872 ρ.
924 804 1153 877 Ligario.
1181 803 1248 876 )?
1294 805 1511 860 Dicebat
1555 805 1698 860 enim
1761 805 1863 861 hoc

285 908 368 951 tam
396 912 625 968 magnus
651 895 913 962 laudator,
939 905 1031 950 aut
1067 906 1173 950 tam
1203 909 1427 966 magnus
1451 894 1697 950 adulator
1725 912 1738 949 :
1766 895 1862 950 sed

283 990 318 1045 si
335 989 590 1056 laudator,
611 989 768 1044 talem
781 987 1049 1044 Caesarem
1064 996 1310 1052 noverat;
1336 987 1379 1043 si
1399 996 1577 1042 autent
1595 987 1860 1053 adulator,

286 1081 419 1136 talem
436 1096 562 1138 esse
577 1080 778 1136 debere
795 1079 1110 1135 ostendebat
1133 1080 1425 1150 principem
1451 1079 1701 1146 civitatis,
1733 1095 1862 1150 qua-

289 1174 369 1230 lem
397 1173 546 1228 illum
579 1172 836 1229 fallaciter
864 1172 1204 1244 pra-dicabat.
1239 1170 1376 1240 Quid
1413 1181 1499 1228 est
1539 1182 1717 1228 autem
1754 1189 1861 1229 non

290 1263 488 1319 reddere
509 1263 706 1318 malum
734 1278 832 1334 pro
855 1263 1018 1329 malo,
1038 1262 1138 1318 nisi
1167 1261 1461 1320 abhorrere
1477 1262 1544 1317 ab
1569 1263 1859 1320 ulciscendi

292 1356 518 1412 libidine?
568 1354 711 1426 quod
765 1363 849 1410 est
894 1365 1111 1425 accepta
1154 1354 1341 1424 injuria
1388 1354 1663 1425 ignoscere
1701 1355 1860 1410 malle

293 1465 427 1523 quam
449 1447 714 1518 persequi,
744 1456 799 1503 et
823 1445 954 1501 nihil
982 1445 1082 1502 nisi
1115 1445 1334 1515 injurias
1348 1445 1606 1500 oblivisci.

353 1541 427 1595 i0.
466 1539 590 1594 [hec
617 1554 739 1593 cum
766 1537 821 1592 in
841 1552 1029 1593 eorum
1058 1538 1304 1608 leguntur
1323 1537 1648 1602 auctoribus,
1677 1537 1861 1592 excla-

299 1645 443 1691 niatur
468 1642 521 1690 et
561 1632 858 1704 plauditur;
891 1630 1121 1686 describi
1161 1639 1322 1702 atque
1365 1631 1640 1712 praedicari
1680 1645 1858 1686 mores

301 1727 534 1794 videntur,
581 1724 777 1796 quibus
823 1723 1041 1795 dignum
1087 1730 1236 1778 esset
1272 1738 1563 1795 exsurgere
1589 1723 1856 1778 civitatem

296 1836 395 1892 qua:
414 1829 481 1875 tot
501 1817 748 1890 gentibus
769 1817 1077 1887 imperaret,
1103 1815 1244 1888 quod
1264 1825 1480 1887 accepta
1503 1815 1692 1887 injuria
1715 1815 1860 1887 igno-

297 1928 424 1969 scere
445 1927 599 1984 quam
627 1910 871 1982 persequi
891 1909 1182 1966 malebant.
1206 1909 1340 1966 Cum
1363 1925 1490 1966 vero
1513 1909 1704 1982 legitur
1725 1927 1861 1981 pra:-

293 2006 494 2076 cipiente
512 2004 829 2060 auctoritate
841 2001 1042 2068 divina,
1061 2019 1169 2058 non
1192 2002 1522 2059 reddendum
1545 2005 1740 2060 malum
1761 2020 1859 2075 pro

293 2097 440 2162 malo;
468 2112 586 2151 cum
617 2096 733 2151 hazc
759 2102 865 2150 tam
896 2094 1127 2150 salubris
1154 2093 1450 2150 admonitio
1487 2096 1858 2166 congregatio-

290 2190 428 2245 nibus
454 2189 788 2261 populorum,
821 2196 1073 2259 tanquam
1119 2189 1344 2258 publicis
1392 2191 1665 2261 utriusque
1696 2206 1858 2247 sexus

285 2291 429 2352 atque
453 2281 692 2336 omnium
723 2287 942 2335 a:tatum
979 2289 1034 2335 et
1058 2278 1374 2351 dignitatum
1414 2281 1633 2348 scholis,
1667 2283 1733 2338 de
1761 2298 1856 2338 su-

285 2373 475 2444 periere
501 2371 618 2428 loco
651 2381 928 2444 personat,
960 2383 1239 2428 accusatur
1266 2375 1451 2446 religio
1478 2384 1727 2448 tanquam
1757 2378 1858 2435 ini-

284 2466 407 2521 mica
431 2465 766 2534 reipublicae!
813 2463 945 2531 Qua:
981 2464 1047 2530 si,
1077 2472 1136 2519 ut
1169 2465 1387 2537 dignum
1428 2477 1530 2533 est,
1561 2469 1854 2536 audiretur,

281 2559 424 2632 longe
450 2561 636 2616 melius
664 2561 914 2626 Romulo,
948 2561 1140 2626 Numa,
1182 2563 1366 2628 Bruto,
1395 2567 1710 2636 ceterisque
1752 2566 1858 2622 illis

280 2650 516 2706 Romana:
552 2652 730 2723 gentis
761 2653 1035 2724 prmeiaris
1081 2654 1230 2722 viris,
1263 2655 1634 2722 constitueret,
1667 2672 1858 2714 conse-

280 2755 461 2808 oraret,
487 2748 745 2810 ﬁrmaret,
775 2754 1099 2816 angeretque
1125 2745 1524 2816 rempublicam.
1551 2747 1688 2816 Quid
1713 2749 1856 2805 enim

281 2846 365 2892 est
397 2837 698 2908 respublica,
739 2837 839 2894 nisi
867 2853 955 2894 res
985 2839 1199 2909 populi?
1230 2839 1338 2895 Res
1363 2856 1490 2912 ergo
1531 2841 1854 2910 communis,

276 2943 365 2982 res
388 2929 549 3000 utique
576 2930 828 2986 civitatis.
859 2929 998 2998 Quid
1028 2939 1110 2987 est
1140 2938 1319 2986 autem
1351 2931 1557 2998 civitas,
1588 2933 1689 2989 nisi
1721 2934 1857 2990 mul-

272 3021 436 3078 titudo
476 3023 751 3078 hominum
792 3024 845 3079 in
884 3023 1152 3095 quoddam
1190 3024 1456 3080 vinculum
1485 3026 1697 3082 redacta
1726 3043 1856 3084 con—

269 3113 493 3170 cordis?
520 3113 678 3186 Apud
721 3130 817 3172 eos
859 3116 1000 3171 enim
1041 3115 1113 3171 ita
1155 3115 1555 3186 legiturzBrevi
1583 3117 1854 3174 multitudo

267 3204 487 3277 dispersa
510 3216 660 3277 atque
689 3221 836 3279 vaga,
875 3207 1146 3262 concordia
1185 3207 1358 3263 civitas
1397 3211 1532 3280 facta
1566 3219 1693 3264 erat.
1723 3211 1854 3278 Quae

267 3312 425 3366 porro
448 3307 712 3370 praecepta
740 3299 1042 3355 concordia:
1072 3300 1126 3355 in
1148 3305 1261 3358 suis
1287 3301 1499 3371 templis
1527 3319 1758 3373 unquam
1778 3303 1853 3361 illi

266 3388 478 3461 legenda
510 3391 868 3448 censuerunt?
904 3391 1345 3464 Quandoquidem
1388 3393 1567 3449 miseri
1615 3411 1854 3465 quaerere
1915 3392 1947 3426 -’

263 3482 599 3551 cogebantur,
635 3498 865 3553 quonam
897 3483 1058 3538 modo
1081 3485 1194 3540 sine
1223 3484 1514 3540 oiTensione
1541 3487 1852 3555 cujusquam

266 3587 444 3627 eorum
472 3572 745 3629 discordes
773 3574 911 3630 inter
939 3590 998 3630 se
1042 3575 1172 3631 deos
1201 3591 1326 3630 suos
1370 3578 1547 3632 colere
1589 3590 1808 3648 possent
1837 3598 1850 3633 :

267 3678 401 3734 quos
425 3664 470 3720 si
498 3665 692 3720 imitari
721 3665 1076 3723 discordando
1102 3669 1320 3733 vellent,
1358 3678 1512 3739 rupto
1552 3671 1852 3727 concordia:

268 3754 475 3812 vinculo
498 3757 684 3813 civitas
717 3757 1014 3826 laberetur;
1043 3759 1186 3830 quod
1230 3770 1411 3832 postea
1463 3765 1710 3833 paulatim
1754 3765 1850 3820 de-

270 3845 508 3902 coloratis
545 3849 915 3920 corruptisque
959 3851 1194 3905 moribus
1240 3852 1323 3921 agi
1370 3854 1532 3923 cwpit
1578 3871 1674 3926 per
1719 3856 1850 3912 bella

272 3936 455 3993 civilia.

353 4029 424 4084 il.
461 4033 663 4098 Quanta
694 4044 823 4085 vero
850 4041 1111 4103 praecepta
1140 4031 1441 4089 concordia:
1477 4049 1579 4091 non
1608 4034 1852 4092 humanis

274 4119 712 4190 disputationibus
735 4122 1019 4194 exquisita,
1055 4123 1151 4180 sed
1180 4124 1356 4180 divina
1383 4125 1700 4182 auctoritate
1725 4142 1853 4183 con-

274 4213 456 4283 scripta
481 4214 531 4269 in
565 4213 764 4270 Christi
791 4215 1032 4272 ecclesiis
1056 4216 1378 4284 lectitentur,
1406 4217 1525 4288 quis
1549 4219 1628 4274 vel
1667 4219 1733 4274 ab
1762 4219 1852 4276 illa

275 4302 515 4374 religione
542 4305 770 4372 alienus,
803 4306 872 4360 ita
903 4307 1094 4363 surdus
1126 4317 1210 4364 est
1250 4317 1305 4362 ut
1353 4308 1592 4378 ignoret?
1632 4309 1710 4366 Ad
1751 4310 1852 4366 hoc

277 4394 406 4448 enim
435 4408 484 4450 et
513 4397 600 4450 illa
645 4397 931 4466 pertinent,
981 4412 1102 4468 qua:
1150 4399 1352 4453 malunt
1393 4399 1661 4470 exagitare
1691 4416 1849 4470 quam

277 4484 487 4553 discere,
523 4489 742 4542 alterum
775 4490 1086 4558 percutienti
1119 4492 1458 4562 praebendam
1499 4509 1619 4548 esse
1658 4493 1850 4548 maxil-

278 4575 392 4645 lam,
421 4580 618 4635 volenti
650 4581 860 4635 auferre
889 4582 1120 4637 tunicam
1152 4584 1384 4639 dandum
1415 4586 1574 4639 etiam
1609 4586 1846 4654 pallium,

273 4686 385 4726 cum
411 4673 718 4745 angariante
745 4673 1113 4742 duplicandam
1140 4678 1297 4730 viam.
1333 4677 1443 4732 Hoc
1473 4680 1664 4749 quippe
1707 4680 1762 4735 fit
1793 4692 1850 4736 ut

276 4765 498 4822 vincatur
523 4767 668 4823 bono
707 4769 900 4834 malus,
945 4771 1050 4824 imo
1096 4769 1148 4823 in
1195 4770 1408 4824 homine
1440 4772 1578 4826 malo
1607 4771 1851 4829 vincatur

273 4855 402 4914 bono
418 4859 638 4925 malum,
667 4867 722 4915 et
747 4860 908 4916 homo
932 4860 1189 4917 liberetur
1207 4878 1234 4915 a
1261 4863 1423 4930 malo,
1453 4878 1556 4918 non
1584 4865 1850 4922 exteriore

269 4953 523 5021 e'talieno,
552 4952 645 5009 sed
675 4953 862 5010 intimo
889 4969 951 5010 ac
976 4970 1095 5023 suo,
1125 4971 1228 5027 quo
1252 4955 1466 5027 gravius
1500 4966 1555 5012 et
1587 4958 1852 5026 pernicio-

271 5043 369 5101 sius
390 5060 548 5118 quam
570 5046 807 5115 cujusvis
831 5046 1001 5104 hostis
1038 5049 1372 5106 extrinsecus
1398 5049 1729 5107 immanitate
1753 5067 1848 5108 va-

270 5143 444 5194 statur.
472 5139 575 5208 Qui
600 5153 730 5210 ergo
752 5140 915 5196 vineit
939 5141 1082 5197 bono
1108 5144 1324 5212 malum,
1361 5145 1625 5215 patienter
1654 5146 1849 5202 amittit

265 5225 568 5303 temporalia
608 5237 909 5299 commoda,
939 5241 997 5288 ut
1021 5234 1209 5291 doceat
1247 5252 1402 5307 quam
1435 5253 1529 5309 pro
1557 5238 1658 5295 fide
1687 5248 1851 5311 atque

257 5320 452 5394 justitia
481 5323 873 5379 contemnenda
905 5326 1032 5393 sint,
1071 5343 1189 5398 quae
1220 5327 1304 5384 ille
1333 5330 1497 5385 nimis
1523 5331 1752 5388 amando
1791 5334 1850 5390 lit

261 5414 455 5483 malus;
488 5429 552 5472 ac
578 5417 664 5472 sic
691 5415 977 5486 injuriosus
997 5418 1064 5472 ab
1084 5434 1148 5474 eo
1171 5420 1285 5490 ipso
1310 5423 1392 5476 cui
1425 5421 1548 5478 fecit
1576 5423 1845 5494 injuriam,

258 5505 425 5564 discat
449 5508 624 5579 qualia
656 5509 766 5564 sint
793 5518 1012 5580 propter
1053 5526 1172 5582 quas
1216 5512 1340 5568 fecit
1381 5514 1648 5584 injuriam,
1691 5526 1848 5588 atque

259 5597 308 5654 in
337 5599 708 5662 concordiam.
735 5615 836 5671 qua
871 5601 1000 5657 nihil
1020 5611 1103 5658 est
1123 5604 1303 5661 utilius
1327 5605 1547 5673 civitati,
1587 5608 1848 5678 paenitens

254 5691 584 5765 acquirautr,
615 5692 789 5749 victus
807 5709 912 5749 non
941 5696 1210 5753 saevientis
1239 5697 1461 5766 viribus,
1493 5701 1588 5755 sed
1619 5701 1850 5760 benevov

253 5785 416 5846 lentia
459 5785 726 5858 patientis.
773 5785 920 5844 Tunc
953 5787 1095 5846 enim
1137 5799 1280 5865 recte
1303 5791 1380 5857 lit,
1408 5809 1528 5849 eum
1559 5793 1766 5852 videtur
1794 5798 1844 5854 ei

1971 433 2301 504 profutnrmn
2331 455 2449 493 ess:
2483 450 2697 510 propter
2723 458 2882 513 quem
2912 444 2988 509 tit,
3030 446 3096 500 ad
3134 450 3460 516 operandam
3501 450 3557 505 in

1969 542 2036 582 eo
2059 531 2444 587 correctionem
2475 544 2634 603 atque
2664 537 3026 592 concordiam.
3059 539 3170 594 Hoc
3195 553 3340 597 certe
3377 545 3558 598 animo

1923 645 1926 648 λ
1970 618 2267 677 faciendum
2296 634 2400 691 est,
2431 627 2638 681 etiamsi
2677 630 2810 684 alius
2838 631 3014 687 exitus
3033 645 3415 706 consequatur,
3457 654 3560 694 nec

1921 753 1924 756 .
1969 713 2159 782 corrigi
2189 715 2314 770 velit
2336 725 2493 786 atque
2519 719 2715 785 pacari,
2749 731 2964 791 propter
3001 739 3160 793 quem
3182 726 3556 796 corrigendum

1969 810 2126 873 atque
2153 807 2467 874 pacandum,
2502 810 2646 864 velut
2670 811 2964 867 curandum
2985 825 3040 869 et
3066 816 3387 881 sanandum,
3407 817 3560 874 adbi-

1968 893 2074 949 bitu
2099 906 2182 951 est
2212 897 2310 953 ista
2339 899 2618 955 medicina.
3402 943 3426 974 --.
3488 932 3512 974 ii
3555 922 3562 976 ἆ

2040 986 2127 1042 12.
2170 989 2416 1060 Alioquin
2439 991 2485 1046 si
2510 993 2672 1047 verba
2689 994 3094 1064 attenderimus,
3121 1011 3416 1070 eorumque
3433 1015 3561 1071 pro-

1969 1078 2176 1147 prietati
2206 1082 2548 1138 serviendum
2581 1085 2960 1154 putaverimus,
3007 1104 3112 1142 non
3143 1098 3227 1145 est
3270 1089 3557 1160 praebenda

1969 1169 2181 1225 maxilla
2205 1171 2448 1239 dextera,
2473 1175 2517 1230 si
2538 1176 2755 1231 sinistra
2781 1177 2942 1234 fuerit
2967 1194 3242 1249 percussa.
3265 1181 3555 1249 Quoniam.

1970 1262 2153 1331 Siquis
2169 1275 2233 1328 te,
2255 1267 2447 1337 inquit,
2468 1272 2768 1338 percusserit
2784 1272 2835 1328 iu
2848 1272 3112 1328 maxillam
3129 1275 3561 1346 dexterammm-

1965 1354 2024 1410 be
2040 1357 2119 1410 illi
2136 1367 2181 1410 et
2209 1359 2469 1414 sinistram
2487 1359 2700 1432 (Matth.
2725 1378 2782 1431 v,
2805 1363 2928 1435 39):
2951 1367 3120 1438 magis
3143 1375 3320 1424 autem
3342 1369 3560 1425 sinistra

1969 1453 2280 1520 percutitur,
2295 1454 2435 1524 quod
2451 1455 2519 1510 ad
2535 1456 2812 1514 dexteram
2831 1457 3069 1517 ferientis
3083 1463 3286 1518 facilior
3300 1464 3438 1520 ictus
3451 1475 3557 1522 est.

1966 1542 2070 1597 Sed
2100 1543 2178 1598 sic
2200 1544 2416 1617 intelligi
2449 1547 2604 1613 solet,
2627 1565 2692 1606 ac
2715 1549 2762 1606 si
2789 1550 2991 1608 dictum
3010 1564 3186 1610 esset:
3207 1555 3404 1627 Siquis
3430 1557 3482 1613 in
3506 1568 3561 1613 te

1965 1635 2185 1690 meliora
2204 1636 2362 1693 fuerit
2379 1651 2710 1709 persecutus,
2726 1651 2782 1698 et
2796 1643 3045 1701 inferiora
3065 1647 3114 1701 ei
3133 1648 3334 1717 praebe,
3356 1665 3422 1704 ne
3437 1651 3558 1706 vin-

1963 1726 2120 1782 dicta:
2139 1729 2312 1798 potius
2328 1745 2487 1801 quam
2507 1734 2776 1802 patientius
2792 1735 3016 1792 studens
3030 1747 3344 1794 contemnas
3359 1749 3560 1797 aiterna

1966 1833 2063 1888 pro
2088 1821 2490 1889 temporalibus,
2514 1839 2634 1878 cum
2677 1829 2851 1896 potius
2877 1829 3187 1897 temporalia
3218 1845 3316 1900 pro
3344 1834 3562 1890 aeternis

1963 1911 2352 1966 contemnenda
2379 1913 2506 1977 sint,
2540 1923 2793 1984 tanquam
2820 1917 3034 1973 sinistra
3060 1935 3160 1991 pro
3184 1921 3414 1979 dextris.
3433 1924 3563 1982 ιιωο

1963 2014 2177 2070 semper
2211 1999 2310 2057 fuit
2353 2014 2656 2060 sanctorum
2703 2017 3000 2079 martyrum
3041 2012 3298 2068 intentio:
3325 2015 3561 2071 vindicta

1962 2091 2104 2147 enim
2133 2093 2315 2148 ultima
2338 2094 2482 2165 justc
2509 2099 2768 2168 poscitur,
2801 2102 3016 2171 quando
3052 2103 3226 2159 nullus
3246 2105 3360 2175 jam
3393 2117 3562 2164 restat

1961 2186 2310 2243 correctionis
2349 2188 2518 2256 locus,
2550 2201 2795 2248 extremo
2822 2195 3025 2250 scilicet
3055 2209 3371 2270 summoque
3408 2199 3560 2271 judi-

1962 2279 2065 2334 cio.
2091 2279 2241 2336 Nunc
2261 2297 2387 2338 vero
2410 2285 2704 2340 cavendum
2727 2297 2829 2353 est,
2856 2304 2922 2344 ne
2946 2289 3248 2348 vindicandi
3268 2292 3561 2362 cupiditate

1961 2373 2251 2437 amittatur,
2278 2385 2336 2431 ut
2365 2377 2495 2432 nihil
2525 2379 2669 2434 aliud
2715 2380 2908 2448 dicam,
2959 2383 3071 2455 ipsa
3118 2385 3398 2454 patientia,
3437 2404 3561 2458 qum

1963 2465 2130 2534 pluris
2159 2475 2241 2522 est
2265 2467 2506 2525 habenda
2525 2486 2686 2541 quam
2707 2487 2868 2528 omne
2891 2476 3034 2544 quod
3066 2485 3243 2546 potest
3265 2478 3427 2534 etiam
3469 2483 3554 2535 in-

1961 2557 2071 2612 vito
2115 2559 2362 2615 inimicus
2406 2562 2634 2618 auferre.
2677 2563 2919 2636 Namque
2958 2567 3099 2622 alius
3136 2569 3460 2640 evangelista
3504 2573 3560 2627 in

1961 2648 2146 2703 eadem
2172 2652 2435 2707 sententia
2462 2653 2659 2708 nullam
2688 2653 2814 2710 fecit
2830 2655 3066 2712 dextera:
3091 2659 3438 2726 mentionem,
3459 2663 3558 2718 sed

1963 2749 2168 2798 tantum
2197 2744 2465 2799 maxillam
2491 2755 2547 2800 et
2571 2747 2794 2802 alteram
2825 2749 3119 2804 nominavit
3151 2748 3302 2823 (Luc.
3331 2767 3407 2817 vt,
3433 2753 3555 2824 29),

1914 2853 1921 2860 ο
1961 2843 2018 2889 ut
2045 2835 2317 2905 aliquanto
2337 2837 2634 2894 distinctius
2658 2839 3044 2910 intelligeretur
3069 2842 3122 2897 in
3169 2843 3297 2911 alio,
3330 2845 3446 2916 ipse
3463 2860 3560 2900 au-

1960 2934 2068 2981 tem
2111 2927 2426 2998 simpliciter
2463 2930 2706 2986 eamdem
2751 2933 3058 3002 patientiam
3097 2935 3554 2992 commendaret'.
3649 2947 3663 2955 '

1914 3041 1920 3046 -
1961 3018 2186 3074 Paratus
2210 3021 2386 3091 itaque
2407 3021 2569 3078 debet
2597 3037 2716 3079 esse
2733 3023 2894 3080 homo
2911 3024 3086 3096 justus
3109 3035 3163 3082 et
3189 3026 3330 3098 pius,
3353 3029 3554 3098 patien-

1959 3117 2045 3166 ter
2067 3125 2253 3168 eorum
2273 3113 2527 3169 malitiam
2544 3115 2826 3179 sustinere,
2853 3129 2989 3185 quos
3015 3116 3130 3172 fieri
3153 3117 3324 3173 bonos
3338 3120 3554 3189 quierit.

1958 3211 2018 3258 ut
2043 3218 2298 3260 numerus
2319 3205 2498 3275 potius
2520 3216 2732 3264 crescm
2750 3208 3034 3276 bonorum,
3061 3224 3166 3265 non
3189 3219 3246 3265 ut
3266 3212 3378 3282 pari
3405 3212 3560 3268 mali-

1958 3293 2028 3348 tia
2055 3309 2114 3350 se
2136 3309 2348 3366 quoque
2376 3311 2600 3353 numero
2619 3298 2779 3354 addat
2803 3300 3088 3356 malorum.

2031 3384 2118 3439 l3.
2161 3385 2398 3458 Denique
2417 3387 2517 3443 ista
2539 3398 2802 3460 prateepta
2824 3392 2993 3462 magis
3015 3391 3082 3446 ad
3109 3394 3554 3464 praiparationem

1957 3475 2137 3531 cordis
2165 3492 2285 3546 qua:
2314 3477 2456 3533 intus
2479 3488 2582 3546 est,
2613 3481 2901 3551 pertinere,
2943 3498 3102 3554 quam
3132 3484 3199 3539 ad
3233 3499 3370 3556 opus
3407 3487 3557 3557 quod

1959 3565 2010 3622 in
2043 3576 2235 3637 aperto
2264 3568 2352 3634 lit;
2399 3579 2456 3625 ut
2491 3580 2740 3630 teneatur
2764 3574 2818 3629 in
2844 3584 3055 3632 secreto
3090 3576 3252 3633 animi
3297 3579 3558 3650 patientia

1956 3670 2078 3712 cum
2110 3658 2501 3728 benevolentia,
2529 3661 2582 3716 in
2607 3663 2891 3720 manifesto
2910 3673 3088 3720 autem
3116 3665 3168 3722 id
3190 3667 3283 3723 ﬁat
3301 3669 3448 3740 quod
3474 3671 3556 3727 eis

1959 3748 2168 3805 videtur
2193 3751 2448 3819 prodesse
2471 3769 2649 3824 posse,
2679 3755 2872 3827 quibus
2909 3757 3047 3814 bene
3085 3759 3224 3816 velle
3266 3760 3550 3828 debemus,

1956 3841 2082 3896 hinc
2126 3841 2326 3912 liquido
2375 3845 2710 3912 ostenditur,
2759 3849 2899 3918 quod
2944 3849 3060 3920 ipse
3103 3851 3359 3908 Dominus
3396 3853 3556 3912 Iesus

1955 3933 2259 4001 exemplum
2285 3936 2552 4006 singulare
2591 3938 2882 4006 patientiae,
2925 3956 3048 3997 cum
3085 3952 3458 4012 percuteretur
3499 3946 3555 4002 in

1956 4024 2146 4082 faciem
2176 4028 2484 4098 respondit:
2517 4028 2576 4083 Si
2604 4031 2735 4084 male
2755 4031 2883 4098 dixi,
2923 4035 3175 4102 exprobra
3213 4036 3278 4090 de
3310 4037 3480 4100 malo;
3508 4042 3555 4092 si

1954 4127 2123 4172 autem
2142 4120 2282 4184 bene,
2303 4120 2427 4182 quid
2450 4136 2527 4174 me
2551 4121 2704 4176 cedis
2721 4120 2742 4194 (
2757 4121 2913 4176 Joan.
2960 4139 3108 4189 xvm,
3149 4124 3292 4199 ξεν
3331 4125 3548 4198 Nequa-

1915 4225 2114 4282 -qnam
2145 4211 2302 4281 igitur
2333 4221 2660 4282 pmceptum
2705 4229 2882 4279 suum,
2926 4215 2970 4269 si
3015 4217 3175 4272 verba
3221 4218 3550 4286 intueamur,

1955 4294 2212 4372 implevit.
2238 4301 2421 4372 Neque
2436 4303 2580 4358 enim
2605 4306 2828 4374 pmbtlit
2843 4307 3162 4374 percutienti
3185 4309 3407 4366 alteram
3427 4327 3552 4383 par-

1915 4427 1922 4432 -
1957 4399 2085 4458 tem,
2114 4393 2206 4448 sed
2237 4394 2412 4463 potius
2436 4394 2726 4465 prohibuit,
2754 4400 2923 4468 nequi
2942 4397 3142 4454 fecerat
3169 4401 3436 4470 injurism.
3457 4419 3552 4457 au~

1956 4493 2138 4554 geret;
2169 4496 2223 4539 et
2250 4496 2426 4541 tamen
2461 4498 2675 4556 paratus
2697 4500 2922 4544 venerat
2951 4506 3057 4545 non
3083 4493 3254 4547 solum
3277 4493 3332 4548 in
3359 4491 3550 4549 faciem

1957 4581 2182 4648 percuti,
2206 4597 2388 4634 verum
2413 4581 2573 4635 etiam
2603 4597 2700 4651 pro
2720 4583 2803 4638 his
2823 4599 3034 4654 quoque
3053 4600 3083 4639 a
3109 4587 3302 4657 quibus
3323 4587 3437 4642 biee
3459 4604 3549 4657 pa-

1957 4673 2184 4728 tiebatur
2199 4675 2483 4729 crucitixus
2505 4675 2696 4742 occidi,
2716 4691 2814 4746 pro
2829 4678 3021 4748 quibus
3045 4678 3122 4734 ait
3148 4679 3201 4734 in
3227 4696 3383 4736 cruce
3415 4697 3548 4752 pen-

1913 4792 1924 4796 -
1956 4765 2120 4819 dens:
2151 4762 2326 4831 Pater,
2365 4767 2568 4836 ignosce
2611 4766 2737 4834 illis,
2780 4769 2900 4839 quia
2943 4769 3166 4824 nesciunt
3205 4771 3550 4843 quid-faciunt

1959 4855 2106 4928 (Luc.
2139 4873 2290 4920 χχιιι,
2323 4856 2436 4930 54).
2461 4857 2575 4916 Nec
2601 4861 2795 4917 Paulus
2813 4863 3084 4934 apostolus
3103 4872 3424 4933 praeceptum
3444 4866 3549 4922 Do-

1955 4947 2082 5003 mini
2113 4956 2168 5004 et
2189 4949 2426 5020 magistri
2457 4947 2539 5006 Sui
2569 4951 2781 5008 videtur
2807 4953 3077 5023 implesse,
3110 4954 3201 5009 ubi
3231 4956 3392 5012 etiam
3432 4959 3549 5029 ipse

1915 5055 1920 5061 ‘
1957 5055 2240 5111 percussus
2268 5042 2320 5098 in
2349 5041 2561 5110 faciem,
2594 5045 2727 5100 dixit
2756 5045 2976 5116 principi
3015 5047 3390 5104 sacerdotum:
3419 5049 3545 5105 Per-

1910 5159 1922 5166 ο
1955 5135 2102 5190 cutiet
2129 5145 2177 5190 te
2203 5134 2364 5203 Deus,
2411 5137 2576 5207 paries
2605 5137 2849 5192 dealbate.
2884 5137 3044 5194 Sedes
3064 5141 3305 5212 judicans
3345 5153 3424 5196 me
3463 5161 3544 5197 se-

1953 5227 2179 5282 cundum
2216 5228 2420 5300 Legem,
2449 5241 2497 5284 et
2524 5239 2701 5284 contra
2722 5229 2904 5301 Legem
2923 5231 3074 5301 jubes
3102 5249 3182 5288 me
3223 5235 3450 5305 percuti!
3479 5236 3546 5289 Ισίι

1911 5348 1922 5353 -
1953 5333 2077 5375 cum
2098 5333 2128 5373 a
2157 5319 2621 5377 circumstantibus
2640 5320 2931 5388 diceretur,
2964 5322 3222 5395 Injuriam
3249 5325 3375 5395 facis
3400 5325 3543 5396 prin-

2020 5499 2034 5528 ί
2061 5495 2194 5563 θεὰς
2225 5495 2572 5563 Intelligeretur
2594 5496 2645 5546 in
2668 5497 2818 5563 altera
2839 5498 2997 5563 ipsum
3017 5495 3218 5547 alterum
3243 5493 3542 5563 simpliciter

1953 5557 2176 5632 equitem
2191 5550 2828 5632 patientt'gmtpmmnendare.
2850 5550 2903 5610 At
3051 5572 3223 5632 omnes
3239 5550 3423 5632 inpliciti
3438 5568 3543 5632 :Altt—

1953 5619 2315 5687 telligeretitriu
2331 5619 2444 5687 alio,
2464 5622 2563 5687 ipse
2584 5629 2799 5687 ᾳιιιρηι...
2826 5621 3213 5687 commendaret;
3239 5621 3282 5669 id
3309 5626 3404 5680 est,
3421 5630 3475 5673 ut
3493 5624 3541 5687 in

1953 5634 2034 5670 teu
2087 5634 2250 5672 eretur
2265 5634 2315 5672 in
2331 5634 2444 5682 auo,
2464 5636 2563 5687 ipse
2584 5634 2799 5673 autem...
2826 5634 3213 5682 commendaret;
3239 5634 3282 5669 ια
3309 5634 3404 5680 εει,
3421 5634 3475 5673 ιιι
3493 5638 3541 5672 ιιι

1952 5634 2174 5756 ttatlgmo
2211 5685 2482 5756 distinctius
2503 5685 2880 5756 intelligeretur,
2911 5681 3190 5756 temporalia
3214 5696 3302 5756 pro
3319 5752 3328 5756 _
3345 5686 3544 5736 aeternis

1955 5751 2182 5810 tanquam
2204 5747 2401 5810 sinistra
2421 5761 2509 5809 pro
2531 5745 2720 5810 dextris
2746 5745 3103 5810 contemnenda
3122 5745 3262 5810 esse,
3288 5752 3434 5810 atque
3467 5760 3543 5800 ea-

1957 5807 2169 5860 vendum
2192 5822 2255 5858 ne
2277 5807 2544 5862 vindicandi
2567 5809 2827 5870 cupiditate
2850 5807 3084 5871 patientia
3103 5807 3363 5862 amittatur;
