3990 6378
610 332 713 389 555

609 452 830 522 possint.
888 448 1257 507 Verumtamen
1296 464 1555 521 (Sub-.056!)
1597 447 1720 517 quid
1748 460 1840 502 eos
1864 456 2051 500 contra
2082 461 2197 499 mo-

610 554 730 598 veat
754 586 768 607 ,
813 554 971 614 atque
1020 544 1287 601 rescribe.
1339 551 1397 594 ut
1436 540 1518 595 vel
1548 538 1785 609 epistolis
1814 538 1896 592 vel
1926 537 2073 592 libris
2096 579 2112 604 ,
2156 537 2200 591 si

607 636 869 705 adjuverit
896 636 1065 702 Deus,
1108 635 1175 689 ad
1212 634 1389 688 omnia
1428 631 1752 701 reSpondere
1795 645 2064 686 curemus.
2116 630 2203 685 Sis

612 728 661 782 in
700 728 921 782 Domino
948 726 1094 793 felix,
1122 726 1291 797 gratia
1322 733 1375 779 et
1406 723 1769 779 misericordia
1799 723 1914 792 ejus
1938 766 1952 787 ,
1979 722 2202 778 domine

610 819 802 875 eximie
830 829 884 875 et
922 818 1113 874 merito
1153 816 1373 887 insignis
1400 859 1413 880 ,
1462 814 1777 871 cliarissime
1802 829 1864 869 ac
1893 813 2203 870 desideran-

610 912 815 967 tissime
858 911 949 965 fili.

1000 978 1328 1036 EPISTOLA
1372 977 1640 1033 cxxxux
1669 978 1806 1048 '(a).

614 1052 685 1107 Ut
714 1052 866 1108 Gesta
889 1068 1001 1122 qua:
1037 1053 1276 1126 adversus
1305 1049 1600 1126 Donatium
1622 1047 1855 1126 confecta
1890 1056 2007 1126 sunt
2037 1047 2202 1126 publi-

682 1120 1070 1192 canum-utque
1104 1122 1179 1176 rei
1218 1121 1526 1193 castigentur
1564 1120 1734 1173 mitius
1774 1128 1820 1174 et
1858 1120 1984 1173 citra
2026 1120 2203 1171 mortis

680 1212 896 1266 paruam.

614 1288 837 1342 Domino
886 1287 1077 1342 merito
1130 1284 1358 1354 insigni,
1405 1283 1736 1353 multumque
1780 1281 2095 1335 charissimo
2142 1296 2203 1334 ac

682 1379 1174 1436 desiderantissime
1204 1377 1312 1431 filio
1338 1375 1684 1430 MARCELLINO
1704 1416 1717 1439 ,
1752 1374 2114 1436 Accusamus,
2147 1370 2199 1425 in

687 1473 910 1527 Domino
939 1471 1186 1526 salutem.

683 1566 734 1618 ι.
775 1563 933 1619 Gesta
958 1578 1077 1632 qua:
1106 1562 1346 1633 promisit
1378 1560 1688 1615 Prazstantia
1718 1568 1826 1625 tua,
1859 1557 2201 1613 vehementer

609 1664 893 1723 exspecto,
921 1662 975 1708 et
1003 1653 1055 1708 in
1082 1653 1304 1708 ecclesia
1337 1651 1662 1723 Hipponensi
1687 1650 2011 1720 jamjamque
2041 1649 2202 1719 cupio

612 1743 860 1811 recitari,
887 1759 969 1811 ac,
999 1743 1042 1799 si
1071 1744 1184 1798 fieri
1211 1744 1473 1814 potuerit,
1505 1743 1662 1797 etiam
1688 1756 1785 1812 per
1808 1756 1996 1795 omnes
2026 1741 2201 1795 eecle«

610 1836 718 1890 sias
748 1836 800 1891 in
824 1835 1039 1891 dimccsi
1065 1836 1378 1890 constitutas
1404 1852 1417 1899 ;
1451 1845 1505 1889 ut
1533 1834 1749 1888 audiant
1772 1832 2018 1888 homines
2038 1875 2052 1898 ,
2084 1833 2199 1903 ple-

614 1942 783 1997 neque
829 1936 1120 1997 agnoscant
1180 1926 1520 1981 confessores
1568 1925 1902 1996 iniquitatis,
1952 1939 2057 1979 non
2109 1925 2200 1979 Dei

613 2018 803 2073 timore
839 2025 1189 2087 extorquente
1220 2017 1585 2088 ptenitentiam
1607 2057 1621 2080 ,
1648 2014 2047 2085 sed-judiciaria
2079 2014 2201 2070 dili-

609 2110 786 2180 gentia
810 2109 1297 2165 crudelissimorum
1327 2118 1597 2179 pectorum
1622 2108 1894 2179 aperiente
1919 2107 2196 2173 duritiam;

610 2200 724 2256 sive
753 2201 963 2256 illorum
993 2201 1083 2271 qui
1112 2200 1179 2255 de
1210 2200 1497 2256 homicidio
1527 2207 1580 2254 et
1617 2199 1686 2254 de
1716 2206 1983 2253 exczccato
2012 2214 2073 2253 ac
2108 2198 2203 2253 de-

612 2295 817 2351 bilitato
855 2294 1148 2366 presbyteri
1189 2310 1414 2363 corpore
1456 2293 1686 2350 confessi
1730 2295 1787 2357 ¹;
1830 2292 1942 2346 sive
1987 2291 2199 2345 illorum

612 2388 702 2459 qui
729 2402 787 2442 se
809 2388 895 2441 illa
922 2387 1061 2441 scire
1084 2388 1337 2456 potuisse,
1363 2386 1605 2458 quamvis
1631 2386 1729 2441 sibi
1758 2385 1998 2440 dicerent
2018 2383 2202 2455 displi-

611 2493 757 2544 cere,
799 2492 994 2546 negare
1034 2492 1137 2532 non
1183 2477 1297 2531 ausi
1338 2488 1480 2542 sunt,
1522 2476 1847 2542 refugientes
1883 2474 2200 2530 catholicam

614 2586 830 2642 pacem,
862 2569 999 2623 velut
1033 2585 1099 2624 ne
1139 2570 1449 2623 criminibus
1491 2570 1791 2638 polluantur
1818 2564 2037 2630 alienis,
2066 2575 2120 2622 et
2148 2567 2200 2620 in

613 2662 705 2716 illo
733 2661 1035 2716 scbismatis
1064 2661 1343 2730 sacrilegio
1384 2661 1518 2715 inter
1545 2660 1925 2716 sceleratorum
1964 2670 2070 2714 tam
2104 2660 2201 2715 im-

612 2755 844 2808 manium
870 2762 1068 2808 tantam
1091 2753 1480 2807 multitudinem
1508 2753 1885 2824 perdurantcs;
1908 2754 2020 2809 sive
2040 2754 2198 2809 etiam

612 2844 823 2899 illorum
864 2844 952 2914 qui
993 2859 1051 2899 se
1092 2844 1213 2898 inde
1262 2861 1363 2898 non
1410 2860 1736 2907 recessuros,
1779 2846 1940 2899 etiam
1981 2846 2201 2899 demon-

611 2942 775 2989 strata
809 2935 907 2989 sibi
938 2935 1195 2990 catholica
1226 2936 1448 2991 veritate
1473 2946 1527 2991 et
1565 2936 1953 2991 Donatistarum
1985 2953 2200 3007 perver-

612 3026 800 3092 sitate,
829 3027 1097 3082 dixerunt.
1136 3028 1251 3082 Non
1292 3038 1377 3083 est
1409 3030 1522 3083 leve
1563 3028 1703 3099 quod
1739 3030 1877 3085 Deus
1917 3031 1997 3099 agi
2040 3032 2201 3086 voluit

614 3130 708 3186 per
727 3130 942 3187 operam
968 3128 1132 3172 tuam.
1156 3118 1369 3174 Utinam
1398 3120 1529 3173 tales
1557 3136 1740 3176 eorum
1770 3137 1957 3175 causas
1981 3121 2199 3177 crebras

613 3198 929 3273 sic‘audias,
949 3220 1002 3263 et
1028 3209 1261 3265 facinora
1292 3227 1477 3265 eorum
1508 3222 1666 3282 atque
1696 3216 1875 3268 insana
1911 3215 2198 3283 pertinacia

613 3299 691 3353 sic
735 3294 885 3369 smpe'
928 3300 1217 3370 prodatur,
1267 3302 1557 3373 eademque
1610 3304 1872 3373 publicata
1931 3306 2087 3361 Gesta
2147 3309 2197 3364 in

613 3392 847 3446 omnium
894 3376 1133 3447 notitiam
1172 3393 1539 3463 perferantur!
1582 3396 1732 3463 Quod
1770 3406 1946 3453 autem
1988 3402 2201 3471 scripsit

615 3482 902 3538 Eximietas
934 3491 1041 3551 tua,
1074 3484 1316 3539 dubitare
1347 3496 1395 3539 te
1422 3495 1594 3540 utrum
1623 3488 1674 3541 in
1704 3487 2033 3560 Tlieoprepia
2063 3494 2083 3523 ³
2107 3492 2199 3547 de-

613 3577 739 3630 beas
765 3576 949 3630 eadem
979 3574 1136 3631 Gesta
1158 3575 1348 3646 jubere
1377 3578 1595 3648 proponi
1622 3594 1636 3645 ;
1668 3579 1775 3643 fiat,
1800 3581 1844 3634 si
1877 3592 2048 3651 potest
2076 3583 2200 3640 illuc

614 3667 860 3736 frequens
908 3668 1178 3722 conﬂuere
1225 3668 1503 3723 multitudo
1540 3686 1553 3723 :
1595 3671 1826 3742 alioquin
1874 3674 2007 3729 alius
2052 3675 2199 3731 locus

613 3755 875 3810 celebrior
898 3756 1251 3825 providendus
1271 3768 1351 3813 est
1378 3775 1389 3819 ;
1421 3774 1523 3812 non
1548 3769 1721 3815 tamen
1748 3762 1853 3815 ullo
1880 3764 2037 3818 modo
2064 3781 2197 3835 pra:-

614 3849 1030 3905 termittendum.

680 3941 732 3995 2.
766 3942 929 3999 Pana
954 3960 1083 4000 sane
1111 3946 1339 4010 illorum,
1365 3950 1606 4020 quamvis
1633 3950 1699 4005 de
1727 3953 1882 4007 tantis
1908 3954 2197 4011 sceleribus

608 4037 993 4101 conifessorum,
1042 4057 1169 4112 rogo
1216 4052 1264 4099 te
1313 4053 1367 4098 ut
1416 4058 1607 4115 praeter
1651 4048 1961 4118 supplicium
2011 4056 2198 4110 mortis

609 4130 708 4195 sit,
739 4141 789 4185 et
821 4146 1035 4201 propter
1062 4137 1440 4193 conscientiam
1476 4149 1707 4195 nostram
1730 4182 1744 4208 ,
1784 4151 1838 4197 et
1866 4154 2080 4215 propter
2109 4163 2195 4201 ca-

610 4222 855 4277 tholicam
888 4228 1348 4285 mansuetudinem
1384 4233 1882 4290 commendandam.
1912 4236 2029 4307 Ipse
2054 4240 2194 4295 enim

611 4311 813 4365 fructus
843 4316 906 4368 ad
941 4331 1033 4369 nos
1062 4323 1297 4386 pervenit
1330 4320 1681 4379 confessionis
1710 4325 1940 4393 illorum,
1965 4328 2085 4398 quia
2118 4329 2197 4383 in—

610 4401 755 4455 venit
795 4404 1025 4460 Ecclesia
1055 4410 1313 4466 catholica
1359 4414 1445 4465 ubi
1482 4429 1628 4468 suam
1671 4432 1793 4486 erga
1833 4419 2193 4472 atrocissimus

612 4495 853 4550 inimicos
901 4509 1074 4553 servet
1120 4513 1275 4571 atque
1325 4505 1565 4559 exhibeat
1615 4508 1902 4563 lenitatem.
1949 4510 2002 4563 lu
2052 4520 2192 4565 tanta

610 4590 803 4661 quippe
853 4594 1199 4660 crudelitate,
1251 4615 1597 4671 qnazcunique
1646 4613 1837 4673 praeter
1885 4610 2190 4675 sanguinem

612 4681 837 4738 vindicta
880 4690 1229 4755 processerit,
1272 4708 1457 4760 magna
1489 4694 1678 4781 lenitas
1718 4697 2013 4766 apparebit.
2044 4698 2191 4766 Quod

608 4776 706 4827 etsi
731 4777 887 4831 modo
911 4779 1221 4845 quibusdam
1248 4784 1461 4848 noSIris,
1484 4776 1570 4839 illa
1593 4788 1868 4843 atrocitate
1889 4792 2188 4854 commotis,

612 4865 814 4921 videtur
837 4868 1129 4938 indignant,
1154 4880 1208 4926 et
1228 4876 1373 4941 quasi
1397 4875 1758 4935 dissolutionis
1787 4890 1837 4933 et
1860 4882 2191 4950 negligentiae

609 4956 781 5010 simile
807 4975 820 5021 ;
855 4964 1132 5016 transactis
1163 4973 1337 5019 tamen
1366 4968 1596 5022 motibus
1628 4970 1945 5037 animorum,
1988 4972 2077 5041 qui
2107 4987 2190 5027 re-

608 5049 935 5107 centioribus
962 5054 1113 5110 factis
1138 5057 1313 5111 solent
1334 5060 1685 5115 turbulentius
1712 5062 1953 5127 excitari,
1980 5064 2191 5135 egregie

610 5138 873 5197 luculenta
903 5144 1111 5201 bonitas
1153 5151 1458 5219 apparebit,
1486 5161 1539 5206 et
1565 5152 1633 5207 ob
1676 5153 1775 5207 hoc
1807 5155 1973 5225 magis
2002 5157 2188 5213 eadem

672 5274 688 5345 ξ
848 5286 1000 5345 prope
1020 5288 1192 5345 omnes
1210 5283 1434 5332 omittunt
1456 5283 1673 5345 confessi.

668 5335 879 5413 ,ξῄ
895 5335 1199 5413 Ζζιρορτρρίξς.
1225 5348 1279 5413 at
1301 5335 1642 5413 Mss._mel_i_ori_s
1664 5354 1789 5413 uotae
1811 5346 2013 5413 habent,
2047 5349 2187 5413 [Ἰωθ-

812 5401 884 5448 Sic
902 5401 1046 5447 etiam
1060 5401 1444 5465 Carthaginensis
1465 5407 1654 5459 collatio
1665 5410 1712 5467 5,
1736 5422 1785 5457 n.
1806 5409 1862 5470 ὓς
1888 5424 1984 5473 qua
2003 5401 2070 5461 ex
2086 5412 2187 5461 col-

650 5465 782 5507 llODe
806 5460 959 5507 liauet
981 5462 1111 5507 istud
1132 5476 1307 5507 nonum
1334 5466 1485 5507 fllimn
1508 5471 1753 5507 (minutiam
1781 5472 1903 5507 omni
1944 5474 2187 5507 r‘m-Ilmnri-

670 5459 782 5535 iene
806 5460 959 5535 liquet
981 5462 1111 5535 istud
1132 5459 1307 5535 nonien
1334 5466 1496 5535 fuisse
1508 5459 1753 5535 cujusdam
1780 5459 1921 5533 apud.
1944 5459 2187 5535 cartilagi-

601 5533 713 5587 nem
738 5521 959 5573 ecclesiae
983 5530 1096 5587 tunc
1130 5527 1420 5587 pertinentis
1440 5530 1498 5578 ad
1518 5521 1800 5583 Donatistas.

664 5586 829 5659 (Hanc
846 5585 1264 5659 copuilimus‘cum
1294 5603 1339 5639 a.
1366 5591 1447 5653 bg.
1469 5591 1538 5641 bl.
1563 5594 1645 5643 bu.
1670 5610 1714 5643 c.
1740 5610 1810 5645 ec.
1836 5597 1914 5646 cb.
1941 5597 1991 5659 ft'.
2017 5614 2067 5659 ξς.
2100 5613 2183 5659 gg.

595 5656 677 5701 αν.
691 5657 741 5691 n.
754 5658 794 5692 r.
813 5660 852 5693 s.
874 5647 948 5695 sb.
963 5648 1152 5699 duobus
1164 5664 1236 5700 vc.
1249 5647 1454 5715 quatuor
1472 5666 1518 5702 v.
1534 5665 1852 5719 cumqueAm.
1864 5658 1975 5708 Bad.
1987 5647 2061 5708 Εἴ.
2075 5647 2182 5707 [Iri

654 5726 875 5833 gaianas
903 5731 987 5778 158
1007 5745 1019 5779 :
1040 5747 1150 5805 qua:
1169 5743 1329 5785 autem
1350 5736 1441 5787 139
1460 5745 1593 5799 erat,
1618 5753 1745 5790 nunc
1768 5739 1875 5790 2‘39.
1897 5743 2074 5803 Scripta
2103 5756 2181 5792 an.

593 5786 645 5837 4t
700 5800 823 5837 circa
844 5802 997 5839 mens.
1018 5806 1208 5843 manna.

1846 326 1899 381 S.
1935 326 2300 382 AUGUSTINI
2344 326 2647 383 EPISCOPI

2308 443 2468 500 Gesta
2499 441 2675 515 legere
2701 431 2869 515 atque'
2888 445 3171 502 ostendere
3198 444 3502 513 delectabit,
3529 446 3726 506 domine
3746 466 3843 510 nis-

2311 526 2411 593 rito
2442 538 2692 609 insignis,
2722 538 3055 609 multumque
3082 538 3391 595 cbarissime
3414 554 3478 596 ac
3500 539 3841 602 desiderantis-

2309 630 2443 685 sime
2483 629 2575 683 ηιξ.
2605 630 2679 685 lbi
2717 638 2801 685 est
2838 639 3052 685 sanctus
3083 630 3248 687 frater
3274 640 3326 687 et
3349 632 3685 703 coepiscopus
3723 651 3848 695 meus

2311 721 2627 789 Bonifacius,
2651 732 2705 777 et
2729 738 2823 793 per
2852 723 3132 779 diaconum
3163 724 3503 797 Peregrinum
3531 729 3617 800 qui
3642 744 3746 786 cum
3772 733 3848 789 illo

2310 816 2574 881 perrexit,
2614 813 3079 869 commonitorium
3128 814 3334 883 direxi;
3379 817 3519 890 quod
3563 820 3580 852 ¹
3624 822 3695 879 sic
3736 821 3848 883 habe

2311 915 2557 974 tanquam
2587 907 2926 975 praesentiam
2966 922 3161 963 meam.
3195 908 3259 963 Et
3286 908 3427 980 quod
3466 910 3612 967 vobis
3648 912 3696 968 in
3729 930 3849 973 com-

2312 1010 2471 1051 mune
2498 1012 2595 1066 pro
2626 997 2881 1054 Ecclesize
2911 999 3137 1054 utilitate
3166 1001 3453 1071 placuerit,
3486 1002 3583 1059 hoc
3609 1004 3848 1077 adjuvantc

2314 1086 2536 1141 Domino
2567 1086 2656 1143 fiat
2676 1130 2689 1153 ,
2718 1089 2806 1159 qui
2838 1100 3029 1161 potens
3069 1100 3155 1147 est
3191 1092 3608 1151 misericorditer
3642 1098 3848 1167 opitulari

2309 1181 2360 1235 in
2400 1181 2562 1236 tantis
2598 1183 2772 1238 malis.
2820 1182 2977 1238 Modo
3020 1184 3317 1241 Macrobius
3356 1186 3633 1259 episcOpus
3667 1205 3844 1262 eorum,

2308 1272 2532 1343 stipatus
2552 1274 2734 1355 cuneis
2762 1273 3089 1344 perditorum
3120 1277 3395 1348 utriusque
3416 1294 3593 1341 sexus.
3618 1281 3704 1338 hac
3721 1294 3849 1357 atque

2308 1364 2429 1418 illac
2454 1364 2725 1433 circumit,
2753 1366 3067 1438 aperuitque
3093 1367 3194 1423 sibi
3223 1368 3503 1439 basilicas,
3530 1387 3655 1444 quas
3678 1390 3848 1445 posses-

2308 1468 2489 1509 sorum
2535 1456 3051 1529 quantuluscumque
3098 1459 3260 1516 timor
3301 1461 3584 1518 clauserat.
3630 1466 3850 1527 Prtcsentc

2306 1554 2482 1602 autem
2523 1556 2865 1617 procuratore
2908 1550 3005 1604 viri
3047 1551 3328 1607 clarissimi
3369 1551 3572 1610 Celeris
3612 1555 3838 1627 Spondeo.

2306 1654 2465 1709 quem
2512 1649 2616 1693 tua:
2656 1639 2928 1696 dilectioni
2971 1642 3339 1701 commendavi
3382 1645 3698 1718 multumque
3734 1665 3850 1706 como

2309 1730 2537 1798 mendo,
2570 1744 2856 1803 utcumque
2881 1748 3067 1789 eorum
3103 1734 3445 1806 frangebatur
3470 1737 3712 1794 audacia:
3738 1757 3848 1799 mmc

2308 1839 2435 1879 vero
2483 1833 2825 1895 posteaquam
2869 1826 3245 1898 Carthaginem
3288 1828 3559 1900 profectus
3596 1840 3690 1899 est,
3723 1835 3847 1891 etiam

2310 1917 2360 1971 in
2390 1917 2565 1973 fundis
2595 1918 2761 1989 ipsius
2788 1919 3034 1975 basilicas
3064 1922 3300 1992 aperuit,
3343 1924 3565 1995 papulas
3587 1939 3845 2000 congregat.

2306 2010 2438 2068 Cum
2460 2014 2575 2084 ipso
2595 2014 2753 2069 etiam
2775 2023 2857 2070 est
2877 2014 2966 2070 ille
2987 2016 3220 2072 Donatus
3240 2016 3497 2073 diaconus
3518 2020 3845 2091 rebaptizatus,

2306 2120 2426 2159 cum
2456 2104 2611 2160 fuerit
2634 2106 2855 2160 colonus
2881 2106 3144 2173 ecclesia),
3172 2109 3260 2179 qui
3288 2110 3309 2140 '
3339 2120 3581 2166 versatus
3607 2120 3682 2167 est
3708 2112 3750 2168 in
3776 2113 3845 2169 ill:

2306 2197 2454 2253 caede
2479 2198 2797 2268 prmeipuus.
2827 2199 2925 2268 Qui
2958 2200 3090 2255 tales
3122 2216 3226 2256 non
3256 2218 3380 2257 cum
3412 2218 3478 2258 eo
3503 2211 3650 2268 sunt,
3676 2204 3847 2274 quando

2307 2297 2360 2343 et
2393 2289 2481 2344 ille
2504 2305 2624 2343 eum
2656 2290 2772 2361 ipso
2801 2299 2885 2345 est
2912 2291 2936 2345 ’ἒ
2960 2290 3013 2347 Si
3046 2291 3339 2348 Proconsul
3367 2293 3451 2347 vel
3479 2294 3627 2349 simul
3652 2294 3786 2350 ambo
3808 2295 3845 2351 iu

2309 2379 2424 2433 illos
2448 2378 2577 2434 estis
2615 2381 2933 2435 sententiam
2966 2381 3224 2453 prolaturi
3246 2425 3259 2447 ,
3286 2394 3341 2438 et
3367 2381 3507 2439 forte
3548 2384 3629 2440 ille
3655 2385 3846 2455 persistit

2306 2469 2443 2524 velle
2478 2468 2656 2540 gladio
2686 2470 2957 2527 vindicare
2978 2514 2991 2539 ,
3020 2486 3321 2545 quanquam
3354 2474 3424 2528 sit
3461 2474 3847 2543 christianos,et

2306 2569 2561 2631 quantum
2592 2559 2873 2616 advertere
2901 2562 3197 2632 potuimus,
3227 2580 3329 2618 non
3362 2565 3434 2619 sit
3459 2565 3526 2621 ad
3556 2565 3663 2622 lucc
3687 2567 3845 2623 crucia-

2307 2664 2483 2708 menta
2512 2653 2792 2724 proclivis;
2822 2663 2998 2709 tameu
3025 2655 3066 2708 si
3096 2670 3314 2711 necesse
3340 2657 3521 2724 fuerit,
3544 2659 3692 2714 etiam
3714 2658 3846 2715 Gestis

2300 2744 2483 2811 jubete
2510 2745 2725 2815 allegari
2766 2745 2786 2776 ⁸
2817 2745 3067 2815 epistolas
3096 2763 3277 2817 meas,
3305 2764 3443 2821 quas
3471 2750 3538 2808 de
3576 2753 3667 2809 hac
3690 2769 3739 2809 re
3760 2751 3842 2808 sin-

2305 2835 2453 2905 gulas
2492 2835 2641 2889 vobis
2683 2836 2973 2891 mittendas
3015 2838 3212 2908 putavi.
3240 2838 3407 2896 Soleo
3446 2843 3585 2898 enim
3620 2844 3778 2900 audire
3808 2845 3843 2897 in

2307 2934 2566 2996 potestate
2606 2942 2725 2981 esse
2763 2927 2957 2996 judicis
2997 2930 3202 2985 mollire
3236 2933 3591 3001 sententiam,
3622 2943 3671 2990 et
3708 2935 3843 2991 mitius

2304 3019 2574 3074 vindicare
2612 3035 2771 3090 quam
2812 3021 3033 3090 jubeant
3063 3021 3224 3093 leges.
3255 3023 3310 3079 Si
3356 3033 3537 3081 autem
3576 3041 3667 3081 nec
3697 3026 3843 3082 litteris

2307 3110 2443 3166 meis
2480 3108 2545 3165 ad
2589 3110 2690 3166 hoc
2728 3112 3082 3179 consenserit,
3120 3113 3223 3169 hoc
3261 3114 3458 3171 saltem
3502 3126 3700 3188 praestet
3734 3118 3841 3172 utin

2304 3201 2601 3257 custodiam
2640 3202 2999 3272 recipiantur,
3029 3214 3189 3276 atque
3232 3205 3334 3263 hoc
3375 3208 3442 3264 de
3479 3209 3736 3265 clementia
3760 3208 3838 3264 lm-

2306 3303 2609 3366 peratorum
2637 3294 2659 3327 ‘
2695 3296 2989 3367 impetrare
3017 3298 3319 3354 curabimus
3339 3343 3357 3368 ,
3388 3317 3458 3357 ne
3482 3303 3735 3374 passiones
3756 3314 3839 3355 ser-

2306 3404 2492 3444 vorum
2532 3389 2649 3456 Dei,
2691 3405 2809 3460 qua:
2850 3390 3044 3445 debent
3091 3406 3211 3447 esse
3251 3392 3301 3446 in
3348 3392 3585 3449 Ecclesia
3620 3392 3835 3464 gloriosa,

2305 3481 2637 3536 inimicorum
2688 3483 2947 3553 sanguine
2991 3482 3437 3539 debonestentur.
3485 3484 3602 3541 Scio
3644 3485 3762 3541 enim
3800 3484 3835 3537 in

2303 3588 2461 3627 causa
2494 3572 2807 3628 clericorum
2843 3576 3239 3631 Anaunensium
3268 3577 3311 3643 ⁸,
3339 3577 3434 3648 qui
3472 3578 3624 3634 occisi
3647 3592 3673 3632 a
3697 3576 3835 3632 Genti-

2306 3663 2462 3729 libus,
2493 3681 2633 3720 nunc
2660 3675 2920 3736 martyres
2950 3667 3301 3735 honorantur,
3328 3668 3695 3742 Imperatorem
3718 3682 3831 3737 mgn-

2305 3768 2413 3812 tum
2456 3758 2610 3814 facile
2648 3759 2979 3814 concessisse
3019 3777 3085 3816 ne
3124 3761 3194 3815 illi
3236 3762 3322 3832 qui
3371 3778 3467 3819 eos
3504 3763 3767 3818 occiderant
3796 3768 3832 3814 et

2302 3851 2441 3921 capti
2462 3851 2570 3921 jam
2601 3852 2939 3921 tenebantur,
2971 3869 3124 3922 pretia
3153 3854 3309 3910 simili
3340 3857 3666 3929 punirentur.

2374 3944 2426 3999 5.
2467 3944 2656 4000 Libros
2685 3945 2752 4001 de
2785 3944 3055 4017 Baptismo
3081 3950 3442 4018 parvulorum,
3464 3966 3579 4005 cum
3601 3950 3696 4020 jam
3721 3946 3829 4003 codi-

2302 4052 2417 4092 cem
2445 4036 2615 4108 ipsum
2647 4037 2973 4093 Praestantia:
3005 4048 3105 4093 tua:
3135 4041 3427 4106 misissem,
3452 4060 3545 4098 cur
3569 4042 3654 4098 abs
3682 4050 3723 4096 te
3746 4052 3828 4095 rur-

2302 4143 2393 4183 sus
2430 4130 2723 4200 acceperim
2744 4172 2758 4195 ,
2791 4130 2988 4186 oblitus
3017 4147 3133 4186 sum
3161 4150 3171 4184 :
3204 4132 3303 4188 nisi
3335 4132 3473 4190 forte
3505 4149 3617 4190 cum
3654 4130 3829 4202 inspice

2303 4238 2413 4278 rem
2437 4264 2450 4289 ,
2481 4222 2766 4278 mendosos
2791 4238 2882 4278 eos
2910 4224 3080 4294 reperi
3104 4266 3115 4289 ,
3142 4234 3196 4279 et
3222 4227 3513 4283 emendare
3542 4226 3697 4290 volui,
3723 4220 3825 4296 quod

2302 4312 2616 4368 mirabiliter
2634 4314 2936 4384 impeditus,
2951 4315 3123 4370 adhuc
3145 4329 3310 4388 usque
3326 4333 3433 4372 non
3458 4316 3575 4373 feci.
3595 4313 3825 4387 Epistulam

2299 4417 2508 4472 quoque
2545 4404 2611 4457 ad
2636 4412 2689 4457 te
2718 4404 3052 4460 scribendam
3084 4416 3138 4461 et
3164 4406 3248 4463 bis
3275 4407 3684 4480 adjungendam,
3709 4417 3824 4476 quan;

2299 4512 2418 4550 cum
2452 4496 2520 4552 ibi
2547 4510 2718 4552 essem
2741 4500 2849 4567 jam
2878 4499 3079 4553 dictare
3106 4514 3395 4571 coeperam,
3423 4501 3572 4573 paulo
3596 4499 3749 4557 addito
3771 4496 3825 4550 sic

2300 4602 2419 4641 esse
2449 4585 2808 4657 imperfectam
2849 4590 3004 4643 scias.
3032 4589 3085 4645 Si
3126 4601 3303 4647 autem
3349 4593 3600 4650 rationem
3637 4586 3820 4646 onniium

2298 4677 2503 4731 dierum
2544 4687 2597 4733 et
2637 4678 3060 4735 lucubrationum
3101 4683 3219 4737 aliis
3248 4686 3642 4741 necessitatibus
3669 4684 3819 4749 impclr

2298 4782 2473 4821 sarum
2504 4769 2595 4823 tibi
2627 4784 2836 4838 possem
2874 4771 3118 4839 reddere,
3148 4776 3381 4843 graviter
3407 4776 3725 4831 contristatns
3748 4769 3817 4824 mi.

2300 4858 2493 4912 rareris
2528 4868 2723 4929 quanta
2766 4876 2851 4916 me
2894 4861 3230 4931 distendant,
3272 4881 3390 4936 qua:
3430 4865 3621 4922 diderri
3652 4861 3817 4919 omnino

2298 4965 2402 5004 non
2443 4960 2689 5020 possunt,
2718 4966 2816 5007 nec
2855 4968 3010 5023 agere
3049 4953 3133 5008 illa
3175 4958 3483 5025 permittant
3523 4957 3571 5011 in
3606 4968 3706 5027 qua:
3737 4962 3813 5012 ωε.

2362 5063 2378 5093 ¹
2414 5067 2519 5111 Mss.
2540 5071 2708 5113 carent
2744 5078 2864 5115 voce
2885 5065 3030 5127 quod.
3057 5073 3121 5116 Ex
3146 5069 3206 5119 iis
3230 5076 3334 5120 tres
3356 5070 3545 5121 ferunt:
3572 5069 3639 5119 sic
3658 5062 3758 5115 habe
3774 5059 3814 5111 il-

2297 5122 2395 5173 lum
2415 5129 2680 5173 tanquam.

2532 5138 2680 5175 nam.

2360 5129 2973 5260 ζ’
2985 5227 2998 5249 ,
3011 5251 3024 5260 _
3037 5189 3126 5260 qui
3139 5205 3253 5244 ann
3274 5195 3421 5260 fuerit

2296 5253 2611 5316 persentiscat.
2638 5257 2691 5301 .tt
2714 5251 2761 5300 in
2916 5251 3192 5316 pauldalius
3202 5251 3541 5307 est'verborum
3560 5254 3681 5313 σιτίον
3698 5259 3810 5314 ⁸1³⁸³³

2297 5310 2374 5359 hic
2396 5311 2712 5361 restitnimus.

2360 5375 2381 5439 ξ
2544 5388 2663 5424 sex:
2690 5372 2899 5439 alligari.

2360 5438 2377 5505 ξ
2570 5434 2892 5499 Imperatoris.
2914 5444 2965 5487 Al.
2986 5443 3123 5505 ΜδδηΔ
3141 5448 3494 5505 Imperatorwn.

2326 5498 2375 5567 ,δ
2411 5493 2553 5567 Varie.
2580 5493 2682 5567 tres
2703 5507 2827 5558 3155.,
2878 5493 3807 5567 corb.et6erm.,

2292 5558 2433 5608 simu.
2459 5558 2541 5610 alii
2562 5560 2693 5619 cdd,
2746 5559 3092 5611 mmmairms.
3114 5563 3305 5615 Scilicet
3322 5565 3386 5616 de
3405 5572 3475 5615 ss.
3496 5558 3806 5619 mrtyﬁWS'

2291 5621 2705 5698 e'ii'HEOzstetlniv
2729 5632 2780 5696 et
2802 5621 3072 5674 ειιωυιιω
3095 5623 3323 5698 West.
3347 5628 3428 5698 qvi
3449 5640 3477 5677 ³
3496 5621 3804 5698 8W5

2292 5682 2583 5749 sticisvallis
2600 5682 2821 5749 .inauniae
2845 5698 2939 5735 non
2963 5685 3126 5749 procul
3150 5682 3179 5737 εἰ
3199 5682 3468 5739 “triden'tina
3487 5682 3665 5737 avitate
3681 5682 3801 5749 nec!!!

2293 5752 2405 5811 sunt
2425 5746 2475 5794 in
2497 5745 2597 5811 fine
2620 5748 2801 5811 Iliensis
2843 5745 3055 5811 maii'an.
3095 5748 3215 5809 δίης
3258 5752 3363 5801 sive
3384 5757 3484 5811 post
3505 5750 3669 5798 obitum
3687 5745 3799 5792 σείου

2300 5807 2545 5866 ambrosii,
2570 5815 2619 5858 ut
2644 5810 2807 5859 scribit
2832 5808 3055 5860 Paulinus
3074 5810 3125 5862 in
3148 5807 3255 5876 ejus
3275 5813 3382 5865 vita.
