3990 6390
630 445 752 517 quia
801 441 1057 513 scriptum
1099 448 1203 506 est,
1271 436 1464 491 Videbit
1517 434 1680 490 omnis
1711 450 1828 487 caro
1868 430 2093 486 salutare
2125 426 2221 480 Dei

629 535 782 610 (1εαὶ.
809 550 895 599 ιιι,
925 531 1036 606 l0),
1065 531 1257 586 anima:
1285 529 1356 584 ibi
1389 544 1494 584 non
1526 536 1650 583 sunt
1679 523 2052 594 intelligendas.
2075 521 2221 578 Nihil

631 627 854 701 proinde
896 623 1039 680 aliud
1077 623 1280 678 dictum
1307 630 1407 686 est,
1471 619 1686 675 Verbum
1714 635 1832 674 caro
1870 617 2066 686 factum
2121 624 2218 682 est,

629 736 785 794 quam
803 717 847 775 si
877 719 1163 784 diceretur,
1193 715 1355 772 Filius
1387 715 1476 769 Dei
1498 714 1633 769 ﬁlius
1665 711 1892 768 hominis
1917 713 2084 766 factus
2112 718 2216 767 est.

633 812 732 880 Qui
756 828 868 866 cum
895 811 945 864 in
967 814 1132 883 {arma
1157 806 1250 863 Dei
1275 816 1423 872 esset,
1453 807 1589 861 sicut
1616 805 1741 861 dicit
1765 803 2053 875 Apostoltis
2070 845 2085 868 ,
2117 819 2218 857 non

629 905 866 974 rapinam
894 903 1165 957 arbitratus
1203 910 1272 956 est
1311 917 1413 955 esse
1449 897 1662 970 aqualis
1694 897 1836 962 Dea;
1877 912 2049 968 neque
2075 894 2217 952 enim

633 992 991 1065 usurpationis
1020 1000 1151 1057 erat,
1183 999 1240 1045 ut
1271 990 1455 1063 rapina
1475 989 1762 1055 diceretur,
1791 987 1886 1043 sed
1911 996 2111 1042 natura:
2129 986 2218 1041 in-

629 1096 762 1150 erat,
808 1095 863 1139 ut
889 1093 1030 1140 esset
1063 1082 1283 1155 mqualis
1313 1101 1325 1134 :
1355 1085 1679 1152 semetipsum
1719 1089 1895 1136 tamen
1925 1078 2219 1143 exiuanivit,

631 1193 734 1234 non
768 1176 991 1232 formam
1032 1175 1124 1230 Dei
1153 1174 1422 1238 amittens,
1458 1173 1553 1228 sed
1604 1172 1827 1228 formam
1877 1171 2016 1227 servi
2047 1171 2216 1226 susci-

630 1269 816 1341 piens;
848 1265 1132 1321 ltumiliavit
1165 1265 1506 1335 semetipsum,
1533 1268 1696 1335 factus
1714 1263 1946 1317 obediens
1975 1280 2132 1334 usque
2151 1263 2224 1332 ad

631 1369 859 1424 mortem,
887 1368 1094 1412 mortem
1119 1366 1285 1410 autem
1323 1356 1488 1410 crucis
1522 1355 1780 1428 (Philipp.
1815 1371 1874 1421 tt,
1893 1355 2031 1425 6-8).
2061 1355 2222 1410 Vides

630 1449 1081 1524 quemadmodum
1134 1448 1380 1502 eumdem
1428 1446 1719 1511 hominem,
1773 1463 1930 1518 quem
1983 1447 2146 1501 Dcmn
2179 1447 2217 1510 ',

630 1541 990 1605 commendat,
1026 1548 1083 1594 ut
1121 1554 1345 1610 persona
1383 1554 1486 1594 una
1515 1539 1585 1593 sit
1609 1540 1667 1604 ’ς
1700 1553 1794 1603 ne,
1825 1555 1929 1592 non
1966 1538 2218 1604 Trinitas,

632 1633 725 1689 sed
764 1633 1090 1704 quaternitas
1141 1630 1437 1687 inducatur.
1468 1630 1618 1686 Sicut
1660 1631 1803 1685 enim
1854 1646 1957 1685 non
1998 1639 2220 1702 augetur

633 1739 885 1780 numerus
908 1738 1278 1796 personarum,
1304 1738 1425 1778 cum
1455 1721 1799 1779 acceditcaro
1829 1723 2042 1788 animae,
2076 1730 2129 1777 ut
2155 1723 2226 1778 sit

633 1833 768 1872 unus
805 1814 999 1879 homo;
1033 1814 1110 1870 sic
1155 1830 1260 1870 non
1289 1823 1512 1886 augetur
1541 1829 1796 1870 numerus
1845 1829 2217 1884 personarum,

631 1926 751 1966 cmn
780 1908 984 1964 accedit
1007 1907 1170 1962 homo
1193 1907 1391 1973 Verbo,
1422 1916 1476 1962 ut
1507 1908 1576 1962 sit
1605 1922 1740 1963 unus
1768 1907 2031 1964 Christus.
2063 1907 2220 1981 Legi-

633 2016 717 2061 tur
745 2005 941 2074 itaque,
981 2000 1198 2057 Verbum
1249 2019 1370 2056 caro
1414 2005 1604 2074 factum
1633 2010 1726 2069 est,
1769 2010 1826 2055 ut
1866 2001 2222 2073 intelligamus

634 2096 788 2166 hujus
810 2112 1050 2168 persona:
1080 2095 1523 2165 singularitatem,
1556 2110 1660 2150 non
1700 2104 1757 2148 ut
1799 2094 2131 2166 suspicemur
2163 2095 2214 2149 in

630 2207 843 2247 carnem
862 2198 1116 2245 mutatam
1143 2188 1496 2243 divinitatem.

702 2279 927 2336 CAPUT
968 2279 1028 2333 V.
1059 2309 1117 2319 —
1149 2279 1234 2334 l5.
1278 2279 1459 2348 Itaque
1502 2277 1747 2334 Christus
1790 2277 1985 2343 homo,
2043 2287 2098 2333 ιιι
2124 2294 2221 2350 per

632 2389 753 2429 eum
777 2371 1106 2427 revelaretur
1130 2369 1262 2425 Novi
1283 2370 1450 2441 gratia
1483 2369 1831 2434 Testatnenti,
1878 2384 1996 2440 quin
2024 2384 2128 2423 non
2156 2369 2223 2424 ad

635 2463 1003 2536 temporalem,
1031 2461 1124 2518 sed
1146 2461 1212 2516 ad
1242 2470 1495 2517 :cteruam
1522 2461 1682 2515 vitam
1702 2461 1950 2530 pertinet.
1983 2476 2089 2514 non
2121 2459 2224 2514 uti-

633 2572 737 2628 que
765 2563 972 2611 terrena
1012 2552 1260 2609 felicitate
1287 2551 1743 2608 commendandus
1785 2550 1900 2606 fuit.
1937 2551 2062 2608 lude
2088 2550 2218 2605 sub-

630 2648 810 2722 iectio,
843 2646 964 2701 inde
993 2645 1170 2716 passio
1189 2687 1204 2712 ,
1235 2644 1358 2702 inde
1396 2644 1622 2716 ﬂagella,
1646 2653 1799 2715 sputa
1820 2685 1834 2712 ,
1862 2645 2220 2712 contumeliae,

633 2754 786 2801 crus,
811 2737 1052 2803 vulnera,
1075 2745 1129 2791 et
1149 2744 1398 2806 tanquam
1426 2746 1676 2805 superato
1704 2734 2050 2806 subjectuquc
2078 2752 2224 2792 mors

635 2831 766 2902 ipsa,
791 2838 846 2884 ut
883 2828 1067 2884 ﬁdeles
1093 2827 1208 2898 ejus
1228 2827 1495 2883 discerent
1524 2826 1680 2896 quale
1704 2826 1915 2897 pietatis
1946 2826 2222 2896 praemium

635 2922 700 2977 ab
725 2922 814 2975 illo
837 2920 991 2990 cujus
1013 2918 1104 2974 ﬁlii
1131 2919 1250 2974 facti
1277 2927 1477 2985 essent,
1499 2927 1682 2988 petere
1703 2927 1862 2989 atque
1884 2933 2102 2988 sperare
2130 2917 2225 2973 dev

635 3013 848 3077 herent;
874 3029 940 3068 ne
965 3012 1029 3066 ad
1065 3011 1166 3066 hoc
1197 3026 1291 3083 pro
1321 3025 1514 3081 magno
1544 3009 1834 3066 serviretur
1856 3011 1963 3064 Deo
1986 3052 2000 3076 ,
2030 3019 2084 3064 ut
2119 3019 2224 3066 ter-

635 3119 820 3161 renam
843 3103 1144 3159 felicitatem
1161 3103 1380 3174 adipisci
1393 3112 1697 3174 quarrcrent
1711 3105 1798 3175 qui
1817 3104 2078 3160 servirent
2100 3104 2224 3176 ipsi,

637 3196 947 3267 abjicientes
976 3202 1030 3250 et
1074 3194 1450 3250 conculcantes
1479 3194 1635 3250 ﬁdem
1685 3211 1856 3262 suam,
1911 3195 2228 3252 mstimando

636 3303 757 3346 eam
786 3285 1031 3342 mercede
1057 3287 1310 3341 vilissima
1342 3303 1353 3338 :
1378 3285 1522 3341 unde
1549 3285 2033 3343 beneﬁcentissima
2052 3289 2227 3357 provi-

637 3379 816 3436 dentia
841 3378 1180 3450 omnipotens
1203 3377 1340 3433 Deus
1369 3385 1634 3432 terrenam
1660 3378 1967 3434 felicitatem
1999 3396 2224 3437 conces-

638 3473 708 3530 sit
731 3479 786 3529 et
816 3470 1012 3542 impiis,
1032 3486 1097 3526 ne
1123 3485 1218 3541 pro
1237 3485 1431 3541 magno
1454 3481 1788 3542 quaereretur
1811 3488 1841 3528 a
1873 3472 2043 3529 bonis.
2091 3473 2224 3531 Hinc

639 3564 728 3620 ille
747 3563 987 3635 psalmus
1011 3563 1434 3634 septuagesimus
1463 3572 1518 3618 et
1543 3563 1809 3621 secundus
1835 3565 2227 3623 inducithomi-

639 3671 762 3712 nem
801 3654 1146 3726 ptenitentem
1168 3697 1182 3722 ,
1214 3655 1356 3726 quod
1387 3653 1675 3728 aliquando
1702 3657 1868 3713 corde
1897 3673 2002 3714 non
2045 3667 2223 3727 recto,

642 3747 752 3801 Deo
783 3763 877 3816 pro
898 3747 996 3802 hac
1021 3747 1265 3803 mercede
1289 3747 1556 3817 servierit,
1584 3764 1688 3820 qua
1704 3765 1823 3805 cum
1849 3751 2049 3820 pollere
2069 3761 2228 3826 atque

641 3837 904 3893 excellere
947 3837 1138 3908 impios
1166 3837 1391 3908 videret,
1443 3837 1684 3896 turbatus
1709 3852 1945 3913 caperet
1992 3844 2228 3916 cogitare

639 3928 779 4002 quod
811 3928 949 3985 Deus
975 3927 1203 3987 humana
1230 3946 1336 3986 non
1365 3940 1534 3988 curet.
1563 3931 1631 3988 Et
1657 3948 1779 3988 cum
1803 3933 1872 3989 ab
1900 3935 1996 3991 ista
2019 3935 2220 4008 cogita-

643 4021 783 4077 tione
809 4036 932 4077 eum
961 4031 1265 4078 sanctormn
1311 4023 1379 4080 ad
1408 4025 1571 4081 Deum
1605 4027 1981 4097 pertinentium
2008 4045 2228 4086 revoca-

641 4123 724 4171 ret
748 4115 1038 4171 auctoritas
1058 4158 1073 4182 ,
1102 4118 1338 4189 suscepit
1357 4125 1515 4190 atque
1543 4119 1769 4176 intendit
1795 4137 2088 4193 agnoscere
2116 4135 2225 4182 tam

638 4207 839 4278 grande
879 4217 1168 4272 secretum,
1206 4209 1347 4281 quod
1387 4211 1435 4266 ei
1461 4211 1722 4268 laboranti
1755 4228 1860 4270 non
1904 4217 2222 4285 patefactum

639 4309 741 4365 est,
773 4301 941 4354 donec
972 4301 1195 4356 intraret
1217 4303 1576 4358 sanctuarium
1607 4304 1720 4367 Dei,
1749 4315 1805 4360 et
1829 4306 2151 4376 intelligeret
2171 4310 2225 4364 in

641 4391 926 4446 novissima
957 4391 976 4422 ³
996 4411 1010 4458 ;
1035 4393 1134 4448 hoc
1158 4405 1259 4458 est,
1282 4395 1452 4450 donec
1467 4405 1688 4467 accepto
1711 4396 1910 4466 Spiritu
1938 4413 2123 4454 sancto
2147 4401 2219 4456 di-

639 4493 811 4538 sceret
853 4483 1158 4540 desiderare
1199 4487 1436 4554 potiora,
1468 4497 1518 4541 et
1551 4488 1881 4557 prospiceret
1923 4506 2043 4560 qua:
2069 4507 2223 4560 pinna

642 4576 812 4632 futura
845 4577 909 4632 sit
939 4577 1142 4647 impiis,
1184 4579 1344 4634 etiam
1383 4581 1472 4650 qui
1509 4580 1660 4635 fenea
1703 4582 1928 4651 quadam
1976 4583 2226 4641 felicitate

641 4671 1002 4740 temporaliter
1028 4670 1347 4727 ﬂoruissent.
1393 4672 1542 4728 Hunc
1586 4674 1850 4744 psalmum
1893 4679 2190 4747 septuagesi

640 4779 784 4819 mum
815 4764 1143 4831 secundum,
1194 4774 1348 4821 nocte
1378 4781 1480 4838 qua
1525 4767 1870 4824 illucescebat
1915 4771 2225 4827 solemnitas

637 4851 929 4909 beatissimi
958 4853 1205 4928 Cypriani
1240 4871 1338 4927 per
1362 4857 1715 4915 ministerium
1741 4868 1984 4916 nostrum
2013 4867 2223 4934 exposi-

641 4954 774 5010 ttnu,
795 4946 909 5017 lege
937 4955 990 5002 et
1011 4947 1294 5020 diligenter
1321 4947 1559 5006 adverte.

715 5038 798 5095 lii.
819 5039 1048 5096 Proinde
1067 5042 1226 5098 homo
1246 5042 1491 5100 Christus
1520 5043 1764 5117 idemque
1791 5047 1931 5104 Deus
1957 5050 2220 5116 Christus,

640 5128 794 5198 cujus
833 5130 1324 5190 misericordissima
1363 5135 1716 5204 humanitate,
1774 5147 1934 5211 atque
1969 5141 2020 5198 in
2073 5145 2226 5214 cujus

641 5225 810 5282 forma
837 5227 1015 5283 servili
1041 5227 1246 5287 discere
1266 5229 1585 5292 deberemus
1606 5232 1732 5304 quid
1762 5233 1815 5290 in
1838 5234 1937 5292 hac
1968 5237 2073 5294 vita
2099 5254 2230 5295 con-

640 5317 1014 5386 temnendunt,
1049 5322 1246 5392 etquid
1277 5323 1327 5378 in
1361 5323 1462 5380 alia
1483 5326 1803 5394 sperandum
1836 5339 1998 5397 esset,
2030 5331 2082 5385 in
2111 5330 2224 5402 ipsa

639 5413 917 5484 passione,
951 5413 1128 5485 inqua
1157 5416 1256 5471 sibi
1298 5417 1414 5487 ejus
1438 5419 1635 5477 inimici
1676 5424 1851 5493 magni
1893 5425 2227 5496 victoresque

703 5553 721 5584 ί
759 5556 841 5601 Ms.
885 5549 1024 5599 Corb.
1087 5550 1281 5612 optimae
1335 5559 1464 5602 notae
1506 5553 1692 5604 habet:
1721 5557 1950 5606 Eumdem
1996 5557 2232 5610 hominem

641 5623 891 5678 Deumque
910 5611 1236 5678 commendat,
1261 5620 1328 5678 ut,
1357 5621 1452 5678 etc.

696 5678 722 5747 ι’
746 5675 943 5749 .ln'Edd.
973 5681 1102 5749 post
1122 5688 1219 5724 una
1243 5675 1333 5736 sit,
1360 5676 1727 5749 haecadduntur
1753 5695 1764 5729 :
1793 5681 1943 5732 Etiam
1967 5682 2118 5746 ﬁlium
2151 5683 2233 5734 ho-

640 5739 1120 5847 minimotestetur:
1141 5751 1253 5809 quae
1276 5739 1428 5790 verba
1450 5739 1628 5791 absunt
1647 5756 1676 5791 a
1698 5751 1803 5795 Mss.

710 5797 734 5832 ⁸
864 5833 895 5847 ..
917 5811 1247 5847 mnomssmto.
1279 5809 1330 5847 At
1351 5808 1480 5847 κει..
1503 5801 1552 5847 in
1577 5803 1803 5847 nmium

710 5797 734 5832 ⁸
762 5797 895 5858 edd.,
917 5797 1247 5851 innovissiino.
1279 5809 1330 5853 At
1351 5808 1480 5863 κω..
1503 5801 1552 5852 in
1577 5803 1843 5857 navi—saw.

1872 313 1928 371 s.
1972 308 2334 369 sucusrmt
2376 310 2678 368 Ef'lSCOPl
3761 330 3840 394 ω

2330 424 2664 492 videbantur,
2698 431 2936 501 suscepit
2961 446 3149 488 vocem
3185 431 3494 490 inﬁrmitatis
3523 447 3716 511 nostrae,
3756 462 3836 518 qua

2328 520 2486 575 simul
2507 523 2950 595 cruciﬁgebatur'
2981 535 3136 582 vetus
3167 528 3323 582 homo
3350 539 3542 597 noster,
3584 541 3635 589 ut
3655 550 3832 596 etiam.

2330 622 2475 669 retur
2501 629 2697 685 corpus
2724 618 2922 686 peccati
2943 616 3116 690 (Rom.
3140 619 3302 688 v1,6),
3318 629 3372 676 et
3392 619 3515 676 dixit
3539 639 3551 676 :
3573 620 3692 681 Deus
3707 645 3831 696 mm,

2329 704 2469 761 Deus
2489 723 2647 770 meus,
2668 717 2720 761 ut
2739 709 2861 779 quid
2880 726 2957 763 me
2980 709 3284 780 dereliquiin
3305 709 3467 783 (Psal.
3486 729 3570 770 ιιι
3582 714 3664 781 2)?
3683 717 3738 774 Et
3753 721 3832 779 hoc

2329 814 2492 854 unum
2529 799 2594 856 de
2621 801 2854 871 quinque
2882 801 3171 875 propositis
3199 803 3318 858 tuis.
3347 803 3433 859 Sic
3453 805 3622 877 incipit
3645 809 3833 880 psalmus

2329 893 2613 950 vicesimus
2648 895 2882 965 primus,
2909 895 2998 966 qui
3027 895 3097 950 de
3120 896 3363 967 passione
3389 898 3564 978 ipsius,
3591 911 3641 956 et
3674 905 3834 963 revela-

2330 985 2472 1040 tione
2507 986 2691 1059 gratiae
2729 1003 2887 1059 quam
2935 986 3177 1042 ﬁdelibus
3223 986 3472 1044 faciendis
3505 990 3831 1068 liberaudisqtte

2327 1079 2522 1146 attulit,
2549 1080 2598 1132 in
2631 1082 2906 1151 prophetia
2933 1089 3078 1135 tanto
3099 1086 3221 1137 ante
3241 1089 3482 1138 cantatus
3508 1093 3600 1140 est.

2398 1168 2626 1226 CAPUT
2664 1169 2752 1225 Vl.
2783 1199 2854 1210 —-
2875 1171 2961 1226 l5.
2982 1170 3214 1228 Proinde
3231 1172 3472 1228 eumdem
3495 1176 3739 1245 psalmum,
3759 1195 3832 1236 cu-

2323 1263 2413 1334 jus
2428 1262 2763 1334 pr0phctiam
2787 1263 3044 1318 Dominus
3062 1263 3130 1318 ad
3147 1278 3206 1319 se
3232 1264 3829 1338 pertineredemonstrans,

2329 1353 2444 1424 ejus
2471 1354 2699 1425 primum
2727 1369 2941 1410 versum
2963 1353 3296 1422 exclamavit,
3327 1370 3445 1411 cum
3475 1355 3705 1428 penderet
3723 1361 3765 1416 in
3791 1363 3837 1417 li-

2326 1462 2453 1518 gno,
2493 1446 2966 1502 commemorando
2985 1447 3405 1520 exponendoque
3419 1464 3712 1518 percurram,
3733 1462 3837 1513 uter

2313 1539 2431 1596 hoc
2451 1540 2712 1612 intelligas
2731 1540 3180 1612 quemadmodum
3219 1542 3386 1614 gratia
3415 1542 3715 1602 Testamenti
3737 1547 3836 1605 Novi

2329 1647 2430 1688 nec
2451 1647 2517 1688 eo
2542 1641 2780 1702 tempore
2814 1633 3111 1699 tacebatur,
3146 1633 3360 1705 quando
3404 1635 3459 1692 in
3485 1635 3662 1694 Vetere
3679 1639 3840 1696 velaba-

2330 1733 2431 1778 tur.
2460 1724 2659 1779 Dicilur
2673 1725 2815 1779 enim
2842 1741 2906 1780 ex
2935 1740 3160 1796 persona
3186 1725 3557 1798 Christi,quod
3582 1727 3642 1784 ad
3665 1727 3837 1786 formant

2329 1816 2470 1871 servi
2493 1816 2702 1883 attinet,
2743 1817 2793 1870 in
2821 1832 2924 1887 qua
2957 1816 3266 1888 portabatur
3291 1827 3469 1874 nostra
3493 1819 3751 1875 inﬁrmitas.
3777 1821 3840 1877 Di-

2330 1908 2406 1960 xit
2460 1907 2602 1962 enim
2643 1906 2789 1962 etde
2838 1907 2932 1963 illo
2966 1908 3130 1964 lsaias
3166 1927 3181 1964 :
3225 1907 3328 1964 Ille
3359 1909 3657 1979 inﬁrmitates
3693 1924 3840 1969 nostra

2329 2006 2519 2068 portat,
2553 2007 2598 2053 et
2625 2015 2718 2070 pro
2758 1999 2900 2053 nobis
2929 2000 2981 2054 in
3007 1999 3263 2056 doloribus
3299 2012 3370 2055 est
3401 2000 3545 2073 (Isai.
3575 2017 3672 2067 uu,
3695 2003 3756 2075 4).
3780 2004 3837 2060 Ex

2328 2093 2487 2162 hujus
2541 2093 2697 2165 igitur
2725 2093 3046 2149 inﬁrmitatis
3095 2110 3250 2162 voce,
3296 2095 3362 2152 de
3392 2111 3490 2167 qua
3513 2095 3687 2153 Paulus
3709 2098 3752 2154 in
3786 2113 3833 2154 eo

2325 2183 2468 2255 quod
2514 2185 2730 2255 petebat
2767 2200 2871 2240 non
2903 2185 3213 2253 exauditus,
3240 2195 3297 2244 et
3333 2185 3452 2243 ideo
3493 2187 3838 2260 quodammodo

2326 2275 2634 2342 derelictus,
2664 2276 2812 2332 audit
2855 2286 3035 2334 tamen
3063 2293 3092 2330 a
3124 2278 3370 2344 Domino,
3413 2277 3594 2350 Suﬂicit
3624 2279 3698 2334 tibi
3717 2280 3839 2350 gratia

2329 2387 2475 2436 mea;
2505 2388 2623 2424 nam
2651 2371 2808 2427 virtus
2835 2371 2888 2425 in
2936 2371 3230 2440 inﬁrmitate
3276 2373 3534 2442 perﬁcitur
3577 2371 3637 2444 (ll
3663 2371 3838 2432 Cor.xn.

2329 2460 2388 2531 9)
2423 2479 2434 2515 :
2464 2475 2540 2516 ex
2579 2476 2709 2516 voce
2737 2477 2864 2532 ergo
2893 2461 3049 2532 hujus
3076 2462 3399 2519 inﬁrmitatis
3425 2471 3628 2530 nostrae,
3656 2479 3780 2534 quant
3803 2463 3837 2518 in

2328 2569 2388 2608 se
2427 2554 2822 2625 trans’liguravit
2849 2563 3008 2626 caput
3041 2563 3305 2622 nostrum,
3335 2556 3522 2612 dicitur
3546 2556 3595 2612 in
3619 2555 3707 2614 hoc
3729 2555 3831 2627 psal-

2329 2661 2437 2709 mo,
2471 2643 2612 2700 Deus
2650 2662 2809 2708 meus,
2845 2645 2982 2700 Deus
3011 2663 3169 2714 meus,
3198 2647 3393 2719 respice
3415 2648 3465 2702 in
3508 2663 3616 2711 me;
3639 2663 3764 2720 quare
3782 2663 3835 2700 me

2331 2736 2679 2806 dereliquisti?
2710 2737 2761 2793 in
2791 2754 2856 2793 eo
2884 2739 3079 2810 quippe
3105 2738 3490 2811 derclinqnitttr
3517 2739 3783 2811 deprecans,
3800 2739 3834 2793 in

2330 2845 2435 2898 quo
2463 2844 2566 2883 non
2604 2829 2900 2885 exauditur.
2939 2830 3084 2885 llanc
3120 2831 3171 2885 in
3199 2846 3256 2886 se
3307 2846 3491 2889 vocem
3523 2829 3841 2902 transﬁgurarit

2329 2917 2507 2979 Jesns.
2538 2935 2721 2974 vocem
2751 2921 2951 2976 scilicet
2988 2921 3230 2992 corporis
3265 2923 3373 2989 sui,
3416 2923 3512 2978 hoc
3548 2931 3622 2978 est
3651 2921 3841 2978 Ecclesia

2332 3025 2443 3066 sua:
2473 3027 2505 3066 a
2534 3020 2718 3067 vetere
2757 3012 2972 3068 homine
2999 3013 3051 3068 in
3090 3029 3286 3070 novum
3319 3012 3650 3070 reformandte
3670 3031 3683 3081 ;
3707 3026 3839 3068 vocem

2332 3104 2533 3161 scilicet
2557 3105 2884 3161 inﬁrmitatis
2911 3120 3022 3160 sure
3051 3105 3321 3175 humanm,
3347 3107 3430 3162 cui
3465 3105 3736 3177 deneganda
3760 3103 3842 3158 lues

2332 3206 2452 3252 rant
2491 3198 2628 3254 bona
2668 3198 2875 3254 Veteris
2898 3196 3255 3268 'Testamenti,
3295 3210 3353 3255 ut
3377 3201 3508 3256 bona
3549 3197 3666 3256 Novi
3707 3196 3842 3254 Testi-

2332 3289 2500 3346 menti
2523 3299 2708 3360 optare
2750 3299 2909 3362 atque
2935 3305 3154 3361 sperare
3173 3291 3284 3360 jam
3315 3291 3558 3348 disceret.

2404 3381 2490 3437 l6.
2519 3380 2576 3437 ln
2599 3382 2700 3437 illis
2721 3391 2896 3437 autem
2928 3382 3132 3438 Veteris
3159 3381 3486 3439 Testamenti
3514 3382 3681 3448 bonis,
3702 3378 3755 3436 ad
3775 3393 3838 3434 rc-

2331 3482 2498 3528 terem
2522 3472 2789 3528 hominem
2820 3474 3209 3544 pertinentibus
3232 3516 3248 3541 ,
3294 3475 3552 3546 praecipue
3587 3470 3844 3543 concupisci-

2331 3573 2418 3622 tur
2445 3565 2564 3619 vitze
2597 3565 2766 3638 hujus.
2779 3566 3057 3637 productio
3081 3567 3408 3638 temporalis,
3435 3575 3491 3622 ut
3513 3567 3745 3638 aliquanto
3763 3561 3841 3616 diu-

2332 3659 2438 3711 tius
2487 3665 2744 3720 teneatur,
2796 3657 2917 3728 quia
2965 3673 3178 3728 semper
3222 3675 3330 3712 non
3379 3666 3562 3729 potest.
3609 3655 3712 3712 Ideo
3742 3653 3841 3709 diem

2332 3748 2520 3803 mortis
2543 3763 2729 3802 «mmes
2751 3747 2962 3818 quidem
2985 3747 3273 3806 affuturum
3307 3749 3497 3816 sciunt,
3523 3757 3574 3806 et
3589 3762 3694 3806 eum
3716 3755 3840 3800 tamen

2333 3855 2519 3894 omnes
2545 3849 2636 3893 aut
2678 3855 2810 3909 pene
2840 3855 3027 3896 omnes
3054 3839 3270 3897 dilferre
3309 3851 3593 3907 conantur,
3628 3837 3759 3896 etiam
3778 3832 3838 3906 qui

2335 3941 2453 4003 post
2477 3941 2702 3987 mortem
2724 3947 2781 3987 se
2804 3931 3013 3987 beatius
3031 3931 3256 3988 credunt
3279 3947 3402 3989 esse
3422 3933 3639 3988 victuros
3662 3947 3674 3983 :
3697 3934 3840 3983 tantam

2333 4025 2495 4082 habet
2520 4026 2624 4080 vim
2667 4024 2845 4080 carnis
2871 4033 2926 4080 et
2959 4025 3151 4080 anima:
3180 4023 3340 4082 dulce
3377 4022 3699 4081 consortium.
3724 4016 3842 4075 Nemo

2331 4117 2475 4172 enim
2505 4131 2737 4188 unquam
2763 4131 2979 4172 carnem
3000 4132 3149 4172 suam
3170 4117 3298 4172 odio
3319 4117 3500 4173 habuit
3517 4115 3660 4190 (Eph.
3677 4128 3721 4179 v,
3745 4108 3840 4180 29):

2331 4217 2386 4264 et
2427 4219 2705 4280 propterea
2742 4223 2848 4264 non
2891 4209 2997 4264 vult
3037 4209 3212 4264 anima
3243 4210 3328 4266 vel
3369 4209 3435 4265 ad
3473 4220 3665 4280 tempus
3695 4204 3746 4260 ab
3766 4200 3844 4270 ejus

2333 4300 2491 4356 etiam
2523 4299 2828 4356 inﬁrmitate
2865 4299 3168 4364 discedere,
3205 4304 3448 4370 quamvis
3483 4315 3593 4357 eam
3627 4312 3678 4353 se
3709 4296 3749 4350 in
3775 4291 3844 4344 lim!

2333 4395 2448 4450 sine
2479 4394 2784 4448 inﬁrmitate
2811 4394 2862 4448 in
2890 4403 3145 4449 maternum
3173 4402 3504 4467 recepturam
3523 4406 3632 4450 esse
3651 4384 3840 4446 conﬁdat.

2333 4488 2562 4542 Proinde
2591 4497 2771 4540 mente
2800 4487 3039 4542 serviens
3059 4487 3158 4558 legi
3182 4487 3295 4546 Dei.
3320 4504 3477 4542 carne
3505 4494 3663 4540 autem
3682 4477 3840 4536 trahell‘

2333 4579 2595 4634 desideria
2627 4578 2824 4646 peccati
2857 4576 3031 4651 (Rom.
3057 4595 3150 4644 vn,
3178 4577 3294 4649 ‘25),
3326 4579 3511 4650 quibus
3534 4579 3553 4608 ³
3580 4571 3758 4631 obedire
3783 4583 3841 4616 νυ·

2285 4745 2288 4750 _
2334 4679 2409 4724 tat
2453 4671 2772 4739 Apostolus,
2833 4669 3026 4724 mentis
3080 4669 3292 4740 quidem
3346 4671 3541 4724 ratione
3587 4654 3841 4730 concupistiil

2334 4763 2494 4818 homo
2521 4764 2639 4835 pius
2667 4764 2917 4830 dissolvi,
2959 4774 3013 4818 et
3042 4781 3160 4820 esse
3189 4780 3308 4819 cum
3340 4763 3547 4819 Christo
3571 4757 3782 4832 (Philipp.
3805 4764 3838 4806 I.

2332 4855 2460 4929 23);
2490 4857 2582 4913 sed
2611 4857 2660 4912 id
2689 4873 2847 4913 sensu
2877 4857 3049 4930 carnis
3081 4866 3292 4916 recusat
3319 4866 3373 4912 et
3398 4855 3609 4925 refugit,
3635 4857 3681 4906 et
3703 4846 3739 4903 si
3759 4837 3837 4899 ﬁeri

2334 4949 2520 5019 possit,
2549 4963 2652 5003 non
2687 4950 2799 5004 vult
2824 4948 3108 5018 exspoliari
3133 4989 3147 5016 ,
3185 4949 3281 5006 sed
3320 4942 3674 5020 supervestiri,
3701 4946 3745 4992 ut
3774 4932 3838 4986 ab-

2334 5040 2612 5096 sorbeatur
2631 5041 2769 5111 quod
2795 5041 3014 5096 mortale
3037 5050 3120 5095 est
3141 5057 3172 5096 a
3200 5040 3302 5095 vita
3323 5041 3384 5114 (ll
3407 5039 3520 5094 Cor.
3541 5053 3597 5102 ν,
3616 5035 3685 5102 4),
3708 5027 3748 5084 ill
3765 5030 3834 5082 ⁸⁵⁸*

2337 5143 2396 5189 ιιι
2419 5134 2487 5190 ab
2516 5134 2818 5190 inﬁrmitate
2843 5133 2910 5188 ad
2939 5133 3388 5189 immortalitatem
3417 5131 3565 5186 etiam
3593 5128 3734 5196 ipsum
3752 5130 3836 5172 cut-

2338 5225 2576 5298 pus‘sine
2606 5235 2775 5282 morte
2803 5225 2975 5282 media
3008 5225 3374 5283 transferatur.

2408 5319 2495 5374 l7.
2529 5319 2637 5376 Sed
2663 5319 2776 5374 haec
2801 5319 2957 5375 verba
2985 5362 3000 5386 ,
3034 5319 3225 5390 quibus
3263 5319 3519 5374 humanus
3549 5312 3650 5368 dies
3682 5315 3725 5362 ct
3752 5301 3834 5354 τίιιυ

2339 5415 2495 5484 hujus
2523 5413 2794 5484 prolixitas
2819 5413 3234 5484 concupiscitur,
3261 5413 3417 5470 verba
3438 5416 3554 5466 sunt
3571 5404 3831 5462 delictorum,

2405 5618 2418 5648 ι
2458 5625 2557 5677 Ain.
2702 5621 2754 5664 et
2767 5619 2860 5673 Er.,
2873 5613 2924 5677 in
2943 5613 3049 5677 ipsa
3071 5611 3304 5677 pm,
3324 5611 3374 5662 in
3391 5621 3485 5673 qua
3501 5603 3587 5659 δέω
3602 5596 3752 5660 abejus
3769 5587 3835 5642 iiii-

2339 5677 2477 5729 micis
2497 5673 2730 5742 ﬁgebatur
2753 5683 2883 5742 vetus
2905 5673 3042 5726 homo
3063 5673 3237 5742 uoster.
3290 5673 3297 5675 ⁷
3482 5738 3491 5742 Α
3593 5723 3670 5742 .-Δ
3697 5713 3833 5742 mm”.

2403 5721 2722 5802 ίῖιέςῖἶῇιῖὗζ
2747 5721 3210 5802 εἱῐίίἑίίιὲἶιιὸῖιιιιιὶἰὶς
3227 5721 3387 5788 carne
3416 5738 3562 5785 eum
3589 5723 3670 5791 leui
3694 5721 3831 5786 7W"

2343 5805 2420 5856 cm’
2441 5800 2637 5855 obedire
2657 5806 2797 5853 eaut-
