3990 6430
192 354 287 413 663
1359 349 1753 413 Εριετίιιιιιι

1880 349 2152 413 CLASSIS
2192 358 2277 413 Ill.

116 482 132 525 ι
191 482 239 527 et
265 470 413 539 longe
452 473 582 523 sunt
621 464 686 522 ab
720 477 785 521 ea
814 464 990 520 salute
1021 462 1174 534 cujus
1220 463 1456 519 nondum
1502 480 1649 533 tem,
1681 462 1777 520 sed

1888 482 2068 523 verum
2089 470 2189 528 hoc
2216 474 2346 530 mihi
2369 491 2475 532 non
2497 477 2562 533 ad
2582 477 2934 549 insipientiam
2956 480 3150 547 facies;
3174 484 3268 540 sed
3289 489 3469 557 potius

184 579 281 637 pun
304 576 451 633 spem
474 560 739 632 gerimus;
765 557 833 613 de
856 573 962 629 qua
979 557 1235 628 scriptum
1254 566 1356 622 est,
1383 558 1516 622 Quia
1536 575 1626 628 spe
1647 558 1775 612 salvi

116 623 127 653 ἑ
184 623 296 728 '[acu'
320 623 505 708 sumus.
524 667 546 706 :
577 668 688 721 spes
704 623 1005 720 autem-qua:
1018 623 1214 702 videtur
1236 665 1334 703 non
1362 657 1435 703 est
1453 623 1573 719 spes
1590 648 1768 719 (Rom.

187 764 296 811 vnt.
334 747 447 812 24).
496 744 728 816 Ideoque
768 752 822 799 et
866 743 918 797 in
966 742 1070 797 isto
1107 741 1310 811 psalmo
1350 758 1470 796 cum
1512 742 1768 811 dixisset,

188 840 305 892 Deus
329 854 468 892 meus
487 878 503 898 ,
536 836 675 890 Deus
699 852 840 889 meus
859 877 875 902 ,
905 835 1098 906 respice
1118 834 1170 888 in
1196 851 1276 888 me
1290 849 1310 899 ,‘
1334 852 1492 905 quare
1521 852 1601 890 me
1624 836 1769 891 dere-

183 931 351 1001 liquisti
366 931 394 985 2
417 930 679 984 continuo
707 928 979 999 subiungit
997 969 1012 993 ,
1041 924 1215 1000 Longe
1238 944 1271 981 a
1294 929 1459 983 salute
1486 946 1597 983 mea
1625 929 1772 984 verba

182 1025 459 1081 delictorum
510 1038 779 1087 meorum;
819 1021 870 1075 id
917 1029 1021 1089 est,
1075 1020 1191 1075 haec
1242 1020 1401 1076 verba
1454 1019 1767 1077 delictorum

183 1130 400 1171 meorum
429 1123 586 1177 sunt,
614 1124 669 1169 et
697 1115 852 1184 longe
880 1113 948 1167 ab
973 1113 1058 1167 illa
1090 1113 1261 1168 salute
1288 1128 1406 1169 mea
1435 1123 1577 1179 sttnt,
1608 1130 1767 1185 quam

182 1187 291 1266 mihi
318 1225 421 1264 non
457 1206 706 1275 Veteris,
748 1206 842 1261 sed
882 1205 1013 1261 Novi
1048 1204 1375 1261 Testameuti
1410 1206 1580 1277 gratia
1612 1207 1767 1277 polli-

180 1312 327 1359 octur.
375 1300 701 1372 Quanquam
745 1300 904 1353 etiam
952 1300 1031 1354 sic
1073 1298 1323 1370 distingui
1368 1308 1574 1369 potest,
1626 1297 1805 1359 Deus.

177 1413 329 1461 meus,
360 1392 503 1447 Deus
540 1409 700 1446 meus.
730 1392 921 1460 respice
956 1391 1008 1444 in
1038 1406 1147 1455 me;
1168 1407 1324 1462 quare
1349 1408 1428 1445 me
1455 1390 1769 1464 dereliquisti

178 1491 307 1561 longe
326 1504 357 1541 α
376 1487 547 1541 salute
571 1485 719 1540 utea?
746 1494 991 1554 tanquam
1013 1485 1237 1552 diceret,
1260 1484 1631 1556 Relinquenda
1656 1504 1763 1556 me,

177 1582 263 1636 hoc
288 1590 386 1644 est,
418 1595 533 1636 non
564 1596 652 1634 me
681 1578 1045 1642 exaudiendo,
1076 1578 1233 1649 longe
1258 1578 1432 1634 factus
1453 1596 1512 1635 es
1540 1596 1568 1633 a
1594 1581 1767 1638 salute

175 1688 297 1737 mea,
332 1671 591 1743 praesenti
615 1671 821 1727 scilicet
841 1671 1011 1725 salute
1035 1670 1187 1740 hujus
1209 1670 1330 1725 vitae
1358 1689 1371 1724 :
1402 1681 1460 1725 ut
1484 1671 1620 1726 alius
1639 1687 1763 1727 sen-

174 1782 254 1819 sus
291 1764 388 1830 sit,
426 1763 587 1817 verba
628 1762 926 1816 delictorum
964 1778 1216 1827 meorum,
1261 1759 1314 1816 id
1352 1771 1466 1828 est,
1512 1763 1612 1818 ista
1646 1779 1765 1834 qua:

175 1857 286 1921 dixi,
310 1854 471 1911 verba
501 1864 629 1910 sunt
659 1854 976 1909 delictorum
1009 1869 1267 1919 meorum,
1303 1854 1423 1924 quia
1450 1853 1608 1910 verba
1639 1865 1766 1910 sunt

174 1949 443 2005 carnalium
470 1947 889 2004 desideriorum.

234 2044 312 2099 18.
341 2044 466 2098 litec
509 2058 581 2099 ex
627 2057 854 2114 persona
900 2041 980 2096 sui
1026 2041 1269 2111 corporis
1311 2040 1559 2097 Christus
1603 2040 1760 2110 dicit,

175 2136 296 2209 quod
320 2146 399 2194 est
437 2137 707 2194 Ecclesia.
747 2136 871 2191 llaec
900 2150 963 2191 es
1006 2150 1234 2205 persona
1273 2134 1403 2190 dicit
1442 2134 1765 2191 infirmitatis

174 2232 328 2287 carnis
373 2232 627 2302 peccati,
675 2246 832 2300 quam
888 2227 1281 2297 transﬁguravit
1328 2228 1382 2283 in
1442 2243 1560 2283 eam
1600 2228 1760 2299 quani

175 2323 378 2393 sumpsit
397 2340 461 2380 ex
487 2321 734 2393 Virgine,
762 2321 1161 2377 similitudinem
1190 2320 1367 2376 carnis
1390 2320 1613 2390 peccati.
1641 2320 1763 2375 Hazc

174 2414 390 2484 Sponsus
415 2430 483 2471 ex
520 2428 750 2484 persona
779 2428 989 2482 sponsa:
1022 2412 1273 2483 loquitur,
1303 2412 1425 2483 quia
1451 2412 1617 2465 univit
1641 2427 1761 2467 eam

175 2507 256 2562 sibi
287 2507 517 2579 quodam
557 2506 735 2561 modo.
778 2506 837 2562 Et
865 2504 1004 2575 apud
1036 2506 1254 2571 Isaiam,
1300 2503 1387 2558 ubi
1418 2503 1581 2571 dicit,
1614 2502 1758 2559 Sicut

173 2617 334 2670 sponso
368 2601 604 2673 alligavit
634 2599 757 2653 mihi
782 2600 1017 2664 mitram,
1061 2608 1105 2651 et
1134 2597 1265 2651 sicut
1293 2613 1534 2663 sponsam
1564 2596 1762 2649 ornavit

174 2711 241 2748 nte
261 2704 549 2749 ornamento
580 2690 733 2764 (Isai.
765 2707 876 2755 ιιι,
911 2691 1001 2763 10)
1039 2709 1049 2743 :
1081 2689 1307 2760 alligavit
1346 2688 1490 2752 mihi,
1527 2694 1583 2742 et
1607 2703 1761 2741 orna-

175 2788 235 2838 uit
256 2803 342 2851 me,
373 2796 635 2853 tanquam
667 2784 822 2840 unius
850 2799 950 2836 vox
979 2792 1061 2836 est
1082 2824 1097 2848 ,
1129 2790 1182 2836 et
1221 2791 1396 2835 tamen
1425 2794 1678 2849 Sponsum
1707 2786 1761 2831 et

178 2894 398 2947 Sponsam
440 2879 720 2935 Christum
768 2876 1114 2946 intelligimus
1156 2884 1209 2929 et
1251 2873 1567 2929 Ecclesium.
1610 2870 1716 2927 Sed
1744 2912 1758 2935 ,

174 2981 304 3025 erunt
328 2972 425 3026 duo
467 2971 527 3025 in
568 2984 723 3024 carne
755 2986 890 3033 una;
927 2976 1299 3022 sacramentum
1334 2980 1602 3035 magnum,
1634 2962 1763 3016 dicit

175 3064 433 3133 Apostolus
458 3108 474 3130 ,
504 3065 561 3117 in
589 3062 787 3116 Christo
817 3070 864 3114 et
893 3061 943 3114 in
975 3058 1199 3113 Ecclesia
1234 3056 1396 3131 (Eph.
1422 3071 1473 3119 ν,
1506 3056 1596 3119 51,
1625 3052 1716 3123 52)
1742 3072 1756 3133 ξ

171 3123 304 3223 igitur
340 3173 439 3209 non
462 3123 473 3130 I
476 3156 596 3226 jam
623 3154 723 3207 duo
744 3196 758 3219 ,
788 3152 873 3207 sed
900 3168 1002 3206 una
1042 3167 1159 3204 caro
1186 3123 1397 3220 (Matth.
1437 3163 1560 3209 ιιι,
1588 3147 1667 3218 6).
1701 3123 1762 3199 εἰ

174 3261 282 3316 ergo
308 3262 429 3303 caro
461 3261 567 3301 una
589 3287 605 3311 ,
636 3245 876 3316 proiecto
911 3252 1277 3315 competenter
1314 3240 1472 3296 etiam
1499 3255 1599 3293 vox
1630 3255 1754 3293 nua.

172 3337 287 3405 Quid
314 3338 395 3393 hic
426 3338 649 3409 quieris,
681 3336 908 3391 humana
934 3335 1234 3401 inlirmitas,
1268 3348 1452 3388 vocem
1484 3332 1638 3387 Verbi
1662 3348 1757 3402 per

171 3428 289 3500 quod
332 3429 474 3485 facta
525 3437 650 3484 sunt
688 3428 909 3482 omnia?
953 3428 1087 3482 Audi
1136 3426 1315 3497 potius
1358 3439 1540 3480 vocem
1581 3425 1755 3479 carnis

171 3536 271 3591 qua:
299 3521 438 3577 iacta
464 3530 549 3575 est
580 3521 718 3575 inter
740 3521 915 3574 omnia
942 3538 955 3585 ;
986 3519 1234 3589 quoniam
1275 3515 1488 3572 Verbum
1515 3534 1633 3570 caro
1669 3521 1753 3588 fu-

172 3623 282 3665 rtum
308 3624 413 3680 est,
453 3624 499 3668 et
524 3611 764 3667 habitavit
792 3613 845 3665 in
884 3611 1044 3665 nobis.
1078 3611 1211 3665 Audi
1256 3610 1434 3680 potius
1476 3607 1753 3663 medicinae

174 3722 354 3773 \‘ocetn,
383 3724 495 3780 qua
522 3707 728 3763 sanaris
758 3718 813 3761 ut
840 3706 1018 3762 videas
1048 3707 1234 3766 Deum.
1260 3722 1417 3777 quem
1448 3704 1542 3759 tibi
1571 3704 1752 3760 viden-

173 3799 276 3855 dnnt
299 3801 537 3865 distulit;
562 3799 830 3855 hominem
860 3809 1037 3855 autem
1060 3798 1347 3853 videndum
1376 3797 1572 3864 attulit,
1601 3799 1746 3852 occi-

172 3891 377 3949 dendum
406 3892 619 3949 obtulit.
646 3891 954 3947 imitandum
976 3891 1217 3955 contulit,
1240 3891 1561 3947 credendum
1582 3900 1751 3944 trans-

173 3985 299 4051 tulit,
336 3997 394 4043 nt
434 3988 535 4042 ista
572 3986 675 4041 ﬁde
721 3986 787 4040 ad
828 3985 1111 4040 videndum
1146 3985 1308 4041 Deum
1342 3986 1535 4039 mentis
1563 3984 1751 4039 oculus

173 4088 445 4136 saltaretur.
477 4080 612 4147 Quid
642 4096 771 4150 ergo
804 4079 1153 4149 dedignamur
1180 4080 1361 4135 audire
1404 4096 1588 4135 Vocem
1630 4094 1749 4135 eor-

172 4170 294 4236 poris
335 4188 405 4227 ex
456 4187 552 4228 ore
601 4172 832 4244 capitis?
878 4171 1120 4229 Ecclesia
1169 4173 1220 4227 in
1278 4174 1372 4228 illo
1427 4175 1745 4243 patiebatur,

171 4262 355 4328 tutando
383 4278 483 4336 pro
504 4256 742 4321 Ecclesia
769 4265 1066 4335 patiebatur
1095 4284 1109 4320 :
1139 4265 1275 4320 sicut
1297 4266 1457 4320 etiam
1491 4266 1540 4319 iu
1570 4265 1749 4322 Eccle-

173 4357 235 4409 sia
259 4359 551 4429 patiebatur
583 4360 717 4430 ipse,
751 4358 963 4429 quando
994 4374 1092 4429 pro
1123 4358 1214 4414 illo
1240 4357 1479 4414 Ecclesia
1512 4359 1748 4428 patieba-

174 4455 260 4503 tur.
287 4449 415 4506 Nam
447 4452 583 4507 sicut
612 4451 912 4507 audivimus
950 4451 1205 4508 Ecclesia:
1234 4466 1419 4507 vocem
1451 4453 1501 4506 in
1530 4448 1745 4508 Christo

174 4542 415 4609 patientis,
442 4542 600 4610 Deus,
624 4543 757 4598 Deus
769 4562 929 4610 meus,
950 4546 1157 4615 respice,
1183 4544 1569 4608 etc.,sicctiant
1589 4543 1741 4599 audi-

176 4632 320 4688 timtts
357 4634 555 4691 Christi
599 4650 783 4691 vocent
828 4636 880 4691 in
921 4636 1157 4691 Ecclesia
1207 4636 1491 4705 patientis,
1541 4636 1737 4704 Saule,

176 4719 330 4788 Saule,
354 4727 476 4799 quid
503 4744 581 4781 me
605 4728 913 4799 persequeris
944 4726 1076 4800 (Act.
1103 4743 1185 4789 ιι,
1211 4728 1287 4798 4).

239 4814 450 4875 CAPUT
484 4816 591 4873 Vll.
614 4849 686 4858 —-
713 4818 799 4874 l9.
835 4819 966 4873 Cum
1004 4819 1181 4888 itaque
1212 4833 1316 4872 non
1340 4819 1653 4875 exaudimur
1672 4820 1739 4875 ad

177 4909 455 4975 temporalia
470 4908 607 4965 bona
622 4910 897 4966 retinenda
920 4909 1007 4964 vel
1031 4907 1394 4977 adipiscenda,
1415 4909 1625 4980 quando
1642 4925 1739 4980 pro

179 4995 246 5049 his
273 5000 617 5071 deprecamur
644 5001 809 5058 Deum
829 5044 843 5065 ,
875 5002 927 5056 in
966 5017 1031 5057 eo
1059 5000 1199 5072 quod
1232 5016 1328 5056 nos
1356 5017 1461 5059 non
1491 5003 1733 5070 exaudit,

178 5084 464 5163 tlcrelinquit
484 5109 582 5147 nos
601 5109 616 5147 :
634 5092 729 5149 sed
751 5093 817 5147 ad
846 5094 1049 5162 potiora
1067 5136 1079 5155 ,
1103 5110 1221 5164 quae
1250 5095 1364 5149 vult
1390 5104 1449 5150 ut
1472 5098 1733 5167 intelliga-

181 5190 293 5241 tntis,
311 5192 358 5237 et
388 5184 823 5252 praeferantns,et
840 5185 1296 5254 concupiscamus,
1318 5201 1422 5242 non
1450 5203 1549 5243 nos
1574 5187 1733 5243 dere-

179 5266 357 5343 linquit.
386 5277 540 5335 Unde
569 5277 812 5347 sequitur
836 5276 1077 5333 Psalmus
1099 5321 1113 5343 ,
1142 5288 1196 5333 et
1220 5278 1381 5344 dicit,
1408 5277 1633 5335 Clamari
1666 5283 1736 5335 ad

179 5368 215 5411 le
228 5381 304 5429 per
316 5369 461 5428 diem.
481 5388 573 5426 nec
586 5368 826 5425 exaudiet:
850 5368 870 5441 (
879 5367 1019 5424 Psal.
1053 5384 1167 5434 ιιι,
1195 5369 1248 5441 5)
1271 5388 1285 5435 ;
1303 5382 1351 5424 et
1377 5382 1521 5427 nocte
1539 5373 1730 5428 :ctiam

179 5449 249 5508 hic
269 5458 588 5527 subauditur,
616 5477 708 5515 nec
736 5462 994 5516 exaudies.
1019 5461 1123 5516 Sed
1150 5461 1269 5517 vide
1294 5462 1421 5533 qttid
1449 5464 1688 5536 adjnugit
1714 5485 1727 5521 :

180 5552 217 5595 et
242 5562 329 5604 non
364 5553 431 5606 ad
454 5552 796 5622 insipientiam
828 5552 971 5607 mihi.
1002 5551 1112 5608 lloc
1140 5568 1268 5622 ergo
1296 5553 1424 5608 dicit
1455 5572 1467 5608 :
1499 5553 1616 5609 Non
1645 5572 1733 5613 me

177 5634 361 5698 “idem
384 5642 637 5699 exaudies
665 5643 982 5698 clamantem
1006 5657 1100 5713 per
1123 5641 1286 5705 diem,
1314 5644 1365 5698 id
1388 5655 1470 5700 est
1498 5646 1549 5699 in
1571 5647 1730 5704 rebus

180 5734 437 5803 Prosperis,
461 5745 517 5790 ut
542 5752 633 5791 eas
660 5752 765 5790 non
792 5737 1065 5802 amittam;
1096 5745 1147 5791 et
1180 5745 1357 5801 nocte,
1382 5737 1433 5792 id
1454 5747 1537 5795 est
1563 5739 1614 5794 in
1644 5757 1729 5795 re-

179 5814 261 5875 bus
282 5825 526 5896 adversis,
560 5838 617 5884 ut
642 5842 894 5899 prospera
919 5845 1038 5900 qua:
1064 5829 1257 5883 amissa
1285 5840 1427 5895 sunt,
1458 5832 1677 5889 redeant
1709 5856 1722 5890 :

1885 567 1942 613 ut
1961 562 2163 631 sapiam
2192 565 2318 635 quid
2340 566 2450 637 jam
2478 584 2571 639 per
2597 568 2728 624 Novi
2760 571 3081 627 Testamenti
3105 576 3325 644 gratiam
3355 592 3383 631 a
3412 586 3465 632 te

1881 662 2231 734 exspectare,
2271 657 2396 727 quid
2425 658 2730 717 desiderare
2750 704 2764 729 ,
2810 663 2935 733 quid
2966 679 3188 734 poscere
3217 664 3463 723 debeam.

1876 740 2063 798 Clamo
2079 726 2272 817 quippe
2289 726 2386 820 ego
2400 758 2458 805 ut
2477 751 2603 806 ntihi
2620 726 3078 825 bonatcntporalia
3101 773 3207 812 non
3223 758 3463 816 auferan-

1879 841 1995 926 tur:
2022 834 2096 890 Tu
2121 848 2291 893 autem
2330 842 2382 895 in
2414 853 2588 899 sancto
2618 846 2834 910 habitas,
2864 848 2975 902 laus
3003 847 3167 904 Israel
3187 849 3345 922 (Ibid.
3378 854 3460 926 4).

1876 923 2010 981 Nolo
2037 935 2096 982 ut
2118 930 2459 1001 derelinquas
2484 937 2963 1006 concupiscentiam
2997 956 3190 1006 meam,
3220 960 3320 1013 qna
3351 923 3467 999 car-

1876 1018 2049 1073 nalent
2081 1019 2388 1079 felicitatem
2415 1028 2646 1098 requiro.
2676 1028 2867 1084 Verum
2895 1029 3010 1087 hac
3032 1034 3186 1088 estin
3218 1037 3464 1093 sordibus

1876 1113 2179 1180 vetustatis,
2204 1124 2257 1167 tu
2286 1126 2461 1171 autem
2484 1120 2677 1188 quatris
2702 1120 3014 1177 munditiam
3044 1126 3328 1191 novitatis;
3358 1145 3461 1183 non

1874 1202 2208 1259 exandiendo
2232 1206 2386 1263 istam
2414 1210 2754 1280 cupiditatem
2786 1214 3062 1285 relinquis,
3086 1217 3209 1287 quia
3234 1219 3465 1274 charita-

1875 1299 1979 1346 tem
2011 1296 2061 1349 in
2084 1311 2185 1365 qua
2214 1297 2442 1366 habites,
2476 1304 2700 1373 requiris
2735 1324 2747 1360 :
2778 1307 3009 1361 charitas
3036 1318 3213 1364 autem
3248 1310 3339 1365 Dei
3360 1310 3449 1365 dif-

1872 1385 2114 1445 funditur
2135 1392 2185 1445 in
2205 1393 2453 1451 cordibus
2476 1399 2693 1466 nostris,
2716 1400 2809 1455 sed
2833 1416 2928 1470 per
2946 1401 3199 1471 Spiritum
3218 1413 3460 1460 sanctum

1872 1479 1961 1547 qui
1987 1479 2141 1535 datus
2175 1492 2259 1538 est
2299 1485 2453 1541 nobis
2486 1486 2659 1559 (Rom.
2688 1506 2754 1557 v,
2786 1489 2864 1563 5).
2893 1490 3017 1547 Ideo
3039 1493 3091 1548 in
3118 1503 3289 1550 sancto
3313 1495 3463 1549 habi-

1873 1580 1981 1632 tas,
2020 1572 2131 1626 laus
2172 1572 2376 1641 Israel;
2417 1578 2531 1633 laus
2573 1580 2866 1638 videntium
2910 1592 2991 1651 te,
3040 1586 3159 1656 quia
3191 1603 3296 1643 non
3326 1589 3465 1647 inse

1872 1660 2190 1731 laudantur,
2232 1669 2327 1723 sed
2363 1670 2414 1724 in
2460 1680 2529 1725 te.
2557 1672 2693 1740 Quid
2728 1676 2871 1730 enim
2915 1676 3111 1733 habent
3160 1680 3300 1750 quod
3351 1697 3459 1737 nou

1871 1768 2193 1826 acceperunt
2240 1760 2283 1829 (Ι
2315 1760 2434 1816 Cor.
2464 1778 2551 1829 tv,
2587 1765 2640 1836 7)
2673 1765 2697 1819 ?
2727 1778 2781 1821 nt
2822 1768 2911 1839 qui
2945 1768 3235 1840 gloriatur,
3265 1772 3319 1827 in
3354 1772 3453 1827 Do-

1871 1848 2019 1902 mino
2049 1850 2304 1919 glorietur
2329 1851 2439 1924 (Id.
2464 1870 2497 1920 t,
2529 1856 2644 1927 5i).

1941 1941 2032 1995 20.
2062 1942 2187 1999 llaec
2207 1954 2288 2000 est
2307 1948 2475 2017 gratia
2500 1946 2634 2004 Novi
2657 1950 2986 2007 Testamenti
3017 1970 3030 2007 :
3060 1970 3182 2009 nam
3206 1956 3258 2011 in
3282 1955 3463 2013 Veteri

1870 2032 2220 2091 Testamento
2240 2080 2255 2104 ,
2288 2040 2500 2109 quando
2534 2043 2948 2099 comntcudabas
2977 2046 3188 2100 nonnisi
3217 2063 3246 2101 a
3279 2058 3329 2102 te
3355 2048 3465 2119 peti

1870 2127 2179 2196 sperarique
2199 2127 2398 2185 debere
2423 2132 2581 2186 etiam
2606 2133 2774 2203 ipsam
2798 2144 3063 2192 terrenam
3086 2141 3460 2207 temporalem-

1870 2232 1973 2285 qtte
1992 2216 2314 2286 felicitatem,
2332 2220 2397 2275 In
2417 2231 2463 2276 te
2478 2236 2803 2293 speraverant
2825 2237 2993 2297 patres
3014 2230 3203 2292 nostri;
3226 2248 3458 2302 speraue-

1870 2322 2007 2379 runt,
2032 2315 2253 2370 clerttislt
2271 2318 2469 2389 eos.Ad
2488 2328 2534 2374 te
2549 2318 2913 2389 clamauerunt,
2936 2332 2983 2376 et
3003 2322 3129 2377 salvi
3154 2325 3280 2393 {acti
3306 2337 3455 2391 sunt;

1868 2421 1921 2457 in
1938 2416 1983 2459 te
1994 2419 2340 2477 speraveruut,
2357 2422 2403 2465 et
2418 2429 2516 2466 non
2530 2424 2644 2467 sunt
2662 2416 2858 2487 confusi
2873 2415 2891 2487 (
2900 2414 3042 2471 Psal.
3057 2432 3169 2483 XXI,
3183 2418 3316 2489 5,6).
3337 2418 3459 2475 Illos

1869 2498 2066 2569 quippe
2089 2511 2270 2569 patres
2297 2503 2436 2559 inter
2466 2506 2709 2561 inimicos
2738 2523 2864 2563 suos
2893 2509 3152 2579 viventes,
3177 2520 3231 2566 et
3259 2511 3459 2569 divitiis

1870 2589 2123 2660 implesti,
2148 2606 2201 2649 et
2225 2596 2291 2650 ab
2318 2597 2559 2654 hostibus
2587 2603 2792 2664 eruisti.
2814 2603 3178 2675 gloriosusque
3208 2607 3460 2663 victorias

1870 2692 2147 2752 reportare
2170 2685 2361 2754 iecisti,
2392 2700 2445 2744 et
2465 2690 2533 2744 de
2555 2691 2779 2749 diversis
2799 2709 2894 2748 eos
2913 2696 3174 2749 mortibus
3202 2696 3459 2753 liberasti.

1868 2773 1974 2829 Pro
2002 2775 2108 2831 alio
2136 2778 2430 2848 subjecisti,
2464 2797 2531 2837 ne
2562 2782 2833 2851 feriretur,
2862 2787 3082 2840 arietem
3121 2785 3271 2857 (Gen.
3305 2803 3417 2844 xxtt
3442 2830 3458 2856 ,

1870 2865 1982 2937 15).
2008 2868 2183 2923 Alium
2211 2870 2277 2924 de
2306 2872 2584 2940 putredine
2614 2890 2825 2941 sanum,
2854 2877 2977 2931 etei
3002 2877 3160 2949 dupla
3183 2894 3301 2949 qua:
3325 2879 3460 2934 ami-

1873 2967 2017 3013 serat
2064 2960 2343 3016 reddidisti
2371 2961 2514 3035 (Job.
2543 2981 2682 3033 xui,
2722 2966 2833 3037 10).
2879 2968 3053 3023 Alium
3094 2969 3232 3025 inter
3277 2971 3460 3029 leones

1867 3052 2163 3108 esurientes
2197 3055 2420 3109 illtcsum
2461 3057 2831 3129 integrumque
2872 3062 3093 3117 servasti
3132 3061 3293 3136 (Dan.
3325 3079 3418 3119 xiv
3441 3107 3456 3132 ,

1866 3142 2069 3214 50-40).
2100 3146 2336 3201 Aliorum
2380 3148 2519 3203 inter
2545 3148 2785 3204 ﬂammas
2823 3151 3276 3210 deatnbulantium
3307 3167 3458 3227 grata

1867 3250 1998 3290 voce
2047 3237 2290 3294 laudatus
2344 3254 2403 3294 es
2450 3238 2558 3311 (Id.
2587 3258 2677 3307 ιιι,
2721 3241 2934 3314 25-90).
2981 3244 3111 3300 Tale
3156 3247 3351 3317 aliquid
3401 3249 3457 3305 in

1865 3325 2085 3381 Christo
2130 3331 2509 3400 exspectabant
2540 3334 2651 3387 lieri
2681 3332 2849 3388 ιῐιιιΙηιί
2870 3378 2884 3401 ,
2914 3335 3053 3390 unde
3102 3337 3384 3406 probarent
3411 3340 3455 3395 si

1866 3436 1990 3477 vere
2018 3422 2181 3477 Filius
2224 3424 2314 3479 Dei
2363 3434 2525 3481 esset.
2572 3426 2646 3480 Ex
2684 3443 2869 3483 eorum
2899 3444 3123 3499 persona
3159 3441 3209 3486 et
3238 3432 3287 3485 in
3320 3432 3456 3487 libro

1864 3515 2149 3586 Sapientia-
2176 3517 2370 3575 dicitur
2399 3538 2411 3573 :
2455 3519 2620 3576 Morte
2646 3522 2938 3591 turpissima
2972 3523 3359 3580 condemnemus
3387 3527 3454 3580 il-

1863 3608 1970 3662 lum
2000 3625 2017 3663 .'
2046 3611 2139 3663 erit
2167 3612 2299 3664 enim
2336 3623 2590 3683 respectus
2618 3612 2669 3666 in
2694 3613 3005 3668 sermonibus
3031 3616 3208 3687 ipsius.
3233 3615 3295 3671 Si
3319 3617 3451 3672 enim

1860 3717 2005 3755 verus
2029 3703 2043 3733 ⁸
2076 3700 2167 3756 Dei
2201 3703 2365 3758 Filius
2394 3715 2488 3770 est,
2519 3706 2754 3777 suscipiet
2782 3722 2897 3759 eum
2923 3717 2969 3759 et
2999 3708 3225 3763 liberabit
3253 3725 3364 3763 eum
3389 3708 3455 3765 de

1857 3796 2090 3848 manibus
2128 3798 2520 3850 contrariorum.
2570 3795 2728 3861 Iliae,
2777 3797 2983 3868 inquit,
3028 3800 3372 3871 cogitaverunt
3407 3814 3455 3857 et

1857 3898 2147 3943 erraret-ant
2180 3906 2199 3943 :
2226 3891 2494 3945 exctecavit
2520 3893 2654 3945 enim
2677 3908 2759 3946 eos
2788 3893 2981 3946 malitia
3009 3908 3183 3947 eorum
3210 3893 3364 3964 (Sap.
3391 3911 3450 3962 tt,

1860 3983 1929 4039 18
1962 3983 2076 4055 2|).
2127 3983 2479 4040 Attendentes
2521 3985 2716 4055 quippe
2762 3996 2968 4056 tempus
3013 3985 3223 4042 Veteris
3264 3987 3453 4043 Testa-

1857 4076 2044 4141 menti,
2074 4086 2122 4130 et
2156 4075 2299 4130 illam
2328 4085 2536 4145 patrum
2562 4077 2720 4130 etiam
2745 4078 3090 4147 temporalem
3117 4078 3447 4145 felicitatem,

1856 4167 2035 4237 inqua
2066 4167 2169 4221 illis
2196 4166 2494 4223 exhibenda
2527 4166 2908 4222 demonstravit
2953 4168 3089 4224 Deus
3134 4170 3292 4224 etiam
3326 4172 3449 4228 talia

1856 4257 1993 4314 dona
2038 4273 2131 4313 sua
2164 4274 2319 4324 esse,
2366 4275 2472 4314 non
2520 4257 2769 4314 viderunt
2795 4260 2903 4329 jam
2942 4276 3060 4316 esse
3091 4272 3298 4332 tempus
3338 4280 3445 4335 quo

1852 4351 2183 4407 revelaretur
2232 4351 2282 4404 in
2330 4349 2545 4407 Christo
2588 4352 2727 4407 bona
2772 4363 2968 4408 (eterna
3013 4356 3227 4427 praprie
3276 4357 3441 4415 Deum

1852 4449 2108 4510 prazstare
2159 4440 2350 4509 justis,
2410 4441 2499 4512 qui
2560 4442 2696 4498 bona
2763 4444 3074 4515 temporalia
3127 4458 3343 4518 praestat
3392 4462 3447 4507 et

1850 4532 2049 4602 impiis.

1921 4622 2148 4682 CAPUT
2178 4621 2488 4681 Vlll.—-2l.
2517 4626 2750 4697 Denique
2769 4642 2889 4682 cum
2912 4625 3150 4697 dixisset,
3172 4629 3238 4687 In
3260 4643 3307 4687 te
3324 4652 3443 4705 spe-

1847 4727 2085 4771 raverant
2114 4727 2283 4789 patres
2309 4718 2503 4783 nostri;
2532 4729 2858 4788 speraverant
2880 4762 2895 4787 ,
2937 4731 2984 4774 et
3013 4723 3187 4777 eruisti
3223 4742 3326 4779 eos.
3360 4727 3442 4781 Ad

1847 4819 1896 4865 te
1919 4811 2281 4875 clamauerunt,
2311 4818 2357 4862 et
2382 4808 2509 4863 salui
2541 4810 2665 4881 facti
2693 4820 2842 4876 sunt;
2870 4812 2921 4865 in
2952 4822 2999 4865 te
3017 4826 3356 4882 speraverant,
3393 4828 3441 4872 et

1845 4920 1947 4958 non
1983 4914 2099 4957 sunt
2141 4903 2373 4973 confusi;
2416 4902 2538 4958 vide
2580 4902 2705 4974 quid
2747 4903 3088 4972 adjunxerit:
3124 4906 3231 4979 Ego
3266 4920 3432 4965 autem

1844 5011 1954 5049 sum
1979 4996 2159 5049 vermis
2183 5005 2228 5048 et
2249 5012 2350 5050 non
2370 4996 2541 5050 homo.
2564 4996 2714 5064 Quod
2740 4997 2946 5051 videtur
2967 4999 3178 5069 quidem
3206 5002 3270 5056 ad
3290 5020 3438 5059 eont—

1844 5086 2199 5143 mendandam
2245 5088 2596 5143 humilitatem
2641 5087 2953 5157 simpliciter
3002 5089 3239 5158 dictum,
3289 5106 3342 5149 ut
3380 5114 3437 5152 se

1842 5178 1897 5233 in
1928 5179 2094 5235 oculis
2126 5180 2591 5250 persequentium,
2633 5178 3050 5247 ahjectissintum
3095 5185 3344 5255 quiddam
3383 5199 3438 5244 et

1840 5269 2359 5341 contemptissimum
2408 5271 2844 5328 demonstraret:
2876 5274 2969 5331 sed
3022 5293 3128 5334 non
3182 5288 3263 5334 est
3301 5295 3432 5333 eon-

1842 5364 2127 5421 tcmuenda
2170 5365 2396 5421 altitudo
2439 5365 2631 5420 secreti
2673 5365 3111 5441 profunditasque
3152 5370 3388 5441 mysterii
3414 5412 3431 5439 ,

1840 5461 2139 5529 prmsertim
2172 5459 2223 5513 in
2254 5459 2332 5513 eis
2357 5455 2556 5519 verbis,
2594 5473 2712 5528 qua:
2742 5469 2890 5514 tanto
2916 5460 3177 5515 Salvatori
3208 5462 3258 5515 in
3292 5479 3431 5530 pra:-

1839 5550 2104 5607 dicatione
2127 5550 2421 5622 prophetia.
2448 5561 2784 5620 coaptautur.
2823 5550 3001 5605 Dii-tus
3039 5562 3121 5605 est
3151 5550 3276 5607 hinc
3304 5568 3424 5608 seu-

1839 5660 1932 5701 sus
1955 5642 2377 5714 elegantissimus
2396 5657 2427 5697 a
2454 5642 2719 5713 prioribus
2746 5640 2839 5714 (α),
2865 5642 2987 5697 ideo
3013 5657 3071 5698 se
3093 5643 3191 5699 hoc
3213 5646 3395 5702 nomin

1902 5781 1920 5810 ι
1938 5773 2080 5835 Edd.,
2104 5775 2148 5827 si
2168 5773 2295 5825 enim
2317 5787 2426 5825 uere
2450 5772 2555 5824 Dei.
2579 5781 2687 5824 Mss.
2710 5785 2901 5832 omnes,
2923 5786 3066 5827 verus

1899 5838 2121 5902 (a)0rig.
2142 5840 2271 5887 hom.
2297 5838 2355 5886 l5
2375 5838 2427 5885 in
2448 5843 2578 5899 I.uc.,
2597 5843 2649 5886 et
2665 5836 2799 5883 .ttnh.
2818 5836 2868 5885 in
2886 5835 3013 5886 hunc
3029 5836 3148 5903 psal.
