3990 6390
593 360 698 421 ω

591 460 861 540 Christum
888 474 1229 549 prtenuntiari
1263 468 1516 535 voluisse,
1549 469 1669 540 quia
1700 470 1896 525 vermis
1925 468 1991 523 de
2017 481 2176 521 carne

591 572 708 629 sine
738 571 1017 626 concubitu
1060 568 1313 626 nascitur.
1346 566 1482 618 sicut
1521 561 1609 616 ille
1641 572 1794 615 natus
1836 574 1915 615 est
1957 559 2023 613 de
2067 560 2177 611 vir-

590 666 734 737 gine.
780 663 884 718 Sed
913 664 965 716 in
998 661 1130 714 libro
1158 675 1254 710 suo
1292 656 1425 719 Job,
1455 671 1578 709 cum
1617 653 1684 708 de
1720 653 1977 707 creaturis
2016 650 2177 705 unle-

591 761 761 815 stibus
809 758 1110 825 loqueretur
1152 751 1290 822 quod
1334 749 1383 802 in
1420 749 1507 802 Dei
1548 759 1832 817 Conspectu
1883 743 2039 801 etiam
2090 745 2175 807 vix

590 850 718 922 ipsa:
748 847 957 903 munda:
983 848 1106 908 sint,
1144 843 1344 907 Quanto
1368 842 1547 911 magis,
1574 840 1755 909 inquit,
1787 838 1934 891 homo
1957 835 2173 908 putredo

588 951 635 998 et
656 940 792 1010 ﬁlius
814 939 1026 992 hominis
1047 934 1222 988 vermis
1253 931 1392 1004 (Job.
1424 947 1537 985 xxv
1559 974 1573 997 ,
1606 930 1657 993 ὅ,
1684 930 1715 983 6
1746 928 1797 1000 )l
1831 929 2169 983 Putrodinem

588 1051 684 1113 pro
712 1034 1031 1090 mortalitate
1065 1030 1266 1099 posuit,
1299 1044 1416 1097 qua:
1437 1029 1545 1094 jam
1576 1026 1716 1080 velut
1744 1032 2053 1094 conceptam
2082 1038 2168 1093 ge‘

585 1110 656 1185 rit
686 1124 940 1181 moriendi
970 1125 1360 1185 uecrssitatetn,
1393 1121 1443 1174 in
1469 1136 1624 1190 quam
1659 1110 1925 1190 peccando
1956 1128 2171 1170 contru-

584 1235 676 1283 sus
713 1228 795 1276 est
826 1219 1021 1283 homo;
1053 1226 1105 1271 et
1137 1218 1297 1270 lilium
1330 1215 1559 1270 heminis
1605 1228 1839 1267 vermem
1885 1222 2063 1263 uatum
2105 1204 2170 1266 de

584 1313 861 1389 putri-dine
889 1311 1038 1383 quasi
1060 1319 1286 1379 putrem,
1308 1307 1407 1363 hoc
1428 1318 1505 1362 est
1529 1307 1596 1361 de
1621 1305 1940 1359 mortalitate
1969 1313 2166 1356 morta-

581 1408 706 1467 lem.
731 1411 809 1465 Ac
836 1422 928 1478 per
964 1405 1064 1460 hoc
1098 1404 1149 1457 in
1179 1403 1260 1457 his
1290 1402 1468 1457 verbis
1495 1399 1707 1461 i’saltni,
1751 1400 1910 1451 alium
1954 1411 2166 1451 sensum

581 1514 681 1557 nos
706 1512 948 1569 quzerere
985 1494 1295 1558 admonuit,
1328 1492 1418 1546 illo
1454 1490 1667 1562 quideut
1712 1490 1859 1544 salvo
1888 1504 2058 1558 neque
2086 1503 2170 1543 rc-

581 1592 805 1665 probato
834 1608 846 1643 :
877 1598 935 1644 ut
966 1603 1067 1643 non
1097 1588 1268 1642 solum
1300 1595 1599 1639 scrutemur
1628 1584 1766 1655 quod
1797 1584 1904 1647 ait,
1933 1580 2041 1653 Ego
2069 1599 2166 1635 au-

582 1695 679 1740 tem
704 1700 815 1738 sum
839 1683 1015 1736 vermis
1035 1722 1050 1745 ,
1081 1680 1177 1736 sed
1207 1680 1365 1735 etiam
1398 1677 1526 1732 illud
1555 1678 1693 1746 quod
1725 1676 1955 1733 addidit.
1988 1685 2035 1729 et
2066 1692 2165 1731 non

581 1783 731 1837 homo
754 1795 772 1844 ;
797 1778 1083 1833 secundum
1122 1776 1243 1829 illttd
1277 1769 1415 1844 quod
1444 1773 1510 1828 de
1537 1773 1672 1826 libro
1708 1770 1807 1826 Job
1840 1786 2165 1824 eotnmemo-

577 1872 714 1941 ravi,
738 1882 987 1941 tanquam
1017 1869 1241 1932 diceret,
1266 1867 1376 1937 Ego
1401 1875 1576 1927 autem
1605 1880 1722 1918 sum
1753 1865 1889 1917 lilius
1911 1862 2159 1928 hominis,

576 1975 633 2021 et
670 1980 772 2020 nuo
808 1965 967 2017 homo
1000 1980 1014 2015 :
1047 1979 1153 2016 non
1192 1959 1332 2031 q-zod
1365 1958 1523 2012 homo
1554 1972 1658 2010 non
1696 1957 1761 2010 sit
1798 1956 2070 2018 Christus,
2098 1953 2164 2008 de

577 2071 686 2127 quo
720 2055 848 2110 dicit
877 2054 1194 2123 Apostolus,
1246 2049 1390 2107 Unus
1420 2059 1491 2103 est
1516 2048 1759 2101 mediator
1789 2045 1879 2099 Dei
1916 2057 1960 2100 et
2001 2046 2162 2099 Itami-

576 2164 716 2207 nnm,
750 2147 896 2200 homo
925 2143 1151 2199 Christus
1178 2142 1326 2197 Jesus
1361 2141 1400 2213 (I
1427 2138 1557 2195 Tim.
1594 2156 1657 2201 tl,
1685 2140 1773 2209 5);
1819 2138 1995 2193 Omnis
2020 2140 2159 2191 enim

575 2239 715 2292 ﬁlius
754 2237 1020 2300 hominis,
1054 2235 1213 2289 honto
1242 2243 1362 2298 est;
1400 2232 1491 2287 sed
1524 2230 1589 2286 ad
1629 2228 1910 2301 quemdam
1950 2231 2163 2298 respicit

574 2342 762 2401 sensus
799 2328 932 2388 iste,
964 2331 1054 2395 qui
1085 2324 1161 2379 sic
1192 2322 1349 2377 itOIIIO
1385 2321 1543 2376 fuerit
1569 2363 1583 2384 ,
1630 2330 1683 2373 ut
1713 2336 1816 2375 non
1848 2332 1987 2374 esset
2025 2321 2161 2374 lilius

575 2420 827 2484 hominis,
871 2418 921 2472 id
963 2425 1045 2471 est
1087 2415 1274 2471 Adam.
1324 2413 1481 2468 Forte
1527 2428 1653 2481 ergo
1695 2412 1771 2465 sic
1813 2425 1893 2467 est
1935 2412 2156 2475 dictum,

573 2496 688 2582 Ego
712 2521 876 2564 autem
902 2525 1014 2563 sum
1037 2507 1230 2569 vermis,
1259 2516 1300 2559 et
1325 2522 1423 2557 non
1447 2503 1615 2567 homo,
1647 2500 1695 2555 id
1726 2510 1827 2568 est,
1860 2519 1956 2570 ego
1983 2513 2157 2555 autem

573 2583 690 2659 nutu
722 2601 859 2655 lilius
886 2599 1134 2659 hominis,
1160 2604 1337 2652 etnon
1365 2596 1525 2649 homo
1553 2614 1562 2646 :
1591 2604 1839 2663 tanquam
1870 2591 2155 2661 diceretur,

574 2691 687 2764 Ego
712 2704 892 2747 autem
921 2706 1037 2745 sum
1066 2689 1307 2744 Christus
1330 2730 1343 2754 ,
1375 2688 1424 2741 iu
1450 2705 1553 2756 quo
1576 2702 1762 2740 omnes
1792 2684 2155 2751 \‘it’ilicatttut‘;

573 2776 678 2839 non
708 2768 908 2851 Adam,
948 2784 998 2837 in
1028 2799 1132 2853 quo
1158 2796 1344 2836 omnes
1376 2778 1673 2832 moriuntur
1709 2775 1750 2847 (Ι
1778 2776 1891 2831 (ἴον.
1918 2772 2006 2842 iv,
2041 2776 2154 2847 εξ).

642 2879 732 2933 22.
776 2879 849 2931 Ac
881 2876 973 2944 per
1004 2874 1126 2942 hoc,
1160 2873 1420 2937 homines,
1452 2869 1639 2924 disritc
1664 2884 1756 2938 per
1778 2866 1999 2940 gratiam
2026 2866 2155 2922 Novi

571 2953 897 3029 TeStatnenti
946 2968 1054 3037 jam
1113 2966 1270 3019 vitam
1313 2961 1691 3033 Concupiscere
1757 2960 2153 3029 sempiternam.

571 3066 706 3139 Quid
731 3079 827 3133 pro
849 3076 1039 3130 magno
1070 3060 1136 3113 ita
1159 3073 1253 3113 vos
1279 3057 1435 3110 vultis
1460 3072 1489 3109 a
1532 3050 1756 3108 Domino
1796 3046 1862 3106 de
1894 3064 2060 3106 morte
2092 3052 2156 3105 li-

570 3157 769 3221 berari,
794 3154 931 3209 sicut
960 3151 1166 3206 liberati
1195 3158 1317 3202 sunt
1351 3156 1529 3216 patres
1556 3142 1742 3212 vestri,
1773 3144 1983 3213 quando
2011 3159 2156 3198 com-

574 3247 859 3304 mendabat
901 3245 1037 3298 Deus
1082 3243 1243 3311 etiam
1284 3251 1509 3295 terrena:
1555 3237 1817 3292 felicitatis
1865 3246 2055 3307 praeter
2099 3253 2157 3290 se

578 3356 683 3395 non
719 3352 836 3392 esse
861 3334 1020 3388 alium
1049 3331 1395 3401 largitorem?
1440 3330 1528 3383 Illa
1560 3328 1784 3383 felicitas
1822 3326 1886 3380 ad
1920 3338 2155 3381 veterem

576 3430 842 3491 hominem
876 3426 1123 3496 pertinet,
1148 3438 1265 3494 qua:
1293 3432 1525 3476 vetustas
1551 3421 1616 3472 ab
1640 3417 1805 3473 Adam
1827 3420 1985 3487 (‘mpit
2011 3436 2022 3470 :
2050 3418 2156 3489 Ego

572 3534 738 3578 autem
766 3535 874 3574 sum
903 3516 1100 3580 vermis,
1125 3524 1169 3568 et
1198 3531 1295 3568 non
1328 3514 1511 3576 homo;
1545 3511 1805 3571 (lhristus,
1836 3527 1943 3564 non
1966 3510 2151 3564 Adam.

576 3616 619 3669 Δ
646 3611 809 3667 veteri
837 3618 1044 3663 veteres
1076 3603 1266 3667 fuistis,
1294 3621 1321 3656 a
1346 3618 1482 3657 novo
1510 3602 1629 3655 novi
1653 3608 1822 3655 estote
1852 3620 1862 3655 :
1891 3601 1956 3654 ab
1989 3599 2154 3654 Adam

578 3680 824 3759 homines
856 3742 870 3762 ,
912 3716 939 3752 a
976 3696 1188 3751 Christo
1234 3695 1321 3748 lilii
1370 3692 1665 3747 hominum.
1697 3688 1811 3746 Non
1862 3693 2001 3746 enim
2044 3693 2157 3745 sine

575 3809 733 3853 causa
770 3786 1177 3845 familiarissime
1208 3786 1459 3840 Dominus
1490 3785 1541 3838 iu
1586 3777 1874 3853 Evangelia
1902 3800 1957 3837 se
1995 3782 2155 3836 lilium

567 3874 804 3940 immittis
838 3879 1047 3954 (Matth.
1092 3894 1220 3937 xvu.
1254 3878 1287 3932 9
1312 3921 1324 3941 ,
1370 3875 1452 3949 i9.)
1487 3877 1615 3930 dirit
1662 3877 1829 3945 magis
1871 3890 2025 3945 quam
2058 3874 2155 3928 ho-

578 3981 772 4043 minem
818 3995 833 4034 :
876 3991 973 4031 nec
1012 3975 1127 4029 sine
1166 3988 1322 4027 causa
1368 3972 1417 4026 iu
1460 3972 1564 4024 alio
1597 3971 1829 4043 psalmo,
1874 3968 2156 4035 flamines,

564 4064 760 4143 inquit,
792 4079 836 4123 et
865 4068 1094 4141 jumenta
1123 4062 1288 4120 salvas
1317 4064 1490 4138 facies,
1538 4058 1779 4127 Domine;
1818 4064 1944 4116 sicut
1980 4064 2156 4115 multi;

575 4166 760 4239 plicata
780 4173 848 4217 est
878 4158 1215 4215 misericordia
1243 4168 1350 4223 tua,
1377 4156 1534 4211 Deus.
1560 4157 1667 4211 Abs
1699 4164 1747 4212 te
1777 4158 1969 4226 quippe
1999 4156 2154 4209 etiam

577 4256 675 4310 ista
695 4255 837 4309 Salus
866 4248 1169 4305 hominibus
1194 4249 1552 4320 jutneutisque
1584 4248 1899 4302 communis.
1929 4246 2033 4303 Sed
2064 4246 2155 4302 ha-

581 4333 708 4401 bent
755 4344 909 4399 aliam
963 4338 1205 4397 homines
1254 4342 1373 4395 novi
1420 4342 1682 4412 propriam
1726 4342 2006 4411 quamdam
2037 4351 2090 4396 et
2127 4352 2156 4396 a

575 4440 933 4511 jumentorunt
963 4435 1231 4488 consortio
1256 4443 1572 4501 svparatam,
1591 4438 1706 4502 quie
1728 4432 1794 4485 ad
1816 4426 2015 4485 Novum
2041 4448 2157 4501 per-

582 4533 713 4597 tinet
748 4529 1145 4587 Testamentum
1190 4526 1206 4595 ἕ
1240 4543 1251 4578 :
1282 4525 1479 4579 habent
1519 4525 1771 4589 omnino;
1813 4540 1933 4587 nam
1964 4522 2029 4577 de
2070 4525 2155 4579 illa

578 4606 773 4678 ibidem
809 4610 1047 4687 sequitur
1070 4628 1123 4669 et
1146 4613 1291 4679 dicit,
1328 4612 1450 4667 Filii
1470 4608 1632 4687 autem
1666 4610 1918 4667 hominum
1939 4614 2028 4669 sub
2056 4624 2158 4687 teg-

578 4714 708 4769 mine
736 4712 933 4765 alarum
974 4698 1171 4761 tuarum
1208 4704 1498 4776 sperabunt.
1522 4686 1911 4759 iurbriabnnttlr
1930 4706 1990 4759 ub
2013 4693 2157 4761 uber;

579 4817 677 4860 tate
702 4806 879 4858 domus
919 4810 1040 4867 tute,
1086 4809 1133 4853 et
1165 4806 1377 4853 torrente
1402 4796 1668 4868 voluptatis
1695 4802 1795 4849 tua:
1821 4796 2008 4866 potabis
2051 4808 2152 4851 eos.

581 4898 828 4965 Quoniam
863 4894 1000 4964 apud
1032 4888 1076 4945 te
1102 4901 1173 4946 est
1200 4893 1311 4961 fons
1338 4888 1465 4953 ritur,
1499 4897 1541 4941 et
1568 4888 1833 4941 in'lumin'e
1860 4898 1944 4941 tuo
1970 4886 2155 4941 υἱώ-ὁὶ-

581 5008 691 5044 mus
720 4993 885 5043 lumen
912 4985 1087 5058 (Psal.
1117 5000 1280 5043 xxxv,
1322 4966 1486 5052 740):
1533 4978 1792 5049 poSterius
1836 4979 1984 5043 dixit,
2032 4972 2157 5036 Fihi

577 5092 741 5135 autem
772 5078 1050 5143 hominum,
1082 5086 1328 5147 tanquam
1373 5073 1700 5141 distingdeus
1745 5072 1811 5124 ali
1858 5070 2157 5125 hominibus

580 5176 718 5230 ﬁlius
746 5170 1040 5225 hominum.
1089 5169 1155 5243 In
1191 5168 1274 5220 illa
1322 5168 1515 5239 quippe
1556 5162 1803 5243 l‘t-lirilate
1833 5164 1945 5233 ejus
1974 5164 2157 5219 salutis

578 5285 697 5339 qua!
725 5264 1021 5320 communis
1049 5272 1126 5315 est
1149 5258 1450 5315 hominibus
1478 5270 1526 5313 et
1549 5256 1823 5325 jumeutis,
1852 5270 1916 5312 eo
1945 5250 2157 5313 nomine

578 5338 701 5416 illos
740 5354 1005 5427 appellare
1035 5351 1218 5415 \‘ttitlil,
1248 5358 1351 5421 quo
1381 5351 1870 5405 demonstrarentur
1913 5347 1977 5402 ad
2011 5338 2155 5403 illum

583 5452 808 5526 primum
855 5447 1140 5515 hominem
1177 5444 1457 5508 pertinere,
1502 5458 1605 5513 quo
1649 5450 1880 5497 vetustas
1918 5444 2077 5511 rmpit
2107 5451 2160 5495 et

584 5560 748 5609 mors,
774 5542 862 5614 qui
893 5541 968 5594 sic
998 5538 1095 5593 fuit
1133 5534 1312 5599 homo,
1344 5550 1395 5588 ut
1434 5550 1540 5588 non
1570 5544 1711 5589 esset
1741 5533 1878 5589 [ilius
1907 5532 2155 5589 hominis.

585 5635 703 5691 Istis
731 5645 903 5688 autem
934 5629 1328 5702 poSIet-iorihus,
1375 5626 1465 5697 qui
1494 5638 1708 5695 Spe-rant
1750 5627 1906 5681 aliam
1938 5627 2159 5682 felicita-

585 5740 712 5796 tem,
740 5739 794 5783 et
823 5728 979 5782 fontis
1005 5728 1125 5780 vitae
1162 5721 1479 5778 iueli‘abiietn
1509 5718 1852 5792 voluptatem,
1881 5731 1937 5777 ct
1958 5720 2157 5793 sempi-

702 5846 782 5890 IIS.
808 5840 964 5895 Cori»,
990 5841 1361 5887 sacrammtum.

1797 344 1857 407 8.
1898 340 2266 406 AUGUSTINI
2300 338 2603 405 EPISCOPI

2285 466 2420 521 terni
2461 466 2676 525 luminis
2714 464 2895 527 lumen
2922 513 2939 539 ,
2982 469 3085 528 hoc
3124 486 3317 532 nomen
3352 474 3605 549 inipt'iiuit,
3641 501 3732 551 quo
3764 506 3810 548 se

2282 552 2593 615 familiarius
2632 562 2885 634 appellari
2926 564 3089 617 voluit
3134 567 3383 634 lloiniuus
3415 587 3587 628 eorum
3623 579 3667 630 in
3701 597 3806 650 quos

2283 651 2401 703 talis
2430 653 2593 720 gratia
2629 656 2853 709 revelata
2882 666 2979 717 est,
3013 672 3211 728 eosque
3234 658 3368 715 lilios
3388 658 3641 723 hominum
3663 682 3803 739 potius

2279 750 2435 812 Quam
2464 744 2704 801 homines
2733 738 3029 817 appellavit.

2284 910 2288 922 Ε
2348 834 2437 888 25.
2466 835 2579 891 Non
2611 848 2783 891 autem
2821 844 3094 898 existimes
3134 846 3280 913 quasi
3312 840 3581 904 locutionis
3610 857 3802 922 regulam

2280 920 2365 999 ng.
2398 943 2644 999 perpetua
2677 932 2791 1003 lege
2837 937 3169 999 servandam,
3204 946 3258 993 ut
3303 941 3609 1015 ubicumque
3649 920 3803 1017 iege-ris

2277 1016 2521 1083 homines.
2550 1024 2639 1078 aut
2676 1024 2810 1095 filios
2840 1028 3118 1098 hominum,
3145 1035 3433 1090 secundum
3480 1030 3610 1100 haud
3650 1016 3805 1100 distia-

2276 1114 2508 1211 etiouetﬁ
2553 1134 2763 1189 semper
2804 1120 3065 1195 intelligas
3105 1142 3117 1177 :
3152 1128 3243 1180 Sed
3274 1140 3329 1181 ιιι
3375 1144 3432 1183 se
3484 1118 3695 1193 habuerit
3720 1141 3802 1192 rir-

2275 1207 2586 1293 cittnslanlia
2619 1208 2882 1293 IeetioniS,
2910 1216 3048 1270 unde
3069 1231 3274 1278 sensus,
3309 1219 3351 1273 si
3386 1218 3541 1289 patet,
3575 1227 3797 1293 lttllll'dlll';

2239 1309 2244 1315 '
2275 1290 2317 1351 si
2351 1282 2495 1365 latet,
2520 1303 2739 1357 eruitur.
2771 1290 2919 1359 Sicut
2944 1304 2993 1359 in
3023 1305 3120 1366 ho't:
3149 1306 3268 1363 loco
3294 1282 3479 1383 psalmi
3504 1282 3796 1384 liiijus.‘iueui

2276 1392 2377 1442 non
2411 1390 2621 1447 tno\eat
2650 1390 3003 1451 ilisliueliOuis
3050 1396 3307 1453 intentio?
3336 1418 3455 1455 cum
3496 1398 3578 1461 ille
3618 1403 3692 1476 ilnl
3734 1411 3797 1464 di-

2273 1488 2441 1563 ιρι-λι,
2471 1478 2535 1538 In
2563 1493 2609 1539 te
2635 1488 2957 1557 speraverant
2986 1502 3152 1561 patres
3181 1495 3358 1559 nostri,
3384 1504 3428 1548 et
3455 1494 3614 1551 eruisti
3631 1516 3717 1554 eos.
3743 1502 3805 1556 Ad

2273 1584 2319 1628 te
2336 1577 2692 1635 clamauerunt.
2726 1590 2772 1635 et
2799 1582 2927 1636 salvi
2951 1585 3071 1654 farti
3098 1597 3244 1649 sunt;
3267 1587 3318 1641 in
3348 1599 3393 1641 te
3419 1602 3733 1659 speraverant.
3762 1605 3797 1648 et

2271 1666 2371 1721 non
2398 1672 2739 1743 suutconfusi,
2769 1674 3057 1744 subjungit,
3092 1670 3200 1747 Ego
3230 1690 3397 1732 autem
3433 1696 3449 1735 :
3478 1699 3573 1735 non
3598 1685 3719 1738 enim
3744 1687 3800 1740 ait

2270 1760 2367 1822 sic,
2397 1761 2455 1815 Et
2479 1764 2743 1845 egotsed,
2782 1764 2891 1838 Ego
2920 1778 3106 1821 autent.
3138 1768 3183 1838 Q
3207 1768 3275 1824 iid
3306 1788 3435 1839 ergo
3460 1771 3554 1825 iste
3578 1776 3722 1845 quise
3747 1777 3801 1833 ila

2269 1848 2580 1923 distinguit?
2608 1844 2717 1927 Ego
2743 1866 2907 1911 autent
2938 1876 3048 1912 sum
3075 1877 3273 1927 vernus,
3300 1860 3485 1931 inquit,
3503 1875 3542 1917 et
3560 1844 3802 1932 nonhome;

2270 1954 2516 2014 tanquam
2566 1948 2666 2000 illis
2711 1964 2846 2018 quos
2896 1951 3177 2015 exaudisli,
3210 1962 3264 2007 et
3294 1955 3501 2020 eruisti,
3550 1970 3655 2010 eam
3682 1973 3800 2012 eaut-

2269 2035 2546 2090 meodares
2580 2032 2879 2094 felicitatem
2909 2042 3024 2110 quia:
3054 2043 3119 2097 ad
3156 2040 3320 2100 Vetus
3363 2048 3620 2115 pertinens
3645 2047 3799 2104 Testa-

2268 2132 2524 2189 mentum,
2554 2127 2755 2184 itolltitti
2787 2134 2949 2187 reteri
2981 2135 3257 2190 tribuenda
3291 2146 3453 2205 esset,
3482 2136 3567 2209 qui
3589 2142 3728 2207 currit
3750 2141 3801 2196 alt

2267 2219 2455 2286 Adam,
2486 2218 2594 2293 Ego
2616 2228 2777 2275 alttcm
2806 2240 2915 2277 sum
2940 2227 3152 2289 vermis;
3182 2228 3283 2282 hoc
3314 2241 3394 2283 est
3428 2229 3561 2285 illius
3583 2233 3796 2297 hominis,

2267 2325 2371 2365 non
2413 2311 2594 2380 homo,
2641 2313 2777 2368 sicut
2832 2315 2919 2370 ille
2967 2316 3128 2371 homo
3166 2319 3256 2390 qui
3312 2330 3417 2376 non
3455 2318 3544 2377 fuit
3577 2322 3698 2378 tilias
3721 2326 3797 2379 ho-

2266 2402 2444 2458 minis.

2336 2490 2561 2549 CAPUT
2585 2495 2748 2550 IX.—
2765 2492 2848 2553 24.
2873 2502 2945 2553 Ac
2967 2515 3059 2569 per
3082 2500 3181 2556 hoc
3204 2502 3250 2555 et
3288 2505 3431 2574 quod
3454 2502 3687 2576 Seqtlittu.
3714 2505 3795 2578 0pc

2267 2584 2521 2664 probrinm
2547 2588 2824 2653 hominum,
2873 2601 2918 2644 et
2961 2592 3171 2661 objectio
3199 2592 3378 2664 plebis.
3412 2588 3587 2650 Games
3609 2597 3686 2663 qui
3706 2614 3796 2651 ron-

2265 2678 2535 2747 spicieb'ant
2564 2697 2659 2745 nte,
2688 2682 3058 2738 subsannabm‘tt
3086 2703 3181 2752 me,
3210 2684 3256 2740 et
3289 2684 3439 2742 Ioruti
3464 2700 3573 2743 sunt
3602 2689 3740 2748 labiis.
3761 2700 3798 2744 et

2265 2772 2522 2823 iuoveruttt
2547 2782 2716 2841 caput.
2750 2771 2981 2843 Speravit
3009 2775 3057 2828 in
3102 2775 3280 2838 Deam,
3314 2775 3453 2831 eruat
3491 2796 3616 2845 eum,
3644 2780 3798 2834 salvum

2264 2862 2418 2936 faciat
2444 2879 2574 2927 cum,
2610 2864 2846 2931 quoniam
2878 2868 2979 2919 vult
3024 2882 3157 2922 eum.
3207 2866 3322 2925 Hoc
3354 2872 3407 2925 in
3459 2874 3616 2936 labiis,
3646 2887 3732 2927 non
3758 2874 3794 2927 in

2263 2954 2423 3009 corde
2450 2948 2717 3021 dixeruut,
2751 2958 3053 3015 iusttltaudo
3093 2961 3230 3031 quod
3266 2981 3373 3018 non
3403 2966 3564 3026 lieret,
3596 2978 3687 3020 non
3709 2981 3797 3020 cre-

2262 3047 2437 3103 dendo
2464 3036 2602 3119 quod
2638 3049 2868 3104 futurum
2898 3058 3059 3107 esset.
3092 3053 3317 3110 Factum
3340 3067 3423 3111 est
3443 3070 3607 3111 autem
3632 3068 3677 3111 et
3700 3057 3792 3125 hoc,

2263 3142 2355 3193 sed
2383 3141 2519 3195 sicut
2547 3143 2655 3197 llcri
2678 3144 2958 3212 Oportebat
2985 3148 3033 3199 in
3062 3142 3172 3201 ﬁlio
3201 3148 3453 3215 hominis,
3506 3150 3553 3203 in
3583 3165 3676 3218 quo
3702 3161 3795 3217 spes

2262 3242 2475 3288 :rterua:
2504 3238 2621 3289 vita:
2653 3232 2821 3291 fuerat
2869 3239 3153 3293 r0\‘ei.lltti3
3202 3241 3266 3295 ad
3321 3240 3521 3295 Novum
3571 3240 3794 3310 pertinens

2262 3322 2681 3393 Testamentum,
2725 3346 2826 3383 non
2869 3331 3004 3384 sicut
3052 3330 3126 3385 illi
3171 3334 3577 3403 exspectabant;
3620 3344 3666 3387 et
3701 3332 3793 3401 quia

2264 3416 2373 3471 lieri
2422 3436 2523 3501 non
2573 3416 2850 3481 ridebant,
2903 3432 3148 3491 tanquam
3206 3436 3456 3493 superan
3502 3424 3792 3487 ittsullabant,

2266 3512 2587 3581 pertinentes
2627 3512 2691 3566 ad
2733 3514 3127 3569 ‘l‘estatIICutum
3176 3517 3339 3571 Vetus
3386 3527 3438 3572 et
3484 3516 3722 3572 hominem
3755 3516 3792 3569 in

2262 3618 2366 3671 quo
2394 3618 2579 3659 onlnes
2612 3606 2926 3666 moriuntur.
2963 3618 3064 3660 nun
3098 3608 3161 3661 ad
3193 3606 3358 3662 lilium
3392 3609 3611 3663 hominis
3644 3606 3689 3662 in
3713 3621 3793 3675 quo

2262 3710 2446 3748 omnes
2466 3695 2888 3749 viril‘leahuuttua
2909 3697 3129 3751 Mortem
3148 3698 3345 3769 quippe
3367 3700 3534 3754 intulit
3562 3699 3701 3753 homo
3716 3695 3791 3751 sibi

2264 3788 2475 3856 ﬁlioque
2505 3786 2734 3841 heminis
2767 3806 2780 3840 :
2813 3790 2971 3842 vitam
2997 3806 3123 3843 vero
3158 3794 3336 3847 attulit
3379 3790 3572 3847 hmniui
3602 3790 3790 3845 tuoriens

2263 3888 2315 3933 et
2359 3892 2638 3949 rte-surgens
2677 3877 2843 3933 Filius
2884 3878 3145 3945 hominis,
3182 3883 3523 3951 opprobrium
3564 3879 3788 3935 hominum

2262 3980 2314 4025 et
2336 3969 2560 4041 abjeetio
2589 3971 2756 4039 pl-bis
2777 3986 2943 4040 usque
2967 3976 3031 4025 ad
3061 3982 3307 4027 mortem.
3340 3960 3450 4027 Hoc
3472 3974 3604 4028 enim
3626 3970 3790 4024 “voluit

2262 4063 2369 4133 pali
2416 4064 2465 4117 in
2494 4068 2776 4131 conspectu
2807 4062 3160 4125 inimicorum,
3186 4077 3293 4133 quo
3321 4074 3442 4119 eum
3474 4072 3699 4133 umquam
3723 4060 3790 4113 tle-

2262 4156 2503 4210 relictum
2557 4160 2829 4223 putarent,
2879 4160 2933 4209 ut
2979 4155 3144 4224 gratia
3189 4157 3643 4211 rammettdaretitr
3684 4148 3786 4208 Nnvl

2261 4247 2609 4309 Testamenti,
2652 4263 2751 4316 qua
2779 4247 3104 4301 disceremus
3134 4245 3291 4301 aliam
3336 4252 3573 4319 (ωερε-ξω
3613 4246 3789 4301 fclicita-

2264 4348 2391 4403 tem,
2425 4353 2541 4408 qua!
2567 4353 2709 4393 nunc
2733 4344 2814 4391 est
2837 4338 2887 4391 in
2918 4339 3038 4403 line,
3076 4348 3254 4406 postea
3288 4352 3417 4393 vero
3441 4340 3538 4393 erit
3560 4334 3782 4405 inspici-ie.

2264 4430 2515 4495 Quamdiu
2542 4431 2670 4483 enim
2698 4446 2871 4483 smnus
2894 4431 2944 4483 in
2975 4442 3203 4499 corpore,
3246 4431 3321 4485 ait
3357 4430 3646 4500 Apostolus,
3681 4438 3789 4495 pere-

2261 4524 2521 4596 grinantur
2553 4540 2585 4575 a
2622 4522 2871 4587 Domino;
2901 4532 2990 4593 per
3019 4522 3172 4591 fiderit
3209 4524 3343 4577 enim
3368 4518 3685 4583 «subditum,
3710 4528 3786 4568 non

2264 4626 2350 4685 per
2375 4616 2587 4684 speciem
2613 4613 2688 4684 (ll
2718 4613 2835 4669 Car.
2866 4629 2916 4680 ν,
2942 4613 2997 4679 6,-
3028 4614 3103 4684 7)
3138 4629 3152 4665 t
3185 4623 3241 4669 et
3270 4616 3397 4670 ideo
3436 4628 3570 4668 nunc
3600 4610 3649 4664 in
3681 4620 3782 4678 spe.

2263 4719 2388 4761 tunc
2413 4709 2461 4761 in
2491 4723 2565 4761 re.

2330 4798 2419 4852 25.
2455 4798 2690 4868 Denique
2721 4799 3161 4852 resurrectionem
3190 4810 3365 4862 suam;
3392 4793 3542 4867 «liam
3566 4802 3658 4847 non
3675 4788 3783 4845 sicut

2260 4903 2495 4947 nostram
2527 4893 2577 4945 in
2604 4892 2815 4961 longum
2851 4890 3051 4944 diﬂ’crri
3098 4892 3398 4958 Oportebat;
3430 4898 3483 4942 ut
3512 4890 3559 4940 in
3583 4879 3783 4949 cxcrupto

2259 4988 2434 5043 Curitis
2460 4986 2572 5055 ejus
2598 4985 2924 5040 disceremus
2949 4985 3072 5053 quid
3101 4985 3153 5037 in
3172 4995 3348 5037 nostra
3371 4996 3578 5052 sperare
3597 4978 3782 5032 debere-

2262 5094 2399 5144 mus,
2448 5079 2613 5132 noluit
2659 5077 2847 5132 alienis
2889 5076 3276 5141 demonstrare,
3309 5076 3400 5130 sed
3438 5075 3590 5127 suis:
3632 5063 3782 5121 alienis

2260 5175 2397 5238 ilico,
2433 5172 2535 5226 non
2567 5170 2771 5235 "tritura,
2803 5168 2896 5224 sed
2924 5170 3068 5235 vitio,
3114 5168 3271 5238 quod
3293 5180 3499 5236 semper
3536 5174 3609 5219 est
3633 5164 3778 5215 contra

2263 5276 2522 5321 naturam.
2572 5265 2811 5321 Mortuus
2840 5273 2919 5319 est
2948 5274 3076 5333 ergo
3106 5264 3155 5317 in
3196 5272 3480 5331 conspectu
3530 5247 3776 5315 holitittttm,

2261 5361 2551 5415 resurrexit
2592 5372 2765 5412 autem
2818 5358 2868 5410 in
2920 5364 3204 5425 conspectu
3251 5355 3472 5408 ﬁliorum
3520 5347 3776 5425 hominum;

2262 5456 2383 5524 quia
2429 5468 2571 5506 mors
2620 5450 2685 5504 ad
2739 5448 3005 5504 hominem
3057 5447 3370 5515 pertinebat,
3414 5435 3704 5497 resurrecuo
3726 5422 3775 5481 ad

2264 5546 2425 5600 lilium
2459 5543 2688 5598 hominis
2718 5558 2731 5594 ε
2763 5542 2900 5595 simul
2924 5540 3064 5593 enim
3096 5540 3149 5591 in
3184 5538 3348 5592 Adam
3372 5548 3553 5590 omnes
3579 5525 3775 5581 morione

2264 5648 2371 5705 tur,
2399 5640 2474 5693 sic
2500 5630 2554 5693 et
2586 5636 2635 5691 in
2666 5632 2877 5689 Christo
2902 5644 3087 5687 omnes
3117 5630 3528 5684 viviﬁcabuntur.
3568 5620 3628 5677 Ut
3654 5614 3778 5686 igitur

2329 5774 2346 5808 ¹
2381 5770 2514 5834 Elida
2541 5761 3234 5834 L‘squeadmortemenimhoc.
3258 5768 3359 5812 Mss.
3378 5748 3583 5820 usquead
3601 5740 3777 5801 morm

2275 5832 2529 5895 nuntius,
2558 5832 2650 5883 θῶ.
3222 5844 3225 5847 ι
