3990 6386
601 326 698 385 Gai
1833 290 1892 347 S.
1932 277 2237 343 AUGUSTI

2346 229 2638 334 EPISCOPI
3728 273 3809 332 ιω

602 444 673 503 tia
702 445 858 499 sunt;
880 446 1001 505 qua:
1026 435 1206 485 autem
1234 436 1339 480 non
1370 417 1633 479 videntur,
1662 401 1950 475 aeterna(ll
1979 399 2097 457 Cor.
2121 413 2197 463 tv,

696 494 737 605 it
767 494 915 599 Quos
951 527 1004 581 in
1038 537 1102 579 se
1134 517 1355 575 vocibus
1395 511 1500 567 illis
1541 502 1921 574 transﬁgurare
1955 494 2202 564 dignatus

605 582 737 683 est?
750 582 883 677 ιιέέῇ
912 623 1169 689 quantum
1200 608 1268 664 ad
1295 608 1468 677 ipsum
1495 598 1720 663 attinet,
1750 586 2021 665 quomodo
2045 582 2206 641 vellet

606 721 825 777 liberart
866 678 946 768 ab'
972 709 1063 766 illa
1090 705 1223 761 bora
1244 742 1259 767 ,
1290 698 1381 770 qui
1404 702 1693 768 pr0pterea
1726 692 1949 744 venerat
1974 681 2027 737 in
2059 678 2205 734 illam

607 775 796 870 horam
810 806 992 880 (Joan.
1018 816 1094 857 xu
1111 840 1124 864 ,
1154 794 1273 867 27.)
1304 792 1328 846 ?
1354 802 1446 847 aut
1464 782 1734 860 quomodo
1757 781 1837 837 sic
1856 775 2203 849 loquebatur,

608 865 929 979 quasiquod
971 893 1142 950 nollet
1184 865 1566 947 ei‘accideret,
1596 891 1718 933 cum
1756 877 2075 945 potestatem
2112 865 2208 919 ha-

608 960 785 1056 buerit
801 960 1035 1066 ponendi
1056 984 1288 1041 animam
1307 991 1482 1043 suam,
1508 982 1565 1030 et
1584 972 1777 1027 iterum
1795 960 2040 1022 sumendi
2065 973 2207 1024 eam,

611 1053 713 1151 nec
762 1053 881 1146 eam
930 1083 1212 1156 quisquam
1253 1073 1468 1131 tolleret
1513 1066 1581 1123 ab
1629 1064 1745 1131 illo,
1789 1058 1886 1117 sed
1936 1071 2053 1112 eam
2098 1053 2212 1124 ipse

610 1189 835 1260 poneret
853 1186 905 1234 et
919 1143 1235 1235 resumeret,
1259 1166 1398 1221 sicut
1423 1162 1477 1218 in
1513 1153 1803 1227 Evangelio
1852 1148 1981 1205 dicit
2010 1143 2123 1217 (Id.
2153 1158 2210 1209 x,

612 1243 744 1343 ᾖεν
782 1268 890 1329 Sed
921 1262 1105 1340 procul
1128 1258 1292 1317 dubio
1320 1269 1423 1312 nos
1443 1253 1496 1309 in
1516 1251 1621 1307 illis
1649 1244 1870 1303 vocibus
1895 1252 2129 1304 eramus,
2160 1243 2249 1303 et,

617 1327 779 1439 caput
800 1327 903 1435 pro
923 1327 1040 1415 ἐιιο
1067 1364 1295 1424 corpore
1320 1344 1639 1417 loquebatur
1656 1380 1673 1406 ,
1710 1351 1817 1393 non
1843 1333 2107 1403 disiuncta
2143 1327 2216 1383 si-

622 1418 825 1439 "r“'v
1166 1418 1182 1424 -

613 1455 955 1534 gnificatione
981 1448 1160 1512 vocis,
1192 1443 1283 1500 ubi
1316 1436 1582 1497 connexio
1619 1447 1725 1488 non
1747 1424 2072 1498 disiungitur
2100 1418 2217 1476 uni-

615 1561 914 1697 mtgAPUT
940 1631 1059 1689 Xll.
1081 1657 1154 1670 —
1172 1625 1267 1682 50.
1294 1621 1537 1690 Denique
1562 1616 1615 1670 in
1636 1612 1851 1668 Psalmo
1878 1604 2140 1677 sequitur,
2166 1609 2222 1656 et

617 1745 779 1791 orans
793 1728 1011 1784 adverte
1024 1719 1150 1793 quid
1167 1718 1312 1774 dicat
1329 1732 1343 1769 :
1364 1708 1637 1779 Quoniam,
1658 1701 1850 1774 inquit,
1867 1693 2128 1753 extruxisti
2144 1707 2223 1746 me

619 1828 683 1883 de
696 1833 885 1889 uentre,
899 1834 1011 1890 spes
1028 1788 1140 1870 mea
1159 1810 1222 1865 ab
1244 1804 1476 1864 uberibus
1496 1799 1673 1857 matris
1689 1809 1829 1849 mete.
1853 1789 1917 1845 In
1937 1799 1984 1844 te
1994 1788 2222 1861 jactatus

619 1935 733 1977 sum
756 1933 821 1972 ex
845 1888 1019 1976 utero;
1045 1908 1110 1962 ἀι
1133 1913 1299 1961 ventre
1325 1897 1499 1953 matris
1531 1906 1658 1948 mete
1684 1888 1824 1943 Deus
1864 1900 2007 1938 meus
2041 1897 2093 1935 es
2127 1890 2181 1933 tu
2205 1892 2225 1933 :

811 2020 925 2067 xxt,
940 1970 1028 2065 Nl.
1047 2001 1069 2055 1
1083 1998 1138 2068 1)
1152 2005 1405 2064 tanquam
1425 1986 1648 2050 diceret,
1665 1981 1742 2036 De
1756 1977 1858 2032 alia
1871 1990 1950 2037 re.
1966 1984 2021 2028 et
2039 1971 2106 2027 ab
2122 1970 2225 2026 alia

622 2068 779 2159 aliain
802 2112 914 2154 rem
939 2108 1027 2150 me
1053 2085 1331 2158 traiecisti,
1360 2093 1419 2136 ιιι
1440 2088 1498 2133 ιιι
1522 2078 1595 2132 sis
1620 2070 1751 2129 tnilti
1775 2068 1975 2125 bonum
2000 2079 2096 2134 pro
2120 2071 2226 2119 ter-

624 2196 771 2254 renis
795 2190 950 2248 bonis
980 2179 1319 2243 mortalitatis
1348 2174 1527 2244 huius,
1554 2182 1713 2240 quam
1742 2164 1796 2220 in
1828 2160 2016 2217 matris
2042 2166 2227 2213 ventre

627 2288 847 2345 sortitus
867 2297 1008 2348 sum,
1030 2276 1185 2346 cuius
1208 2271 1373 2327 ubera
1392 2265 1533 2322 suxi.
1553 2262 1681 2317 Htec
1698 2257 1843 2313 enim
1864 2260 2100 2309 vetustas
2124 2256 2226 2309 est,

627 2382 698 2438 de
724 2393 828 2451 qua
856 2388 943 2430 me
975 2382 1031 2427 tu
1073 2361 1383 2427 extruxisti;
1430 2367 1485 2413 et
1531 2354 1619 2410 illa
1661 2347 1893 2407 carnalis
1933 2339 2231 2399 nativitatis

629 2431 771 2528 bona
795 2474 941 2528 sunt,
969 2480 999 2516 a
1029 2459 1223 2531 quibus
1249 2464 1304 2510 tu
1331 2465 1459 2523 spes
1486 2462 1605 2503 mea
1631 2460 1692 2500 es
1721 2460 1734 2496 :
1765 2438 1887 2495 inde
1912 2435 2055 2493 enim
2084 2431 2151 2488 ad
2181 2441 2232 2485 te

630 2572 924 2619 conversus
952 2568 1094 2609 sum.
1125 2549 1191 2605 Et
1212 2562 1277 2603 ea:
1297 2554 1461 2605 utero,
1494 2539 1547 2595 id
1571 2546 1674 2600 est,
1699 2533 1792 2605 qui
1811 2547 1879 2587 ex
1901 2529 1984 2585 his
2004 2527 2058 2582 in
2080 2535 2233 2580 utero

633 2651 914 2716 inchoavi,
942 2648 999 2701 in
1031 2654 1079 2699 te
1102 2645 1327 2716 jactatus
1352 2648 1500 2695 sum;
1534 2631 1599 2686 ad
1632 2638 1684 2684 te
1712 2625 1918 2682 scilicet
1947 2619 2230 2677 transiens.

634 2759 803 2806 totum
843 2758 932 2800 me
959 2740 1053 2796 tibi
1080 2734 1444 2793 committens.
1485 2726 1715 2794 Ideoque
1750 2720 1815 2775 de
1852 2724 2022 2771 ventre
2061 2709 2236 2765 matris

634 2856 760 2900 mea:
783 2881 797 2908 ,
830 2836 883 2894 id
908 2845 993 2893 est
1017 2832 1088 2888 de
1127 2827 1282 2886 bonis
1321 2821 1500 2879 carnis
1530 2831 1688 2889 quam
1724 2808 1928 2881 sumpsi
1959 2808 2013 2862 in
2052 2810 2239 2860 ventre

637 2934 827 2995 matris
851 2945 985 2987 mete
1003 2969 1021 2997 ,
1050 2924 1185 2980 Deus
1209 2935 1349 2976 meus
1375 2932 1427 2971 es
1455 2924 1531 2979 tu,
1558 2923 1617 2965 ιιι
1639 2908 1709 2964 de
1740 2906 1821 2960 his
1858 2913 1912 2958 tu
1940 2900 2014 2956 sis
2038 2898 2238 2953 bonum

638 3041 817 3087 meum
838 3041 852 3078 :
875 3037 938 3079 ea
968 3017 1237 3076 locutione
1260 3010 1463 3067 dictum
1487 3012 1590 3068 est,
1616 3015 1679 3056 ac
1704 2998 1749 3053 si
1777 2997 2065 3053 diceretur,
2092 2984 2237 3043 verbi

638 3120 831 3195 gratia,
861 3118 936 3171 De
964 3124 1106 3168 terra
1130 3107 1325 3165 caelum
1354 3100 1555 3164 habito,
1584 3095 1688 3150 hoc
1713 3097 1818 3155 est,
1850 3086 1975 3141 hinc
2003 3081 2094 3138 illo
2117 3080 2244 3135 emi-

640 3170 831 3285 ;ravi;
851 3214 905 3263 et
933 3206 1033 3260 ista
1080 3207 1263 3255 nostra
1307 3194 1360 3248 in
1401 3192 1550 3246 illum
1578 3176 1974 3252 transfiguratio
2005 3184 2125 3238 est,
2152 3170 2241 3241 qui

644 3319 743 3379 per
761 3300 987 3374 gratiam
1014 3287 1344 3349 Testamenti
1372 3281 1507 3339 Novi
1542 3285 1811 3333 mutamus
1842 3270 1999 3323 vitam
2018 3307 2031 3329 ,
2064 3276 2243 3318 trans-

644 3404 837 3454 euntes
864 3390 932 3447 de
952 3396 1132 3443 vetere
1159 3379 1229 3437 ad
1258 3391 1471 3433 novam.
1504 3370 1636 3427 Nam
1658 3366 1745 3421 ille
1776 3364 1912 3418 hanc
1942 3376 2052 3415 rem
2074 3369 2246 3409 sacra-

645 3498 830 3548 mento
873 3498 985 3540 sua:
1031 3472 1294 3549 passionis
1344 3458 1859 3527 resurrectionisque
1902 3447 2242 3521 signiﬁcans,

646 3594 865 3640 carnem
891 3538 1116 3632 mnta-vit
1141 3564 1210 3623 de
1229 3559 1550 3619 mortalitate
1574 3552 1638 3607 ad
1656 3543 2107 3605 immortalitatem
2133 3538 2245 3593 :vi-

653 4089 753 4111 νυ,
778 4089 982 4095 ---ηπ

652 4141 811 4205 caput
836 4137 1075 4186 nostrum
1100 4118 1373 4193 pertinere
1406 4107 1688 4171 sentirent,
1724 4098 1977 4172 quoniam
2013 4092 2172 4148 Pater
2194 4089 2249 4142 in

1710 4192 1724 4205 .
2008 4187 2055 4205 ._
2083 4184 2249 4205 ,nm

656 4184 866 4205 ~wr—--i
1103 4184 1123 4193 -

656 4236 859 4282 tantum
889 4227 974 4275 est
998 4218 1139 4271 Deus
1165 4210 1304 4281 eius,
1334 4206 1389 4260 in
1414 4208 1675 4274 quantum
1710 4192 1873 4248 homo
1898 4197 1982 4245 est
2008 4184 2253 4241 informa

962 4272 1017 4363 in
1034 4272 1294 4377 quantum
1311 4297 1385 4352 illi
1415 4272 1633 4363 aequalis
1656 4289 1709 4342 in
1732 4283 1901 4339 forma
1926 4279 2019 4334 Dei
2043 4286 2126 4332 est
2141 4272 2252 4346 (a);

660 4405 782 4462 ideo
808 4402 885 4458 De
907 4406 1077 4455 ventre
1098 4393 1275 4449 matris
1292 4402 1417 4442 mete
1439 4384 1574 4438 Deus
1601 4394 1743 4435 meus
1761 4391 1814 4430 es
1840 4385 1914 4439 tu,
1948 4386 2011 4425 ac
2039 4367 2086 4422 si
2113 4365 2257 4421 dice-

660 4507 781 4563 ret,
815 4494 893 4551 Ex
921 4506 988 4545 eo
1014 4485 1158 4558 quod
1183 4483 1344 4537 homo
1372 4476 1542 4532 factus
1568 4484 1687 4527 sum
1709 4509 1725 4532 ,
1754 4466 1893 4520 Dens
1919 4474 2070 4516 meus
2089 4472 2147 4512 es
2175 4464 2253 4508 tu.

659 4548 781 4649 Sed,
792 4583 918 4659 quid
946 4548 1063 4646 est;
1098 4574 1177 4631 Tu
1203 4566 1465 4628 extruxisti
1491 4580 1571 4619 me
1598 4561 1661 4616 de
1687 4565 1883 4620 ventre,
1915 4550 1963 4607 si
1992 4548 2059 4603 ad
2085 4548 2257 4618 ipsum

663 4637 956 4740 :l'es—udee
1000 4637 1219 4740 Virgine
1260 4667 1599 4734 procreatum
1643 4645 1904 4707 refertur?
1944 4638 2096 4713 quasi
2128 4637 2260 4692 alios

666 4777 808 4832 Deus
838 4785 947 4825 non
976 4759 1262 4823 exturbat,
1302 4755 1356 4809 in
1399 4749 1552 4819 cuius
1594 4737 1926 4817 providentia
1966 4742 2049 4790 est
2086 4728 2261 4785 omnis

668 4867 801 4920 ordo
832 4853 1089 4917 nascendi
1112 4869 1125 4906 :
1152 4865 1221 4906 an
1246 4820 1370 4902 inde
1392 4838 1695 4912 significare
1720 4831 1886 4889 voluit
1912 4834 2120 4899 partum
2144 4820 2262 4876 Vir-

666 4958 806 5029 ginis
830 4958 1038 5009 servata
1065 4938 1384 5015 virginitatis
1408 4931 1709 5003 integritate
1738 4920 1998 4984 mirabili,
2023 4930 2146 4972 cum
2165 4912 2260 4980 ait,

1638 5023 1649 5029 _
1941 5022 1952 5029 _
2159 5005 2260 5029 nm

672 5005 754 5105 in
784 5042 1044 5101 extruxisti
1085 5005 1177 5095 ηιξ
1208 5036 1271 5089 de
1304 5038 1472 5086 ventre
1498 5023 1675 5079 matris
1715 5030 1873 5080 utea;
1900 5022 1960 5067 ut
1985 5006 2129 5082 quod
2157 5005 2264 5061 illic

672 5139 985 5199 mirabiliter
1013 5137 1207 5188 factum
1237 5134 1350 5193 est,
1376 5136 1497 5179 cum
1531 5118 1672 5172 Deus
1703 5111 1893 5168 fecisse
1923 5105 2138 5169 dicitur,
2168 5114 2258 5153 ne-

673 5192 1135 5293 miniincredibile
1166 5215 1446 5287 videatur;
1470 5209 1610 5285 Quid
1635 5218 1763 5276 ergo
1784 5210 1867 5258 est
1884 5209 1938 5255 et
1958 5194 2108 5259 illud,
2134 5192 2267 5263 Spes

816 5323 881 5377 ab
897 5317 1131 5375 uberibus
1144 5312 1323 5368 matris
1340 5286 1504 5363 mete?
1524 5295 1806 5370 Quomodo
1824 5304 1880 5350 et
1894 5293 1995 5345 hoc
2010 5287 2074 5343 ad
2093 5286 2264 5357 ipsum

674 5425 835 5491 eaput
858 5406 1116 5469 Ecclesiae
1145 5401 1333 5459 referri
1365 5404 1557 5469 potest,
1582 5388 1737 5462 quasi
1772 5401 1896 5456 Spes
1925 5381 2040 5450 eius
2067 5392 2185 5448 qua:
2213 5372 2266 5428 in

678 5464 790 5567 De;
815 5514 919 5569 est,
949 5518 981 5556 ιι
1011 5495 1197 5555 matris
1226 5464 1477 5547 uberibus
1503 5486 1553 5540 ei
1580 5479 1822 5551 coeperit,
1857 5489 1962 5530 non
1988 5479 2041 5527 et
2069 5475 2193 5523 ante
2214 5464 2266 5519 in

677 5606 795 5675 ipso
819 5593 1005 5655 utero?
1024 5588 1209 5659 Neque
1232 5582 1376 5640 enim
1397 5594 1521 5651 spes
1544 5577 1647 5629 alia
1674 5565 2009 5639 intelligenda
2035 5572 2135 5627 est,
2165 5555 2269 5613 nisi

678 5650 790 5675 σιντ*
822 5650 924 5655 --ν
1122 5650 1137 5659 -
1430 5650 1439 5651 ,

678 5709 783 5767 qua
801 5692 1035 5746 futurum
1060 5691 1177 5739 erat
1212 5687 1271 5733 ut
1310 5674 1450 5730 Deus
1487 5685 1609 5723 eum
1653 5665 1908 5721 exaltaret
1939 5676 1967 5712 a
2009 5650 2266 5709 mortuis:

744 5804 819 5868 (α)
837 5801 1072 5857 Αιιιὶποιη
1090 5793 1176 5844 lib.
1200 5793 1222 5841 ί
1242 5790 1310 5840 de
1326 5788 1458 5845 ﬁde,
1475 5798 1521 5833 ο,
1540 5782 1589 5829 ϐ.

2312 402 2479 447 totum
2502 389 2605 444 hoc
2628 386 2843 458 quippe,
2870 379 3162 438 secundum
3184 377 3234 434 id
3257 376 3393 449 quod
3419 376 3565 435 homo
3585 374 3820 456 metusest,

2310 484 2527 541 dicitur.
2553 482 2634 536 An
2657 477 2794 534 forte
2820 476 2942 548 quia
2968 474 3131 530 ubera
3160 473 3464 527 feminarum
3484 466 3544 527 ab
3562 472 3661 543 ipso
3677 491 3821 533 conce-

2313 587 2406 652 ptu
2436 578 2492 633 in
2518 574 2814 631 ubertatem
2843 567 3146 643 promoveri
3172 563 3510 636 prohibentur
3528 607 3542 629 ,
3566 568 3634 621 sic
3655 567 3824 641 intelligi

2311 670 2499 736 voluit,
2530 666 2591 722 ab
2619 663 2889 728 uberibus;
2920 670 3170 731 tanquam
3197 656 3424 723 diceret,
3450 656 3521 711 Ex
3546 671 3640 728 quo
3661 673 3827 717 carnem

2315 761 2554 834 sumpsi,
2585 758 2671 815 cui
2710 754 2857 812 carni
2897 752 3071 809 fuerat
3098 748 3360 823 speranda
3403 750 3764 807 immortalitas:
3789 765 3830 809 ut

2317 872 2424 912 non
2462 862 2586 909 ante
2631 865 2754 925 spes
2794 849 2843 904 ei
2889 854 3067 913 esset,
3091 859 3213 899 cum
3244 843 3296 897 in
3335 841 3497 896 forma
3521 841 3604 897 Dei
3627 853 3769 911 esset,
3793 846 3831 901 in

2316 966 2418 1021 qua
2448 946 2577 1003 nihil
2605 946 2672 1016 jin
2704 942 2895 999 melius
2921 938 3233 997 mutandum
3272 946 3437 1003 esset;
3464 936 3553 991 sed
3578 937 3632 989 ab
3656 936 3833 994 uberibus

2318 1041 2515 1106 matris,
2537 1039 2587 1093 id
2609 1046 2688 1092 est
2710 1037 2777 1091 ab
2800 1037 2912 1107 ipsa
2935 1032 3272 1103 susceptiOne
3292 1028 3484 1093 carnis,
3508 1044 3613 1098 quin
3630 1030 3835 1101 concipie-

2318 1134 2477 1191 batur
2507 1133 2558 1187 in
2587 1146 2680 1202 spe
2698 1171 2715 1198 ,
2756 1128 2908 1200 cuius
2933 1126 3047 1197 spei
3078 1142 3163 1180 res
3188 1122 3361 1178 futura
3395 1130 3525 1189 erat,
3554 1135 3661 1177 cum
3685 1122 3739 1178 ad
3760 1122 3836 1178 im-

2321 1225 2702 1291 mortalitatem
2731 1219 2800 1276 de
2830 1229 3003 1275 morte
3033 1214 3318 1273 transiret?

2392 1320 2481 1375 ⁸52.
2506 1316 2610 1375 Sed
2633 1313 2773 1388 quod
2796 1313 2997 1369 dictum
3019 1320 3121 1377 est,
3145 1308 3211 1364 lu
3231 1319 3277 1363 te
3294 1310 3508 1379 iactatus
3526 1322 3625 1362 sum
3646 1325 3695 1363 ex
3714 1320 3839 1379 utero,

2322 1409 2592 1484 quomodo
2662 1406 2903 1479 coaptari
2949 1403 3111 1474 capiti
3174 1402 3376 1473 possit,
3425 1400 3774 1471 ignorozquasi
3802 1401 3843 1455 in

2324 1515 2478 1561 utero
2500 1517 2621 1557 cum
2656 1510 2834 1563 esset,
2861 1514 2965 1553 nou
2994 1497 3046 1551 in
3078 1495 3187 1550 Deo
3220 1491 3377 1548 fuerit
3401 1535 3414 1557 ,
3442 1492 3493 1547 in
3520 1506 3615 1563 quo
3641 1491 3843 1559 vivimus,

2325 1611 2634 1661 moventur,
2665 1602 2719 1649 et
2739 1604 2924 1647 sumus
2950 1589 3088 1659 (Act.
3118 1600 3248 1653 xvu,
3276 1584 3372 1655 28)
3393 1602 3408 1649 ;
3432 1591 3521 1638 ant
3544 1583 3665 1638 illius
3684 1582 3847 1639 infantis

2326 1687 2503 1743 anima
2548 1682 2857 1745 rationalis,
2906 1695 2969 1735 ex
3010 1693 3116 1750 quo
3156 1691 3284 1731 caro
3326 1674 3577 1747 processit
3610 1688 3668 1729 ex
3704 1684 3846 1741 utero,

2329 1782 2497 1838 Deum
2526 1792 2743 1848 sperare
2771 1774 3013 1847 emperit.
3042 1770 3151 1826 Nisi
3181 1768 3320 1825 forte
3344 1764 3650 1823 credendum
3669 1774 3753 1832 est,
3771 1766 3849 1836 iam

2329 1885 2456 1932 nato
2478 1874 2711 1929 animam
2739 1867 3053 1926 rationalem
3076 1864 3391 1928 accessisse,
3413 1877 3530 1933 quae~
3558 1860 3677 1916 inua
3701 1858 3850 1913 viscera

2330 1966 2518 2024 matris
2547 1966 2721 2021 adhuc
2749 1964 2798 2021 ei
2826 1959 3080 2017 defuisset
3109 1978 3122 2013 :
3150 1968 3203 2013 et
3231 1955 3485 2028 quoniam
3508 1953 3678 2010 eadem
3706 1952 3850 2017 animo,

2331 2077 2449 2132 quae
2478 2058 2626 2115 carni
2650 2057 2758 2128 iam
2791 2063 2930 2109 naue
2954 2050 3133 2107 addita
3173 2058 3289 2115 est,
3319 2049 3430 2103 Deo
3459 2042 3746 2105 inhaerebat.
3769 2042 3854 2096 ideo

2333 2151 2626 2208 secundum
2647 2147 2894 2205 eamdem
2917 2158 3131 2201 carnem
3158 2140 3362 2196 dictum
3386 2154 3504 2194 esse
3523 2133 3855 2193 existimandus

2334 2255 2446 2311 est,
2480 2242 2546 2297 In
2575 2254 2622 2296 te
2655 2243 2880 2315 jactatus
2922 2253 3035 2292 sum
3079 2251 3141 2290 ea:
3189 2243 3372 2298 utero;
3411 2241 3647 2302 tanquam
3681 2225 3858 2291 dicem,

2337 2342 2469 2396 Eam
2498 2338 2718 2395 sortitus
2743 2350 2861 2390 sum
2889 2335 3120 2387 animam
3148 2346 3216 2385 ex
3245 2336 3424 2391 utero,
3451 2341 3564 2396 qua:
3586 2323 3667 2378 tibi
3691 2320 3860 2377 coluere

2339 2443 2442 2490 ret.
2475 2432 2583 2487 Sed
2628 2428 2748 2500 quis
2775 2425 2970 2481 audeat
3011 2424 3064 2478 in
3108 2420 3246 2476 hanc
3290 2434 3353 2474 se
3383 2427 3579 2472 temere
3604 2411 3860 2484 prtecipitare

2339 2525 2657 2583 sententiam
2686 2565 2701 2589 ,
2732 2535 2854 2577 cum
2884 2518 3019 2574 ratio
3048 2518 3116 2571 de
3145 2512 3380 2570 adventu
3409 2511 3488 2565 vel
3518 2517 3694 2565 exortu
3724 2503 3862 2559 anima

2342 2619 2396 2674 in
2426 2625 2574 2671 tanto
2594 2622 2799 2669 natum
2826 2606 3088 2681 profundo
3116 2606 3191 2662 sic
3215 2606 3406 2669 lateat,
3446 2612 3501 2654 ιιι
3532 2598 3685 2654 satius
3707 2595 3763 2650 sit
3781 2607 3861 2648 eam

2342 2652 2396 2674 ι..
2426 2652 2799 2671 ...ηηηυ
2826 2652 3085 2681 ,,.υ........,
3116 2652 3191 2662 -.ν
3217 2652 3406 2669 ,νη-Ἴ
3537 2652 3551 2654 _

2342 2724 2559 2780 semper
2600 2718 2843 2778 quat-rere
2886 2698 3137 2773 quamdiu
3182 2699 3232 2751 in
3277 2696 3382 2750 hac
3421 2693 3526 2748 vita
3552 2699 3865 2757 sumus,qttaln

3831 2775 3840 2780 -
3962 2754 3965 2780 l

2342 2797 2630 2871 aliquando
2683 2795 2951 2852 invenisse
3012 2784 3400 2862 prtesumere?
3451 2784 3523 2840 Ex
3576 2781 3657 2837 illa
3698 2790 3798 2832 vero
3830 2775 3865 2827 in

2344 2893 2579 2963 scipsum
2626 2884 3095 2957 transfiguralione
3122 2891 3302 2935 nostra
3349 2871 3869 2949 quemadmodumpos-

2344 2994 2465 3043 scut
2486 2983 2601 3039 lucc
2627 2980 2795 3051 accipi
2819 3019 2832 3041 ,
2856 2977 3054 3032 dictum
3083 2985 3184 3030 cst.
3207 2972 3262 3027 Si
3282 2970 3414 3042 quid
3446 2978 3616 3023 autem
3640 2963 3728 3019 diri
3752 2958 3871 3033 potuit

2346 3074 2771 3139 convenientius,
2805 3069 2888 3125 vel
2918 3067 3172 3140 potuerit,
3207 3064 3409 3118 nullius
3438 3058 3797 3132 praeiudicantus
3814 3049 3873 3105 in-
3962 3049 3965 3091 ί

2346 3172 2526 3244 genio,
2550 3166 2808 3223 doctrina:
2838 3161 3035 3217 nullius
3064 3157 3387 3214 invidemus.

2419 3257 2649 3318 CAPUT
2664 3254 2969 3312 Xlll.-—-55.
2984 3250 3099 3307 Jant
3119 3247 3245 3304 illud
3258 3244 3406 3318 quod
3423 3243 3667 3314 sequitur.
3689 3234 3754 3291 Ne
3765 3235 3874 3287 ditu-

2351 3358 2445 3411 das
2465 3372 2495 3407 a
2516 3370 2613 3417 me,
2641 3349 2878 3421 quoniam
2903 3343 3160 3399 tribulatio
3184 3340 3423 3412 proxima
3449 3346 3539 3403 est,
3558 3324 3876 3390 vidctttilltlmi-

2353 3458 2446 3505 uet
2468 3414 2917 3516 quemadmodum
2943 3436 3142 3492 dictum
3168 3434 3269 3497 sit,
3306 3430 3483 3496 Quare
3517 3443 3590 3482 me
3623 3414 3875 3488 dereliquisti.

2353 3534 2633 3605 Quomodo
2661 3534 2802 3587 enim
2844 3526 3129 3598 dereliquit
3150 3568 3163 3590 ,
3193 3525 3276 3579 cui
3306 3524 3536 3587 dicitur,
3570 3517 3644 3572 Ne
3664 3511 3839 3570 discedat
3858 3523 3877 3557 α

2353 3646 2453 3695 me,
2475 3625 2574 3682 nisi
2591 3624 2713 3696 quia
2730 3618 3143 3692 dereliquitvitte
3160 3615 3360 3670 veteris
3376 3608 3705 3682 temporalem
3721 3601 3878 3659 felicia.

2357 3719 2505 3776 tem?
2534 3718 2767 3786 liogatur
2791 3724 2967 3768 autent
2999 3725 3063 3765 ne
3089 3706 3328 3763 discedat
3360 3714 3416 3761 et
3441 3704 3647 3759 deserat
3665 3710 3785 3768 spem
3800 3692 3879 3743 vim

2357 3827 2594 3871 internae.
2622 3809 2729 3866 Sed
2751 3807 2877 3879 quid
2900 3816 3002 3872 est,
3029 3802 3267 3875 quoniam
3299 3798 3566 3854 tribulatio
3593 3790 3789 3866 proxima
3808 3781 3881 3838 est?

2358 3905 2509 3979 quasi
2547 3904 2599 3959 ei
2624 3901 2801 3972 passio
2825 3896 2997 3953 adhuc
3032 3893 3373 3959 immineret,
3397 3906 3520 3946 cum
3557 3890 3604 3942 in
3639 3886 3733 3956 ipsa
3765 3875 3882 3933 ntedit

2361 3996 2609 4068 passione
2655 3994 2754 4047 ista
2796 3989 2974 4044 dicere
3010 3984 3334 4054 intelligatur
3358 4024 3375 4050 ,
3411 3997 3533 4052 qua:
3560 3979 3623 4034 de
3650 3966 3885 4031 illo‘inltoc

2359 4090 2566 4162 psalmo
2595 4084 2905 4156 prophetata
2928 4087 3070 4134 sunt.
3097 4076 3192 4130 Hic
3221 4074 3370 4128 enim
3401 4072 3641 4128 dicturus
3665 4074 3736 4122 est
3754 4063 3883 4121 etiam.

2360 4196 2481 4251 quae
2513 4180 2563 4232 in
2592 4174 2878 4245 Evatzgelio
2904 4168 3237 4241 apertissime
3264 4167 3469 4235 scripta
3501 4173 3642 4224 sunt,
3669 4156 3886 4213 Dirim’uul

2362 4273 2457 4329 sibi
2479 4272 2769 4326 vestimenta
2790 4283 2920 4330 mea,
2949 4273 2994 4317 et
3016 4278 3169 4333 super
3188 4269 3375 4313 vestem
3401 4274 3565 4312 meam
3593 4254 3795 4308 miserunt
3815 4259 3889 4297 ωτι

2363 4379 2460 4422 tem
2483 4364 2692 4434 (Matth.
2722 4374 2890 4421 xxvu,
2915 4356 3007 4425 55)
3030 4372 3043 4420 ;
3069 4352 3208 4424 quod
3230 4350 3432 4407 factum
3455 4357 3538 4404 est
3556 4362 3669 4404 cum
3694 4344 3779 4416 iam
3801 4350 3888 4408 pen.

2363 4456 2517 4513 deret
2545 4455 2595 4508 in
2633 4453 2798 4522 ligno.
2823 4447 2960 4516 Quid
3005 4456 3087 4500 est
3116 4458 3244 4514 ergo
3264 4484 3277 4507 ,
3311 4440 3574 4496 tribulatio
3600 4434 3796 4507 proxima
3814 4436 3886 4484 est,

2367 4550 2420 4603 in
2444 4563 2545 4618 qua
2575 4543 2749 4601 media
2780 4538 3126 4611 loquebatur?
3150 4536 3254 4593 Sed
3285 4534 3540 4589 nimirum
3577 4527 3693 4585 illud
3727 4523 3812 4577 vult
3838 4519 3889 4570 itr

2368 4638 2554 4708 telligi,
2576 4636 2698 4707 quia
2717 4650 2836 4688 cum
2855 4646 2982 4685 caro
3004 4631 3053 4683 in
3079 4626 3352 4682 doloribus
3373 4632 3533 4680 estet
3558 4622 3606 4675 in
3625 4614 3787 4690 pinnis,
3803 4623 3889 4681 ραι·
3976 4604 3977 4663 ξ

3752 4704 3761 4708 -
3835 4699 3842 4707 .
3976 4684 3977 4708 ι

2368 4734 2509 4787 fectu
2538 4730 2713 4784 anima
2747 4736 2870 4779 tunc
2915 4722 3077 4776 habet
3119 4732 3370 4788 magnum
3414 4726 3633 4783 agonem
3675 4699 3890 4778 patientia

2370 4825 2422 4881 itt
2454 4839 2558 4894 quo
2585 4836 2653 4875 ne
2678 4816 2912 4881 deficiat,
2938 4785 3289 4867 laborandum
3326 4816 3383 4863 et
3415 4802 3668 4861 orandum
3690 4806 3773 4853 est.
3796 4785 3893 4847 Nihil

2370 4926 2453 4972 est
2479 4925 2657 4970 autem
2689 4911 2879 4965 anima:
2916 4922 3013 4961 sua
3038 4919 3200 4960 carne
3224 4899 3574 4972 propinquius
3602 4915 3616 4950 :
3643 4890 3746 4948 ideo
3766 4876 3893 4941 mundi

2372 5009 2529 5077 huius
2549 5004 2773 5076 quilibet
2799 5013 3023 5072 magnus
3047 4995 3425 5068 perfectusque
3464 4992 3791 5054 contemptor,
3811 4983 3895 5027 cum

2374 5060 2500 5158 alibi
2529 5060 2743 5171 pittitur,
2769 5060 2917 5149 nihil
2929 5060 3146 5161 patiiur.
3179 5060 3363 5142 Potest
3387 5084 3534 5139 enim
3560 5076 3788 5135 adhibere
3808 5060 3897 5133 visi-

2376 5198 2481 5251 lent
2529 5192 2828 5255 rationem,
2878 5200 3000 5240 cum
3048 5181 3242 5237 amittit
3287 5178 3428 5233 bona
3478 5192 3597 5248 qua:
3640 5165 3898 5225 extrinsecus

2374 5294 2587 5353 sunt,et
2610 5284 2679 5338 ab
2703 5280 2882 5335 animo
2908 5274 3181 5348 sapientis,
3201 5271 3293 5343 qui
3320 5286 3386 5324 ex
3415 5267 3696 5339 cupiditate
3719 5269 3802 5313 non
3824 5248 3899 5304 δίε·

2375 5390 2478 5444 ret,
2509 5378 2624 5432 sine
2648 5373 2808 5429 dubio
2828 5344 2986 5439 longe
3011 5376 3161 5430 sunt;
3184 5374 3237 5419 et
3259 5377 3362 5417 non
3385 5374 3575 5415 curare
3595 5350 3721 5427 quod
3741 5344 3897 5418 patitur.

2377 5473 2499 5544 quia
2525 5482 2629 5526 nec
2655 5464 2869 5538 patitur.
2902 5459 3037 5516 Cum
3064 5471 3193 5511 vero
3220 5452 3416 5508 amittit
3444 5424 3696 5520 praeipua
3721 5424 3900 5502 corp"?is

3359 5542 3367 5544 λ
3576 5536 3587 5544 -
3699 5539 3710 5544 ι
3741 5527 3768 5544 ιι
3788 5518 3900 5544 διιιιίη

2380 5518 2499 5544 τ..-
2526 5518 2626 5526 --η
2655 5518 2701 5538 ,κ

2380 5564 2540 5626 bona,
2572 5558 2625 5614 id
2648 5566 2730 5612 est
2753 5551 2994 5624 corporis
3019 5549 3179 5602 vitam
3208 5562 3269 5601 ac
3294 5542 3546 5607 salutem,
3568 5536 3671 5607 iam
3697 5518 3902 5585 ιτηωιαιιο

2381 5654 2619 5727 proxima
2647 5658 2728 5705 est
2757 5618 2916 5701 animi
2949 5640 3102 5695 bouis
3126 5680 3141 5706 ,
3187 5636 3378 5707 quibus
3408 5634 3519 5702 ipso
3548 5628 3681 5683 intus
3714 5618 3902 5683 tanqwn

3304 5726 3309 5727 ν
3510 5722 3524 5727 -
3548 5719 3563 5727 -
3713 5711 3827 5727 Α---
3864 5700 3902 5727 nl

2384 5700 2619 5727 r--------—
2794 5700 2797 5701 ν
3128 5700 3137 5706 .
3207 5700 3218 5707 .

2384 5746 2625 5817 corporis
2645 5738 2891 5795 dominus
2920 5742 2998 5788 est
3027 5751 3037 5785 ε
3064 5727 3189 5802 quid
3222 5726 3371 5783 faciet
3404 5700 3632 5794 qualibet
3657 5711 3844 5770 ratione:
3864 5700 3909 5751 ⁸³⁸
