3990 6406
204 318 294 382 εδδ
950 376 951 379 γ
1342 309 1830 377 EPISTOLARUM
1867 316 2146 382 CLASSIS
2194 323 2280 381 ιιι.

204 448 292 491 non
314 428 483 488 doleat
500 443 618 486 cum
637 442 834 500 corpus
848 425 1155 485 vulneratur
1173 438 1265 485 aut
1284 429 1475 499 uritur,
1496 432 1581 488 cui
1607 440 1754 488 tanto

203 516 480 595 implicatur
506 520 776 579 consortio
795 561 815 592 ,
846 530 904 578 ut
927 520 1037 593 pati
1066 521 1273 594 possit,
1301 537 1406 579 non
1432 521 1614 580 dolere
1652 539 1760 581 non

206 614 386 690 possit?
412 616 416 621 ’
586 689 590 697 ⁴

263 708 340 764 δι.
378 704 498 762 ldeo
520 714 575 761 et
593 704 837 761 diabolus
865 704 1009 763 hunc
1035 703 1262 762 nocendi
1288 706 1530 763 ordinem
1553 715 1757 778 tenens,

204 800 321 857 illius
346 798 514 871 magni
543 799 638 854 viri
665 814 824 871 quem
848 801 1207 872 postulaverat
1248 801 1580 869 tentandum,
1612 802 1761 875 prius

202 904 387 951 externa
414 890 550 946 bona
576 893 783 962 accepit
811 892 864 947 in
890 902 1205 964 potestatem
1230 911 1243 949 :
1270 893 1462 965 quibus
1489 894 1680 950 ablatis
1706 904 1761 951 et

201 984 408 1058 perditis,
426 998 545 1040 cum
562 984 708 1040 illum
723 983 1098 1041 inconcussum
1113 984 1319 1041 videret
1335 1002 1349 1047 :
1368 987 1575 1043 dixerat
1591 987 1755 1053 enim,

201 1077 415 1134 Dantinus
432 1076 590 1145 dedit,
612 1075 868 1133 Dominus
886 1077 1125 1146 abstulit;
1150 1079 1278 1133 sicut
1302 1078 1521 1135 Domino
1542 1081 1753 1151 placuit,

201 1170 257 1224 ita
267 1173 439 1242 factum
452 1176 525 1223 est
548 1184 569 1223 :
585 1168 653 1223 sit
666 1185 849 1223 nomen
865 1168 1071 1225 Domini
1087 1169 1396 1226 benedictum
1415 1170 1555 1245 (Job.
1575 1188 1613 1239 ι,
1629 1170 1722 1245 2!)
1737 1189 1757 1237 ;

202 1263 331 1318 etiam
347 1276 559 1318 carnem
580 1260 923 1318 cruciandam
940 1263 1159 1320 vulnere
1180 1263 1494 1335 postulavit,
1527 1264 1618 1319 tali
1634 1278 1755 1320 cum

201 1370 252 1411 eo
274 1355 546 1427 conﬂigens
575 1356 901 1422 certamine,
932 1363 992 1410 ut
1020 1354 1158 1411 bona
1189 1356 1429 1426 proxima
1456 1357 1752 1427 invaderet,

200 1444 281 1500 hoc
314 1453 389 1500 est
432 1445 678 1516 corporis
722 1445 891 1511 bona;
922 1446 1112 1516 quibus
1140 1445 1234 1502 ille
1273 1446 1495 1518 perditis
1535 1448 1580 1503 si
1618 1446 1755 1506 forte

198 1533 569 1601 succumberet,
617 1545 779 1608 atque
825 1536 893 1593 ad
936 1537 1265 1609 impietatem
1313 1553 1410 1594 cor
1453 1539 1751 1609 inclinaret,

198 1628 330 1684 etiam
353 1628 483 1685 bona
506 1628 674 1685 animi
699 1629 1027 1701 depcrirent,
1051 1631 1243 1702 quibus
1267 1631 1550 1703 perdendis
1570 1634 1679 1705 jam
1700 1636 1753 1691 in

197 1734 383 1791 corpore
404 1721 632 1777 saeviens
652 1722 876 1778 vicinius
898 1731 1128 1779 tentator
1148 1724 1394 1779 instabat.
1412 1724 1651 1796 Denique
1665 1724 1754 1783 ille

196 1811 260 1865 vir
276 1812 323 1865 in
345 1820 481 1867 tanta
512 1812 809 1869 tentatione
830 1855 846 1881 ,
874 1813 963 1870 ubi
992 1822 1108 1869 erat
1133 1814 1295 1870 animi
1324 1813 1481 1871 bonis
1511 1817 1752 1887 proxima

198 1903 448 1974 tribulatio,
478 1905 729 1976 quamvis
749 1906 915 1961 multa
943 1906 1257 1978 prophetice
1287 1906 1533 1979 loquatur
1554 1948 1571 1977 ,
1597 1908 1754 1981 longe

196 2005 339 2051 tamen
382 1996 621 2068 loquitur
664 1996 825 2053 aliter
861 2013 1020 2069 quam
1063 2013 1185 2054 cum
1225 1998 1315 2054 illa
1353 2008 1571 2055 externa
1613 2001 1752 2057 bona

194 2085 484 2159 depeth
503 2088 621 2163 (Id.
655 2106 694 2158 r,
725 2089 837 2163 ll),
862 2082 916 2145 in
939 2089 1132 2161 quibus
1152 2090 1290 2147 tilios
1330 2106 1436 2148 non
1465 2091 1747 2163 amiserat,

195 2178 271 2234 sed
296 2182 634 2250 prmmiserat.

248 2272 322 2327 35.
357 2272 554 2329 Clamat
603 2288 735 2344 ergo
771 2276 1021 2346 martyris
1066 2276 1241 2331 anima
1285 2278 1658 2348 transﬁgurata
1696 2282 1749 2333 in

194 2364 440 2434 Christum,
466 2382 593 2423 cum
613 2367 725 2438 jam
748 2369 800 2423 in
821 2384 982 2425 carne
1005 2368 1248 2425 tribulari
1275 2372 1517 2442 eruperit,
1544 2382 1600 2428 et
1624 2372 1751 2429 dicit

192 2456 297 2524 Deo,
324 2472 352 2513 a
372 2472 475 2530 quo
500 2458 767 2515 derelicta
796 2468 881 2516 est
901 2460 957 2515 in
988 2468 1199 2517 terrena
1225 2461 1495 2528 felicitate,
1515 2463 1610 2520 sed
1630 2480 1749 2535 qua:

192 2563 287 2603 cum
305 2548 386 2604 illo
402 2558 479 2606 est
503 2551 555 2606 in
581 2565 685 2621 spe
700 2551 822 2607 vitae
841 2560 1076 2619 :cternaa,
1100 2551 1183 2607 Ne
1203 2553 1433 2610 discedas
1451 2571 1484 2609 a
1503 2571 1601 2623 me,
1619 2572 1745 2625 quo—

192 2640 300 2695 niam
322 2642 562 2699 tribulatio
587 2645 819 2716 proxima
840 2654 913 2700 est
935 2660 954 2699 :
972 2660 1079 2701 non
1107 2655 1189 2702 est
1226 2647 1279 2702 in
1308 2662 1437 2719 agro
1461 2662 1582 2704 meo
1600 2691 1616 2717 ,
1639 2664 1745 2705 non

193 2731 236 2785 in
258 2748 383 2803 auro,
410 2750 514 2792 non
539 2736 600 2791 in
636 2751 848 2807 pecore,
870 2751 974 2792 non
1000 2737 1054 2793 in
1085 2739 1236 2794 tectis
1255 2750 1416 2810 atque
1434 2741 1742 2811 parietibus,

194 2839 281 2880 non
301 2826 346 2882 in
367 2843 612 2885 meorum
639 2829 984 2897 orbitatibus;
1012 2830 1107 2887 sed
1132 2831 1186 2887 in
1209 2847 1371 2889 carne
1392 2849 1509 2890 mea
1535 2844 1637 2903 est,
1659 2836 1743 2890 cui

190 2916 388 2987 capillor,
407 2920 489 2975 cui
507 2930 828 2987 connector,
852 2921 1007 2993 cujus
1032 2936 1246 2980 sensum
1275 2939 1385 2980 non
1413 2924 1615 2982 habere
1637 2941 1741 2983 non

190 3022 392 3079 possum;
430 3011 576 3070 unde
614 3028 703 3069 me
744 3012 813 3070 de
848 3014 1093 3086 proximo
1116 3025 1297 3088 urget,
1326 3026 1444 3073 uta
1470 3019 1740 3089 patientia:

188 3100 346 3159 virtute
368 3103 635 3161 deﬁciam.
658 3103 744 3161 Ne
757 3105 986 3161 discedas
1006 3125 1038 3161 a
1057 3125 1174 3176 me;
1193 3110 1431 3180 quoniam
1446 3126 1546 3165 non
1565 3112 1743 3186 estqui

185 3193 355 3262 adjuvet
397 3212 417 3252 :
458 3212 643 3270 neque
685 3197 908 3265 amicus,
953 3215 1128 3271 neque
1165 3201 1517 3273 propinquus,
1560 3218 1736 3276 neque

185 3281 374 3342 humana
405 3288 537 3356 laus,
578 3305 759 3361 neque
784 3292 1067 3362 praeteritae
1091 3293 1393 3351 recordatio
1421 3295 1735 3368 voluptatis,

183 3391 321 3450 neque
340 3380 528 3454 aliquid
554 3397 750 3438 eorum
776 3399 881 3455 quo
902 3393 1126 3441 terrente
1150 3384 1423 3444 felicitatis
1452 3388 1602 3443 ruina
1634 3388 1741 3445 ful-

182 3466 308 3537 citur,
327 3487 492 3545 neque
510 3472 636 3546 ipsa
671 3490 794 3545 quae
824 3475 876 3530 in
912 3476 1092 3532 animo
1115 3487 1197 3535 est
1220 3494 1343 3535 meo
1373 3478 1603 3537 humana
1632 3482 1739 3539 vir-

182 3568 271 3626 tus;
290 3563 400 3633 quia
424 3566 469 3620 si
499 3574 557 3621 tu
586 3565 791 3623 deseris
811 3608 824 3631 ,
855 3582 974 3638 quze
1002 3566 1231 3625 hominis
1249 3570 1451 3628 virtus?

232 3650 435 3711 CAPUT
456 3654 819 3726 XlV.—Quid
839 3668 921 3715 est
947 3660 1090 3716 enim
1121 3660 1302 3732 homo,
1326 3663 1429 3719 nisi
1448 3666 1591 3736 quod
1612 3682 1731 3724 me-

180 3760 274 3803 mor
304 3763 356 3806 es
381 3750 533 3822 ejus?

233 3842 308 3899 36.
344 3844 793 3904 Circumdederunt
820 3866 900 3905 me
922 3848 1066 3905 vituli
1094 3852 1241 3906 multi
1271 3868 1289 3907 :
1316 3851 1420 3909 hoc
1448 3863 1531 3910 est
1560 3855 1732 3913 mino-

178 3948 248 3990 res
283 3937 330 3994 in
357 3939 523 4010 plebe.
579 3940 736 3997 Tauri
775 3943 985 4016 pingues
1025 3945 1327 4001 obsederunt
1355 3964 1433 4002 me
1460 3964 1478 4002 :
1507 3948 1610 4005 hoc
1650 3960 1734 4007 est

178 4030 354 4100 superbi
376 4047 437 4089 ac
458 4034 678 4101 divites,
713 4034 978 4108 principes
1006 4036 1195 4107 plebis.
1228 4038 1549 4111 Aperuerunt
1574 4042 1626 4095 in
1656 4059 1735 4097 me

179 4135 222 4173 os
240 4139 367 4180 suum
393 4142 412 4181 :
435 4127 755 4193 clamantes,
784 4125 1057 4200 Cruciﬁge,
1089 4130 1328 4201 eruciﬁge
1356 4130 1506 4201 (Luc.
1554 4148 1689 4189 xxru
1712 4177 1728 4203 ,

176 4212 267 4288 ΩΙ).
295 4220 438 4286 Quasi
458 4221 536 4278 leo
557 4222 764 4292 rapiens
783 4230 829 4276 et
852 4221 1057 4293 rugiens
1079 4238 1098 4277 :
1114 4235 1407 4295 rapuerunt
1421 4225 1563 4280 enim
1585 4241 1731 4283 com-

176 4307 454 4375 prehensum
503 4311 834 4369 adducentes
872 4311 939 4368 ad
985 4313 1263 4384 praesidem
1284 4356 1300 4382 ,
1353 4323 1411 4371 et
1448 4317 1726 4388 rugierunt

176 4402 367 4466 petendo
391 4404 505 4476 ejus
534 4413 785 4461 mortem.
832 4403 978 4461 Sicut
1005 4421 1139 4477 aqua
1180 4404 1371 4475 e/I'usus
1412 4424 1526 4462 sum
1554 4424 1573 4463 :
1604 4417 1725 4465 tan-

177 4503 303 4560 quam
327 4497 456 4553 utin
480 4512 572 4555 me
597 4497 730 4569 lapsi
766 4496 1019 4555 caderent
1051 4510 1420 4570 persecutores
1448 4501 1574 4557 mei.
1600 4500 1724 4557 Dis-

177 4598 293 4651 persa
309 4600 415 4644 sunt
446 4591 621 4646 omnia
643 4607 757 4646 ossa
770 4608 879 4647 mea
893 4591 1049 4663 :quid
1066 4602 1191 4649 sunt
1204 4608 1349 4662 ossa,
1369 4594 1469 4650 nisi
1485 4597 1725 4667 corporis

177 4669 502 4737 irritamenta?
524 4682 733 4756 Corpus
760 4693 936 4739 autem
963 4683 1183 4750 Christi,
1218 4686 1459 4743 Ecclesia
1490 4706 1504 4743 :
1539 4687 1723 4744 ﬁrma-

176 4777 321 4825 menta
359 4784 533 4832 autem
564 4773 817 4832 Ecclesiae
849 4776 959 4847 qui,
993 4776 1093 4831 nisi
1134 4777 1396 4847 Apostoli,
1442 4779 1534 4849 qui
1563 4781 1721 4836 etiam

177 4856 399 4921 columna:
434 4866 560 4921 alibi
586 4867 993 4939 nuncupantur?
1021 4865 1085 4922 Ili
1117 4866 1297 4938 utique
1321 4866 1551 4940 dispersi
1574 4882 1720 4941 sunt,

176 4961 273 5007 cum
293 4954 353 5012 ad
373 4960 671 5031 passionem
701 4961 817 5032 ipse
834 4960 1140 5027 duceretur,
1163 4960 1249 5016 vel
1277 4974 1397 5017 cum
1423 4971 1570 5019 esset
1596 4979 1720 5035 pas-

177 5054 249 5099 tus
266 5056 314 5103 et
333 5061 586 5109 mortuus.
615 5051 834 5109 Factum
848 5063 920 5109 est
932 5069 1061 5127 ergo
1075 5070 1163 5109 cor
1172 5070 1338 5108 meum
1352 5064 1593 5129 tanquam
1605 5073 1723 5112 cera

176 5132 408 5203 “vincens
420 5144 472 5198 in
485 5146 648 5200 medio
666 5146 850 5200 ventris
869 5146 985 5201 mei.
1012 5145 1124 5201 Hoc
1134 5160 1263 5202 sane
1277 5146 1720 5218 quemadmodum

175 5228 305 5298 capiti
330 5245 527 5302 nostro,
557 5237 721 5309 ipsius
747 5239 988 5309 corporis
1014 5239 1267 5296 salvatori
1301 5248 1599 5311 coaptetur,
1636 5241 1717 5296 in-

176 5320 326 5380 venire
361 5326 575 5385 difﬁcile
598 5340 699 5387 est.
739 5329 921 5401 Neque
963 5332 1105 5387 enim
1134 5333 1235 5388 nisi
1278 5348 1472 5405 magno
1518 5348 1718 5405 pavore

174 5412 414 5487 contingit,
443 5429 500 5475 ut
516 5434 608 5477 cor
629 5422 777 5478 velut
798 5436 922 5479 cera
944 5422 1199 5495 liquescat
1218 5424 1507 5480 humanum
1533 5442 1547 5479 :
1571 5425 1715 5497 quod

177 5503 291 5562 unde
311 5506 360 5563 in
383 5509 472 5567 illo
512 5511 625 5570 ﬁeri
652 5522 855 5586 posset,
884 5516 974 5586 qui
1000 5523 1315 5587 potestatem
1346 5515 1578 5573 habebat
1612 5532 1714 5589 po-

176 5597 309 5653 nendi
342 5612 397 5658 et
419 5606 703 5677 recipiendi
730 5610 960 5665 animam
1001 5610 1194 5665 suam?
1223 5608 1328 5666 Sed
1359 5609 1598 5681 profecto
1624 5623 1715 5669 aut

174 5683 471 5752 inﬁmorum
498 5712 710 5757 suorum
739 5701 793 5757 in
832 5716 892 5757 se
927 5702 1199 5758 transtulit
1225 5717 1479 5770 causam;
1510 5704 1621 5762 sive
1648 5706 1712 5762 il-

172 5772 317 5840 lorum
343 5787 431 5859 qui
458 5800 605 5867 metu
636 5793 824 5851 mortis
866 5803 1175 5865 pavescunl,
1215 5800 1350 5861 sicut
1378 5802 1495 5876 ipse
1523 5804 1710 5867 Petrus

376 5880 1039 5979 B£¥31_.AVW”'.-H'

3353 346 3458 411 δει

1870 449 1936 534 ex
1956 451 2169 534 egregio
2198 450 2586 534 praesumptum
2615 454 2723 503 tam
2748 447 2936 509 creber
2959 465 3179 529 negator
3201 461 3455 534 effectus;

1868 528 1982 584 sive
2022 528 2237 586 illorum
2266 533 2355 603 qui
2384 534 2600 591 tristitia
2640 540 2840 600 salubri
2875 528 3280 621 contabescuut,
3320 528 3459 615 sicut

1866 618 2009 676 idem
2036 621 2149 693 ipse
2176 623 2368 682 Petrus
2394 641 2516 682 cum
2552 643 2736 687 amare
2778 630 2942 689 ﬂevit.
2985 640 3115 697 Nam
3156 653 3210 700 et
3243 618 3459 706 tristitia

1865 713 2017 783 quasi
2046 715 2206 771 solvit
2228 732 2323 772 cor
2352 736 2364 772 :
2398 719 2541 776 unde
2568 721 2764 779 dicitur
2790 726 2949 784 etiam
2974 747 3148 802 grzece
3188 740 3328 807 quod
3358 758 3457 813 ap-

1865 805 2061 876 pellata
2085 808 2156 864 sit
2196 818 2340 874 λῠπη.
2394 814 2501 870 Aut
2526 826 2673 873 certe
2708 820 3023 889 profundum
3067 805 3460 893 sacra—mentum

1866 911 1966 953 nos
2008 898 2300 973 intelligere
2326 903 2513 974 voluit,
2542 916 2599 962 ut
2624 910 2802 965 cordis
2829 914 2911 967 sui
2939 918 3157 976 nomine
3197 922 3459 994 significa-

1864 997 1949 1045 ret
1977 988 2280 1063 Scripturas
2298 1010 2443 1065 suas,
2476 998 2564 1055 ubi
2590 1000 2706 1071 ejus
2722 1003 2907 1075 utique
2930 1008 3125 1067 latebat
3149 988 3455 1089 consilium,

1864 1080 2020 1181 quod
2036 1091 2163 1140 tunc
2197 1096 2440 1157 apertum
2469 1100 2571 1159 est,
2612 1108 2734 1149 cum
2765 1111 2827 1152 ea
2853 1113 2972 1169 qua:
2995 1100 3064 1158 de
3092 1103 3184 1159 illo
3223 1080 3455 1181 prophe;

1864 1179 1972 1228 tata
1992 1172 2227 1243 fuerunt,
2258 1194 2450 1249 passus
2485 1183 2743 1255 implevit.
2788 1188 2987 1248 Solutze
3010 1207 3134 1251 sunt
3160 1172 3289 1271 ergo
3313 1172 3443 1259 Eori-

1861 1273 2034 1365 ptura:
2074 1269 2189 1340 ejus
2234 1271 2289 1327 in
2319 1273 2385 1328 iis
2424 1291 2544 1346 qua:
2573 1279 2804 1349 perfecta
2833 1294 2959 1341 sunt
3004 1269 3242 1346 adventu
3286 1295 3399 1364 cjus
3436 1342 3452 1365 ,

1861 1358 2173 1452 nativitate,
2226 1366 2512 1436 passione,
2562 1377 2986 1448 resurrectione,
3044 1358 3432 1452 gloriﬁcatione

1861 1448 1991 1517 Quis
2014 1453 2167 1549 enim
2187 1456 2297 1549 jam
2320 1474 2383 1514 ea
2414 1475 2520 1516 non
2547 1463 2792 1537 intelligit
2822 1469 2875 1523 in
2904 1448 3205 1542 PrOphetis,
3235 1478 3449 1549 quando

1861 1554 2031 1613 usque
2058 1544 2125 1599 ad
2152 1545 2485 1607 intellectum
2514 1554 2675 1610 etiam
2700 1560 2931 1615 carnalis
2956 1544 3307 1624 multitudinis
3336 1586 3453 1642 per-

1860 1636 2160 1692 venerunt?
2205 1654 2363 1711 quam
2411 1642 2639 1702 fortasse
2685 1648 3004 1719 signiﬁcavit
3048 1636 3453 1720 medio‘veutris

1860 1725 1964 1817 sui,
1993 1735 2050 1781 ut
2071 1728 2123 1783 in
2149 1729 2264 1800 ejus
2284 1747 2509 1804 corpore
2533 1737 2675 1807 quod
2693 1748 2776 1794 est
2794 1740 3053 1811 Ecclesia,
3078 1750 3227 1817 quasi
3254 1754 3455 1811 ventris

1860 1816 2036 1874 locum
2066 1819 2259 1878 habeat
2281 1827 2515 1883 carnalis
2538 1838 2593 1885 et
2620 1830 2883 1890 inﬁrmior
2910 1816 3214 1897 multitudo.
3267 1845 3374 1902 Aut
3404 1850 3449 1903 si

1856 1910 2061 1965 ventris
2103 1928 2297 1970 nomen
2341 1919 2510 1989 magis
2540 1920 2884 1981 interioribus
2926 1934 3200 2003 competit,
3246 1936 3314 1991 ad
3358 1954 3451 1995 eos

1858 2001 2035 2070 potius
2054 2004 2141 2075 qui
2170 2005 2515 2076 perfectiores
2539 2023 2682 2082 sunt,
2702 2001 3096 2087 Scripturarum
3122 2027 3448 2086 intellectum

1857 2092 2128 2163 pertinere
2156 2107 2512 2157 monstratum
2541 2113 2645 2173 est,
2675 2121 2797 2162 cum
2821 2123 2919 2164 cor
2946 2111 3081 2182 ejus,
3110 2115 3164 2169 id
3194 2119 3448 2176 estScri-

1856 2190 2029 2252 ptume
2056 2184 2177 2257 ejus
2217 2203 2338 2259 quze
2379 2193 2658 2250 continent
2699 2200 2980 2257 consilium
3020 2204 3158 2274 ejus,
3190 2208 3241 2263 in
3272 2212 3449 2269 medio

1856 2290 2064 2346 eorum,
2098 2278 2201 2336 hoc
2228 2291 2310 2338 est
2336 2284 2392 2339 in
2429 2287 2750 2358 cogitatione
2794 2306 3001 2361 eorum,
3034 2304 3284 2369 tanquam
3323 2317 3446 2359 cera

1855 2364 2185 2435 dissolvitur,
2228 2372 2331 2431 hoc
2355 2384 2457 2445 est,
2505 2377 2716 2438 fervore
2739 2384 2958 2455 spiritus
2983 2364 3233 2460 aperitur,
3265 2393 3447 2467 dispu-

1856 2464 2018 2525 tatur,
2049 2464 2351 2532 exponitur.

1925 2551 2151 2612 CAPUT
2194 2557 2311 2615 XV.
2332 2591 2404 2601 —
2422 2562 2511 2618 57.
2554 2564 2774 2622 Examit
2798 2572 2932 2626 velut
2975 2563 3100 2630 testa
3126 2578 3281 2634 uirtus
3310 2598 3442 2640 mea.

1853 2643 2014 2703 Testa
2045 2647 2166 2719 igne
2204 2650 2412 2710 ﬁrmata
2441 2664 2559 2713 est:
2586 2659 2666 2715 sic
2699 2670 2754 2716 et
2783 2664 2951 2720 virtus
2980 2671 3218 2739 corporis
3244 2672 3444 2732 Christi

1853 2753 1960 2794 non
1985 2739 2124 2796 sicut
2143 2741 2327 2801 fenum
2357 2747 2478 2819 igne
2498 2754 2852 2821 consumitur,
2883 2759 2978 2814 sed
3008 2761 3145 2817 sicut
3166 2774 3295 2820 testa
3321 2784 3445 2838 pas~

1848 2830 2003 2887 sione
2031 2832 2177 2889 velut
2205 2836 2324 2907 igne
2348 2838 2610 2897 ﬁrmatur.
2648 2842 2781 2900 Vasa
2809 2849 2941 2902 enim
2960 2851 3108 2920 ﬁguli
3135 2858 3312 2925 probat
3323 2830 3442 2930 -Ῑον-

1850 2940 1972 2993 naat,
2012 2926 2151 2983 sicut
2177 2929 2285 2984 alio
2313 2932 2431 2988 loco
2457 2933 2733 3006 Scriptura
2756 2937 2905 3007 dicit,
2941 2952 2988 2997 et
3022 2944 3249 3003 homines
3271 2926 3442 3021 justas

1849 3018 2056 3071 tentatio
2082 3019 2424 3079 tribulationis
2469 3024 2657 3099 (Eccli.
2683 3044 2857 3100 xxvu,
2899 3034 2977 3107 6).
3028 3036 3095 3091 Et
3120 3018 3294 3110 lingua
3327 3062 3439 3101 mea

1847 3108 2060 3165 adiuerit
2085 3114 2318 3183 faucibus
2356 3118 2497 3173 meis.
2550 3119 2733 3177 Potest
2774 3125 2986 3195 quidem
3027 3108 3297 3189 silentium
3324 3137 3440 3208 ejus

1848 3202 2199 3274 signiﬁcatum
2235 3209 2424 3279 videri,
2454 3214 2597 3283 quod
2626 3224 2680 3270 et
2702 3216 2839 3275 alius
2881 3223 3135 3291 prepheta
3158 3202 3437 3286 commen-

1845 3293 1956 3362 dat,
1983 3311 2103 3353 cum
2122 3299 2271 3368 dicit,
2298 3302 2444 3359 Sicut
2458 3322 2622 3377 agnus
2644 3324 2815 3365 coram
2830 3314 3065 3371 tondente
3081 3319 3177 3389 fuit
3197 3321 3305 3377 sine
3325 3341 3439 3381 voce

1850 3386 2000 3484 (Issi.
2024 3405 2133 3458 ιιιι,
2156 3390 2232 3465 7).
2258 3393 2362 3451 Sed
2384 3396 2430 3451 si
2447 3396 2677 3469 linguam
2695 3401 2833 3473 ejus,
2858 3419 2951 3460 eos
2978 3405 3030 3462 in
3054 3386 3169 3479 ejus
3189 3427 3433 3484 corpore,

1843 3482 1999 3581 quod
2013 3495 2096 3540 est
2122 3486 2379 3581 Ecclesia,
2409 3489 2786 3581 intelligamus,
2812 3514 2911 3568 per
2930 3518 3063 3573 quos
3084 3520 3236 3563 suum
3264 3482 3437 3581 loqui;

1844 3580 1933 3629 tur
1958 3574 2305 3648 Evangelium
2333 3596 2349 3647 ;
2402 3591 2526 3639 tunc
2552 3579 2672 3655 ejus
2701 3587 2942 3647 faucibus
2985 3594 3279 3669 adbrercnt,
3312 3574 3434 3658 eum

1842 3681 1873 3721 a
1903 3672 2184 3741 prteceptis
2208 3673 2325 3743 ejus
2352 3689 2457 3730 non
2485 3678 2762 3736 recedunt.

1912 3759 2001 3816 38.
2040 3762 2194 3829 Quod
2232 3780 2361 3821 vero
2396 3758 2653 3840 s'equitur,
2686 3769 2756 3826 Et
2781 3775 2833 3829 in
2862 3777 3114 3846 puluerem
3143 3787 3316 3841 mortis
3341 3787 3428 3843 de-

1841 3854 2032 3950 duxisti
2056 3848 2163 3925 me,
2184 3861 2451 3929 quomodo
2488 3863 2647 3934 capiti
2674 3870 3048 3938 coaptabitnr;
3091 3877 3432 3950 quandoquio.

1839 3945 1963 4002 dem
1990 3961 2184 4018 corpus
2210 3950 2345 4021 ejus,
2378 3952 2519 4023 quod
2547 3957 2700 4010 tertia
2744 3957 2831 4015 die
2862 3945 3169 4032 resurrexit,
3216 3945 3337 4025 non—
3349 3982 3429 4027 est

1841 4040 2023 4109 utique
2051 4039 2104 4093 in
2132 4041 2407 4109 pulverem
2439 4043 2801 4102 dissolutum?
2830 4066 2930 4107 nec
2967 4054 3121 4111 aliter
3165 4072 3428 4129 exposue-

1838 4139 1964 4186 runt
1985 4132 2224 4202 Apostoli
2254 4133 2394 4205 quod
2419 4135 2470 4191 in
2499 4136 2607 4193 alio
2632 4140 2836 4208 psalmo
2865 4145 3093 4213 positum
3114 4159 3214 4216 est,
3246 4151 3426 4227 Neque

1838 4222 1983 4277 dabis
2007 4232 2234 4278 sanctum
2258 4233 2399 4280 tuum
2421 4228 2589 4283 videre
2615 4234 3005 4304 corruptionem,
3036 4239 3136 4295 nisi
3161 4243 3282 4312 quia
3310 4222 3427 4316 ejus

1836 4330 1961 4372 caro
1987 4332 2094 4372 non
2122 4327 2205 4375 est
2233 4329 2503 4390 corrupta,
2550 4339 2669 4394 quie
2708 4334 2816 4381 tam
2856 4330 3103 4387 celeriter
3130 4339 3427 4396 resurrexit
3528 4385 3533 4389 .

1837 4406 2012 4480 (Psal.
2058 4424 2155 4478 xv,
2198 4410 2304 4476 l0;
2347 4412 2460 4468 Act.
2497 4429 2568 4482 ιι,
2615 4415 2824 4489 24-52).
2866 4418 3020 4478 Unde
3062 4425 3189 4482 item
3238 4429 3291 4485 in
3320 4432 3427 4488 alio

1834 4501 2041 4572 psalmo
2076 4502 2224 4571 dicit,
2274 4503 2403 4572 Quae
2427 4506 2621 4563 utilitas
2663 4509 2717 4563 in
2741 4513 2989 4584 sanguine
3014 4533 3144 4585 meo,
3171 4520 3292 4575 dum
3334 4524 3426 4579 de-
3492 4582 3493 4585 η

1833 4593 2017 4648 scendo
2050 4594 2103 4648 in
2130 4597 2535 4668 corruptionem?
2565 4596 2830 4671 Numquid
2850 4606 3166 4675 conﬁtebitur
3185 4610 3276 4664 tibi
3304 4617 3423 4683 pul-

1832 4687 1926 4755 uis,
1958 4696 2045 4741 aut
2085 4689 2403 4743 annuntiabit
2429 4691 2685 4746 ueritatem
2710 4703 2848 4748 tuam
2874 4694 3059 4765 (Psal.
3084 4714 3233 4769 nix,
3284 4703 3425 4775 l0)?

1835 4777 1939 4833 hoc
1962 4777 2165 4833 scilicet
2191 4778 2395 4848 dicens,
2436 4781 2578 4852 quod
2606 4781 2653 4838 si
2678 4800 2744 4839 eo
2769 4784 2948 4854 modo,
2975 4804 3082 4859 quo
3115 4800 3169 4845 et
3196 4796 3376 4850 caeteri
3399 4839 3417 4864 ,

1830 4878 2073 4925 mortuus
2114 4869 2467 4928 dimitteretur
2506 4873 2562 4929 in
2603 4875 2894 4946 pulverem,
2939 4889 2995 4933 et
3035 4896 3159 4937 caro
3186 4883 3303 4953 ejus
3331 4901 3419 4943 re-

1829 4963 2144 5020 δαιταιίοηί
2187 4964 2389 5021 ultimae
2431 4979 2754 5037 servaretur,
2788 4971 2931 5026 nulla
2960 4983 3103 5030 esset
3135 4978 3336 5037 utilitas
3361 4983 3416 5039 in

1828 5056 2086 5127 sanguine
2126 5056 2281 5128 ejus;
2323 5059 2445 5131 quia
2494 5060 2621 5116 nihil
2660 5061 2941 5132 prodesset
2967 5080 3113 5123 mors
3138 5069 3274 5139 ejus,
3318 5089 3419 5131 nec

1826 5148 2231 5205 annuntiaretur
2266 5152 2461 5207 veritas
2492 5153 2606 5220 Dei,
2635 5168 2755 5224 quae
2784 5154 2929 5211 illum
2960 5160 3211 5218 continuo
3239 5180 3419 5221 resur-

1828 5248 2097 5296 recturum
2121 5255 2243 5299 esse
2267 5243 2599 5314 praedixerat.
2653 5243 2791 5313 Quid
2819 5246 2921 5303 sibi
2956 5251 3069 5305 vult
3108 5268 3235 5325 ergo
3272 5258 3416 5326 quod

1827 5334 1929 5390 hoc
1954 5334 2074 5391 loco
2098 5336 2209 5401 ait,
2236 5334 2306 5391 Et
2323 5337 2377 5392 in
2405 5337 2659 5410 pulverem
2685 5341 2860 5397 mortis
2883 5344 3135 5401 deduxisti
3158 5351 3276 5404 me?
3301 5349 3415 5405 Nisi

1824 5439 2019 5497 corpus
2041 5427 2160 5497 ejus
2184 5428 2510 5500 accipiamus
2538 5430 2853 5504 Ecclesiam,
2885 5436 2938 5491 in
2965 5452 3068 5507 qua
3098 5438 3174 5493 illi
3199 5440 3287 5509 qui
3316 5455 3415 5511 pro

1822 5517 1941 5589 ejus
1962 5518 2177 5575 nomine
2213 5520 2355 5593 passi
2382 5530 2527 5589 sunt,
2551 5522 2639 5581 vel
2665 5526 2958 5596 patiuntur,
2986 5542 3092 5582 non
3118 5530 3189 5583 ita
3215 5539 3272 5584 ut
3301 5531 3415 5600 ipse
3461 5597 3463 5602 η

1820 5613 1928 5671 cito
1956 5623 2259 5686 resurgunt,
2304 5615 2400 5672 sed
2444 5616 2501 5672 in
2529 5620 2719 5675 mortis
2747 5620 3016 5690 pulverem
3042 5620 3373 5679 deducuntur
3394 5669 3412 5695 ,

1822 5714 1935 5763 tum
1960 5708 2332 5775 resurrecturi,
2364 5722 2486 5764 cum
2515 5710 2647 5766 illud
2676 5720 2884 5780 tempus
2909 5714 3113 5767 venerit
3141 5713 3207 5770 de
3231 5730 3339 5786 quo
3358 5717 3413 5771 in

1820 5804 2107 5877 Evangelio
2140 5798 2284 5869 dicit,
2329 5797 2503 5855 Veniet
2536 5802 2656 5857 ’ξυνα
2678 5801 2880 5871 quando
2918 5818 3086 5860 omnes
3115 5805 3201 5877 qui
3225 5805 3275 5861 in
3302 5822 3416 5861 mo-

2568 5892 2910 5973 (Dtx—huit
2934 5900 2971 5976 χι
