3990 6392
602 364 705 425 559

600 483 709 540 hoc
727 490 808 538 est
828 475 1090 537 Gentibus
1104 470 1297 530 additis
1316 464 1480 524 radici
1502 463 1794 528 Abraham,
1816 461 1977 524 Isaac,
2000 458 2185 525 Jacob,

605 584 666 631 ut
688 584 743 631 et
768 575 897 645 ipsa:
928 572 1118 627 ﬁerent
1140 563 1323 630 Israel,
1351 561 1404 616 id
1433 566 1536 623 est,
1562 557 1891 629 pertinerent
1914 552 1978 609 ad
2004 564 2189 608 semen

611 666 839 723 Abraha:
871 663 1044 735 (Rom.
1068 674 1147 724 XI,
1174 654 1390 725 ηερ).

679 760 766 814 50.
794 755 962 824 Quam
991 750 1336 808 insertionem
1362 745 1599 810 oleastri,
1623 743 1734 814 jam
1763 740 2048 813 amputatis
2069 753 2190 809 pro-

604 862 725 924 pter
753 846 1081 907 inﬁdelitatis
1121 841 1423 914 superbiam
1452 839 1781 895 naturalibus
1809 837 1993 903 ramis,
2031 834 2193 891 etiam

610 947 729 1017 ipse
753 941 1011 998 Dominus
1038 939 1093 993 in
1122 934 1410 1006 Evangelio
1441 931 1705 1005 praedixit,
1737 929 2017 986 occasione
2052 926 2195 981 illius

607 1034 947 1095 Centurionis
990 1030 1080 1103 qui
1121 1031 1172 1085 in
1211 1044 1335 1085 eum
1364 1043 1428 1083 ex
1459 1025 1719 1083 Gentibus
1755 1021 2001 1079 credidit.
2043 1020 2194 1075 Tunc

606 1131 751 1187 enim
772 1130 875 1195 ait,
902 1126 1064 1181 Amen
1083 1124 1196 1179 dico
1219 1122 1377 1185 vobis,
1405 1136 1507 1174 non
1532 1118 1698 1173 inveni
1719 1125 1914 1171 tantam
1956 1114 2108 1185 [idem
2141 1113 2195 1167 in

608 1222 876 1279 Israel:et
900 1214 1305 1291 adjunxit,ldeo
1316 1214 1429 1268 dico
1448 1212 1584 1268 vobis
1610 1211 1728 1282 quia
1757 1209 1904 1264 multi
1922 1208 1985 1263 ab
2008 1207 2196 1261 oriente

604 1327 653 1373 et
674 1315 935 1372 occidente
966 1312 1181 1377 venient,
1205 1319 1253 1365 et
1285 1308 1569 1365 recumbent
1601 1322 1715 1360 cum
1738 1302 2012 1366 Abraham,
2044 1298 2197 1354 Isaac

605 1406 829 1464 etJacob
846 1406 901 1460 in
928 1420 1083 1476 regno
1110 1402 1352 1458 ctelorum
1374 1416 1393 1455 :
1414 1399 1510 1470 ﬁlii
1536 1406 1701 1452 autem
1717 1394 1860 1467 regni
1874 1394 2015 1448 ibunt
2039 1392 2092 1447 in
2119 1400 2196 1446 te-

606 1500 789 1555 nebras
821 1496 1121 1562 exteriora;
1145 1493 1256 1549 illic
1278 1492 1371 1547 erit
1396 1490 1613 1563 ploratio
1638 1497 1683 1543 et
1715 1486 1903 1543 stridor
1930 1484 2155 1539 dentium
2178 1498 2198 1539 :

608 1595 684 1651 ita
709 1590 1016 1664 signiﬁcans
1052 1588 1217 1643 inseri
1247 1586 1537 1641 oleastrum
1564 1589 1783 1653 propter
1807 1578 2156 1634 humilitatem
2180 1593 2195 1643 ;

606 1689 819 1745 dixerat
842 1684 1040 1757 quippe
1078 1682 1170 1737 ille
1196 1680 1450 1736 Centurio
1470 1720 1485 1743 ,
1518 1674 1641 1731 Non
1676 1691 1790 1728 sum
1822 1672 2003 1745 dignus
2027 1679 2082 1724 ut
2108 1669 2199 1724 sub

606 1789 791 1835 tectum
820 1792 988 1831 meum
1012 1777 1210 1838 intres;
1230 1772 1320 1828 sed
1345 1780 1541 1825 tantum
1564 1768 1647 1821 dic
1669 1766 1837 1832 verbo,
1869 1772 1915 1818 et
1941 1762 2201 1819 sanabitur

609 1887 737 1943 puer
773 1884 913 1923 meus
938 1865 1150 1939 (Matth.
1184 1879 1297 1931 vm,
1326 1860 1512 1931 8&2);
1564 1856 1982 1914 confractionem
2020 1862 2200 1909 autem

607 1978 880 2023 ramorum
921 1958 1240 2017 naturalium
1284 1965 1501 2027 propter
1525 1951 1853 2024 superbiam,
1882 1948 2086 2005 scilicet
2109 1961 2202 2001 eo-

608 2074 730 2116 rum
764 2057 854 2129 qui
893 2056 1198 2127 ignorantes
1238 2049 1331 2105 Dei
1368 2046 1651 2119 justitiam,
1693 2054 1749 2101 et
1785 2058 1937 2099 suam
1962 2041 2201 2098 volentes

610 2152 961 2217 constituere,
982 2145 1206 2219 iustitiae
1222 2143 1317 2199 Dei
1340 2157 1446 2197 non
1466 2150 1591 2196 sunt
1605 2138 1830 2209 subjecti
1851 2135 2027 2210 (Rom.
2042 2151 2098 2202 χ,
2121 2134 2198 2206 3).

607 2246 691 2303 De
735 2246 801 2301 iis
838 2243 1035 2315 quippe
1062 2253 1200 2294 vana
1236 2236 1468 2293 elatione
1511 2231 1839 2288 tumentibus
1876 2229 2074 2285 dictum
2120 2234 2205 2282 est

611 2336 757 2410 quod
784 2336 934 2391 ibunt
957 2334 1010 2388 in
1037 2332 1285 2387 tenebras
1308 2328 1622 2389 exteriores,
1658 2324 1747 2396 qui
1772 2324 2033 2395 jactantes
2053 2336 2113 2377 se
2137 2319 2204 2376 de

612 2429 822 2486 semine
864 2424 1128 2491 Abrahae,
1174 2435 1360 2477 semen
1395 2418 1627 2475 Abrahae
1656 2417 1771 2472 ﬁeri
1799 2416 2119 2481 noluerunt,
2147 2421 2206 2468 nt

615 2528 801 2577 essent
824 2517 917 2573 ﬁlii
946 2514 1314 2589 promissionis
1345 2511 1506 2583 :rquia
1538 2510 1697 2566 ﬁdem
1717 2507 1848 2564 Novi
1877 2504 2205 2562 Testamenti

616 2627 728 2670 non
758 2615 1098 2681 receperunt,
1125 2606 1216 2662 ubi
1246 2605 1341 2660 Dei
1365 2603 1568 2675 justitia
1596 2597 2024 2663 commendatur,
2056 2611 2206 2652 suam

618 2704 945 2764 constituere
968 2700 1241 2765 volentes;
1265 2697 1317 2753 id
1342 2706 1445 2762 est,
1478 2705 1733 2766 tauquam
1761 2693 1828 2749 de
1862 2691 1975 2747 suis
2003 2689 2208 2746 meritis

619 2810 675 2856 et
716 2797 970 2870 operibus
1007 2791 1347 2864 praeﬁdentes
1387 2794 1703 2858 spreverunt
1724 2799 1844 2841 esse
1869 2782 1963 2838 ﬁlii
1986 2781 2211 2853 promis-

615 2891 819 2954 sionis,
853 2888 954 2943 hoc
982 2893 1066 2941 est
1094 2883 1185 2939 lilii
1209 2880 1415 2953 gratim,
1460 2878 1554 2933 ﬁlii
1589 2873 1991 2940 misericordiae,
2035 2880 2093 2927 ut
2118 2871 2210 2941 qui

617 2984 905 3059 gloriatur,
936 2979 991 3035 in
1016 2975 1243 3032 Domino
1269 2972 1526 3044 glorietur
1553 2968 1609 3042 (l
1640 2967 1758 3022 Cor.
1788 2981 1825 3033 I,
1849 2964 1965 3037 '51),
1988 2961 2212 3018 credens

618 3056 678 3135 in
711 3091 833 3133 eum
890 3072 981 3145 qui
1018 3068 1275 3141 justiﬁcat
1319 3064 1573 3136 impium,
1626 3062 1729 3116 hoc
1756 3068 1836 3114 est
1872 3058 1961 3129 qui
2005 3072 2071 3112 ex
2108 3056 2211 3111 im-

618 3172 714 3244 pio
745 3168 869 3224 facit
894 3166 1078 3237 pium;
1117 3170 1172 3217 ut
1206 3160 1490 3230 deputetur
1530 3154 1662 3211 ﬁdes
1701 3153 1818 3223 ejus
1855 3150 1923 3206 ad
1956 3148 2213 3219 justitiam

629 3242 808 3339 (Rom.
834 3278 909 3329 tv,
936 3258 1017 3333 5),
1038 3266 1093 3314 et
1112 3255 1395 3327 impleatur
1420 3254 1472 3308 in
1498 3266 1593 3315 eo,
1625 3263 1733 3305 non
1754 3244 1894 3317 quod
1916 3242 2219 3315 postulabat

626 3333 744 3431 ejus
777 3354 1044 3420 meritum,
1072 3347 1167 3407 sed
1193 3346 1333 3420 quod
1361 3362 1391 3401 a
1419 3340 1647 3400 Domino
1670 3338 1991 3411 promissum
2022 3344 2101 3390 est
2126 3333 2218 3389 be-

625 3449 896 3507 neﬁcium.

625 3575 629 3580 ν
701 3544 792 3600 5i.
819 3540 954 3597 Cum
986 3538 1052 3593 iis
1080 3534 1238 3607 igitur
1263 3544 1425 3604 agens
1450 3525 1742 3599 Apostolus
1761 3566 1775 3593 ,
1808 3522 1897 3594 qui
1928 3521 2082 3575 oliva:
2124 3534 2222 3590 per

635 3635 862 3709 gratiam
889 3628 1292 3693 inserebantur,
1320 3623 1484 3687 Dicis,
1512 3618 1711 3690 inquit,
1740 3614 1889 3688 fracti
1916 3621 2032 3668 sunt
2054 3611 2217 3677 rami,

638 3706 694 3783 ut
720 3742 810 3797 ego
834 3725 1049 3779 inserar.
1067 3719 1201 3775 Bene
1220 3734 1240 3783 ;
1256 3725 1463 3790 propter
1479 3711 1883 3767 incredulitatem
1908 3706 2058 3779 fracti
2082 3711 2220 3760 sunt.

637 3818 719 3875 Tu
745 3828 933 3884 autem,
965 3815 1068 3886 ﬁde
1090 3823 1202 3878 sta;
1229 3811 1335 3865 noli
1369 3810 1529 3863 altum
1558 3820 1754 3877 sapere,
1785 3805 1872 3858 sed
1902 3802 2020 3855 time
2045 3798 2221 3870 (Rom.

640 3930 722 3983 ιι,
758 3912 847 3979 l9,
888 3907 1005 3982 20).
1035 3908 1131 3963 Det
1159 3914 1240 3962 est
1278 3903 1418 3960 enim
1460 3898 1795 3961 beneﬁcium,
1842 3911 1948 3951 non
1975 3893 2224 3949 meritum

642 4014 791 4059 tuum
809 4018 823 4068 ;
844 4000 1055 4072 quodet
1073 3995 1198 4052 alibi
1226 3994 1354 4051 dicit
1378 4011 1391 4048 :
1416 3991 1593 4047 Gratia
1621 3990 1746 4044 salvi
1767 3988 1889 4059 facti
1916 3987 2032 4041 estis
2057 4002 2144 4057 per
2164 3985 2228 4054 [i-

638 4097 750 4151 dem
764 4113 784 4164 ;
800 4103 847 4150 et
864 4094 957 4148 hoc
977 4108 1078 4147 non
1096 4107 1158 4147 ea:
1172 4090 1330 4152 vobis,
1349 4085 1438 4142 sed
1452 4083 1549 4139 Dei
1570 4084 1756 4137 donum
1772 4091 1865 4149 est,
1880 4097 1977 4135 non
1995 4095 2057 4134 ex
2070 4078 2231 4150 aperi-

639 4189 820 4255 bus,ne
831 4188 959 4258 forte
970 4185 1081 4255 quis
1093 4181 1381 4238 extollatur.
1398 4177 1571 4249 Ipsius
1583 4177 1713 4229 enim
1727 4188 1899 4227 sumus
1912 4172 2224 4243 ﬁgmentum,

644 4277 798 4331 creati
824 4278 877 4329 in
897 4274 932 4328 .l
937 4291 1022 4328 esu
1048 4273 1244 4328 Christo
1264 4273 1317 4325 in
1342 4268 1576 4341 operibus
1598 4266 1759 4331 bonis,
1791 4280 1904 4335 qum
1928 4262 2230 4333 pra’paravit

644 4366 788 4425 Deus
810 4376 866 4421 ut
890 4367 944 4420 in
971 4365 1074 4419 illis
1103 4364 1416 4418 ambulemus
1443 4361 1602 4435 (Eph.
1632 4377 1689 4428 II,
1714 4360 1896 4430 8-10).
1920 4359 1975 4413 In
1998 4359 2101 4413 hoc
2127 4357 2230 4413 ita-

648 4473 752 4531 que
776 4456 1046 4514 intellectu
1070 4456 1252 4526 gratia:
1282 4455 1420 4509 inest
1440 4454 1620 4519 timor,
1643 4452 1710 4508 de
1729 4468 1835 4523 quo
1856 4451 2049 4506 dicitur
2071 4468 2084 4504 :
2106 4448 2235 4503 Noli

648 4551 811 4607 altum
831 4565 1023 4621 sapere,
1054 4547 1142 4603 sed
1161 4548 1278 4601 time
1297 4546 1470 4618 (Rom.
1490 4562 1567 4612 ιι,
1596 4544 1710 4615 20).
1733 4544 1919 4599 Timor
1940 4551 2117 4598 autem
2134 4545 2236 4598 iste

649 4642 790 4699 alius
816 4649 935 4709 est;
968 4655 1073 4696 non
1114 4649 1196 4695 est
1242 4638 1331 4693 ille
1373 4638 1583 4694 servilis
1623 4652 1779 4709 quem
1823 4634 2056 4692 charitas
2090 4632 2235 4690 foras

649 4735 836 4793 mittit.
870 4733 967 4789 lIIo
992 4734 1133 4791 enim
1173 4732 1388 4789 timetur
1425 4747 1491 4787 ne
1534 4730 1795 4787 incidatur
1825 4730 1878 4785 in
1913 4738 2235 4785 tormentum

648 4825 930 4899 supplicii;
959 4826 1062 4881 isto
1083 4834 1279 4889 autem,
1308 4840 1377 4880 ne
1405 4824 1676 4879 amittatur
1698 4825 1869 4895 gratia
1895 4822 2160 4878 beneﬁcii.

644 4910 682 5005 ἱ
727 4915 955 4972 CAPUT
977 4915 1120 4971 XXI.
1148 4945 1219 4955 —
1247 4914 1336 4971 52.
1366 4913 1698 4985 Quapropter
1721 4914 1962 4984 quamvis
1992 4912 2240 4968 ﬁdelibus

642 5008 730 5070 Id
755 5007 961 5065 Novum
990 5008 1389 5065 Testamentum
1421 5007 1810 5077 pertinentibus
1835 5005 1976 5061 dicat
2003 5006 2237 5077 Aposto-

655 5495 784 5538 nem
811 5488 1062 5552 operatur
1094 5475 1245 5552 (Gal.
1269 5492 1327 5543 γ,
1357 5475 1461 5547 6),
1490 5491 1595 5532 non
1628 5485 1733 5530 tam
1768 5471 2002 5529 timendo
2030 5486 2246 5542 ptenam

656 5587 819 5645 quam
874 5570 1102 5628 amando
1134 5568 1395 5643 justitiam
1425 5586 1439 5623 :
1468 5578 1643 5623 tamen
1673 5568 1795 5638 quia
1839 5581 1943 5621 non
1976 5565 2034 5619 ﬁt
2066 5564 2245 5618 anima

647 5664 795 5735 justa
822 5664 923 5720 nisi
948 5664 1350 5737 participatione
1371 5661 1605 5717 melioris
1630 5660 1717 5730 qui
1744 5659 1997 5728 jnstilicat
2025 5657 2245 5728 impium
2300 5684 2323 5713 -.~

654 5754 826 5827 (quid
852 5757 993 5811 enim
1021 5755 1181 5812 habet
1205 5755 1347 5828 quod
1376 5768 1482 5810 non
1510 5749 1812 5823 accepitl),
1837 5766 1943 5804 non
1966 5747 2125 5806 debet
2144 5745 2247 5804 sibi

622 5818 943 5926 ιίπίιιυεικιο
963 5848 1107 5923 quod
1130 5818 1240 5911 θεῖ’
1258 5856 1342 5911 est
1362 5889 1383 5922 ,
1410 5847 1482 5910 ita
1507 5818 1719 5919 gloriari
1747 5818 2000 5914 tanquam
2025 5855 2133 5900 non
2153 5818 2335 5925 ποέ

1808 347 1867 402 S.
1909 339 2277 402 AUGUSTlNl
2318 339 2620 401 EPISCOPI

3015 378 3045 403 ι)
3080 380 3089 384 ν
3109 372 3152 388 τ’..

2295 460 2496 531 ceperit
2517 459 2536 532 (
2556 459 2577 514 ι
2600 457 2718 516 Cor.
2744 475 2831 527 iv,
2862 457 2946 532 7).
2972 456 3054 516 0b
3078 460 3180 515 hoc
3205 458 3257 517 ei
3280 460 3472 517 dictum
3500 470 3609 517 est:
3636 463 3741 521 Noli
3759 472 3817 525 al-

2299 565 2403 610 tum
2430 570 2608 624 sapere
2634 596 2650 622 ,
2699 553 2788 609 sed
2817 553 2953 608 time.
3012 553 3078 608 Et
3107 552 3268 609 timor
3311 554 3408 609 iste
3456 556 3724 626 praecipitur
3762 562 3812 616 iis

2297 650 2456 706 etiam
2483 650 2572 720 qui
2601 664 2666 703 ex
2696 646 2798 702 ﬁde
2827 646 3084 712 viventes,
3114 633 3351 701 hmredes
3374 657 3492 701 sunt
3518 646 3636 702 Novi
3662 649 3809 705 Testa-

2256 748 2257 751 ‘
2296 741 2486 809 menti,
2512 749 2670 810 atque
2699 740 2751 794 in
2770 739 3066 795 libertatem
3084 739 3278 793 vocati.
3304 739 3477 794 Altum
3496 740 3624 795 enim
3642 755 3810 813 sapere,

2296 832 2494 888 dictum
2521 841 2625 896 est,
2653 828 2966 902 superbire:
2997 830 3138 901 quod
3159 830 3262 885 alio
3288 830 3424 898 loco,
3452 845 3483 886 e
3506 834 3739 888 contrario
3751 850 3815 889 sa-

2298 924 2366 979 tis
2390 923 2645 991 ostendit,
2671 921 2762 977 ubi
2790 923 2885 990 ait,
2912 920 3031 975 Non
3056 921 3163 976 alta
3188 922 3463 993 sapientes,
3488 922 3570 976 sed
3591 923 3813 981 ltutttilibus

2298 1016 2659 1071 consentientes
2690 1012 2866 1086 (Rom.
2898 1012 3125 1079 1111,16).
3162 1012 3245 1068 Ex
3276 1012 3379 1067 hoc
3404 1012 3539 1084 quod
3564 1014 3657 1079 ait,
3683 1015 3814 1070 humi-

2299 1109 2432 1164 libus
2471 1109 2850 1173 eonsentientes,
2912 1107 3093 1178 utique
3136 1107 3343 1177 aperuit
3382 1106 3507 1162 nihil
3536 1107 3817 1166 aliudsedi-

2300 1202 2463 1269 xisse,
2489 1202 2594 1255 alta
2613 1201 2880 1271 sapientes,
2908 1215 3065 1272 quam
3095 1199 3476 1270 superbientes.

2310 1322 2313 1327 -
2371 1294 2463 1349 5'5.
2489 1292 2673 1349 Timor
2700 1307 2827 1364 ergo
2850 1307 2957 1348 non
2984 1292 3141 1348 estin
3170 1292 3430 1347 charitate
3453 1334 3466 1353 .
3488 1293 3599 1362 quia
3627 1293 3816 1362 perfecta

2304 1384 2536 1441 charitas
2582 1384 2726 1440 foras
2755 1383 2919 1439 mittit
2959 1384 3238 1448 timorem;
3285 1382 3379 1438 sed
3420 1382 3558 1437 illum
3599 1385 3817 1451 servilem,

2301 1477 2451 1533 illum
2478 1491 2585 1548 quo
2608 1491 2728 1532 cum
2772 1491 2832 1532 se
2874 1476 3101 1548 quisque
3142 1475 3210 1530 ab
3253 1489 3416 1546 opere
3449 1476 3582 1530 malo
3616 1477 3814 1543 abstinet,

2304 1586 2462 1643 paena
2490 1580 2739 1635 terretur,
2774 1585 2881 1626 non
2906 1569 3109 1640 jnstitia
3128 1568 3453 1635 delectatur;
3483 1569 3613 1625 hunc
3636 1571 3822 1629 charitas

2304 1663 2446 1719 foras
2484 1663 2680 1729 mittit,
2708 1678 2868 1734 quam
2906 1677 3013 1717 non
3065 1661 3296 1717 delectat
3339 1661 3615 1731 iniquitas,
3655 1664 3821 1718 etiamsi

2305 1766 2632 1828 proponatur
2657 1755 2944 1826 impunitas
2973 1772 2986 1808 :
3020 1770 3124 1810 non
3149 1754 3297 1810 illum
3318 1770 3423 1824 quo
3450 1754 3591 1808 timet
3608 1755 3758 1809 anima
3774 1771 3824 1810 ne

2304 1848 2512 1903 amittat
2537 1848 2704 1919 ipsam
2732 1847 2979 1918 gratiam,
3010 1862 3114 1917 qua
3143 1846 3193 1900 in
3226 1846 3316 1901 illa
3359 1844 3547 1901 factum
3571 1854 3645 1901 est
3667 1856 3714 1900 ut
3733 1861 3822 1903 eam

2304 1955 2410 1996 non
2441 1954 2661 2010 peccare
2689 1938 2946 2005 delectet;
2975 1953 3081 2007 quo
3113 1938 3267 1995 timet
3309 1953 3376 1993 ne
3403 1937 3538 1993 Deus
3576 1952 3677 1993 eam
3708 1936 3827 1994 dese-

2306 2039 2410 2096 rat,
2440 2030 2647 2085 etiamsi
2674 2028 2834 2084 nullis
2857 2028 3101 2083 dolorum
3131 2029 3452 2084 cruciatibus
3477 2028 3659 2099 puniat.
3682 2027 3761 2082 llic
3780 2029 3828 2083 ti-

2306 2138 2424 2179 mor
2447 2128 2625 2178 castns
2650 2130 2760 2186 est;
2790 2137 2895 2176 non
2925 2136 3045 2176 eum
3066 2119 3302 2176 charitas
3322 2121 3483 2191 ejicit,
3507 2119 3594 2175 sed
3610 2118 3824 2175 adsciscit.

2306 2215 2384 2270 De
2432 2213 2525 2270 illo
2568 2214 2766 2285 quippe
2803 2214 3059 2285 scriptum
3088 2223 3204 2279 est,
3239 2212 3415 2267 Timor
3450 2210 3643 2267 Domini
3681 2222 3826 2279 castus,

2309 2324 2607 2381 permanens
2649 2309 2701 2363 in
2727 2307 2967 2363 sarculum
2999 2306 3173 2362 swculi
3205 2304 3389 2380 (Psal.
3419 2322 3545 2362 xvnt
3564 2347 3577 2371 ,
3607 2303 3697 2378 10)
3726 2320 3828 2361 ειιεο

2308 2416 2573 2471 quaquam
2624 2400 2783 2455 istum
2831 2399 3030 2454 diceret
3086 2408 3526 2470 permanentem,
3576 2398 3667 2453 nisi
3707 2398 3829 2452 sciret

2309 2492 2469 2547 alium
2506 2492 2596 2564 qui
2636 2507 2745 2547 non
2787 2500 3143 2563 permaneret.
3195 2490 3268 2547 Et
3311 2492 3445 2547 bene
3486 2492 3631 2546 istum
3672 2501 3829 2547 castum

2314 2585 2477 2650 dixit;
2521 2584 2622 2641 hoc
2651 2585 2792 2640 enim
2825 2599 2929 2639 non
2957 2592 3105 2640 caret
3138 2599 3291 2640 amor
3316 2599 3421 2655 quo
3461 2584 3625 2639 anima
3657 2582 3831 2637 inheret

2312 2678 2445 2744 Deo,
2469 2695 2588 2750 qua:
2625 2678 2753 2733 dicit
2783 2678 2833 2732 in
2858 2677 2963 2733 alio
2991 2677 3198 2748 psalmo
3225 2696 3238 2732 :
3287 2676 3557 2733 Perdidisti
3584 2691 3750 2730 omnem
3769 2675 3832 2744 qui

2322 2771 2602 2841 fornicatur
2625 2771 2712 2825 abs
2743 2779 2824 2834 te;
2853 2770 2976 2824 mihi
3004 2780 3169 2825 autem
3193 2770 3456 2824 adhtvrere
3475 2767 3576 2823 Deo
3606 2768 3761 2821 bonum
3782 2775 3832 2819 est

2318 2862 2506 2935 (Psal.
2549 2878 2718 2929 Lxxn,
2743 2862 2834 2929 27,
2866 2861 2936 2917 28
2956 2862 2995 2934 ).
3024 2861 3156 2917 Nam
3201 2870 3257 2917 et
3282 2861 3472 2932 conjux
3497 2876 3606 2932 qua:
3639 2857 3834 2913 adulteri-

2317 2972 2444 3012 num
2488 2956 2721 3010 animum
2748 2953 2901 3025 gerit,
2926 2954 3132 3008 etiamsi
3172 2953 3365 3008 timore
3402 2952 3498 3008 viri
3544 2966 3639 3006 non
3677 2949 3834 3004 adulte-

2324 3050 2461 3105 rium
2485 3056 2776 3119 perpetrat,
2792 3055 2966 3102 tamen
2992 3046 3132 3117 quod
3160 3046 3312 3103 deest
3337 3046 3503 3117 cperi,
3530 3046 3657 3101 inest
3697 3042 3837 3099 volun-

2325 3144 2420 3198 tati
2454 3161 2466 3197 :
2498 3151 2643 3198 casta
2664 3157 2793 3197 vero
2812 3141 2966 3197 aliter
2990 3142 3171 3206 timet;
3192 3156 3320 3195 nam
3342 3150 3395 3195 et
3415 3140 3522 3210 ipsa
3542 3139 3677 3193 timet
3690 3135 3836 3196 virum,

2330 3234 2423 3291 sed
2450 3245 2614 3291 caste.
2647 3234 2885 3304 Denique
2906 3232 3055 3288 timet
3076 3232 3163 3288 illa
3190 3246 3259 3289 ne
3284 3232 3365 3287 vir
3383 3232 3594 3287 infestus
3616 3226 3838 3289 adveniat;

2324 3326 2446 3391 ista,
2480 3341 2549 3380 ne
2570 3324 2805 3380 offensus
2833 3323 3120 3379 abscedat:
3144 3337 3252 3377 non
3282 3321 3481 3377 amanti
3508 3320 3637 3377 cnim
3663 3329 3839 3389 presen-

2228 3433 2251 3482 ξ,
2329 3417 2401 3473 tia
2448 3417 2547 3471 viri
2587 3416 2810 3471 molesta
2859 3422 2973 3481 est;
3017 3414 3214 3470 amanti
3262 3423 3477 3481 autem,
3518 3410 3743 3468 absentia.
3774 3405 3840 3462 'Ii-

2326 3524 2477 3567 more
2528 3509 2703 3579 itaque
2746 3516 2929 3573 casto,
2974 3506 3305 3574 permanenti
3334 3507 3385 3560 in
3421 3504 3657 3561 saeculum
3692 3497 3839 3563 saeculi,

2331 3600 2519 3656 timeat
2549 3599 2717 3655 Deum
2746 3613 2906 3653 omne
2942 3612 3125 3653 semen
3154 3596 3339 3653 Israel.
3373 3597 3607 3653 Timeant
3636 3608 3765 3666 quem
3784 3589 3842 3644 di-

2330 3694 2519 3765 ligunt,
2544 3708 2649 3747 non
2675 3691 2779 3745 alta
2796 3689 3071 3760 sapiendo,
3088 3688 3183 3745 sed
3204 3688 3493 3744 humilibus
3507 3680 3841 3744 consentiendo;

2332 3801 2456 3842 cum
2501 3785 2691 3840 timore
2726 3792 2781 3839 et
2806 3793 3037 3839 tremore
3080 3797 3230 3837 snam
3275 3783 3509 3853 ipsorum
3534 3779 3730 3835 salutem
3750 3787 3843 3845 ope-

2340 3885 2544 3934 rentur.
2570 3876 2712 3933 Deus
2740 3884 2823 3931 est
2846 3878 2988 3931 enim
3015 3875 3104 3945 qui
3134 3884 3387 3945 operatur
3412 3875 3462 3929 in
3487 3875 3560 3930 cis
3585 3881 3634 3929 et
3658 3869 3787 3931 velle,
3809 3870 3845 3918 et

2338 3970 2567 4043 operari,
2596 3985 2693 4040 pro
2720 3969 2859 4023 bona
2886 3967 3155 4022 voluntate
3185 3963 3459 4039 (Philipp.
3490 3980 3546 4030 Il,
3577 3961 3655 4028 I2,
3682 3958 3769 4030 15).

2341 4158 2481 4229 quod
2500 4158 2637 4212 Deus
2653 4155 2816 4210 donat
2839 4152 3062 4219 homini,
3089 4166 3211 4206 cum
3232 4149 3489 4219 justiﬁcat
3509 4146 3721 4217 impium.
3741 4138 3845 4195 lianc

2342 4249 2439 4305 Dei
2457 4248 2713 4319 justitiam
2738 4246 3038 4316 ignorantes
3060 4242 3274 4313 superbi
3291 4240 3482 4308 Judmi,
3504 4248 3555 4295 ει
3571 4229 3847 4294 ευειηηοιειι.

2280 4347 2291 4395 ξ
2346 4352 2428 4397 tes
2454 4339 2804 4401 constituere,
2827 4334 3045 4405 justitiae
3070 4334 3166 4389 Dei
3197 4347 3303 4387 non
3326 4341 3449 4388 sunt
3482 4327 3687 4399 subjecti
3710 4320 3847 4396 (Rau.
3952 4320 3953 4353 ³

2346 4449 2402 4498 x,
2434 4432 2489 4502 '5)
2514 4447 2528 4497 ;
2560 4429 2661 4484 hac
2686 4427 2934 4498 superbia
2954 4428 2969 4458 ²
2988 4424 3329 4495 dcjiciuntur,
3354 4433 3408 4479 ut
3432 4422 3633 4479 humilis
3652 4419 3850 4473 inseratur

2387 4524 2601 4578 Ieaster.
2626 4520 2689 4575 Et
2711 4520 2785 4573 illi
2814 4518 2962 4572 ibunt
2980 4517 3032 4571 in
3049 4515 3295 4572 tenebras
3316 4515 3617 4579 exteriores,
3640 4508 3698 4563 de
3714 4502 3851 4576 quibus

2349 4616 2489 4670 inter
2502 4613 2603 4667 alia
2622 4609 2911 4681 requisisti,
2932 4608 3265 4664 venientibus
3284 4607 3353 4661 ab
3366 4606 3567 4661 oriente
3582 4612 3627 4658 et
3644 4594 3851 4655 occidente

2282 4680 2314 4780 ξι
2354 4706 2556 4773 multis,
2576 4704 2665 4776 qui
2686 4680 2995 4760 recumbcnt
3009 4716 3129 4757 cum
3151 4700 3440 4763 Abraham,
3461 4698 3597 4751 Isaac
3613 4701 3660 4747 et
3675 4683 3802 4745 lacob
3816 4680 3850 4734 in

2354 4815 2522 4872 regno
2538 4773 3257 4865 cmlorum(Matth.vm,12,
3277 4789 3668 4863 II).Suntenim
3684 4773 3851 4836 modoin
3952 4824 3953 4829 η

2280 4538 2384 4609 ,ὶο

2354 5001 2513 5058 quam
2539 5000 2563 5039 s

2357 5189 2403 5234 et
2433 5175 2646 5233 tenebrte
2682 5174 2734 5227 in
2763 5188 2819 5226 eo
2850 5186 2949 5224 non
2969 5175 3084 5224 sunt
3111 5164 3234 5220 ulla:
3267 5162 3317 5236 (1
3339 5161 3492 5218 Ιοαη.
3527 5175 3562 5224 ι,
3584 5157 3673 5228 5);
3697 5147 3770 5205 sed
3794 5144 3852 5196 Ιυι

2354 5269 2531 5327 cordis
2555 5310 2570 5336 ,
2618 5282 2723 5322 non
2764 5264 2986 5319 istorum
3022 5259 3113 5331 qui
3152 5260 3205 5313 in
3258 5270 3417 5313 carne
3453 5261 3570 5309 sunt
3615 5242 3853 5304 oculorum;

2358 5380 2463 5422 nec
2484 5361 2702 5419 omnino
2734 5358 2855 5415 talis
2880 5398 2894 5423 ,
2916 5354 3088 5427 qualis
3113 5353 3271 5422 hujus
3304 5350 3435 5407 lucis
3463 5342 3665 5402 visibilis
3688 5336 3852 5427 phanta-

2283 5436 2305 5517 ἶ
2344 5461 2437 5517 sia
2470 5456 2758 5528 cOgitatur;
2787 5463 3091 5524 quanquam
3119 5455 3173 5503 et
3201 5445 3271 5501 ibi
3298 5453 3379 5500 est
3403 5441 3575 5497 videre
3596 5479 3609 5503 ,
3646 5427 3723 5486 sed
3744 5424 3854 5525 ιίξιιεε

2356 5513 2566 5614 aliter,“
2589 5548 2746 5617 longe
2789 5513 3135 5599 dissimiliter.
3176 5537 3354 5608 Qualis
3397 5532 3533 5589 enim
3578 5528 3657 5583 lux
3681 5526 3748 5576 est
3776 5513 3855 5617 i953

2367 5644 2625 5707 charitas,
2650 5638 2772 5711 quis
2798 5636 2975 5693 verbis
2995 5632 3258 5706 explicet?
3276 5628 3393 5702 quis
3406 5636 3577 5682 earum
3605 5623 3753 5673 rerum
3773 5610 3856 5673 ιῖυπ

2407 4061 2635 4118 CAPUT
2664 4060 2830 4116 XXII.
2863 4089 2933 4100 —-
2957 4059 3044 4115 54.
3079 4057 3203 4114 [hec
3236 4066 3321 4113 est
3344 4056 3543 4128 jnstitia
3565 4053 3668 4117 Dei,
3693 4050 3847 4104 hocest
3952 4050 3953 4119 ξ

2354 4895 2554 4952 exteris
2577 4892 2829 4959 tenebris,
2852 4888 2991 4945 unde
3024 4887 3285 4944 correctio
3323 4881 3637 4956 deSperanda
3663 4890 3746 4931 non
3774 4874 3850 4923 est:
3952 4910 3953 4917 η

2570 4980 3043 5053 icontempserint,
3088 4979 3238 5033 ibunt
3277 4978 3328 5033 in
3351 4974 3590 5032 tenebras
3609 4965 3850 5025 exteriores,
3952 4978 3953 4987 η

651 5056 730 5070 ....
756 5056 961 5065 -.ν-η-
999 5056 1389 5065 --_-_...----_--.
1422 5056 1807 5077 ,-----------"_
1840 5056 1974 5061 ---η
2003 5056 2200 5077 "rm-

651 5104 745 5161 lus
765 5102 904 5174 quod
922 5104 1075 5173 paulo
1100 5113 1221 5160 ante
1238 5100 1673 5165 commemoravi,
1695 5098 1815 5153 Non
1833 5101 1962 5153 enim
1978 5099 2214 5169 accepisti

2353 5081 2445 5138 ubi
2465 5077 2809 5135 correctionis
2836 5074 2984 5129 locus
3003 5086 3109 5127 non
3138 5071 3239 5126 erit
3271 5088 3283 5123 :
3309 5068 3541 5142 quoniam
3568 5063 3686 5118 Deus
3710 5057 3778 5111 lux
3789 5056 3850 5107 est.
3952 5116 3953 5131 χ

3156 5164 3188 5174 ..
3275 5162 3317 5174 ,-
3355 5161 3377 5174 ο
3586 5157 3670 5174 ιιι.
3699 5144 3849 5174 -..ΔΙ-η
3952 5164 3953 5174 ι

649 5194 887 5269 spiritum
898 5195 1023 5249 servi
1028 5196 1143 5251 tutis
1154 5196 1331 5251 iterum
1348 5194 1401 5249 in
1419 5195 1595 5248 timore
1606 5206 1626 5257 ;
1637 5190 1726 5246 sed
1736 5190 1996 5260 accepistis
2005 5190 2242 5261 spiritum

650 5289 946 5364 adeptionis
960 5290 1203 5359 ﬁliorum,
1221 5290 1274 5343 in
1289 5305 1385 5361 quo
1403 5288 1701 5349 clamamus,
1723 5286 1879 5351 Abba,
1899 5292 2041 5356 pater
2060 5282 2235 5351 (Rom.
2280 5292 2297 5359 gf,

659 5358 776 5454 vui,
799 5384 927 5458 15);
951 5358 1005 5439 id
1025 5392 1107 5439 est
1133 5393 1189 5437 ut
1217 5358 1347 5438 ﬁdes
1373 5383 1426 5438 in
1455 5381 1610 5437 nobis
1637 5380 1725 5444 sit,
1743 5394 1861 5449 qum
1892 5393 1984 5447 per
2001 5375 2243 5432 dilectio-
