3990 6408
235 391 312 449 εσι
994 356 1005 361 ’
1352 381 1829 440 EPISTOLARUM
1865 380 2140 438 CLASSIS
2177 379 2262 435 ιιι.

242 498 455 556 sensibus
472 495 634 551 carnis
652 493 915 562 adjacent,
933 493 1037 548 ullo
1055 493 1383 547 demonstret
1399 495 1678 563 exemplo?
1694 496 1773 547 Au

236 593 351 648 forte
378 591 456 646 lux
480 605 576 643 non
601 598 678 642 cst
708 587 972 643 chaiizas?
996 587 1128 641 Audi
1159 587 1457 656 apostolum
1479 588 1734 642 Joannem
1761 605 1773 640 :

234 689 331 756 ipse
362 684 545 754 quippe
564 681 689 736 dixit
713 682 852 750 quod
885 680 1041 735 modo
1061 682 1489 744 commemoravi,
1525 681 1776 746 Quoniam

231 777 350 834 Deus
376 778 462 830 tu:
486 783 575 840 est,
604 784 650 828 et
671 774 886 829 tenebris:
914 791 1014 828 non
1043 783 1160 828 sunt
1201 774 1254 827 in
1274 790 1331 827 eo
1360 773 1518 838 ullae;
1548 773 1589 845 (l
1615 771 1772 827 Joan.

237 889 267 934 I,
291 873 338 941 5)
354 871 433 940 qui
456 884 658 924 rursum
690 868 838 931 dicit,
865 866 1004 922 Deus
1024 867 1244 920 cltaritas
1263 876 1334 920 est
1359 864 1466 936 (ld.
1486 880 1562 931 iv,
1591 865 1671 935 8).
1699 865 1796 925 Ac,

232 982 310 1038 per
336 966 427 1018 hoc
451 962 493 1018 si
527 962 662 1016 Deus
687 961 777 1016 lux
807 969 907 1025 est,
931 969 983 1015 et
1013 959 1152 1014 Deus
1181 958 1412 1013 Charitas
1443 965 1524 1012 cst
1548 1000 1562 1024 ,
1593 955 1774 1026 profe-

231 1068 300 1113 cto
323 1053 540 1110 charitas
565 1051 652 1107 lux
683 1052 794 1120 ipsa
821 1061 921 1116 est,
952 1067 1071 1121 qua:
1099 1049 1407 1104 diffunditur
1445 1050 1497 1104 in
1526 1047 1776 1102 cordibus

231 1145 400 1204 nostris
445 1160 535 1215 per
578 1142 832 1212 Spiritum
878 1150 1119 1196 sanctum
1156 1142 1242 1212 qui
1293 1142 1447 1195 datus
1494 1148 1577 1194 est
1620 1139 1774 1194 nobis

235 1239 386 1309 (Rom.
409 1252 460 1301 v,
485 1234 562 1306 5).
589 1233 718 1288 Item
749 1232 875 1288 dicit
902 1251 915 1286 :
947 1232 1046 1297 Qui
1065 1233 1168 1285 odit
1193 1236 1401 1302 fratrem
1429 1247 1592 1294 suum,
1624 1231 1678 1284 in
1703 1239 1774 1284 te-

231 1329 369 1385 nebris
396 1336 462 1382 est
490 1343 641 1396 usque
665 1326 832 1379 adhuc
856 1323 899 1397 (Ι
920 1324 1076 1380 Joan.
1101 1341 1160 1390 ιι,
1194 1323 1302 1395 ll).
1335 1325 1452 1379 Ista:
1477 1332 1602 1379 sunt
1624 1332 1772 1377 tene-

232 1421 339 1485 brae,
379 1419 429 1472 in
457 1433 582 1487 quas
611 1417 857 1472 diabolus
887 1426 940 1471 et
968 1417 1140 1486 angeli
1168 1415 1284 1485 ejus
1327 1415 1551 1470 multum
1581 1429 1771 1485 super-

229 1510 392 1566 biendo
422 1509 682 1580 progressi
709 1519 850 1563 sunt.
883 1508 1123 1562 Charitas
1149 1509 1291 1562 enim
1333 1523 1438 1562 non
1467 1508 1766 1575 aemulatur,

225 1621 311 1660 non
335 1602 534 1657 inﬂatur
555 1601 598 1671 (l
627 1600 744 1655 Cor.
781 1616 895 1667 xui,
927 1601 956 1655 Δ
975 1597 1016 1672 ).
1044 1599 1164 1654 Ideo
1192 1615 1296 1653 non
1329 1599 1624 1665 tumulatur,
1650 1600 1771 1669 quia

222 1713 306 1752 non
330 1696 530 1750 inﬂatur
560 1713 574 1750 :
604 1693 693 1749 tibi
714 1694 854 1749 enim
886 1693 1137 1764 prmcedit
1167 1691 1384 1758 inﬂatio,
1409 1692 1660 1747 continuo
1685 1707 1772 1747 se-

225 1788 376 1859 quitur
415 1787 709 1853 :emulatio;
756 1788 1005 1858 quoniam
1047 1786 1292 1856 superbia
1332 1795 1501 1841 mater
1525 1794 1606 1842 est
1633 1784 1770 1840 invi-

219 1882 400 1937 (lentim.

279 1977 355 2032 55.
385 1974 635 2031 Diabolus
666 1975 824 2046 igitur
851 1981 906 2030 et
929 1973 1101 2044 angeli
1127 1972 1243 2043 ejus
1270 1987 1299 2026 a
1328 1973 1448 2028 luce
1477 1980 1635 2042 atque
1662 1971 1768 2027 ler-

221 2084 326 2122 vore
348 2067 616 2122 charitatis
642 2065 855 2131 aversi,
904 2073 958 2120 et
985 2064 1141 2119 nimis
1186 2065 1238 2118 in
1282 2063 1582 2135 superbiam
1632 2063 1769 2117 invi-

219 2160 432 2230 diamque
457 2159 765 2230 progressi,
800 2158 945 2213 velut
968 2157 1174 2226 glaciali
1202 2157 1391 2212 duritia
1438 2165 1767 2226 torpuerunt.

220 2250 275 2305 Et
297 2250 403 2305 ideo
448 2265 548 2319 per
575 2251 791 2320 ﬁguram
822 2258 1072 2319 tanquam
1101 2249 1151 2302 in
1182 2248 1429 2319 aquilone
1456 2257 1727 2317 ponuntur
1754 2265 1767 2301 :

221 2342 337 2397 unde
358 2358 472 2397 cum
498 2343 684 2411 generi
712 2341 946 2396 humano
961 2341 1204 2396 diabolus
1234 2342 1526 2406 incubaret,
1550 2349 1773 2395 ventura

218 2435 357 2505 gratia
414 2433 710 2490 Salvaturis
772 2434 967 2488 dicitur
1030 2433 1082 2486 in
1146 2433 1363 2489 Cantica
1423 2434 1769 2500 canticorum,

219 2524 439 2597 Exsurge,
470 2526 664 2596 aquilo,
697 2537 745 2579 et
769 2527 898 2591 veni,
927 2535 1128 2591 auster,
1164 2528 1323 2595 per/Ia
1351 2526 1551 2580 hortum
1587 2543 1767 2592 meum,

218 2627 254 2671 et
280 2619 416 2687 ﬂuent
441 2617 712 2686 aromata(
728 2616 872 2673 Cant.
905 2633 977 2685 IV,
1004 2616 1129 2687 16).
1151 2618 1408 2689 Exsurge,
1441 2619 1527 2688 qui
1553 2619 1770 2684 irruisti,

219 2707 293 2778 qui
314 2708 531 2763 subditis
557 2708 837 2774 incumbis,
861 2709 949 2778 qui
974 2723 1244 2779 possessas
1266 2710 1463 2780 premis
1487 2727 1499 2763 :
1525 2726 1769 2781 exsurge,

221 2806 317 2852 uta
339 2807 419 2853 tuo
469 2799 708 2868 pondere
737 2799 952 2854 relevati
980 2800 1540 2871 erigantur,'quorum
1571 2804 1775 2856 animas

225 2892 485 2962 premendo
513 2893 767 2947 curvasti.
801 2891 868 2946 Et
895 2893 1033 2960 veni,
1071 2905 1258 2959 auster,
1291 2895 1489 2964 inquit;
1533 2896 1776 2966 spiritum

217 2980 438 3038 invocans
486 2985 706 3055 gratiae,
741 2984 952 3038 ﬂantem
983 2984 1051 3039 de
1093 2985 1314 3040 meridie
1362 2986 1507 3041 velut
1551 3002 1582 3041 a
1628 2996 1776 3057 parte

213 3075 393 3132 fervida
441 3085 501 3133 et
551 3076 812 3130 luminosa
834 3118 849 3143 ,
883 3086 939 3130 ut
968 3077 1133 3130 ﬂuant
1158 3087 1415 3132 aromata.
1447 3077 1600 3133 Unde
1629 3081 1774 3149 Apo-

215 3168 358 3222 stolus
390 3167 522 3222 dicit
553 3186 565 3219 :
598 3167 784 3221 Christi
819 3166 977 3221 bonus
1015 3167 1141 3221 odor
1183 3184 1355 3223 sumus
1390 3171 1441 3223 in
1484 3169 1620 3223 omni
1667 3171 1777 3224 loco

215 3256 272 3329 (Il
294 3257 402 3314 Cor.
430 3275 492 3321 ιι,
529 3256 640 3329 15).
676 3258 808 3312 llinc
832 3259 988 3312 etiam
1012 3259 1204 3314 dicitur
1224 3261 1274 3313 in
1298 3261 1525 3330 quodam
1550 3263 1774 3330 psalmo,

212 3345 461 3416 Converte,
492 3348 730 3414 Domine,
763 3350 1103 3420 captivitatem
1132 3361 1373 3416 nostram,
1419 3353 1548 3406 sicut
1585 3364 1778 3409 torrens

212 3441 255 3496 in
271 3451 428 3498 austro
461 3443 482 3513 (
513 3441 650 3496 Psat.
675 3459 834 3509 cxxv,
860 3444 918 3514 ι)
948 3461 960 3496 :
995 3445 1353 3514 captivitatem
1394 3447 1618 3514 scilicet,
1674 3464 1776 3519 qua

213 3534 296 3589 sub
335 3535 550 3589 diabolo
596 3545 840 3605 tanquam
885 3537 985 3590 sub
1012 3539 1260 3606 aquilone
1305 3539 1619 3595 tenebantur
1642 3582 1656 3608 ,
1686 3541 1776 3598 ubi

213 3626 504 3683 abundante
563 3627 838 3699 iniquitate
872 3627 1197 3700 l‘riguerant,
1238 3640 1293 3686 et
1347 3634 1573 3702 quodam
1619 3635 1778 3690 modo

215 3726 626 3795 congelaverant.
661 3723 794 3778 Hinc
821 3724 963 3779 enim
993 3733 1045 3778 et
1067 3725 1408 3796 Evangelium
1431 3728 1560 3782 dicit
1586 3747 1598 3782 :
1632 3729 1774 3794 Quo-

214 3815 332 3868 niam
354 3815 633 3870 abundabit
663 3816 918 3887 iniquitas,
952 3818 1235 3887 refrigescet
1264 3819 1483 3873 cltaritas
1510 3823 1779 3876 multorum

216 3905 415 3980 (Matth.
472 3926 608 3964 xstv
633 3951 646 3975 ,
677 3909 802 3981 12).
834 3911 904 3964 At
946 3925 1072 3965 vero
1123 3911 1284 3967 ﬂante
1331 3921 1510 3967 austro
1536 3957 1550 3979 ,
1583 3915 1780 3984 glacies

217 4003 507 4064 resolvitur.
538 4013 591 4058 et
619 4013 882 4060 torrentes
909 4004 1078 4059 ﬂuunt
1100 4047 1115 4070 ,
1147 4005 1198 4060 id
1224 4015 1307 4060 est
1331 4008 1560 4076 peccatis
1587 4009 1777 4064 remis~

214 4095 292 4161 sis,
321 4096 497 4166 populi
527 4095 594 4150 ad
619 4095 887 4152 Christum
918 4097 1178 4152 charitate
1202 4109 1546 4154 concurrunt.
1575 4100 1707 4154 Hinc
1725 4109 1781 4155 et

215 4185 322 4240 alibi
348 4203 604 4255 scriptum
637 4197 718 4241 est
744 4204 756 4241 :
785 4188 930 4243 Sicut
950 4189 1135 4259 glacies
1152 4189 1204 4242 in
1223 4205 1419 4257 sereno,
1442 4192 1514 4244 ita
1528 4190 1781 4246 solventur

215 4288 398 4345 peccata
432 4288 522 4331 tua
548 4276 744 4342 (Eceli.
768 4295 842 4341 Ill,
877 4279 939 4334 l7
955 4279 997 4351 ).
1715 4275 1734 4300 ‘

276 4371 499 4428 CAPUT
529 4371 715 4426 XXIII.
739 4403 806 4412 -——
831 4372 920 4428 56.
956 4373 1183 4428 Proinde
1209 4374 1481 4429 rationalis
1514 4383 1779 4445 creatura,

217 4464 311 4518 sive
333 4466 380 4519 in
405 4466 650 4534 angelico
678 4466 884 4535 Spiritu,
915 4468 1028 4521 sive
1055 4467 1106 4521 in
1132 4467 1306 4522 anima
1334 4468 1585 4535 humana,
1620 4471 1687 4524 ita
1706 4470 1784 4525 fa-

214 4565 285 4610 cta
310 4568 387 4612 est
409 4597 425 4623 ,
459 4567 519 4610 ιιι
552 4559 648 4612 Sibi
680 4558 789 4631 ipsa
817 4558 1012 4613 bonum
1039 4574 1144 4629 quo
1173 4559 1325 4615 beata
1370 4560 1491 4626 ﬁat,
1522 4578 1638 4617 esse
1677 4579 1782 4618 non

217 4651 398 4717 possit;
428 4650 520 4703 sed
567 4650 884 4705 mutabilitas
913 4651 1029 4720 ejus
1055 4654 1096 4705 si
1123 4662 1463 4709 convertatur
1487 4655 1553 4710 ad
1583 4657 1783 4712 incom-

216 4740 458 4796 mutabile
493 4741 710 4807 bonum,
744 4744 835 4796 ﬁat
871 4743 1022 4798 beata
1054 4761 1065 4796 :
1099 4745 1240 4801 unde
1276 4747 1321 4801 si
1350 4758 1651 4816 avertatur,
1680 4751 1782 4806 mi-

219 4845 325 4886 sera
353 4842 458 4887 est.
492 4833 713 4888 Aversio
741 4834 855 4904 ejus
885 4835 1067 4889 vitium
1093 4836 1206 4906 cjus
1230 4878 1245 4903 ,
1277 4845 1332 4892 et
1363 4841 1642 4896 conversio
1671 4843 1784 4911 ejus

218 4925 368 4982 virtus
390 4927 508 4996 ejus
538 4935 638 4982 est.
673 4927 868 4983 Natura
894 4944 1023 4999 ergo
1053 4945 1156 4985 non
1187 4939 1267 4985 est
1288 4932 1455 4999 mala,
1485 4934 1608 5004 quia
1632 4950 1783 4991 crea-

220 5027 324 5075 tura
349 5021 569 5092 Spiritus
594 5021 698 5076 vita
739 5024 755 5053 ¹
789 5031 870 5077 est
901 5024 1194 5091 rationalis,
1240 5042 1358 5096 qua:
1397 5028 1554 5082 etiam
1585 5030 1784 5099 privata

211 5110 344 5183 .bono
372 5113 524 5184 cujus
563 5115 965 5186 participatione
1009 5118 1338 5174 beatiﬁcatur
1361 5163 1375 5186 ,
1404 5121 1454 5176 id
1485 5133 1566 5178 est
1585 5164 1598 5190 ,
1627 5125 1784 5179 etiam

220 5201 416 5269 vitiosa,
451 5205 639 5261 melior
672 5215 753 5261 est
780 5222 845 5262 eo
875 5223 1098 5277 corpore
1133 5211 1272 5280 quod
1317 5228 1582 5269 summum
1610 5225 1694 5270 est
1732 5218 1784 5271 in

219 5297 536 5366 corporibus,
564 5298 615 5352 id
643 5307 744 5364 est,
777 5299 877 5354 hac
914 5300 1030 5356 luce
1067 5317 1184 5371 quae
1211 5305 1436 5360 sentitur
1463 5308 1630 5363 oculis
1664 5324 1783 5364 car-

219 5386 312 5452 nis,
342 5390 461 5460 quia
497 5398 552 5446 et
581 5390 691 5460 ipsa
730 5399 814 5446 cst
860 5407 1054 5463 corpus
1102 5412 1114 5447 :
1164 5397 1307 5450 oumi
1345 5408 1521 5453 autem
1557 5415 1784 5470 corpore

219 5481 453 5549 quaelibet
471 5483 782 5553 incorporea
805 5493 987 5539 natura
1005 5488 1339 5555 praestantior
1357 5497 1471 5544 est:
1497 5504 1599 5544 non
1621 5493 1780 5558 mole,

220 5572 330 5642 quia
359 5574 568 5630 nonnisi
593 5592 878 5648 corporum
905 5587 987 5634 est
1012 5581 1204 5645 moles,
1235 5581 1328 5636 sed
1351 5581 1398 5636 vi
1427 5582 1652 5652 quadam
1682 5600 1782 5654 qua

221 5665 608 5736 supergreditur
634 5681 849 5724 omnem
877 5669 1233 5741 phantasiam,
1260 5688 1414 5743 quam
1443 5674 1643 5729 volutat
1670 5677 1784 5731 ani-

274 5838 292 5876 ⁶
323 5836 391 5891 lts
411 5842 518 5896 uss.
540 5851 596 5894 ss
619 5856 788 5896 excusi
803 5845 1003 5910 habent,
1027 5853 1222 5911 spiritus
1240 5855 1348 5903 mue
1368 5855 1437 5902 est
1454 5852 1717 5907 rationalis.

3365 384 3473 442 563

1885 507 2002 546 mllS
2043 492 2282 544 haustam
2325 490 2390 545 de
2433 488 2677 546 sensibus
2705 493 2962 563 corporis.
2991 494 3096 552 Sed
3121 499 3468 568 quemadmn-

1883 585 2008 638 dum
2036 586 2086 638 in
2113 584 2241 655 ipsis
2286 584 2596 654 corporibus
2624 601 2686 640 ea
2714 601 2832 656 quae
2859 586 3109 644 inferiora
3143 598 3266 646 sunt
3284 633 3299 657 ,
3328 593 3469 649 sicut

1887 685 2026 731 terra
2055 686 2108 730 et
2137 692 2270 746 aqua
2299 685 2352 731 et
2381 675 2494 746 ipse
2520 692 2632 742 aer,
2661 678 2879 732 meliora
2907 678 3039 734 ﬁunt
3065 684 3470 754 participatione

1884 768 2118 822 melioris
2139 808 2155 832 ,
2179 767 2231 822 id
2265 776 2367 835 est,
2398 784 2516 823 eum
2549 769 2667 823 luce
2711 769 3078 827 illuminantur
3100 814 3115 839 ,
3160 782 3215 829 et
3258 776 3470 835 fervore

1882 868 2196 929 vegetautur
2226 877 2237 912 :
2260 861 2337 914 sic
2355 859 2682 931 incorporea:
2699 870 2962 916 creaturae
2989 863 3276 921 rationales
3298 866 3468 937 ipsius

1881 949 2149 1006 Creatoris
2176 952 2308 1006 ﬁunt
2338 953 2742 1023 participatione
2770 955 3039 1022 meliores,
3068 972 3189 1013 cum
3209 959 3260 1015 ei
3285 960 3467 1018 colla:-

1882 1051 2001 1098 rent
2042 1044 2324 1114 purissima
2367 1052 2422 1100 et
2465 1046 2798 1102 sanctissima
2842 1046 3130 1116 charitate;
3162 1067 3266 1122 qua
3292 1054 3467 1112 omni—

1881 1136 2041 1192 modo
2070 1138 2113 1191 si
2144 1137 2430 1204 caruerint,
2453 1139 2844 1206 tenebrescunt,
2867 1148 2922 1196 et
2949 1140 3308 1201 obdurescunt
3329 1163 3462 1218 queo

1880 1228 2181 1284 dammodo.

1951 1324 2038 1379 57.
2087 1322 2316 1379 Proinde
2358 1324 2597 1380 inﬁdeles
2641 1324 2883 1382 homines
2911 1328 3144 1384 tenebrae
3171 1339 3326 1399 sunt;
3357 1338 3452 1404 qui

1878 1433 1976 1488 per
2007 1417 2164 1473 ﬁdem
2190 1418 2434 1474 conversi
2472 1419 2540 1474 ad
2575 1420 2761 1485 Deum,
2789 1421 3013 1491 quadam
3042 1425 3316 1493 praemissa
3341 1427 3470 1484 ιιιιι.

1879 1511 2281 1567 minationelux
2311 1511 2460 1565 ﬁunt.
2494 1510 2552 1566 In
2576 1529 2677 1582 qua
2713 1513 3042 1582 proﬁciendo
3078 1516 3124 1570 si
3157 1533 3222 1572 ex
3266 1517 3369 1575 ﬁde
3387 1520 3458 1575 ad

1879 1604 2114 1674 speciem
2152 1605 2493 1674 pervenerint
2513 1647 2526 1670 ,
2556 1613 2613 1659 ut
2641 1605 2692 1659 id
2720 1605 2862 1676 quod
2892 1607 3116 1664 credunt
3139 1609 3298 1665 etiam
3335 1627 3468 1668 con-

1878 1695 2104 1765 spicere,
2137 1695 2273 1750 sicut
2297 1704 2496 1750 tantum
2518 1696 2716 1751 bonum
2740 1703 2915 1765 potest
2935 1699 3193 1770 conSpici,
3226 1717 3467 1759 merean-

1877 1795 1984 1853 tur,
2019 1788 2303 1857 perlectam
2329 1788 2588 1858 recipient
2611 1789 2893 1860 imaginem
2921 1791 3016 1846 Dei
3047 1810 3061 1846 :
3093 1792 3281 1849 talibus
3321 1796 3464 1852 enim

1876 1877 2007 1932 dicit
2036 1878 2323 1948 Apostolus
2349 1920 2366 1945 ,
2395 1877 2593 1934 Fuistis
2619 1880 2894 1950 aliquando
2927 1881 3176 1949 tenebris;
3205 1901 3339 1940 nunc
3369 1904 3468 1942 au-

1879 1979 1979 2023 tent
2000 1970 2090 2024 lux
2112 1969 2165 2023 in
2187 1964 2410 2024 Domino.
2431 1970 2450 2039 (
2466 1970 2603 2041 Epit.
2633 1986 2688 2036 ν,
2722 1971 2799 2043 8).
2827 1972 2994 2027 Porro
3012 1973 3256 2032 diabolus
3283 1987 3340 2034 et
3364 1994 3466 2036 an-

1879 2064 1983 2134 geli
2012 2063 2148 2132 ejus,
2180 2063 2415 2118 tenebrae
2437 2073 2562 2118 sunt
2583 2063 2888 2119 inﬁdelibus
2909 2064 3213 2123 hominibus
3229 2072 3463 2128 exterio-

1876 2170 1966 2210 res
1997 2156 2012 2186 ί
2047 2173 2060 2207 :
2091 2154 2208 2225 plus
2244 2155 2388 2208 enim
2412 2155 2479 2210 ab
2502 2154 2590 2208 illa
2614 2154 2872 2212 charitate
2895 2157 3108 2225 aversi,
3139 2167 3194 2216 et
3223 2160 3275 2215 in
3305 2175 3466 2218 suum

1877 2246 2070 2303 fastum
2097 2248 2617 2318 obstinationemque
2642 2249 2907 2319 progressi
2953 2260 3096 2306 sunt.
3125 2252 3191 2306 Et
3215 2255 3465 2324 quoniam

1879 2350 2120 2396 extremo
2157 2339 2358 2409 judicio
2383 2339 2626 2394 Christus
2651 2339 2889 2396 dicturus
2915 2350 3000 2397 est
3024 2344 3104 2398 eis
3131 2359 3266 2414 quos
3292 2345 3358 2400 ad
3389 2348 3467 2401 si-

1878 2434 2099 2488 nistram
2126 2433 2424 2498 discernet,
2453 2430 2535 2485 Ite
2564 2431 2618 2485 in
2648 2433 2814 2503 ignem
2835 2442 3097 2501 teternum,
3131 2437 3217 2505 qui
3257 2448 3467 2506 paratus

1879 2535 1950 2579 est
1980 2523 2179 2577 diabolo
2209 2534 2256 2577 et
2285 2523 2480 2594 angelis
2504 2524 2613 2594 ejus
2644 2522 2663 2595 (
2689 2522 2875 2577 Matth.
2911 2540 3048 2591 xxv,
3071 2526 3135 2581 M
3158 2525 3208 2596 );
3235 2525 3319 2582 his
3347 2545 3465 2585 ma-

1880 2617 2037 2686 lignis
2061 2616 2340 2685 spiritibus
2367 2615 2790 2686 conjungendos,
2818 2617 3082 2688 simulque
3106 2618 3459 2688 damnandos,

1880 2709 2008 2764 dicit
2039 2709 2204 2762 ituros
2253 2709 2308 2762 in
2335 2707 2583 2763 tenebras
2619 2709 2934 2773 exteriores,
2966 2708 3019 2762 id
3047 2718 3131 2764 est
3157 2710 3212 2764 in
3245 2712 3472 2767 societa-

1882 2812 1989 2859 tem
2024 2803 2284 2874 pcenalem
2311 2801 2508 2857 diaboli
2535 2811 2590 2857 et
2615 2801 2924 2872 angelorum
2954 2801 3094 2871 ejus.
3133 2802 3269 2858 Huic
3292 2819 3468 2874 poena:

1881 2895 2207 2951 contrarium
2235 2905 2320 2950 est
2344 2893 2485 2965 quod
2507 2894 2648 2948 bono
2675 2907 2832 2948 servo
2856 2891 3068 2960 dicitur,
3098 2891 3248 2948 Intra
3273 2895 3326 2950 in
3349 2913 3473 2967 gau-

1882 2989 2024 3043 dium
2048 2988 2239 3042 domini
2259 2988 2332 3041 tui
2362 2986 2533 3059 (Ibid.
2565 2984 2657 3060 25)
2683 3002 2698 3052 ;
2730 2994 2790 3041 ut
2816 2997 3015 3058 quanto
3034 2997 3157 3044 sunt
3175 2989 3290 3044 ista:
3317 2997 3467 3046 tene-

1883 3084 1994 3138 brae
2021 3081 2312 3137 exteriores
2338 3123 2352 3148 ,
2397 3088 2542 3134 tanto
2592 3080 2662 3134 sit
2703 3079 2880 3135 lumen
2910 3079 3041 3135 illud
3081 3080 3323 3137 interius.
3352 3081 3473 3138 Non

1884 3177 2000 3232 lucc
2027 3192 2122 3247 per
2164 3175 2403 3230 locorum
2445 3173 2723 3229 intervalla
2753 3173 2900 3228 inani
2928 3172 3299 3243 phantasmate
3326 3178 3474 3246 cogi-

1884 3269 2043 3323 tanda
2069 3277 2194 3323 sunt
2223 3285 2235 3321 :
2270 3267 2459 3322 localia
2488 3266 2658 3337 spatia
2704 3281 2812 3322 non
2838 3274 3109 3336 occupant
3147 3266 3250 3321 nisi
3274 3281 3470 3338 corpo-

1883 3377 2002 3416 rum
2040 3359 2230 3414 moles.
2271 3358 2389 3414 Non
2431 3368 2513 3414 est
2546 3357 2649 3414 hoc
2690 3358 2908 3429 Spiritus
2941 3356 3062 3414 vita:
3086 3399 3100 3424 ,
3130 3374 3238 3414 non
3263 3367 3344 3415 est
3371 3357 3474 3417 hoc

1883 3454 2061 3508 anima
2091 3451 2364 3508 rationalis
2388 3493 2402 3518 ,
2435 3451 2604 3506 multo
2646 3451 2822 3505 minus
2868 3450 3010 3505 Deus
3053 3451 3288 3506 omnium
3315 3450 3473 3507 beni-

1883 3544 2170 3614 gnissimus
2191 3543 2452 3606 conditor,
2472 3542 2865 3612 etjustissimus
2893 3541 3187 3597 ordinator.
3213 3539 3472 3597 Volunta-

1885 3637 2024 3690 tibus
2052 3643 2108 3690 et
2129 3635 2404 3690 affectibus
2425 3634 2522 3688 ista
2544 3633 2628 3687 vel
2652 3631 3008 3703 propinquare
3032 3631 3116 3687 vel
3145 3631 3302 3702 longe
3327 3631 3465 3700 ﬁeri,

1885 3728 1966 3782 vel
1997 3729 2195 3782 intrare
2221 3727 2305 3781 vel
2335 3726 2482 3780 exire
2502 3724 2769 3780 dicuntur.
3208 3795 3230 3798 _
3269 3794 3310 3801 κ

1957 3822 2046 3875 58.
2088 3820 2191 3876 Sed
2235 3819 2356 3890 quia
2389 3818 2531 3873 malo
2557 3833 2718 3889 opere
2744 3860 2757 3883 ,
2791 3817 2844 3873 id
2881 3826 2964 3874 est
3006 3796 3472 3874 tenebroso—dele:

1885 3922 2094 3968 ctantur
2137 3913 2413 3978 facientes,
2441 3922 2689 3967 secutura
2714 3920 2798 3966 est
2823 3919 3002 3967 autem
3035 3927 3191 3982 pcena
3210 3925 3330 3981 qua).
3356 3921 3470 3966 tor-

1885 4016 2064 4076 queat,
2095 4006 2215 4061 idco
2238 4007 2492 4059 Dominus
2516 4004 2600 4059 ubi
2624 4004 2776 4069 dixit,
2811 4002 3036 4057 tenebras
3062 4001 3352 4066 exteriores,
3374 4000 3472 4056 ad-
3580 4060 3585 4064 _

1884 4098 2019 4154 didit
2041 4099 2221 4162 etiam,
2250 4096 2327 4149 Ibi
2349 4097 2438 4150 erit
2455 4098 2601 4164 ﬂetus
2619 4103 2663 4148 et
2684 4094 2872 4148 stridor
2886 4093 3110 4146 dentium
3133 4108 3152 4144 :
3180 4106 3250 4146 ne
3277 4091 3472 4145 talibus
3559 4089 3582 4176 ξ

1885 4188 2361 4250 delectationibus,
2414 4186 2658 4256 qualibus
2723 4184 2808 4238 hic
2875 4182 3042 4253 iniqui
3089 4181 3434 4254 perfruuntur
3463 4225 3480 4247 ,

1885 4280 2099 4352 quando
2121 4279 2426 4334 inﬁdelitate
2446 4287 2604 4347 atque
2620 4274 2872 4345 injustitia
2889 4275 3286 4339 tcuebrescunt,
3309 4274 3475 4330 etiam
3551 4306 3560 4333 ι

1888 4373 1944 4428 in
1969 4373 2059 4427 illo
2079 4371 2340 4442 supplicio
2369 4385 2426 4425 se
2453 4383 2643 4424 usuros
2665 4367 2943 4423 dementer
2981 4366 3318 4430 existiment;
3347 4367 3473 4438 quia

1892 4466 2035 4522 enim
2065 4465 2304 4519 volentes
2334 4463 2528 4532 injuste
2575 4469 2796 4515 utuntur
2835 4459 3022 4526 bonis,
3059 4459 3205 4529 juste
3231 4456 3478 4514 nolentes

1893 4561 2266 4616 cruciabuntnr
2316 4556 2490 4611 malis.
2551 4553 2702 4610 Unde
2753 4561 2977 4624 possunt
3032 4552 3190 4608 etiam
3241 4550 3478 4606 tenebrae

1891 4653 2182 4708 exteriores
2226 4647 2448 4718 intelligi
2474 4661 2646 4717 putate
2687 4645 3027 4717 corporales;
3064 4658 3258 4713 corpus
3277 4643 3478 4712 quippe

1891 4755 1974 4802 est
2010 4745 2199 4799 animae
2242 4740 2478 4797 exterius
2508 4756 2520 4793 :
2565 4748 2622 4793 ut
2663 4738 2768 4793 sint
2795 4736 2987 4792 animae
3013 4734 3150 4789 mala
3176 4774 3192 4800 ,
3221 4731 3413 4802 quibus
3442 4746 3477 4786 a

1894 4835 2169 4890 charitatis
2197 4832 2316 4886 luce
2359 4845 2545 4886 aversa
2575 4843 2728 4885 mens
2771 4827 2823 4882 in
2867 4824 3097 4896 peccatis
3134 4821 3470 4886 oblectatur,

1893 4937 2087 4983 extera:
2113 4935 2166 4981 te
2178 4925 2388 4988 nebrre;
2416 4923 2655 4993 corporis
2680 4929 2856 4976 autem
2886 4916 3022 4972 mala
3047 4957 3062 4982 ,
3089 4913 3283 4986 quibus
3310 4923 3476 4970 aster-

1892 5019 1978 5074 nis
2021 5018 2072 5072 in
2103 5017 2260 5072 ﬁnem
2308 5013 2643 5085 torquebitur
2667 5054 2682 5078 ,
2715 5009 3006 5066 exteriores
3035 5013 3272 5062 tenebrae
3295 5047 3310 5074 ,
3342 5020 3477 5075 quas

1892 5110 2035 5166 solas
2067 5109 2254 5165 timent
2277 5107 2365 5178 qui
2387 5105 2565 5162 servili
2589 5101 2760 5158 adhuc
2781 5101 2972 5154 timore
2990 5097 3315 5153 detinentur.
3342 5095 3477 5150 Nam

1892 5204 1935 5258 si
1957 5203 2036 5259 eis
2062 5202 2248 5257 liceret
2270 5202 2322 5254 in
2356 5200 2461 5254 illis
2482 5196 2680 5252 exteris
2703 5207 2823 5265 qua:
2846 5201 2973 5248 sunt
3001 5191 3054 5245 in
3085 5190 3338 5262 peccatis,
3368 5188 3474 5242 im-

1894 5311 2035 5365 pune
2064 5308 2277 5364 semper
2295 5291 2435 5347 volvi
2464 5298 2518 5345 et
2544 5286 2761 5352 involvi,
2790 5287 3029 5356 prolecto
3067 5295 3334 5354 nunquam
3359 5279 3476 5333 vel-

1892 5388 2003 5442 lent
2048 5385 2303 5442 accedere
2345 5383 2411 5437 ad
2452 5382 2640 5443 Deum,
2668 5387 2723 5434 et
2763 5375 3068 5441 illuminari,
3115 5382 3170 5429 et
3212 5371 3477 5429 inhaerere

1893 5476 1967 5532 illi
2017 5491 2112 5547 per
2158 5473 2510 5540 charitatem,
2565 5470 2654 5525 ubi
2698 5476 2780 5524 est
2811 5468 2969 5524 timor
2999 5471 3214 5529 castus,
3264 5474 3477 5531 perma-

1899 5585 2031 5625 nens
2070 5569 2122 5624 iu
2153 5567 2402 5624 sreculum
2430 5564 2608 5620 saeculi
2644 5582 2655 5616 :
2686 5563 2775 5633 qui
2805 5562 2963 5617 timor
2984 5572 3092 5613 non
3115 5554 3345 5622 cruciat,
3378 5553 3477 5609 sed

1959 5730 2150 5790 imo.
2195 5726 2468 5793 ardentm
2507 5723 2786 5793 ιιοηιίηίυιιε.
2831 5717 3110 5793 deterior“
3157 5723 3214 5793 ιιι
3243 5716 3480 5793 ξιρςιίρτίε

1895 5801 2022 5844 notae
2045 5780 2150 5843 Mss:
2197 5780 2396 5903 ὶῖξίιιρηῐ,
2442 5786 2720 5841 exteriores.
2745 5785 2819 5835 sic
2841 5783 2988 5836 etiam
3008 5782 3206 5847 Engypii
3235 5781 3349 5834 odd.
3371 5780 3472 5834 duo

1893 5869 2035 5908 manu
2061 5867 2210 5905 exara
2233 5868 2265 5903 ι.
3284 5904 3292 5908 _

3205 5904 3292 5937 s-"“
