3990 6396
186 321 277 379 583
1302 312 1730 373 ΕιηετοιιΑΒυ

1837 308 2091 370 ILASSIS
2129 312 2212 371 ιη.

183 442 283 491 sunt
301 430 607 511 cogitationes
629 434 729 481 tua:
754 425 927 497 (Pssl.
950 440 1067 491 tot;
1080 425 1158 497 6).
1188 427 1251 481 Et
1274 427 1463 481 iterum
1490 443 1502 479 :
1527 426 1733 481 Iudicia

3321 325 3427 386 568

1838 441 2017 480 amare
2040 425 2182 495 quod
2212 424 2407 482 laudat.
2440 426 2520 484 De
2547 426 2648 483 hac
2673 439 3063 500 consequenter
3091 433 3253 490 dicit:
3280 437 3425 496 Scire

184 536 257 579 tua
292 524 418 578 velut
449 521 647 597 abyssus
682 520 841 575 multa
874 518 1041 591 (Psal.
1064 535 1250 585 xxxv,
1291 522 1368 591 7).
1402 520 1537 576 Hine
1574 520 1734 591 igitur

183 620 248 675 eat
285 616 405 672 illud
442 613 705 683 Apostoli,
750 612 891 682 quod
933 611 1310 682 requirendum
1360 612 1501 668 inter
1539 617 1731 668 tut-tera

184 690 381 783 pus/nisti
411 724 422 756 :
456 686 620 779 Hujus
645 703 719 775 rei
742 704 927 783 gratia,
946 702 1135 773 inquit,
1164 704 1311 773 flecte
1338 718 1505 775 genua
1530 720 1640 756 mea
1665 702 1735 757 ad

184 782 362 869 atrem
391 795 584 851 Domini
620 794 778 849 nostri
812 782 937 848 Iesu
964 792 1149 860 ειιήιιί
1168 828 1184 857 4
1214 810 1277 848 επ
1312 810 1410 865 ¹1¹¹⁰
1450 796 1614 848 omni,
1640 804 1734 865 ΡΜ

181 890 362 942 ternitas
401 870 453 940 in
492 886 626 939 ca'lis
671 895 719 940 et
742 886 815 955 in
858 894 992 938 terra
1036 886 1358 950 nominatur;
1402 894 1454 939 ut
1487 885 1568 939 det
1599 886 1733 941 vobis

179 980 419 1051 secundum
458 966 652 1053 divitias
693 977 871 1050 gloriae
910 992 1016 1032 sua!
1059 979 1242 1032 virtute
1284 979 1601 1033 corroborari
1644 994 1732 1049 per

182 1056 401 1139 Spiritum
438 1070 573 1147 ejus,
615 1070 669 1141 in
712 1069 935 1123 interiori
982 1069 1183 1123 homine
1218 1069 1443 1124 habitare
1480 1069 1730 1124 Christum

180 1180 251 1233 per
280 1162 426 1237 ﬁdem
452 1162 502 1214 in
536 1160 770 1237 cordibus
800 1162 1001 1225 vestris,
1048 1171 1103 1214 ut
1148 1160 1199 1213 in
1241 1161 1487 1216 charitate
1515 1160 1730 1215 radicttti

180 1264 219 1311 et
261 1236 450 1327 [sudati
497 1254 811 1329 prevaleatis
863 1253 1277 1324 comprehendere
1336 1268 1449 1308 cum
1501 1253 1733 1308 onmibus'

179 1339 363 1421 iunctis,
393 1362 506 1416 qua!
538 1347 601 1400 sit
640 1346 901 1416 longitudo
935 1356 980 1399 et
1017 1345 1264 1412 latitudo,
1294 1346 1508 1400 altitudo
1533 1355 1580 1400 et
1611 1350 1741 1414 pra-3.

179 1439 401 1509 fundunt;
425 1439 551 1493 scire
572 1439 723 1511 etiam
751 1438 1190 1508 supereminentem
1218 1439 1477 1492 scientimn
1504 1438 1739 1492 charum.

178 1522 231 1584 tis
257 1527 460 1593 Christi,
500 1538 555 1582 ut
591 1528 901 1597 impleamiui
940 1527 991 1581 in
1032 1544 1227 1581 omnem
1254 1526 1611 1597 plenitudinem
1635 1526 1739 1582 Dei

178 1612 409 1699 (εμιμηι.
445 1602 509 1673 is
544 1606 655 1699 t9),
854 1688 860 1695 δ

232 1698 439 1767 CAPUT
488 1694 677 1766 XX“.
706 1738 772 1749 —
798 1694 885 1764 (i5.
935 1708 1164 1764 Attende
1206 1709 1382 1764 omnia
1426 1708 1723 1780 diligenter.

176 1798 324 1877 [iusz
358 1799 430 1855 rei
447 1842 460 1860 .
495 1784 702 1881 inquit,
724 1801 898 1878 gratia
925 1800 1071 1873 ﬂecto
1096 1817 1261 1871 genua
1288 1816 1397 1853 mea
1426 1801 1493 1853 ad
1524 1798 1729 1855 Putrem

177 1892 350 1947 Domini
375 1893 532 1947 nastrt'
558 1890 684 1947 Iesu
711 1892 927 1954 Christi,
957 1909 1017 1946 ea:
1043 1909 1141 1963 quo
1177 1893 1337 1946 omnis
1374 1894 1647 1961 paternitas
1677 1894 1731 1948 itt

174 1987 287 2040 caelis
320 1994 363 2039 et
397 1985 449 2037 in
487 1994 623 2038 terra
664 1980 963 2038 nominatur.
1009 1984 1214 2050 Quaeris
1240 1983 1390 2053 cujus
1420 1986 1493 2038 rei
1524 1984 1687 2053 gratia
1709 2003 1727 2040 :

175 2069 265 2130 hoc.
280 2089 427 2143 supra
459 2060 709 2139 dixerat,
738 2072 950 2145 Propter
975 2073 1108 2142 quod
1132 2064 1244 2145 pcto
1278 2090 1376 2127 non
1403 2075 1650 2141 infirmari
1674 2075 1728 2128 in

173 2160 547 2225 tribulationibus
588 2166 708 2219 meis
748 2183 839 2235 pro
877 2166 1012 2220 voltis
1064 2166 1173 2219 lloc
1198 2180 1325 2235 ergo
1352 2166 1431 2219 eis
1459 2174 1637 2235 optat,
1671 2176 1727 2221 ut

174 2273 259 2312 non
283 2258 610 2312 intirnzeutur
640 2258 693 2311 in
721 2246 1143 2329 tribulationibus
1170 2257 1407 2325 Apostoli
1426 2290 1443 2321 ,
1472 2272 1603 2326 quas
1634 2274 1727 2324 pro

174 2348 257 2404 illis
297 2334 619 2413 sustinebat,
664 2357 717 2402 et
764 2358 976 2416 propter
1022 2349 1121 2401 boc
1161 2362 1330 2419 genus
1374 2347 1615 2401 llectcbat
1659 2346 1725 2402 ad

171 2441 371 2497 Palmm.
402 2432 633 2497 Proinde
664 2458 765 2496 non
795 2426 1048 2495 inﬁrmari
1078 2442 1216 2495 unde
1247 2426 1350 2495 iliis
1372 2442 1462 2507 sit,
1490 2443 1728 2510 sequitur

172 2543 215 2588 ct
251 2534 405 2588 dicit:
442 2531 512 2587 Ut
556 2522 638 2586 det
682 2532 814 2586 vobis
852 2520 1124 2586 secundum
1166 2532 1365 2601 divitias
1405 2532 1582 2601 gloria:
1622 2542 1729 2592 sua

170 2626 320 2679 uirtute
348 2614 665 2679 corroborari
701 2641 791 2701 uer
824 2624 1053 2696 spiritum
1093 2624 1218 2694 ejus.
1252 2624 1344 2678 lla:
1382 2631 1505 2677 sunt
1530 2623 1726 2678 divitia:
1756 2678 1759 2679 ν

170 2716 227 2772 de
258 2706 433 2788 quibus
460 2716 588 2770 dicit
624 2732 637 2768 :
669 2715 713 2769 Ο
741 2714 954 2768 altitudo
983 2713 1309 2767 divitiarum!
1336 2714 1556 2767 Abditas
1583 2714 1723 2768 enitn

172 2807 338 2863 habent
361 2824 572 2874 causas,
602 2807 689 2861 ubi
715 2808 873 2861 nullis
903 2806 1105 2861 meritis
1133 2805 1573 2875 praiccdcntibus,
1599 2803 1725 2874 quid

170 2894 425 2965 babentus,
453 2897 598 2968 quod
630 2914 735 2952 non
763 2896 1106 2965 accepimus?
1147 2886 1347 2951 Deinde
1370 2897 1638 2966 sequitur,
1670 2905 1728 2950 et

167 2990 271 3059 quid
293 2984 453 3058 optet,
484 2974 725 3060 adjuugit
752 3007 765 3043 :
793 2986 860 3042 In
888 2988 1109 3041 interiori
1128 3028 1145 3053 ,
1172 2986 1368 3060 inquit,
1398 2988 1597 3042 homine
1628 2986 1724 3040 ha-

168 3080 299 3134 bitare
334 3068 585 3134 Lhriitum
616 3096 705 3151 per
733 3064 883 3149 [idem
919 3083 971 3133 in
1009 3077 1241 3133 cordibus
1270 3079 1463 3133 vestris.
1498 3079 1617 3133 llaec
1642 3086 1727 3134 est

166 3172 251 3224 vita
286 3162 559 3239 cordium,
608 3187 709 3241 qua
755 3172 977 3226 vivimus
1024 3172 1076 3225 in
1119 3172 1370 3226 stcculum
1415 3170 1629 3236 stnculi,
1657 3170 1728 3225 ab

168 3262 300 3319 milia
332 3258 448 3319 mea
494 3254 662 3334 usque
700 3263 763 3317 ad
810 3264 964 3317 tinem
1006 3246 1218 3331 speciei.
1267 3260 1334 3317 Ut
1368 3263 1420 3315 in
1457 3262 1721 3329 charitate,

167 3340 338 3427 tuquit,
380 3344 595 3409 radicati
633 3366 680 3411 et
719 3346 919 3426 fundati
960 3355 1273 3425 praevalentis
1305 3354 1724 3426 comprehendere

167 3448 261 3500 cum
299 3437 529 3501 onntibui
570 3436 775 3501 sanctis.
828 3446 928 3500 Ista
975 3456 1057 3500 est
1101 3446 1404 3500 eomnmuio
1447 3447 1722 3514 cujusdam

166 3536 331 3592 divina:
358 3539 700 3607 cmlestisque
729 3534 1064 3606 reipublicae;
1098 3537 1222 3592 hinc
1251 3546 1555 3592 sumantur
1595 3554 1723 3607 pau-

165 3642 328 3699 peres,
361 3643 466 3683 nOn
501 3643 595 3681 sua
625 3635 923 3696 quaerentes
944 3669 961 3693 ,
991 3624 1084 3681 sed
1113 3644 1228 3695 qua-
1256 3625 1299 3681 J.
1320 3642 1385 3682 su
1414 3627 1641 3693 Christi;
1676 3627 1725 3683 id

166 3729 257 3783 est,
288 3737 385 3773 tttnt
417 3714 698 3773 commoda
728 3718 927 3788 privata
958 3726 1250 3785 sectmtes,
1283 3719 1376 3773 sed
1408 3721 1456 3772 in
1484 3735 1727 3773 Commu-

167 3827 237 3871 ue.
266 3812 343 3866 ubi
369 3812 518 3867 salus
541 3811 777 3865 omnium
807 3822 920 3874 est,
951 3812 1289 3868 consulentes
1319 3832 1331 3866 :
1362 3828 1482 3868 nam
1508 3814 1577 3869 de
1611 3815 1729 3884 ipso
1768 3848 1771 3851 -

168 3919 281 3969 [little
319 3921 423 3973 quo
470 3903 603 3957 tales
644 3911 978 3963 saturantur,
1017 3903 1245 3973 quodam
1286 3905 1402 3959 loco
1444 3906 1727 3973 Apostolus
1768 3920 1771 3923 ‘

167 3992 296 4048 dicit.
327 3980 473 4049 Unus
513 3992 662 4064 panis
683 4032 698 4059 ,
725 4010 882 4046 unum
914 4010 1132 4063 corpus,-
1168 3995 1311 4048 multi
1333 3984 1507 4050 sumus
1543 3996 1581 4066 (.l
1606 3995 1723 4050 Cor.

170 4100 217 4145 ι.
248 4086 343 4156 17).
384 4070 522 4152 Quid
563 4100 692 4157 ergo
729 4070 1223 4155 comprcbeuderei
1258 4084 1385 4150 Qute
1407 4087 1508 4151 sit,
1536 4087 1724 4155 inquit,

168 4175 387 4239 latitudo,
437 4178 576 4232 sicut
604 4163 856 4247 jamdixi
880 4219 893 4241 ,
934 4178 983 4231 in
1020 4174 1171 4231 bonis
1209 4178 1495 4247 operibus,
1537 4179 1730 4249 quibus
1770 4212 1773 4213 ν

169 4256 520 4345 ιιι-ιιυνοίυιιιίὁ
546 4270 830 4341 porrigitur
856 4285 1019 4340 usque
1044 4269 1110 4324 ad
1140 4270 1432 4339 diligendus
1455 4271 1727 4337 inimicos;

169 4369 208 4411 et
229 4358 502 4435 longitudo,
535 4370 590 4415 ut
615 4350 1005 4431 longanimiter,
1035 4377 1131 4434 pro
1162 4350 1259 4435 bac.
1287 4362 1578 4429 latitudine,
1612 4380 1727 4417 mo-

169 4450 317 4508 le~tizc
348 4432 672 4516 toiereutur;
695 4463 743 4507 et
764 4453 998 4519 altitudo,
1019 4432 1072 4507 ut
1095 4470 1189 4523 pro
1211 4432 1290 4509 bis
1311 4467 1565 4511 aeternum
1587 4440 1732 4526 quod

170 4540 213 4594 in
234 4544 469 4612 supernis
501 4538 581 4598 est
607 4545 908 4615 pra'mium,
950 4562 1052 4599 nntt
1082 4562 1274 4601 vanum
1304 4547 1499 4618 aliquid
1523 4557 1731 4619 tempo-

170 4630 262 4687 rale
289 4620 563 4700 speretur;
594 4624 639 4688 et
665 4623 972 4711 profundum
991 4676 1006 4701 ,
1036 4636 1171 4689 unde
1191 4638 1413 4711 gratuita
1444 4640 1608 4708 gratia
1640 4639 1731 4695 Dei

171 4722 443 4805 lecundutn'
466 4712 807 4809 secretum.
832 4708 1065 4809 abdittnn
1092 4708 1379 4797 voluntatis
1404 4729 1515 4799 ejus
1531 4729 1729 4784 existit.

172 4805 235 4869 lbi
253 4800 388 4871 enim
411 4806 625 4871 radicati
646 4859 661 4883 ,
700 4800 768 4873 ibi
791 4808 972 4872 sumus
994 4800 1192 4871 fundati
1218 4836 1230 4870 :
1255 4819 1494 4883 radieati,
1520 4831 1735 4890 propter

174 4898 559 4978 agriculturam;
606 4891 840 4975 fundati,
887 4920 1100 4983 propter
1135 4910 1535 4965 a‘tliticatianem
1566 4930 1578 4965 ε
1614 4928 1734 4982 qua:

176 4994 401 5071 quoniam
433 5004 539 5058 non
567 4998 649 5058 est
675 4992 743 5057 ab
770 5002 1003 5063 homine.
1030 4987 1154 5057 dicit
1179 5003 1283 5057 alio
1307 5004 1421 5056 loco
1444 5003 1580 5058 idem
1607 5020 1735 5075 apoa

178 5097 346 5165 stolas,
375 5090 468 5151 Dei
491 5084 799 5167 agricultura
821 5095 967 5162 estis,
995 5080 1086 5148 Dei
1108 5095 1376 5163 ludificatio
1402 5096 1518 5148 estis
1569 5093 1727 5165 (Ibid.

178 5200 253 5253 tu,
287 5172 361 5258 9).
394 5186 503 5242 lloc
530 5195 696 5241 totum
736 5176 908 5257 agitur
934 5201 1051 5240 cum
1085 5187 1134 5239 in
1166 5185 1263 5240 bac
1294 5195 1469 5239 nostra
1501 5186 1733 5257 pcregri-

179 5266 373 5334 natione
423 5278 556 5335 fides
609 5294 703 5349 per
754 5260 1085 5333 dilectionem
1139 5260 1407 5346 operatur.
1454 5278 1508 5331 ln
1560 5280 1737 5347 futuro

178 5368 337 5425 autem
364 5362 556 5427 itecqu
582 5358 810 5442 perlecta
842 5379 894 5425 ct
922 5352 1073 5440 plena
1097 5369 1325 5425 cbaritas
1352 5373 1465 5425 sine
1495 5371 1597 5424 ulla
1625 5386 1737 5425 ma-

178 5458 331 5539 lorum
361 5448 651 5525 inierautia,
687 5476 791 5515 non
819 5444 919 5517 {ille
943 5460 1112 5516 Credit
1137 5460 1273 5539 quod
1303 5477 1405 5514 non
1434 5460 1608 5526 videt,
1640 5476 1739 5517 nec
1780 5528 1783 5529 ν

181 5563 263 5613 Spe
290 5530 541 5606 desiderat
575 5542 713 5622 quod
750 5566 854 5604 non
890 5559 1065 5615 tenet;
1097 5536 1188 5604 sed
1231 5540 1284 5603 in
1320 5558 1573 5604 :rtcrnum
1604 5552 1741 5604 veri-

182 5638 295 5696 tatis
323 5641 794 5713 incommutabilem
824 5644 1052 5710 Speciem
1084 5646 1345 5710 contempt
1366 5642 1557 5706 -bitnr,
1588 5644 1739 5710 cujus

182 5729 289 5785 siue
317 5730 419 5788 ltuit
453 5734 686 5805 quietum
727 5748 862 5807 opus
893 5733 1032 5801 erit,
1066 5730 1278 5788 laudare
1307 5732 1449 5804 quod
1477 5744 1647 5791 amat.
1685 5743 1741 5789 et

1835 522 1986 575 etiam
2027 521 2474 589 suprreminentem
2516 524 2776 577 scientiam
2821 526 3078 581 cltaritutis
3116 527 3329 597 Christi,
3368 543 3422 586 ut

1835 613 2150 683 impleamini
2176 614 2230 667 in
2254 629 2450 668 omnem
2477 613 2837 685 plenitudinem
2865 614 2980 671 Det.

1856 784 1859 787 ὗ
1905 705 1993 761 64.
2023 706 2078 761 In
2111 707 2212 762 hoc
2249 706 2503 779 mysterio
2555 707 2717 777 tigum
2762 711 2937 763 crucis
2976 711 3289 768 ostenditur.
3314 715 3415 785 Qui

1834 798 1975 852 enim
2006 800 2125 868 quia
2156 799 2320 853 voluit
2358 809 2596 853 mortuus
2631 809 2734 862 est,
2763 801 3032 870 quotttodo
3066 805 3231 861 voluit
3279 818 3419 863 mor"-

1834 895 1957 943 tuus
1980 899 2081 943 est.
2116 888 2231 944 Non
2271 890 2462 945 frustm
2502 891 2656 959 igitur
2687 893 2789 947 tale.
2818 908 2986 962 genus
3020 896 3206 951 mortis
3235 898 3416 968 elegit,

1833 980 1934 1034 nisi
1959 990 2013 1034 ut
2045 986 2095 1036 in
2124 997 2190 1037 eo
2210 999 2419 1053 quoque
2451 984 2743 1039 latitudinis
2774 984 2947 1053 hujus,
2976 998 3026 1041 et
3051 987 3414 1059 longitudinis,

1831 1080 1886 1125 et
1910 1072 2218 1135 aItTtndiuis,
2242 1083 2294 1127 et
2318 1073 2686 1142 profunditatis
2713 1077 2963 1146 magister
2986 1079 3255 1135 existeret.
3284 1081 3414 1137 Nam

1834 1157 2058 1217 latitudo
2096 1173 2177 1217 est
2226 1164 2277 1216 in
2320 1178 2386 1218 eo
2427 1164 2567 1235 ligno
2595 1167 2737 1234 quod
2788 1178 3144 1223 transversum
3184 1170 3419 1243 desuper

1837 1253 2046 1324 (igitur:
2081 1255 2180 1309 hoc
2210 1256 2275 1309 ad
2306 1255 2441 1310 bona
2482 1272 2642 1325 opera
2686 1259 2949 1326 pertinet,
2976 1262 3094 1329 quia
3131 1262 3200 1315 ibi
3228 1274 3415 1318 exten-

1832 1344 2032 1401 duutttr
2051 1361 2259 1401 manus.
2294 1346 2591 1417 Longitudo
2617 1348 2666 1401 iu
2688 1365 2753 1402 eo
2772 1352 2911 1418 quod
2934 1351 3001 1403 ab
3032 1351 3143 1419 ipso
3166 1354 3304 1423 ligno
3328 1367 3419 1409 us-

1832 1450 1936 1504 que
1980 1435 2049 1492 ad
2080 1446 2273 1491 terram
2316 1439 2661 1506 conSpicuum
2703 1451 2826 1493 est:
2866 1440 2936 1493 ibi
2974 1442 3114 1495 enim
3155 1444 3415 1512 qundam-'-

1831 1526 1990 1580 tnodo
2019 1536 2204 1589 statur.
2232 1528 2282 1582 id
2304 1531 2738 1597 cst,.persistitur
2765 1540 2819 1585 et
2845 1544 3242 1600 perseveratur;
3272 1536 3416 1605 quod

1831 1614 2217 1686 longanimitatl
2248 1619 2514 1675 tribuitur.
2545 1620 2784 1676 Altitudo
2808 1630 2890 1675 est
2920 1622 2969 1675 in
2995 1638 3059 1678 ea
3093 1623 3215 1694 ligni
3244 1637 3411 1693 parte,

1830 1720 1950 1777 qua:
1977 1707 2044 1762 ab
2071 1708 2159 1761 illo
2185 1709 2328 1778 quod
2365 1719 2727 1765 trausrchum
2757 1712 2949 1783 ﬁgitur.
2978 1727 3190 1768 sursum
3228 1716 3418 1772 versus

1831 1798 2166 1867 relinquitur,
2198 1800 2303 1856 boc‘
2316 1809 2397 1859 est
2412 1799 2479 1855 ad
2504 1811 2663 1873 caput
2689 1802 2929 1857 crucitisi
2951 1819 2966 1865 ς
2987 1804 3109 1873 quia
3132 1805 3267 1861 bene
3291 1808 3416 1876 spe-

1829 1890 2061 1943 rautium
2104 1904 2334 1959 supcrna
2378 1896 2708 1961 exspectatio
2748 1904 2849 1949 est.
2877 1893 2994 1949 Jatn
3034 1912 3160 1951 vero
3198 1898 3322 1952 illud
3347 1915 3415 1957 ex

1831 1975 1973 2047 ligno
1996 1979 2135 2048 quod
2158 1996 2262 2034 non
2290 1994 2531 2051 apparet,
2560 1983 2699 2052 quod
2735 1984 2894 2037 lixnm
2922 1987 3241 2054 occultatur,
3273 1990 3414 2046 unde

1832 2077 1997 2124 totum
2027 2071 2150 2126 illud
2169 2075 2426 2143 exsurgit,
2453 2074 2865 2143 profunditatem
2890 2076 3411 2149 signitieatgratuita:

1826 2164 2009 2233 gratae
2041 2180 2054 2216 :
2084 2163 2134 2216 in
2163 2179 2269 2233 quo
2294 2165 2578 2221 multorum
2621 2166 2831 2236 ingenia
2864 2177 3210 2223 conteruntur
3236 2172 3286 2225 id
3325 2173 3411 2225 in-

1829 2258 2090 2323 vestigare
2131 2257 2410 2321 conantia,
2444 2266 2501 2310 ut
2537 2256 2601 2311 ad
2637 2264 2935 2312 extremum
2977 2260 3055 2314 eis
3093 2260 3316 2326 dicatur,
3364 2263 3411 2317 0

1827 2342 1979 2397 homo
2005 2353 2057 2397 tu
2083 2345 2194 2413 quis
2225 2362 2277 2400 es
2304 2347 2390 2415 qui
2426 2347 2727 2417 respondeas
2770 2348 2877 2401 Deo
2924 2348 3102 2418 (Rom.
3133 2367 3186 2406 ιι
3206 2391 3223 2418 ,
3252 2352 3324 2409 ΞΟ
3348 2352 3412 2427 )‘l

1899 2436 1987 2490 65.
2024 2436 2213 2491 Vivent
2253 2452 2381 2507 ergo
2419 2439 2581 2493 corda
2621 2449 2979 2496 saturatorum
3022 2450 3313 2512 pauperum
3356 2446 3412 2501 in

1828 2526 2083 2580 secutum
2113 2529 2329 2593 surculi;
2365 2530 2464 2583 hoc
2492 2538 2574 2584 est
2596 2531 2873 2589 humilium
2904 2533 3164 2591 cbaritate
3184 2536 3411 2607 ﬂagran-

1828 2616 1983 2682 tium,
2011 2635 2114 2671 non
2144 2634 2237 2673 sua
2266 2621 2645 2688 quaerentium,
2675 2622 2769 2677 sed
2813 2633 3118 2680 sanctorum
3156 2629 3413 2686 sbcic’late
3440 2660 3443 2661 ν

1827 2707 2188 2777 gaudentium.
2222 2710 2335 2765 Hoc
2375 2711 2619 2780 primitus
2658 2714 2707 2766 in
2750 2715 3018 2783 Apostolis
3070 2716 3267 2772 factum
3304 2728 3407 2775 est.

1828 2797 1933 2854 Sed
1978 2788 2241 2855 laudando
2281 2802 2440 2857 Deum
2461 2844 2476 2867 ,
2506 2802 2557 2857 id
2587 2813 2668 2857 est
2700 2805 3040 2873 praedicando
3065 2812 3286 2878 gratiam
3317 2812 3411 2868 Dei

1829 2888 1849 2962 (
1874 2892 2121 2960 quoniam
2148 2892 2345 2948 dictum
2370 2903 2472 2959 est,
2495 2893 2796 2949 Laudabunt
2827 2896 3102 2953 Dominum
3127 2902 3214 2970 qui
3239 2904 3408 2973 requi-

1828 2992 1944 3034 runt
1970 2983 2128 3053 eum),
2157 2983 2282 3052 quid
2326 2987 3045 3055 populorutuacquisierint,
3067 2990 3124 3045 in
3165 3006 3230 3046 eo
3264 2992 3410 3063 quod

1829 3074 2083 3142 sequitur,
2116 3073 2252 3127 vide.

1897 3162 2124 3219 CAPUT
2153 3163 2438 3220 XX\'ll.—
2454 3166 2539 3221 66.
2563 3163 3115 3234 Commemorabuntur,
3144 3171 3334 3242 inquit,
3361 3181 3412 3228 et

1828 3266 2176 3309 convertentur
2199 3257 2268 3309 ad
2297 3255 2565 3311 Dominum
2594 3259 2809 3313 univn'si
2844 3262 2969 3330 fines
2998 3270 3142 3316 terra:
3158 3277 3178 3325 ;
3210 3272 3257 3316 et
3282 3264 3410 3317 ado-

1828 3346 2011 3400 rabunt
2035 3348 2086 3402 iu
2115 3359 2380 3417 conspectu
2408 3350 2518 3420 ejus
2538 3351 2783 3406 universa:
2805 3354 2985 3422 patrita
3000 3355 3222 3425 gentium
3247 3370 3267 3410 :
3284 3372 3412 3425 quod

1830 3436 1967 3491 niam
2000 3436 2201 3493 Domini
2232 3449 2304 3493 est
2332 3457 2561 3512 regnum,
2588 3453 2634 3495 et
2664 3443 2771 3515 ipse
2803 3442 3141 3498 dominabitur
3163 3447 3405 3517 gentium.

1832 3525 1929 3583 Ille
1956 3529 2162 3594 irrisus,
2188 3532 2277 3586 ille
2297 3534 2601 3599 cruciﬁxus,
2636 3534 2726 3589 ille
2746 3534 3027 3589 derelictus
3055 3536 3157 3593 hoc
3185 3553 3407 3609 regnum

1830 3620 2057 3689 acquirit
2086 3640 2098 3675 :
2127 3630 2180 3676 et
2209 3622 2375 3677 tradet
2421 3624 2469 3677 in
2501 3626 2605 3680 line
2636 3626 2745 3680 Deo
2774 3636 2827 3681 et
2855 3627 2993 3680 Patri
3017 3642 3033 3692 ;
3076 3643 3178 3683 non
3205 3640 3261 3683 ut
3293 3629 3407 3698 ipse

1832 3713 2060 3776 amittat,
2085 3713 2177 3768 sed
2208 3715 2345 3783 qttod
2375 3716 2425 3769 in
2451 3717 2551 3771 ﬁde
2580 3719 2885 3782 seminavit,
2916 3734 3036 3773 eum
3064 3723 3209 3775 venit
3236 3724 3409 3779 minor

1834 3800 2007 3866 Patre,
2040 3805 2140 3859 hoc
2174 3805 2424 3873 perducat
2452 3807 2516 3860 ad
2560 3810 2790 3874 Speciem
2824 3809 2875 3863 in
2905 3826 3005 3881 qua
3047 3813 3270 3882 a'qualis
3303 3830 3410 3870 non

1831 3896 2055 3951 recessit
2078 3911 2105 3948 a
2140 3896 2313 3950 Patre.
2343 3895 2779 3954 Manducaverunt
2807 3910 2851 3954 et
2880 3903 3215 3958 adorarerunt
3242 3923 3414 3962 omnes

1832 3986 2172 4041 divitestcrra:
2201 4002 2221 4041 :
2245 3988 2434 4043 divites
2465 4000 2620 4044 terra:
2641 4033 2655 4053 ,
2686 3992 2945 4060 superbas
2982 3995 3274 4064 intelligere.
3317 3998 3415 4051 de-

1833 4076 2041 4143 bemus,
2067 4076 2110 4131 si
2143 4086 2284 4133 recte
2318 4080 2560 4145 superius
2582 4095 2859 4148 pauperes.
2896 4081 3123 4138 humiles
3150 4084 3410 4154 intellige-

1835 4169 2041 4227 bamus.
2073 4168 2139 4222 de
2167 4167 2358 4236 quibus
2392 4168 2442 4221 iu
2479 4168 2767 4239 Evangelia
2791 4171 2948 4231 dicit,
2986 4170 3132 4224 Beati
3165 4190 3411 4242 pauperes

1835 4261 2045 4331 spiritu,
2087 4259 2324 4331 quoniam
2362 4260 2585 4327 ipsorum
2622 4269 2694 4314 est
2737 4276 2949 4331 regnum
2997 4262 3237 4317 caelorum
3264 4279 3283 4318 :
3314 4266 3413 4335 ipsi

1835 4353 1977 4407 enim
2007 4361 2129 4405 sunt
2157 4352 2332 4429 mites,
2358 4352 2630 4422 lugentes,
2652 4353 2947 4407 esurientes
2976 4364 3028 4409 et
3056 4356 3297 4410 sitientes
3327 4356 3415 4423 ju-

1836 4446 2032 4523 stitiam
2053 4485 2066 4507 ,
2098 4428 2468 4499 misericordes
2491 4486 2505 4509 ,
2538 4444 2913 4502 nmudicordcs
2935 4488 2948 4509 ,
2983 4447 3183 4516 pacilici
3203 4488 3220 4515 ,
3242 4460 3296 4505 et
3321 4428 3412 4520 qui

1838 4535 2258 4606 persecutionem
2311 4536 2579 4606 patiuntur
2624 4546 2839 4604 preptcr
2886 4538 3179 4607 justitiam,
3220 4541 3413 4610 quibus

1837 4629 2304 4702 pra-dicatiouibus
2358 4628 2661 4700 singillatim
2729 4630 3106 4687 beatitudinem
3172 4632 3414 4701 adiunxit

1842 4723 2051 4796 (Matth.
2083 4739 2135 4787 v,
2160 4722 2333 4791 5-12).
2362 4721 2557 4777 Contra
2598 4738 2724 4792 ergo
2753 4724 2949 4779 divites
2975 4733 3131 4780 terrae
3169 4724 3270 4780 hoc
3294 4727 3413 4780 loco

1838 4816 2048 4885 superbi
2080 4813 2404 4884 intelligendi
2436 4823 2576 4870 Sunt.
2609 4814 2792 4884 Neque
2811 4817 2951 4870 enim
2979 4815 3167 4869 frustra
3198 4815 3266 4869 ita
3293 4816 3406 4871 dis-

1839 4906 1984 4963 tincti
2039 4914 2196 4968 sunt,
2230 4916 2285 4959 ut
2312 4905 2380 4959 de
2404 4907 2724 4975 pauperibus
2750 4922 2907 4976 supra
2935 4905 3219 4969 diceretur.
3247 4906 3412 4962 Edent

1839 5011 2103 5067 pauperes,
2128 5004 2174 5049 et
2197 4994 2593 5059 saturabuntur;
2620 4995 2704 5051 hic
2729 5011 2878 5062 vero,
2902 4994 3333 5051 Manducaverunt
3366 5009 3413 5053 et

1840 5088 2173 5140 adoraverunt
2218 5103 2387 5141 onmes
2427 5088 2602 5153 divites
2639 5097 2805 5141 terrae.
2852 5087 2919 5141 Et
2958 5088 3056 5156 ipsi
3092 5090 3287 5160 quippe
3315 5091 3411 5145 ad-

1840 5177 1980 5233 ducti
2011 5188 2133 5231 sunt
2166 5177 2231 5231 ad
2271 5194 2505 5232 mensam
2538 5177 2730 5231 Christi
2754 5218 2769 5242 ,
2805 5188 2859 5232 et
2885 5180 3145 5247 accipiunt
3183 5183 3251 5234 de
3289 5192 3407 5237 cer-

1842 5283 1969 5339 pore
1994 5277 2046 5321 et
2066 5270 2321 5340 sanguine
2342 5269 2454 5337 ejus
2477 5285 2490 5333 ;
2517 5268 2610 5321 sed
2636 5268 2859 5322 adorant
2889 5278 3113 5335 tantum,
3134 5272 3414 5326 nonetiam

1841 5368 2172 5425 saturantur,
2220 5361 2467 5428 quoniam
2529 5376 2631 5411 non
2690 5360 2981 5415 imitantur.
3036 5362 3413 5416 Mauducantes

1841 5452 1981 5508 enim
2029 5452 2376 5521 pauperem‘,
2410 5451 2760 5517 dedignantur
2796 5468 2913 5507 esse
2957 5468 3214 5521 pauperes
3245 5470 3257 5505 :
3286 5454 3407 5521 quia

1842 5542 2082 5599 Christus
2104 5559 2198 5613 pro
2229 5543 2379 5596 nobis
2408 5557 2587 5611 passus
2604 5552 2702 5603 (ut.
2732 5545 3033 5612 relinquens
3054 5544 3205 5597 nobis
3225 5558 3409 5620 cxcme

1912 5682 1924 5712 ¹
1964 5680 2076 5729 t‘dd.
2100 5678 2205 5727 [τινι.
2234 5688 2329 5727 .tm.
2358 5684 2494 5727 ctFr.
2519 5679 2737 5727 omittunt
2764 5689 3047 5739 pauperem;
3080 5690 3225 5741 qvam
3246 5686 3413 5730 vocem

1854 5742 2091 5792 exhibent
2113 5755 2285 5791 omnes
2307 5741 2512 5803 inspecti
2532 5753 2562 5790 a
2585 5741 2722 5789 nobis
2884 5749 2935 5791 ct
2955 5746 3065 5790 Lor.
