3990 6434
528 363 539 372 -
581 335 682 394 567

578 456 726 524 plum
760 457 814 506 ut
833 461 1121 521 sequamur
1147 446 1366 516 vestigia
1394 445 1509 515 ejus
1534 443 1590 515 (1
1615 440 1757 496 Petr.
1792 456 1863 508 ιι,
1892 440 2019 511 21).
2054 439 2157 496 Ve-

582 556 882 602 rumtamen
925 542 1066 614 quod
1107 541 1400 597 humiliavit
1441 537 1817 607 semetipsum,
1859 534 2028 590 factus
2056 532 2157 589 ob-

583 640 768 696 cdiens
819 651 987 708 usque
1040 633 1106 689 ad
1154 642 1415 694 mortem,
1456 638 1681 685 mortem
1719 638 1896 683 autem
1943 626 2152 692 crucis,

583 738 935 800 aspernantur
968 726 1189 791 divites,
1250 732 1305 779 et
1361 722 1549 778 similia
1605 720 1810 791 perpeti
1862 727 2152 790 respuunt,

579 830 786 875 tumore
814 819 854 883 ί,
885 832 989 871 non
1017 812 1375 885 magnitudine
1398 828 1413 872 ;
1444 810 1747 865 infirmitate
1767 824 1914 881 ergo,
1944 823 2049 863 non
2071 824 2155 862 sa-

577 913 762 969 nitate.
789 910 892 967 Sed
912 909 1031 981 quia
1057 909 1195 963 Deus
1226 906 1473 961 excitavit
1505 919 1625 959 eum
1651 919 1683 959 a
1702 903 1953 967 mortuis,
1976 910 2031 958 et
2054 901 2153 956 do-

577 1003 719 1059 navit
752 1003 799 1057 ci
839 1015 1030 1056 nomen
1060 997 1201 1069 quod
1238 1007 1321 1053 est
1358 1011 1520 1066 super
1542 1010 1700 1050 omne
1738 1008 1962 1059 nomen,
2000 1002 2057 1047 ut
2098 990 2151 1045 iu

576 1095 786 1148 nomine
826 1091 953 1147 Jesu
995 1091 1235 1145 flectatur
1274 1103 1431 1143 omne
1471 1103 1644 1158 genu,
1674 1085 1968 1142 eteleslium
1994 1125 2008 1149 ,
2042 1093 2151 1139 ter-

571 1185 840 1250 restrium,
871 1193 922 1239 et
945 1182 1270 1238 infernorum
1297 1180 1551 1254 (Philipp.
1579 1196 1640 1247 ιι,
1665 1177 1847 1249 8-l0);
1876 1177 2010 1231 fama
2044 1177 2153 1231 cel-

572 1276 817 1332 situdinis
859 1274 974 1344 ejus
1009 1282 1063 1329 et
1097 1274 1261 1343 gloria
1302 1272 1534 1327 nominis
1565 1270 1681 1340 ejus
1716 1269 1769 1323 in
1799 1267 2033 1323 Ecclesia
2062 1282 2153 1323 us-

568 1382 883 1438 quequaque
909 1366 1095 1420 ditl‘usa
1118 1364 1362 1435 permoti,
1382 1372 1434 1419 et
1455 1363 1554 1433 ipsi
1573 1359 1867 1417 veniuntad
1889 1373 2146 1422 mensam,

569 1458 890 1511 manducant
930 1465 984 1510 et
1020 1456 1275 1520 adorant;
1323 1470 1429 1509 non
1464 1463 1641 1509 tamen
1682 1459 2005 1515 saturantur,
2026 1451 2148 1519 quia

568 1565 673 1604 non
704 1547 943 1603 esuriunt
982 1554 1037 1601 et
1072 1546 1259 1601 sitiunt
1284 1544 1540 1615 justitiam
1576 1562 1589 1598 :
1625 1544 1754 1599 tales
1778 1544 1919 1598 enim
1946 1550 2149 1597 satura-

567 1643 782 1696 buntur.
800 1643 1113 1710 Quanquam
1138 1639 1366 1708 perfecta
1392 1640 1641 1694 saturitas
1664 1638 1718 1692 in
1745 1637 1833 1693 illa
1860 1634 1965 1690 vita
1989 1644 2147 1689 teter-

568 1750 635 1788 na
665 1732 784 1793 erit,
819 1747 941 1787 cum
971 1747 1037 1786 ex
1061 1732 1159 1786 ista
1183 1730 1606 1801 peregrinatione
1632 1729 1930 1785 venerimus
1958 1744 2023 1783 ex
2046 1726 2147 1782 tide

566 1826 631 1879 ad
662 1825 914 1895 speciem,
944 1823 1013 1877 ab
1045 1822 1263 1892 speculo
1301 1822 1367 1876 ad
1401 1818 1618 1883 faciem,
1662 1820 1727 1875 ab
1761 1821 2037 1891 aenigmate
2080 1819 2144 1873 ad

568 1916 898 1985 perspicuam
924 1914 1237 1978 veritatem;
1268 1928 1372 1967 non
1396 1920 1572 1967 tamen
1600 1910 2031 1966 inconvenienter
2056 1924 2144 1963 sa-

566 2015 772 2062 turatus
811 2004 1004 2060 dicitur
1033 2006 1381 2075 paupertate’
1408 2002 1637 2065 Christi,
1677 2002 1764 2071 qui
1810 2016 1905 2071 pro
1943 2000 2144 2072 justitia

565 2100 679 2167 ejus
701 2139 716 2161 ,
750 2098 851 2152 hoc
887 2107 969 2152 est
994 2110 1095 2167 pro
1128 2094 1530 2166 participatione
1558 2093 1714 2148 V’erbi
1741 2093 1955 2158 aeterni,
1987 2107 2141 2161 quam

564 2190 832 2245 inchoavit
859 2188 1070 2243 interim
1111 2188 1214 2242 fide
1237 2229 1252 2253 ,
1279 2186 1457 2241 omnia
1490 2185 1798 2254 temporalia
1833 2183 2142 2238 uon'solum

564 2290 921 2351 temperanter
961 2279 1253 2335 contemnit
1287 2278 1423 2332 bona
1443 2318 1456 2341 ,
1489 2291 1672 2331 verum
1700 2276 1858 2330 etiam
1885 2275 2144 2344 patienter

561 2374 783 2428 sustinet
806 2373 961 2426 mala.

633 2466 720 2521 67.
763 2465 921 2521 Tales
941 2465 1150 2519 fuerunt
1169 2464 1459 2535 piscatores
1485 2469 1538 2516 ct
1567 2461 1830 2532 publicani
1855 2477 1869 2525 ;
1897 2460 2018 2531 quia
2042 2461 2140 2516 ab-

561 2558 697 2624 iecta
726 2558 882 2629 hujus
910 2557 1093 2613 mundi
1116 2558 1294 2627 elegit,
1323 2566 1378 2612 ut
1397 2555 1743 2611 confunderet
1772 2554 1923 2609 fortia
1956 2554 1996 2625 (Ι
2018 2552 2133 2607 Cor.

565 2667 601 2714 t,
629 2649 719 2721 27)
753 2668 766 2704 :
794 2650 862 2705 de
889 2650 971 2705 his
999 2650 1198 2705 dictum
1228 2658 1343 2713 est,
1371 2648 1538 2703 Edent
1563 2665 1826 2719 pauperes,
1865 2656 1912 2701 et
1944 2656 2143 2700 satura-

563 2744 766 2797 buntur.
790 2743 895 2799 Sed
921 2744 1041 2813 quia
1072 2744 1226 2797 istam
1269 2742 1598 2798 saturitatem
1637 2756 1739 2796 non
1770 2740 1907 2811 apud
1938 2739 2141 2809 seipsos

562 2844 845 2890 tenuerunt
889 2834 1318 2906 (quodammodo
1365 2835 1505 2891 enim
1546 2841 1815 2888 ructantes
1858 2831 2137 2886 Dominum

561 2927 945 2991 laudaverunt;
975 2926 1026 2981 id
1060 2935 1171 2992 est,
1207 2926 1629 2996 praedicaverunt
1656 2932 1955 2994 qutet'entcs
1992 2936 2133 2985 eum,

559 3019 663 3073 hoc
689 3028 770 3077 est
796 3034 904 3074 non
931 3032 1028 3072 sua
1054 3026 1375 3088 quaerentes,
1408 3015 1504 3072 sed
1535 3016 1586 3071 in
1607 3029 1729 3070 enm
1758 3012 2017 3067 charitate
2046 3010 2139 3064 lla-

560 3108 821 3179 grantcs),
849 3124 1034 3164 eorum
1062 3107 1432 3178 prmdieatioue
1462 3113 1759 3161 commotus
1782 3111 1867 3157 est
1890 3101 2135 3167 mundus,

560 3210 620 3254 ut
648 3209 1132 3254 commemorentur
1149 3208 1203 3253 et
1226 3206 1598 3253 convertantur
1618 3195 1683 3249 ad
1709 3194 1989 3250 Dominum
2017 3192 2138 3247 uni-

562 3291 701 3346 versi
735 3290 866 3344 fines
890 3298 1064 3354 terrai,
1102 3298 1159 3343 et
1197 3288 1419 3343 adorent
1456 3288 1510 3342 in
1539 3296 1828 3357 conspectu
1865 3283 1984 3354 ejus
2018 3282 2137 3337 uni-

562 3397 731 3438 versa:
758 3381 941 3451 patria:
965 3381 1230 3449 gentium;
1256 3380 1492 3450 quoniam
1519 3378 1726 3432 Domini
1750 3386 1822 3432 est
1845 3393 2073 3446 regnum,
2092 3383 2139 3428 et

563 3477 669 3546 ipse
716 3473 1055 3528 dominabitur
1101 3472 1341 3542 gentium.
1389 3470 1499 3525 Hac
1537 3469 1790 3524 Ecclesia:
1832 3468 2139 3523 dilatatione

565 3566 723 3621 etiam
751 3564 989 3635 superbi,
1035 3562 1089 3618 id
1126 3571 1209 3618 est
1245 3562 1434 3616 divites
1473 3571 1628 3616 terra:
1656 3560 1871 3616 adducti
1915 3569 2037 3615 sunt
2085 3568 2141 3613 ut

562 3658 975 3720 manducarent;
1006 3665 1061 3711 et
1092 3656 1332 3727 quamvis
1369 3669 1475 3709 non
1519 3654 1738 3709 saturati
1760 3694 1775 3720 ,
1807 3662 1982 3708 tamen
2013 3653 2140 3710 ado-
2184 3668 2185 3671 ‘

562 3758 701 3803 rant.
735 3748 883 3803 Hunc
907 3748 1101 3818 quippe
1116 3747 1356 3801 ordinem
1390 3746 1667 3817 prophetia
1684 3746 1876 3801 Psalmi
1902 3745 2003 3800 hoc
2022 3746 2140 3801 loco

563 3840 750 3902 tenuit,
769 3854 924 3909 quem
943 3839 1181 3894 videmus
1200 3838 1427 3908 impleri.
1450 3837 1701 3907 Adjungit
1719 3845 1914 3904 autem,
1937 3835 1999 3891 In
2020 3852 2141 3890 con-

561 3939 733 4002 spectu
756 3931 868 4000 ejus
896 3930 1154 4000 procident
1182 3946 1352 3984 omnes
1380 3931 1465 3999 qui
1492 3930 1796 3984 descendunt
1832 3930 1885 3983 in
1913 3938 2099 3983 terram
2124 3944 2139 3981 :

562 4022 615 4077 id
642 4033 743 4086 est,
772 4036 962 4079 omnes
1000 4022 1137 4077 bona
1178 4020 1407 4076 amando
1448 4029 1680 4085 terrena,
1712 4036 1815 4075 non
1857 4020 1908 4074 in
1945 4020 2137 4076 ctelum

559 4114 870 4170 ascendunt.
908 4112 1022 4168 Non
1060 4114 1200 4168 enim
1230 4112 1429 4167 faciunt
1452 4112 1592 4182 quod
1620 4113 1696 4166 ait
1726 4112 2012 4181 Apostolus
2035 4154 2049 4178 ,
2081 4109 2141 4166 Si

557 4206 900 4261 resurrea‘istis
945 4222 1059 4259 cum
1104 4205 1320 4270 Christo,
1369 4220 1481 4275 quae
1517 4220 1715 4258 sursum
1754 4212 1868 4257 sunt
1912 4205 2138 4273 quwrite,

561 4299 645 4353 ubi
676 4298 905 4353 Christus
928 4308 1000 4354 est
1018 4299 1071 4352 in
1091 4298 1294 4353 dextera
1326 4296 1418 4351 Dei
1438 4297 1645 4361 sedens;
1674 4313 1785 4365 qua:
1806 4313 2004 4351 sursum
2024 4304 2140 4351 sunt

562 4390 761 4460 sapite,
790 4405 889 4442 non
920 4405 1033 4461 qua:
1058 4406 1210 4459 super
1237 4398 1419 4442 (errant
1450 4388 1679 4458 (Coloss.
1707 4405 1782 4455 Ill,
1819 4391 1870 4455 1,
1901 4388 1973 4459 2)
2004 4406 2015 4441 :
2046 4388 2140 4444 sed

562 4479 745 4551 potius
767 4463 963 4549 quanto
990 4478 1091 4532 sibi
1128 4479 1283 4533 bonis
1312 4479 1535 4532 terrenis
1572 4479 1833 4533 feliciores
1873 4480 2137 4546 videntur,

566 4578 717 4626 tanto
737 4569 904 4641 magis
932 4568 985 4623 in
1015 4576 1210 4624 terram
1227 4568 1573 4631 descendunt,
1603 4568 1702 4622 hoc
1723 4578 1821 4633 est,
1854 4569 1905 4623 in
1933 4578 2139 4626 terrena

565 4662 952 4733 deprimuntur.
983 4660 1051 4716 Et
1079 4660 1197 4716 ideo
1226 4662 1279 4715 in
1308 4668 1595 4730 conspectu
1627 4660 1743 4729 ejus
1765 4662 2059 4731 procident,
2088 4664 2139 4720 id

564 4763 667 4821 est,
699 4754 789 4809 ubi
829 4753 939 4823 ipse
967 4751 1143 4816 videt,
1175 4767 1280 4806 non
1312 4751 1400 4806 ubi
1433 4750 1673 4808 homines
1701 4753 1882 4809 vident
1924 4755 2013 4826 qui
2047 4770 2141 4811 eos

562 4847 804 4902 excelsos
824 4845 1181 4914 sublimesque
1206 4844 1546 4897 arbitrantur.

637 4937 861 4993 CAPUT
875 4935 1282 4991 XXVlll.—68.
1307 4934 1374 4988 Et
1401 4936 1589 5002 anima,
1619 4937 1804 5007 inquit,
1824 4956 1934 4994 mea
1953 4940 2049 5010 ipsi
2069 4943 2143 4995 vi-

566 5036 649 5083 vet
676 5043 693 5081 :
727 5027 826 5097 ipsi
858 5029 1055 5097 utique,
1088 5042 1193 5081 non
1222 5027 1352 5093 sibi,
1390 5026 1525 5082 sicut
1551 5029 1899 5098 superborum
1936 5032 2138 5101 privato

563 5121 710 5179 bono
742 5132 838 5173 suo
866 5118 1151 5174 ltetautium
1184 5161 1200 5185 ,
1242 5129 1296 5174 et
1334 5134 1362 5173 a
1399 5122 1667 5174 communi
1696 5123 1929 5176 omnium
1959 5123 2097 5180 bono
2117 5125 2138 5157 ⁸

567 5210 710 5283 quod
734 5210 874 5264 Deus
896 5217 997 5273 est,
1022 5209 1164 5265 inani
1184 5212 1412 5267 elatione
1433 5212 1803 5268 resilientium.
1823 5215 1935 5271 Hoc
1956 5218 2139 5288 utique

565 5303 882 5367 devitemus,
927 5308 982 5354 et
1022 5304 1286 5356 communi
1334 5305 1509 5373 potius
1547 5320 1674 5361 vero
1717 5310 1951 5364 omnium
1999 5311 2138 5367 bono

564 5396 787 5468 perfrui,
817 5408 974 5465 quam
1000 5392 1203 5463 privato
1240 5405 1420 5453 nostro
1457 5398 1688 5468 gaudere
1724 5416 2050 5471 quaeramus;
2082 5414 2139 5461 ut

629 5583 644 5646 τ
681 5579 750 5630 Ita
769 5586 879 5646 Issa.
901 5578 1279 5646 praestantiores.
1306 5586 1361 5630 At
1399 5586 1566 5633 excusi
1594 5584 1795 5646 habent,
1828 5584 2010 5638 timore.

628 5645 649 5675 ²
675 5643 861 5751 gggius
881 5641 1013 5700 Cod.,
1036 5653 1238 5705 pauper.
1264 5703 1271 5709 ‘
1375 5687 1381 5693 .
1784 5641 1792 5646 ⁷

629 5704 651 5734 ³
780 5737 793 5750 .
820 5712 921 5751 am.
958 5708 1033 5750 Er.
1060 5709 1112 5752 et
1152 5701 1375 5757 plerique
1397 5710 1503 5755 uss.
1550 5707 1748 5757 habent.
1771 5716 1817 5757 et
1835 5724 1865 5757 a
1902 5714 2141 5757 communi

629 5715 651 5734 ο
683 5715 793 5751 uad.
820 5715 921 5751 am.
959 5715 1033 5750 ει.
1060 5715 1112 5752 et
1152 5715 1375 5764 pteru‘ue
1397 5715 1503 5755 uss.
1552 5715 1748 5767 habent,
1771 5716 1817 5759 et
1835 5724 1865 5760 a
1902 5715 2139 5764 conmtuni

566 5762 775 5818 minium
822 5762 1077 5824 bonorum;
1098 5772 1149 5815 et
1192 5734 1336 5827 pauiu
1360 5775 1465 5830 post
1493 5782 1506 5816 :
1532 5781 1640 5821 vero
1662 5772 1870 5824 omnium
1894 5773 2133 5825 bonorum.

1799 326 1855 382 s.
1888 324 2249 384 AUGUSTINI
2279 326 2580 384 EPISCOPI
3710 345 3793 405 εὖ,

2264 439 2349 508 qui
2377 439 2566 505 vivunt,
2584 440 2696 511 jam
2717 457 2819 497 non
2841 440 2937 498 sibi
2958 441 3145 513 vivant,
3168 444 3305 503 sicut
3331 446 3405 503 ait
3426 448 3703 522 Apostolus,
3722 462 3793 514 sed

2263 530 2308 622 ei
2333 530 2421 599 qui
2449 546 2541 600 pro
2563 531 2936 599 ipsis'mortuus
2961 544 3037 591 est
3055 546 3101 590 et
3122 537 3396 594 resurrexit
3413 539 3476 613 (ll
3495 539 3605 598 Cor.
3632 548 3786 622 v,lS).

2262 621 2368 677 Pro
2394 622 2496 678 hoc
2513 623 2655 679 enim
2682 624 2942 682 mediator
2956 626 3180 685 eﬂ'ectus
3202 640 3305 695 est.
3332 640 3391 687 ut
3421 649 3515 691 nos
3532 621 3793 699 reconciliet

2261 712 2371 769 Deo
2399 727 2493 784 per
2530 712 2882 772 humilitatem
2906 758 2921 782 ,
2952 732 2982 772 a
3012 733 3118 789 quo
3145 736 3245 791 per
3276 721 3489 793 impiam
3531 731 3789 799 superbiam

2258 802 2416 875 longe
2454 819 2865 862 recesseramus.
2896 807 3080 880 Neque
3113 812 3259 867 enim
3309 822 3507 871 tantum
3535 817 3648 875 illud
3679 828 3789 881 scri-

2259 903 2406 963 ptum
2425 905 2526 961 est,
2548 897 2690 968 quod
2710 913 2869 969 supra
2898 903 3073 971 posui,
3106 901 3322 959 Initium
3350 909 3507 963 omnis
3534 916 3703 981 peccati
3720 934 3790 973 su.

2259 984 2465 1074 perbia;
2500 986 2596 1042 sed
2629 988 2790 1044 etiam
2828 988 2933 1046 hoc
2978 991 3049 1047 ibi
3089 992 3282 1064 legitur
3310 1014 3325 1051 :
3353 995 3555 1052 Initium
3589 1006 3793 1074 superbit:

2258 1073 2493 1169 hominis,
2511 1087 2798 1147 apostatare
2821 1097 2853 1134 a
2882 1080 2991 1137 Deo
3020 1081 3205 1155 (Eccli.
3234 1101 3294 1150 ιι,
3317 1086 3402 1153 ιι,
3432 1088 3537 1162 15).
3567 1089 3667 1149 Non
3690 1111 3790 1169 ergo

2256 1167 2356 1224 sibi
2382 1169 2528 1224 vivat
2546 1174 2788 1244 quisque,
2813 1173 2909 1229 sed
2932 1174 3174 1243 Christo;
3199 1178 3400 1236 faciens
3428 1197 3528 1238 non
3545 1167 3788 1254 suam,

2256 1258 2423 1330 ipsius
2448 1262 2774 1320 voluntatem
2792 1308 2806 1331 ,
2829 1274 2885 1322 et
2905 1284 3129 1325 manens
3152 1271 3206 1325 in
3238 1272 3355 1343 ejus
3382 1273 3651 1344 charitate;
3679 1282 3787 1341 sicut

2255 1359 2309 1405 et
2334 1352 2447 1422 ipse
2473 1352 2597 1409 fecit
2625 1356 2949 1414 voluntatem
2980 1359 3169 1425 Patris,
3203 1370 3260 1417 et
3286 1373 3464 1421 manet
3489 1365 3537 1421 in
3565 1369 3662 1437 ejus
3679 1374 3784 1429 cha-

2253 1444 2429 1501 ritate.
2458 1446 2583 1503 Haec
2602 1450 2797 1521 quippe
2818 1468 2914 1507 nos
2936 1452 3253 1518 admonens.
3286 1465 3341 1511 et
3355 1459 3588 1529 exemplo
3606 1476 3687 1517 suo
3711 1482 3787 1521 ex-

2252 1536 2495 1605 hortans,
2520 1541 2572 1596 in
2600 1542 2890 1615 Evangelio
2915 1561 3012 1601 suo
3038 1546 3253 1604 locutus
3282 1558 3364 1604 est
3393 1549 3560 1621 (Joan.
3587 1570 3666 1621 xv,
3692 1558 3781 1627 l0).

2251 1627 2307 1685 Si
2333 1638 2508 1687 autem
2536 1632 2649 1702 ipse
2676 1650 2799 1691 cum
2842 1635 2895 1691 in
2937 1636 3107 1693 forma
3136 1639 3231 1694 Dei
3261 1640 3477 1712 aequalis
3502 1654 3631 1700 esset
3653 1645 3783 1714 Patri,

2252 1731 2427 1780 tamen
2455 1740 2550 1796 per
2591 1728 2815 1782 formam
2859 1731 3019 1797 servi,
3060 1747 3220 1801 quam
3254 1742 3471 1804 propter
3491 1750 3580 1790 nos
3600 1739 3782 1810 accepit,

2252 1830 2359 1871 non
2389 1831 2538 1872 suam
2567 1818 2915 1887 voluntatem,
2943 1821 3037 1877 sed
3064 1822 3243 1879 Patris
3272 1839 3331 1879 se
3357 1824 3527 1881 facere
3557 1842 3784 1884 commcn-

2248 1906 2420 1974 davit;
2462 1919 2662 1979 quanto
2690 1910 2860 1982 magis
2888 1928 3008 1978 nos,
3051 1916 3269 1986 propria
3310 1916 3605 1990 privataque
3638 1931 3782 1977 nostra

2250 1998 2519 2057 voluntate
2566 2010 2871 2074 contempta
2912 2020 3015 2075 qua
3064 2008 3326 2064 tenebrati
3368 2026 3561 2075 sumus,
3600 2012 3657 2067 ad
3683 2013 3783 2070 illud

2248 2104 2531 2147 commune
2557 2092 2756 2159 lumen,
2782 2102 2843 2150 ιιι
2868 2096 3233 2154 illuminemur
3255 2109 3311 2155 et
3338 2101 3508 2157 vultus
3531 2103 3677 2159 nostri
3698 2120 3781 2162 non

2247 2182 2585 2248 entbescant,‘
2606 2184 2863 2243 debemus
2877 2189 3155 2259 accedere,
3179 2192 3323 2263 quod
3344 2193 3592 2250 illuminat
3608 2212 3780 2254 omnem

2248 2271 2517 2329 hominem
2542 2276 2841 2333 venientem
2887 2279 2943 2335 in
2984 2281 3125 2337 hunc
3162 2284 3419 2340 mundum
3458 2284 3563 2355 (Id.
3590 2302 3623 2353 t,
3650 2287 3712 2357 9),
3737 2298 3781 2345 ut

2248 2366 2426 2422 anima
2475 2379 2655 2423 nostra
2686 2369 2786 2440 ipsi
2816 2372 2984 2426 vivat!
3018 2374 3132 2430 Hoc
3167 2375 3311 2432 enim
3354 2377 3421 2432 de
3458 2378 3601 2434 nobis
3633 2395 3781 2437 consc-

2246 2467 2473 2528 quenter
2500 2460 2761 2532 adjungit,
2788 2478 2912 2519 cum
2948 2463 3096 2531 dicit,
3138 2466 3209 2520 Et
3253 2485 3418 2524 semen
3457 2488 3609 2525 meum
3642 2475 3781 2528 serviet

2245 2545 2325 2601 illi
2342 2564 2362 2602 :
2382 2550 2630 2620 quoniam
2659 2552 2748 2622 qui
2770 2554 2997 2609 seminat
3020 2554 3220 2611 bonum
3247 2573 3451 2626 semen,
3472 2559 3601 2616 filius
3620 2571 3689 2617 est
3709 2562 3780 2617 hoc

2245 2638 2434 2705 minis;
2463 2639 2658 2696 bonum
2688 2651 2864 2699 autem
2901 2659 3107 2712 semen,
3132 2647 3186 2702 hi
3217 2658 3343 2704 sunt
3368 2650 3458 2705 filii
3484 2651 3637 2723 regni.

2314 2732 2539 2789 CAPUT
2561 2732 2749 2791 XXIX.
2764 2765 2834 2776 --
2850 2737 2939 2792 69.
2961 2736 3087 2793 Hzec
3113 2754 3281 2811 porro
3300 2741 3473 2797 omnia
3488 2758 3596 2812 qua:
3612 2744 3657 2797 in
3669 2744 3779 2814 psal-

2246 2838 2335 2877 mo
2363 2824 2466 2878 isto
2490 2823 2630 2879 dicta
2657 2835 2800 2892 sunt,
2826 2827 2945 2897 quia
2973 2844 3077 2884 non
3107 2830 3174 2884 ad
3208 2846 3443 2900 przescns
3476 2842 3681 2904 tempus,
3707 2834 3776 2889 sed

2244 2914 2309 2971 ad
2332 2915 2627 2972 futurorum
2656 2918 2987 2991 prophetiam
3015 2922 3382 2991 pertinebant,
3413 2926 3543 2982 sicut
3566 2928 3702 2982 etiam
3718 2928 3777 2998 ip-

2244 3009 2319 3064 sis
2346 3009 2505 3065 rebus
2520 3021 2768 3081 apparet;
2795 3013 2873 3068 sic
2892 3029 3014 3071 eum
3034 3016 3357 3074 concludere
3372 3019 3550 3086 voluit,
3566 3028 3619 3075 ut
3635 3028 3776 3076 osten-

2244 3099 2396 3155 deret
2422 3116 2482 3157 se
2505 3116 2612 3158 non
2640 3106 2920 3173 praesentia
2946 3105 3339 3177 demonstrare,
3362 3111 3445 3167 vel
3462 3127 3657 3168 narrare
3670 3128 3774 3185 pra:-

2243 3191 2420 3257 terita,
2463 3191 2556 3247 sed
2595 3191 2768 3248 futura
2814 3195 3163 3266 prophetare:
3194 3200 3596 3268 Annuntiabitur,
3622 3202 3769 3275 inquit,

2246 3280 2467 3337 Domino
2494 3284 2749 3354 generatio
2789 3297 3015 3353 ventura,
3060 3298 3107 3344 et
3144 3293 3513 3347 annuntiabunt
3536 3294 3773 3365 ιωιὶίωὶ-

2245 3374 2368 3427 tiam
2392 3376 2501 3444 ejus
2522 3376 2713 3448 populo
2737 3378 2824 3448 qui
2847 3389 3099 3447 nascetur,
3121 3399 3272 3451 quem
3294 3386 3410 3456 fecit
3431 3385 3669 3442 Dominus.
3686 3384 3772 3442 Non

2243 3466 2337 3532 ait,
2361 3467 2774 3525 Annuntiabitur
2799 3470 3053 3526 Dominus
3068 3476 3400 3543 generationi
3426 3486 3668 3541 venturae;
3684 3475 3770 3541 sed,

2244 3557 2632 3615 Annuntiabitur
2650 3559 2868 3616 Domino
2893 3566 3146 3634 generatio
3168 3577 3417 3622 ventura:
3444 3568 3575 3640 quod
3602 3583 3692 3623 non
3713 3567 3771 3622 sic

2244 3651 2606 3721 accipiendum
2631 3662 2732 3719 est,
2759 3663 3005 3726 tanquam
3034 3658 3293 3714 nescienti
3326 3660 3515 3732 aliquid
3539 3658 3771 3714 annunlie-

2246 3750 2332 3797 tur
2355 3752 2411 3797 ut
2436 3743 2601 3809 sciat;
2630 3745 2725 3801 sed
2754 3747 2891 3802 sicut
2919 3750 3233 3805 annuntiant
3264 3752 3468 3824 Angeli,
3511 3769 3605 3808 non
3632 3753 3766 3809 solum

2244 3833 2397 3889 nobis
2425 3833 2677 3892 beneficia
2703 3836 2816 3905 Dei,
2845 3854 3028 3893 verum
3058 3842 3216 3897 etiam
3262 3843 3336 3899 illi
3373 3858 3547 3913 preces
3582 3853 3768 3898 nostras.

2243 3920 2375 3978 Nam
2402 3925 2653 3996 scriptum
2679 3936 2781 3993 est,
2811 3927 2903 3983 ubi
2954 3930 3174 4000 angelus
3213 3932 3512 3989 hominibus
3534 3933 3661 3998 dicit,
3686 3931 3769 4003 Ego

2246 4013 2404 4069 obtuli
2450 4018 2742 4072 meritoriam
2770 4020 3012 4075 orationis
3054 4032 3229 4078 vestrm
3267 4023 3414 4098 (Tob.
3441 4042 3529 4091 ιιι,
3559 4024 3664 4097 12);
3687 4039 3766 4078 non

2246 4114 2305 4161 ut
2333 4115 2460 4162 tunc
2487 4107 2628 4163 Deus
2668 4110 2876 4166 noverit
2899 4112 3023 4182 quid
3051 4113 3297 4181 velimus,
3332 4116 3414 4173 vel
3453 4132 3551 4188 quo
3574 4114 3767 4185 indigea-

2247 4212 2400 4261 mus;
2432 4195 2588 4253 Novit
2615 4200 2748 4254 enim
2778 4212 2920 4271 pater
2943 4213 3119 4268 tester,
3146 4206 3219 4262 ait
3246 4208 3515 4277 Dominus,
3538 4207 3646 4281 quid
3663 4204 3766 4261 vobis

2246 4293 2578 4345 necessarium
2605 4293 2671 4347 sit
2700 4294 2992 4366 priusquam
3024 4299 3202 4367 petatis
3231 4299 3295 4354 ab
3320 4317 3381 4356 eo
3406 4298 3598 4374 (Matth.
3623 4315 3684 4363 vt,
3705 4296 3763 4367 8):

2247 4383 2340 4440 scd
2367 4385 2485 4455 quia
2513 4401 2730 4443 necesse
2763 4387 2923 4443 habet
2952 4390 3224 4448 rationalis
3261 4402 3497 4449 creatura
3534 4393 3762 4463 obtempe-

2246 4490 2371 4532 rans
2393 4477 2522 4546 Deo,
2567 4480 2885 4549 temporales
2925 4495 3113 4538 causas
3140 4483 3207 4539 ad
3251 4494 3499 4543 :cternam
3537 4484 3762 4540 veritatem

2247 4566 2471 4635 referre,
2500 4569 2614 4624 sive
2642 4570 2867 4638 petendo
2894 4571 3033 4642 quod
3075 4589 3197 4646 erga
3238 4591 3299 4633 se
3336 4576 3443 4642 fiat,
3482 4577 3584 4632 sive
3607 4587 3762 4630 consu-

2247 4657 2407 4713 lendo
2433 4658 2560 4729 quid
2586 4658 2767 4725 faciat;
2795 4662 2883 4732 qui
2915 4662 3035 4733 pius
3053 4666 3244 4722 mentis
3259 4667 3474 4724 affectus
3490 4675 3583 4732 est,
3608 4673 3658 4720 ut
3676 4664 3759 4732 ipsa

2245 4756 2599 4818 construatur,
2616 4765 2721 4806 non
2748 4760 2803 4806 ut
2830 4752 2970 4809 Deus
2993 4754 3305 4814 instruatur.
3323 4758 3450 4815 Nam
3470 4766 3523 4814 et
3540 4758 3638 4811 haec
3649 4768 3759 4827 qua:-

2244 4840 2367 4896 dam
2386 4844 2700 4900 contestatio
2728 4845 3000 4903 rationalis
3019 4859 3279 4906 creaturae
3304 4859 3403 4919 est,
3428 4849 3558 4921 quod
3578 4863 3665 4903 non
3684 4843 3759 4899 sibi

2244 4936 2357 5007 ipsa
2384 4937 2455 4993 sit
2480 4938 2678 4994 bonum
2707 4955 2812 5009 quo
2844 4940 2996 4995 beata
3027 4942 3137 5010 fiat,
3177 4943 3269 4999 sed
3301 4942 3425 4999 illud
3462 4944 3756 4997 incommuta-

2242 5026 2351 5084 bile
2369 5027 2518 5098 cujus
2548 5030 2946 5099 participatione
2974 5033 3133 5087 etiam
3160 5035 3366 5104 sapiens
3391 5032 3615 5089 efficitur.

2314 5118 2404 5174 70.
2443 5118 2565 5174 Sive
2593 5120 2664 5175 ita
2694 5120 2892 5176 dictum
2929 5130 3034 5190 est,
3076 5124 3458 5179 Anuuntiabitur
3482 5121 3672 5177 Domino
3691 5133 3755 5188 ge-

2244 5212 2437 5267 neratio
2462 5222 2688 5281 ventura,
2718 5228 2781 5269 ac
2799 5214 2844 5270 si
2867 5215 3152 5282 diceretur,
3179 5217 3399 5273 Domino
3426 5207 3755 5287 placebuntqui

2245 5304 2631 5361 annuntiabunt
2654 5318 2760 5360 non
2791 5306 2925 5373 sibi;
2959 5317 3016 5362 ut
3041 5308 3114 5363 ita
3140 5308 3210 5363 sit
3234 5308 3450 5365 Domino
3472 5303 3752 5365 annuntiare,

2243 5400 2383 5456 sicut
2403 5408 2485 5456 est
2504 5400 2727 5456 Domino
2742 5399 2921 5458 vivere
2940 5418 2954 5456 :
2977 5401 3054 5457 sic
3073 5402 3270 5459 dictum
3286 5411 3383 5470 est,
3409 5402 3501 5469 Qui
3513 5397 3752 5455 manducet.

2245 5490 2468 5547 Domino
2504 5493 2808 5558 manducet;
2846 5502 2891 5548 et
2920 5494 3005 5565 qui
3029 5510 3128 5549 non
3159 5495 3435 5558 manducet,
3464 5491 3656 5547 Domino
3674 5498 3751 5538 non

2244 5584 2533 5641 manducet.
2560 5586 2641 5643 Ad
2668 5587 2769 5643 hoc
2797 5588 2991 5659 quippe
3018 5588 3238 5655 addidit,
3267 5589 3329 5644 Et
3346 5588 3523 5662 gratias
3541 5584 3631 5656 agit
3650 5579 3748 5638 οου.

2246 5686 2302 5732 ιιι
2329 5678 2699 5735 ostenderetur
2716 5679 2839 5751 quid
2855 5690 3015 5745 esset,
3036 5679 3250 5735 Domino
3268 5679 3555 5753 facit(Ilom.
3576 5687 3670 5737 ιιι,
3687 5668 3748 5737 6).

2251 5767 2301 5823 id
2332 5777 2430 5834 ρει,
2464 5771 2514 5826 in
2555 5771 2667 5841 ejus
2708 5770 2915 5826 laudem
2966 5771 3100 5827 facit.
3133 5773 3280 5830 Tunc
3314 5773 3444 5830 enim
3481 5777 3621 5831 recte.
3655 5771 3751 5819 ωηο
