3990 6386
194 314 276 374 ω,
823 346 827 350 .
1310 286 1703 350 EPJSTOLAttl

1829 290 2097 352 CLASSIS
2133 293 2218 351 lll.

178 429 309 500 juste,
335 432 444 477 tunc
477 417 560 490 ple
597 413 675 482 di,
707 429 829 472 cum
856 427 991 485 opus
1025 412 1221 468 bonum
1260 410 1313 465 in
1342 408 1456 477 ejus
1484 406 1694 500 laudem

175 499 221 575 ﬁt
239 517 366 584 cujus
389 511 544 583 gratia
573 509 803 563 donatur
822 515 881 561 ut
910 507 1017 559 ﬁat.
1046 505 1122 560 Ac
1150 518 1243 573 per
1269 500 1371 556 hoc
1398 499 1600 554 etiamsi
1631 513 1696 552 eo

172 610 300 669 modo
323 604 566 676 quispiam
595 601 712 656 haec
738 600 896 654 verba
929 597 1224 666 intelligere
1258 595 1403 658 velit,
1431 602 1487 648 ut
1510 608 1694 648 eorum

169 706 249 760 iste
272 700 388 754 ordo
409 696 495 760 sit,
527 693 926 748 Antiuntiabitur
945 690 1164 744 Domino
1188 689 1442 760 generatio
1467 697 1693 752 ventura,

166 797 205 852 id
221 802 307 856 est,
331 807 386 848 ea
425 788 699 860 generatio
724 783 1119 839 annuntiabitur
1143 798 1260 852 qua:
1300 781 1523 836 Domino
1563 795 1696 834 ven-

163 899 256 942 tura
279 892 369 949 est,
397 880 668 951 generatio
693 877 893 933 scilicet
928 874 1136 946 piorum
1175 883 1333 942 atque
1371 880 1694 936 sanctorum,

164 978 260 1048 quia
298 972 571 1041 impiorum
621 977 677 1022 et
720 966 1100 1022 sceleratorum
1145 962 1412 1032 generatio
1453 977 1555 1017 non
1591 962 1697 1016 Do-

165 1071 299 1131 mino,
330 1065 416 1122 sed
457 1065 557 1120 sibi
608 1071 826 1117 ventura
857 1059 1061 1116 estzab
1088 1057 1274 1113 eadem
1317 1055 1699 1126 signiﬁcatione

169 1179 250 1217 non
271 1158 538 1223 receditur,
579 1169 683 1226 qua
727 1152 1045 1222 intelligatur
1070 1150 1259 1204 animm
1290 1148 1621 1218 participatio
1645 1148 1698 1202 in

172 1258 386 1325 idipsuni;
413 1250 461 1306 id
485 1259 591 1313 est,
624 1246 933 1301 rationalem
961 1252 1278 1307 creaturam,
1311 1255 1432 1296 cum
1471 1240 1539 1295 sit
1577 1256 1697 1294 mu-

172 1347 327 1409 tabilis,
349 1357 446 1396 non
471 1340 580 1394 ﬁeri
605 1339 813 1392 beatam
842 1334 942 1389 nisi
963 1349 992 1387 a
1017 1333 1228 1402 proprio
1258 1346 1354 1386 suo
1379 1330 1699 1385 mutabiliad

172 1431 553 1493 incommutabile
582 1430 802 1492 bonum,
827 1425 1071 1494 idemque
1098 1437 1379 1477 commune
1405 1421 1544 1491 quod
1563 1423 1700 1477 Deus

171 1541 248 1592 est,
274 1544 298 1580 a
321 1541 417 1595 quo
446 1521 673 1592 superba
723 1519 992 1589 impietate
1020 1516 1243 1577 abstitit,
1282 1515 1467 1570 humili
1507 1514 1701 1582 pietate

171 1632 380 1676 conversa
403 1615 674 1670 subsistat.
705 1610 761 1665 ln
787 1627 893 1681 quo
914 1609 1102 1665 allectn
1126 1608 1426 1678 proﬁciens,
1451 1607 1699 1678 quidquid

172 1711 268 1767 boni
293 1709 422 1772 facit,
452 1705 678 1761 Domino
706 1703 850 1767 facit,
880 1702 981 1758 hoc
1017 1709 1099 1758 est
1123 1701 1174 1755 in
1201 1700 1316 1770 ejus
1345 1699 1574 1764 laudem,
1606 1716 1701 1755 cu-

168 1805 234 1873 jus
255 1801 457 1874 gratiam
499 1798 739 1870 percepit
768 1806 825 1851 ut
851 1795 1036 1859 faciat;
1069 1794 1207 1849 unde
1233 1802 1315 1849 est
1342 1793 1480 1848 actio
1505 1792 1702 1864 gratia-

171 1909 400 1963 mm,qu:c
426 1891 612 1944 intimo
640 1889 870 1943 ﬁdelium
900 1885 1155 1958 mysterio
1177 1885 1489 1940 celebratur.

221 1985 417 2041 CAPUT
447 1982 803 2041 XXX.—7l.
833 1980 961 2035 lllud
989 1979 1322 2050 autemquod
1352 1979 1608 2048 sequitur,
1638 1977 1703 2030 Et

166 2077 490 2132 annuntiabunt
523 2073 775 2145 justitiam
802 2074 911 2143 ejus
938 2070 1125 2142 papula
1153 2072 1237 2140 qui
1263 2079 1522 2136 nascetur,
1553 2087 1699 2140 quem

167 2171 258 2237 fecit
276 2168 530 2227 Dominus,
559 2164 850 2232 superioris
879 2178 1069 2217 sensus
1092 2161 1424 2216 conﬁrmatio
1449 2169 1547 2216 est.
1572 2161 1702 2215 Nam

165 2259 277 2330 quod
301 2258 364 2312 ibi
392 2257 588 2312 dictum
628 2265 744 2319 est,
777 2253 1168 2306 Annuntiabitnr
1201 2251 1416 2305 Domino
1454 2253 1704 2322 generatio

166 2361 375 2404 rentum:
405 2350 505 2402 hoc
543 2355 627 2401 est
654 2345 850 2400 dictum
879 2344 993 2408 hic,
1022 2343 1388 2397 annuntiabunt
1418 2345 1431 2374 ¹
1453 2344 1704 2413 justitiam

166 2443 269 2511 ejus.
306 2440 414 2508 Ipsa
440 2437 636 2508 quippe
673 2435 944 2505 generatio
981 2448 1098 2503 qua:
1133 2441 1353 2486 ventura
1393 2433 1702 2502 preplietata

165 2540 232 2586 est
255 2533 444 2601 piorum
501 2537 661 2597 atque
691 2533 994 2580 sanctorum
1018 2565 1034 2588 ,
1059 2523 1258 2592 justitia
1287 2525 1307 2554 ³
1342 2523 1433 2576 Dei
1465 2533 1567 2588 est,
1600 2540 1703 2577 non

165 2625 365 2692 ipsorum
392 2641 404 2674 :
430 2636 498 2676 ne
536 2620 644 2674 sint
668 2634 731 2672 ex
763 2617 866 2673 illis
892 2617 983 2687 qui
1011 2617 1295 2687 ignorantes
1319 2615 1417 2670 Dei
1431 2618 1702 2684 justitiam,

162 2725 201 2767 et
220 2731 344 2768 suout
371 2713 586 2766 volentes
612 2709 910 2763 constituere
928 2749 940 2770 ,
961 2707 1174 2778 justitia:
1195 2706 1288 2760 Dei
1315 2723 1415 2760 non
1444 2715 1560 2761 sunt
1586 2709 1705 2762 sub-

156 2808 261 2874 jecti
279 2805 432 2876 (Rom.
447 2821 504 2869 x,
519 2802 595 2875 5).
616 2803 706 2857 llla
724 2815 950 2870 namque
970 2799 1172 2870 justitia
1193 2799 1289 2854 Dei
1309 2800 1709 2856 commendatur

163 2899 208 2952 in
230 2913 286 2952 eo
309 2897 436 2966 quod
468 2895 659 2949 dicitur
677 2934 692 2959 ,
720 2894 1006 2962 ignorantes
1045 2891 1138 2945 Dei
1169 2890 1423 2961 justitiam
1443 2934 1456 2955 ,
1481 2905 1581 2961 qua
1612 2906 1708 2946 nos

160 3006 212 3042 ex
239 2989 341 3058 ejus
367 2989 534 3058 gratia
570 2985 696 3055 justi
736 2999 918 3038 sumus
953 3000 967 3037 :
1003 2990 1060 3036 ut
1087 2982 1200 3052 ipsa
1238 2980 1439 3050 justitia
1469 2981 1584 3050 ejus
1611 2997 1707 3037 nos

160 3081 319 3146 simus,
351 3095 469 3135 cum
490 3078 633 3148 juste
652 3077 898 3142 vivimus,
920 3074 1197 3131 credentes
1221 3073 1276 3128 in
1298 3088 1419 3129 eum
1446 3074 1531 3144 qui
1547 3074 1707 3142 justi-

160 3173 258 3228 ticat
281 3173 497 3243 impium
528 3168 637 3239 (Id.
667 3184 743 3235 iv,
766 3167 820 3237 5)
847 3184 861 3233 ;
894 3183 998 3222 non
1033 3165 1121 3221 illa
1151 3179 1253 3236 qua
1282 3166 1395 3235 ipse
1428 3165 1602 3231 justus
1626 3174 1708 3220 est

156 3275 326 3322 aeterna
354 3280 447 3321 sua
480 3273 534 3319 et
567 3261 981 3317 ineommutabili
1007 3259 1227 3330 justitia.
1271 3258 1397 3314 Haec
1423 3259 1599 3328 itaque
1619 3259 1707 3328 ju-

155 3357 288 3420 stitia,
317 3371 421 3427 qua
468 3369 568 3410 nos
608 3352 702 3408 Dei
733 3366 952 3407 munere
972 3351 1102 3422 justi
1146 3366 1364 3418 sumus,
1388 3351 1708 3421 signiﬁcatur

155 3451 194 3505 in
225 3451 420 3522 psalmo
467 3449 591 3512 illo,
623 3447 713 3501 ubi
755 3447 1006 3515 scriptum
1055 3455 1171 3500 est:
1212 3444 1422 3499 Iustitia
1460 3455 1547 3498 tua
1582 3447 1708 3498 sicut

153 3551 310 3593 montes
332 3538 430 3593 Dei
457 3537 626 3607 (Psal.
646 3551 811 3599 xxxv,
839 3533 912 3606 7).
939 3534 1144 3590 Montes
1177 3535 1370 3605 quippe
1396 3534 1520 3597 Dei,
1539 3535 1706 3590 sancti

153 3629 247 3698 ejus
281 3638 437 3694 sunt;
470 3627 536 3682 de
565 3627 754 3697 quibus
782 3625 905 3680 alibi
941 3624 1168 3679 dicitur:
1201 3625 1491 3694 Suscipiant
1517 3634 1706 3679 montes

153 3736 298 3786 pacem
341 3719 531 3788 papula
570 3727 652 3770 tuo
684 3715 859 3786 (Psal.
889 3731 1050 3781 Lxxt,
1074 3714 1165 3786 5).
1211 3715 1277 3770 Et
1310 3716 1473 3769 multa
1521 3715 1588 3769 de
1627 3715 1707 3769 liis

153 3809 395 3863 montibus
432 3808 628 3876 scripta
667 3814 789 3859 sunt
828 3805 1043 3875 ﬁgurata
1088 3805 1382 3871 locutione,
1405 3821 1522 3876 qua:
1561 3821 1707 3860 eom-

152 3916 426 3956 memorare
454 3914 596 3954 nunc
621 3899 832 3966 longum
860 3905 960 3951 est.
988 3896 1092 3951 Sed
1113 3896 1232 3967 quia
1252 3898 1353 3952 hoc
1373 3897 1540 3966 ipsum
1565 3900 1706 3968 quod

151 3992 269 4048 Deus
295 3991 552 4061 justiﬁcat
589 3988 862 4051 homines,
894 3987 1052 4042 nimis
1098 3987 1304 4042 occulto
1343 3987 1544 4057 judicio
1586 3987 1709 4043 iacit

154 4082 401 4154 (quoniam
441 4082 666 4154 gratuita
694 4080 863 4151 gratia
891 4078 1046 4143 facit;
1075 4080 1119 4134 si
1157 4087 1332 4134 autem
1375 4080 1570 4149 gratia,
1602 4094 1705 4134 non

152 4191 204 4230 es
228 4177 492 4245 operibus,
523 4172 753 4243 alioquin
779 4172 945 4242 gratia
965 4171 1074 4242 jam
1103 4185 1208 4225 non
1235 4179 1316 4226 est
1338 4171 1500 4239 gratia
1531 4170 1704 4243 [Rana

152 4281 211 4331 si,
238 4265 324 4341 6];
355 4283 420 4322 ex
454 4266 558 4320 hoc
590 4265 782 4335 quippe
810 4263 1066 4333 incipiunt
1101 4277 1262 4332 opera
1305 4262 1440 4316 bona
1464 4303 1479 4328 ,
1509 4279 1574 4318 ex
1603 4280 1708 4333 quo

150 4356 513 4423 justilicamur;
552 4370 654 4409 non
700 4355 822 4426 quia
861 4360 1246 4425 przecesserunt
1269 4393 1284 4420 ,
1320 4351 1706 4422 justiﬁcamur:

153 4459 196 4504 et
217 4449 309 4506 hoc
327 4461 410 4505 est
434 4447 774 4520 profundum,
792 4447 858 4502 de
882 4463 986 4517 quo
1003 4445 1246 4516 superius
1265 4445 1373 4516 jam
1396 4447 1558 4501 multa
1575 4447 1710 4502 dixi-

155 4542 294 4609 mus),
319 4541 577 4596 continuo
621 4539 673 4593 in
704 4537 890 4592 eodem
913 4537 1116 4607 psalmo
1145 4551 1264 4591 cum
1290 4536 1526 4602 dixisset,
1548 4537 1710 4592 Justi-

155 4631 215 4683 tia
239 4643 319 4686 tua
345 4636 478 4687 velut
505 4638 695 4685 montes
723 4628 847 4694 Dei,
879 4628 1180 4697 subjuuxit,
1209 4627 1417 4683 Iudicia
1454 4640 1538 4683 tua
1580 4631 1710 4685 velut

154 4724 340 4794 abyssus
372 4727 549 4780 multa.
585 4722 708 4778 Inde
736 4722 879 4776 venit
918 4720 983 4775 ad
1025 4721 1248 4775 salutem
1289 4721 1588 4777 hominibus
1621 4725 1709 4793 ju-

155 4820 429 4889 mentisque
457 4829 814 4878 communem,
830 4813 950 4883 quia
965 4821 1018 4866 et
1043 4812 1156 4880 ipsa
1168 4826 1231 4865 ex
1245 4813 1603 4867 misericordia
1619 4815 1708 4870 Dei

153 4917 237 4970 est,
257 4920 306 4963 et
329 4909 476 4973 dicit,
501 4905 744 4959 Homines
763 4915 808 4958 et
827 4905 1055 4976 jumenta
1079 4903 1240 4957 salvos
1264 4903 1437 4973 facies,
1466 4903 1708 4970 Domine;

153 4998 262 5052 sicut
297 4997 632 5068 multiplicata
670 5005 745 5050 est
786 4995 1125 5048 misericordia
1155 5003 1240 5047 tua
1260 5036 1275 5060 ,
1307 4995 1476 5049 Deus:
1503 5007 1557 5050 ut
1586 4997 1710 5052 hinc

156 5090 486 5162 intelligamus
524 5090 684 5145 etiam
719 5088 859 5145 illam
878 5087 1100 5144 salutem
1121 5089 1494 5158 sempiternam
1521 5099 1576 5144 et
1609 5091 1707 5145 ima

153 5185 408 5239 mortalem
435 5184 504 5238 de
532 5198 632 5252 qua
663 5181 791 5236 dicit
816 5181 1117 5250 Apostolus,
1146 5180 1250 5252 Spe
1281 5182 1410 5235 enim
1434 5183 1560 5236 salvi
1589 5184 1710 5252 facti

154 5288 308 5327 sumus
332 5274 350 5340 (
374 5273 460 5327 Id.
482 5289 574 5327 vni
595 5315 609 5338 ,
631 5271 722 5342 24)
742 5313 758 5337 ,
781 5270 1021 5326 similiter
1047 5281 1103 5326 ut
1141 5272 1292 5326 istam
1321 5289 1438 5343 qua:
1478 5274 1708 5328 homini-

155 5362 241 5418 bus
259 5366 616 5436 jumentisque
655 5364 951 5420 communis
979 5371 1092 5428 est,
1121 5364 1285 5433 gratis
1321 5379 1418 5419 nos
1443 5366 1706 5437 accipere,

157 5470 249 5513 non
274 5474 336 5515 ex
362 5458 634 5531 operibus,
667 5473 734 5513 ne
761 5455 896 5512 forte
923 5457 1040 5530 quis
1063 5456 1375 5522 extollatur;
1399 5459 1520 5528 quia
1547 5473 1708 5528 opera

209 5615 222 5646 ¹
255 5617 325 5665 sic
345 5623 453 5667 Uss.
479 5616 694 5667 melioris
724 5623 868 5677 noue.
897 5623 949 5666 At.
984 5613 1161 5677 vulgati
1186 5614 1395 5674 habent,
1419 5614 1496 5665 hic
1517 5621 1586 5666 est
1608 5616 1708 5666 dic-

155 5677 398 5748 111111,“th
420 5675 1155 5748 armantiabitjustitiantejus.
1367 5746 1386 5748 ᾗ
1435 5738 1445 5748 ι

209 5739 226 5769 ³
259 5746 362 5790 \lss.
390 5740 612 5803 plerique
638 5754 650 5787 :
679 5747 821 5800 atque
843 5745 1114 5789 sanctorum
1128 5739 1333 5798 jnstititz
1360 5739 1445 5789 Dei
1466 5745 1550 5790 est.

3278 309 3382 367 570
3445 336 3450 340 -

1802 407 1936 462 bona
1965 425 2028 464 ex
2049 410 2213 480 ipsius
2233 410 2609 480 justiﬁcatione
2635 429 2932 486 operantur.
2959 418 3128 490 Ipsius
3145 425 3275 478 enim
3295 443 3379 481 su-

1801 516 1911 553 ntus
1937 501 2245 570 ﬁgmentum,
2264 504 2415 557 creati
2435 505 2486 558 in
2505 503 2706 561 Christo
2730 506 2765 560 Ι
2769 525 2854 562 esu
2879 510 2930 563 in
2951 512 3184 581 operibus
3209 514 3375 584 bonis,

1800 606 1912 659 qua:
1925 594 2222 660 praeparauit
2239 592 2371 648 Deus
2386 604 2438 647 ut
2453 596 2503 648 in
2521 597 2621 651 illis
2637 599 2943 655 ambulemus
2961 601 2978 666 (
2988 601 3113 672 Eph.
3135 606 3374 676 it,8-i0).

1804 681 1869 735 Et
1893 683 1979 737 illa
2010 685 2152 738 salus
2175 701 2304 755 ergo
2333 687 2555 756 gratuita
2592 697 2701 754 est,
2731 689 2800 746 de
2822 708 2921 760 qua
2964 693 3016 748 iu
3045 696 3149 750 alio
3180 699 3380 765 psalmo

1802 773 2030 829 dicitur:
2063 776 2268 830 Domini
2296 789 2366 832 est
2394 779 2531 834 salus
2553 821 2567 846 ,
2598 789 2642 833 et
2667 797 2818 851 super
2843 783 3089 852 populum
3123 796 3262 841 tuum
3299 790 3382 844 be.

1804 868 2014 921 nedictio
2045 879 2129 922 tua
2161 868 2330 940 (Psal.
2355 886 2431 936 ιιι,
2460 871 2539 942 9).

1874 959 1960 1014 72.
2000 961 2146 1016 Sicut
2168 977 2294 1032 ergo
2317 963 2455 1033 quod
2485 963 2705 1034 legitur,
2734 964 2937 1020 Domini
2965 976 3036 1022 est
3076 970 3214 1026 salus
3232 1013 3247 1036 ,
3271 989 3376 1030 non

1802 1065 1866 1108 ea
1895 1053 2036 1106 salus
2063 1053 2372 1123 intelligitur
2395 1070 2495 1124 qua
2528 1055 2782 1111 Dominus
2810 1057 2987 1114 salvus
3015 1071 3132 1125 est;
3158 1063 3251 1118 sed
3280 1080 3378 1132 qua

1804 1139 1856 1195 hi
1882 1142 2009 1195 salvi
2040 1151 2181 1206 sunt,
2212 1158 2345 1213 quos
2375 1144 2488 1214 ipse
2530 1145 2702 1201 salvos
2733 1146 2890 1202 facit:
2920 1150 2997 1205 sic
3033 1166 3153 1206 cuni
3191 1153 3381 1224 legitur

1805 1231 1900 1286 Dei
1920 1231 2142 1301 justitia,
2177 1233 2228 1288 in
2257 1249 2322 1288 eo
2355 1235 2495 1305 quod
2526 1237 2778 1305 scriptum
2808 1248 2922 1306 est,
2954 1238 3256 1311 Ignorantes
3288 1245 3380 1299 Dei

1793 1326 2070 1395 justitiam,
2099 1339 2146 1382 et
2169 1346 2312 1384 suam
2338 1331 2553 1384 uolentes
2579 1333 2914 1398 constituere;
2943 1349 3048 1389 non
3077 1345 3160 1390 est
3184 1337 3273 1393 illa
3301 1338 3380 1393 in-

1806 1419 2084 1489 telligenda
2109 1437 2211 1490 qua
2241 1421 2380 1476 Deus
2398 1423 2570 1492 justus
2594 1432 2705 1489 est,
2733 1424 2826 1478 sed
2854 1441 2956 1494 qua
2984 1426 3110 1496 justi
3139 1440 3262 1483 sunt
3281 1428 3380 1484 ho-

1805 1513 1974 1568 mines
1994 1529 2128 1583 quos
2148 1515 2313 1585 gratia
2335 1530 2426 1570 sua
2450 1516 2720 1584 justiﬁcat.
2757 1516 2882 1572 Inde
2902 1519 3043 1574 enim
3064 1519 3218 1584 salvi,
3243 1521 3381 1576 unde

1801 1603 1962 1672 justi;
1993 1605 2241 1675 quoniam
2272 1606 2412 1675 quod
2437 1608 2510 1662 ait
2535 1648 2550 1674 ,
2580 1606 2700 1662 Non
2721 1619 2794 1662 est
2823 1625 2949 1680 aptis
2979 1611 3116 1664 sanis
3140 1612 3378 1677 medicus,

1805 1697 1894 1751 sed
1919 1698 2050 1752 male
2072 1698 2366 1754 habentibus
2387 1742 2401 1767 ,
2430 1701 2672 1770 exposuit
2710 1702 2764 1757 in
2804 1703 3277 1772 consequentibus,
3303 1705 3381 1761 di-

1805 1803 1952 1854 cens,
1989 1788 2107 1843 Non
2132 1791 2242 1845 ueni
2265 1807 2440 1844 uocare
2454 1793 2644 1862 justas,
2667 1792 2755 1847 sed
2775 1804 3056 1864 peccatores
3079 1794 3288 1867 (Matth.
3308 1812 3378 1862 ix,

1807 1879 1894 1943 12,
1917 1882 2025 1950 13).
2055 1880 2169 1936 Νοη
2202 1883 2358 1952 igitur
2383 1884 2670 1938 secundum
2697 1900 2856 1955 opera
2891 1886 3109 1954 justitia:
3136 1904 3253 1957 quae
3287 1904 3384 1944 nos

1808 1970 2049 2035 fecimus,
2070 1971 2160 2026 sed
2182 1973 2470 2027 secundum
2489 1989 2638 2029 suam
2659 1976 3074 2033 misericordiam
3094 1978 3268 2034 salvos
3287 1994 3384 2034 nos

1808 2061 1933 2117 fecit
1960 2080 2052 2133 per
2084 2064 2347 2120 lavacrum
2377 2067 2792 2136 regenerationis
2816 2067 2941 2138 (Tit.
2969 2085 3052 2134 in,
3077 2069 3155 2141 5).
3196 2069 3252 2124 lu
3278 2086 3382 2140 qua

1807 2156 1971 2225 gratia
1999 2171 2093 2226 spe
2130 2157 2262 2212 salvi
2297 2158 2418 2212 facti
2456 2174 2639 2213 sumus
2665 2157 2836 2224 (Rom.
2862 2175 2953 2214 vni
2973 2201 2988 2223 ,
3009 2160 3123 2231 24).
3152 2160 3302 2216 Unde
3329 2162 3382 2216 in

1808 2247 1900 2302 illo
1928 2250 2132 2317 psalmo
2162 2250 2525 2320 subjungitur:
2555 2248 2675 2303 Filii
2694 2259 2856 2304 autem
2884 2250 3140 2304 hominum
3163 2251 3253 2304 sub
3277 2261 3382 2322 teg-

1809 2341 1942 2393 mine
1968 2342 2164 2394 alarum
2196 2351 2394 2394 tuarum
2419 2342 2708 2411 sperabunt.
2742 2342 3128 2397 Inebriabuntur
3149 2344 3210 2398 ab
3235 2345 3383 2399 uber-

1811 2441 1909 2486 tate
1933 2433 2111 2486 domus
2141 2443 2267 2499 tute,
2298 2443 2344 2488 et
2370 2445 2584 2490 torrente
2614 2436 2886 2506 voluptatis
2915 2447 3015 2491 tute
3041 2437 3233 2506 potabis
3262 2455 3384 2504 eos;

1809 2525 2044 2592 quoniam
2068 2525 2204 2594 apud
2239 2535 2286 2578 te
2322 2535 2394 2579 est
2422 2529 2534 2596 fons
2562 2527 2676 2580 vita:
2693 2568 2708 2590 ,
2729 2535 2774 2580 et
2801 2529 2854 2581 in
2880 2528 3065 2581 lumine
3089 2539 3172 2582 tuo
3197 2529 3385 2582 uidebi-

1810 2631 1922 2668 mus
1952 2614 2136 2668 lumen.
2167 2614 2432 2670 Praztende
2453 2618 2844 2672 misericordiam
2868 2628 3004 2672 tuam
3028 2620 3293 2674 scientibus
3317 2632 3384 2686 te,

1810 2714 1856 2759 et
1875 2707 2127 2775 justitiam
2167 2709 2390 2762 tuam'iis
2430 2710 2516 2779 qui
2555 2720 2687 2763 recto
2716 2721 2832 2764 sunt
2862 2711 3030 2766 corde.
3072 2711 3205 2767 lluic
3233 2713 3387 2783 igitur

1806 2797 2022 2868 justitia:
2063 2799 2153 2854 Dei
2188 2800 2450 2854 contraria
2490 2803 2734 2870 superbia
2764 2810 2877 2866 est,
2904 2818 3007 2871 qua
3050 2802 3226 2858 liditur
3266 2815 3384 2858 tau-

1812 2906 1968 2962 quam
1997 2893 2063 2948 de
2090 2894 2338 2962 operibus
2360 2895 2616 2963 propriis;
2642 2895 2861 2965 ideoque
2879 2895 2946 2950 ibi
2968 2897 3206 2965 sequitur
3230 2915 3243 2951 :
3268 2895 3390 2952 Non

1812 2985 1976 3038 ueniat
2001 2985 2122 3038 mihi
2149 3001 2234 3053 pes
2257 2985 2501 3055 superbia:
2529 2985 2694 3056 (Psal.
2720 3001 2790 3040 xx
2801 2986 3085 3049 H.842).

1884 3076 1972 3131 75.
2013 3076 2136 3130 ilice
2158 3077 2362 3145 justitia
2388 3093 2488 3146 qua
2515 3078 2632 3145 ejus
2663 3077 2843 3134 ﬁdeles
2858 3078 2988 3147 justi
3013 3089 3156 3145 sunt,
3179 3081 3387 3136 interim

1811 3165 2048 3221 viventes
2071 3181 2135 3221 ex
2165 3167 2296 3232 ﬁde,
2324 3168 2493 3223 donec
2523 3169 2752 3238 perfecta
2790 3169 2995 3240 justitia
3040 3173 3391 3240 perducantur

1812 3257 1878 3312 ad
1902 3259 2155 3328 speciem,
2185 3259 2319 3313 sicut
2348 3259 2519 3316 salute
2547 3261 2773 3331 perfecta
2804 3263 2962 3316 etiam
2991 3262 3055 3316 ad
3081 3263 3247 3331 ipsius
3271 3280 3389 3319 Cor-

1813 3351 1956 3420 poris
1995 3350 2438 3405 immortalitatem
2461 3393 2477 3416 ,
2517 3353 2683 3421 gratia
2721 3361 2804 3407 est
2829 3355 2842 3384 ¹
2871 3353 3002 3408 Novi
3040 3351 3386 3410 Testamenti.

1814 3440 1964 3497 Unde
1989 3441 2094 3495 alio
2125 3441 2241 3495 loco
2270 3441 2396 3496 dicit
2421 3443 2733 3510 Apostolus,
2774 3443 2879 3498 Pro
2918 3444 3118 3500 Christo
3145 3447 3392 3518 legatione

1813 3531 2090 3602 fungimur,
2113 3541 2348 3598 tanquam
2369 3531 2476 3585 Deo
2499 3535 2794 3588 exhortante
2821 3551 2910 3606 per
2933 3553 3056 3601 nos;
3079 3537 3391 3594 obsecramus

1813 3642 1905 3698 pro
1930 3624 2129 3680 Christo
2159 3626 2471 3680 reconciliari
2497 3625 2602 3680 Deo
2631 3643 2648 3680 :
2675 3643 2737 3682 ac
2779 3628 2899 3683 inde
2925 3629 3223 3700 subjungit,
3257 3629 3392 3685 Eum

1811 3715 1897 3784 qui
1924 3733 2024 3770 non
2053 3726 2254 3770 noverat
2279 3725 2555 3787 peccatum,
2589 3734 2682 3786 pro
2712 3718 2852 3772 nobis
2877 3730 3133 3789 peccatum
3162 3721 3308 3790 fecit,
3340 3722 3391 3778 id

1814 3817 1913 3875 est,
1946 3809 2260 3864 sacriﬁcium
2314 3825 2411 3880 pro
2460 3811 2726 3880 peccatis;
2767 3827 2888 3866 nam
2926 3821 2982 3867 et
3021 3813 3132 3880 ipsa
3173 3814 3224 3868 in
3254 3814 3392 3883 Lege

1812 3911 2026 3970 peccata
2051 3903 2468 3972 appellabantur,
2491 3920 2608 3972 qua:
2637 3920 2732 3971 pro
2758 3906 2990 3972 peccatis
3011 3904 3388 3962 oﬁ‘erebantur.

1818 3991 1885 4046 Ut
1929 4009 2020 4046 nos
2053 3994 2205 4046 simus
2244 3994 2446 4064 justitia
2474 3993 2572 4047 Dei
2609 3995 2660 4047 in
2705 3995 2814 4062 ipso
2843 3993 2908 4064 (ΙΙ
2927 3994 3044 4049 Cor.
3066 3997 3232 4059 v.20,
3255 3995 3345 4064 2|)
3375 4017 3387 4051 :

1815 4082 1865 4137 id
1887 4090 1987 4147 est,
2014 4083 2064 4135 in
2085 4083 2200 4150 ejus
2219 4097 2442 4151 corpore
2464 4083 2602 4152 quod
2622 4093 2702 4137 est
2725 4083 2978 4146 Ecclesia,
3002 4085 3086 4138 cui
3107 4094 3265 4154 caput
3282 4097 3386 4148 est,

1814 4188 1912 4226 nos
1939 4173 2106 4227 simus
2125 4173 2327 4241 justitia
2359 4173 2481 4237 Dei;
2510 4186 2668 4242 quam
2701 4173 3000 4242 ignorantes
3030 4173 3139 4240 illi,
3165 4183 3218 4229 et
3238 4189 3388 4230 suam

1815 4263 2052 4318 volentes
2081 4262 2425 4328 constituere,
2459 4263 2509 4317 id
2535 4272 2618 4318 est
2640 4272 2888 4333 tanquam
2915 4263 2982 4318 de
3011 4265 3122 4320 suis
3142 4267 3392 4334 operibus

1813 4355 2128 4424 gloriantes,
2153 4353 2369 4423 justitia:
2401 4355 2492 4410 Dei
2528 4370 2631 4410 non
2671 4364 2795 4410 sunt
2822 4357 3063 4426 subjecti.
3107 4358 3231 4414 lude
3256 4369 3310 4416 et
3336 4360 3392 4418 in

1816 4446 1918 4500 hoc
1943 4445 2144 4515 psalmo
2171 4459 2292 4500 cum
2317 4445 2566 4509 dixisset,
2593 4445 2971 4502 Annuntiabunt
2993 4450 3238 4516 iustitiam
3258 4452 3387 4521 ejus,

1816 4538 2054 4608 sequitur
2079 4547 2132 4592 et
2159 4537 2395 4608 adjungit
2419 4555 2430 4592 :
2459 4537 2659 4608 Populo
2687 4540 2772 4608 qui
2811 4550 3043 4594 nascetur
3061 4582 3076 4606 ,
3104 4558 3249 4610 quem
3277 4545 3394 4614 fecit

1817 4628 2082 4683 Dominus.
2121 4629 2249 4696 Quis
2277 4639 2358 4683 est
2398 4629 2540 4683 enim
2567 4631 2791 4699 populus
2819 4646 2975 4700 quem
3006 4646 3110 4685 non
3140 4631 3265 4687 fecit
3293 4633 3393 4688 Do-

1817 4722 2025 4785 minus,
2061 4720 2351 4775 seeundum
2397 4720 2448 4774 id
2477 4721 2616 4790 quod
2647 4721 2888 4777 homines
2925 4730 3079 4787 sunt,
3109 4723 3200 4792 qui
3232 4723 3390 4778 etiam

1818 4826 2005 4881 pecora
2035 4811 2234 4864 creavit
2254 4852 2268 4874 ,
2300 4825 2330 4864 a
2361 4826 2465 4880 quo
2487 4821 2569 4866 est
2597 4812 2767 4866 omnis
2794 4814 2895 4867 vita
2916 4854 2930 4877 ,
2952 4813 3230 4881 omnisque
3255 4813 3390 4869 facta

1816 4914 1870 4958 et
1895 4912 2068 4958 creata
2099 4903 2319 4957 natura?
2339 4901 2443 4958 Sed
2467 4903 2535 4957 ita
2563 4904 2954 4974 intelligendum
2981 4913 3081 4970 est,
3109 4921 3255 4975 quem
3275 4907 3393 4975 fecit

1816 4995 2064 5050 Dominus
2082 5037 2095 5058 ,
2130 5004 2186 5049 ut
2211 5011 2314 5050 non
2341 4996 2509 5050 solum
2531 5037 2544 5059 ,
2573 4998 2713 5066 quod
2743 4997 2986 5052 homines
3023 5008 3180 5064 sunt,
3206 5014 3388 5056 verum

1816 5086 1973 5140 etiam
2014 5085 2151 5156 quod
2175 5087 2300 5154 justi
2330 5097 2482 5150 sunt,
2510 5088 2578 5142 ab
2605 5089 2694 5142 illo
2724 5087 2844 5142 facti
2883 5087 3270 5159 intelligantur;
3303 5107 3392 5148 se-

1816 5179 2045 5234 cundum
2073 5178 2196 5233 illud
2227 5179 2368 5250 quod
2397 5179 2504 5248 jam
2545 5195 2647 5234 non
2676 5181 2840 5235 semel
2873 5186 3283 5239 commemoravi
3322 5187 3390 5239 ab

1817 5272 2070 5341 Apostolo
2091 5271 2287 5325 dictum
2319 5289 2330 5324 :
2361 5271 2532 5339 Ipsius
2552 5271 2684 5325 enim
2703 5271 2995 5341 ﬁgmentum
3021 5290 3214 5335 sumus,
3237 5277 3390 5328 creati

1816 5365 1868 5418 in
1895 5363 2090 5420 Christo
2110 5363 2232 5419 Iesu
2261 5365 2313 5418 in
2337 5363 2567 5434 operibus
2595 5363 2754 5430 bonis,
2777 5380 2890 5435 qua
2916 5365 3215 5436 praeparauit
3248 5363 3388 5420 Deus

1816 5466 1871 5509 ut
1896 5457 1950 5510 in
1973 5457 2076 5512 illis
2097 5457 2421 5511 ambulemus.

1886 5550 2111 5606 CAPUT
2135 5548 2396 5603 ΧΧΧ1.-
2413 5549 2499 5604 74.
2523 5550 2725 5605 Animae
2752 5548 2908 5621 igitur
2926 5547 3196 5604 rationalis
3218 5557 3388 5604 muta-

1882 5687 1897 5717 ι
1932 5691 2061 5744 Mss,
2085 5682 2244 5748 gratia
2265 5683 2464 5748 estnoui
2494 5683 2782 5736 Testamenti.
2810 5686 2927 5735 Atin
2949 5685 3082 5747 ωδ..
3104 5686 3279 5739 deerat
3301 5699 3395 5748 est,

1820 5745 2316 5809 fueratque'insignis
2337 5745 2414 5795 hic
2453 5746 2587 5797 locus
2610 5759 2750 5809 prava
2775 5745 3161 5811 interpunctibne
3185 5745 3396 5804 vitiatus.
