4004 6404
666 398 771 456 575

665 513 860 588 (Galat.
885 528 957 573 tv.
988 511 1045 582 9)
1071 509 1231 582 :quid
1273 507 1412 565 aliud
1460 505 1645 562 volens
1682 502 1929 574 intelligi,
1966 501 2067 556 nisi
2106 497 2249 570 quod

662 624 759 665 eos
784 607 899 676 ipse
920 605 1101 662 fecerit
1126 603 1426 674 cognitores
1465 600 1624 654 suos?
1655 598 1819 653 Nemo
1846 604 2023 650 autem
2053 609 2250 664 cogno»

665 701 768 757 scit
792 698 988 758 Deum,
1019 696 1118 751 nisi
1157 693 1247 763 qui
1285 690 1530 760 intelligit
1559 690 1703 744 illum
1733 703 1852 743 esse
1880 701 2145 740 smnmutn
2171 694 2251 739 at-

666 784 1225 862 queincommutahilc
1269 784 1502 846 bonum,
1551 780 1701 851 cujus
1742 778 2146 851 participatione
2194 776 2253 831 fit

669 884 873 940 bonus:
899 879 1040 951 quod
1064 879 1113 933 in
1134 879 1289 944 lmjus
1312 875 1498 947 psalmi
1517 874 1857 931 conclusione
1880 872 2107 941 positum
2133 878 2215 925 est
2233 911 2249 937 ,

664 972 1049 1030 Annuntiabunt
1077 968 1333 1041 justitiam
1361 967 1469 1037 ejus
1496 964 1683 1037 populo
1708 965 1791 1034 qui
1825 972 2075 1027 nascetur,
2105 977 2253 1033 quent

665 1066 783 1138 fecit
817 1063 1084 1118 Dominus.
1114 1060 1239 1116 lude
1263 1069 1345 1115 est
1370 1068 1426 1115 et
1453 1058 1580 1114 illud
1611 1056 1750 1128 quod
1784 1057 1837 1111 in
1865 1057 1970 1111 alio
2004 1054 2209 1125 psalmo
2235 1072 2249 1109 :

662 1157 785 1230 Ipse
830 1157 946 1228 fecit
984 1172 1108 1221 nos,
1150 1164 1199 1209 et
1239 1170 1338 1208 non
1382 1152 1482 1224 ipsi
1526 1168 1617 1207 nos
1662 1150 1833 1223 (Psal.
1864 1165 2005 1214 xcrx,
2030 1148 2108 1219 5).
2142 1148 2254 1204 Hoc

663 1252 807 1309 enim
834 1265 937 1305 non
963 1248 1031 1303 ad
1060 1264 1177 1303 eam
1209 1256 1450 1302 naturam
1481 1261 1580 1316 qua
1605 1244 1847 1300 homines
1870 1257 2076 1307 sumus,
2100 1242 2254 1311 cujus

664 1355 868 1401 natura:
898 1341 1036 1398 idem
1062 1342 1177 1412 ipse
1199 1350 1409 1396 creator
1436 1348 1545 1401 est,
1567 1338 1657 1408 qui
1684 1336 1805 1392 coeli
1827 1344 1883 1391 et
1910 1346 2086 1402 terrm,
2114 1334 2253 1390 side—

661 1453 818 1500 rum,
860 1436 1204 1504 omniumque
1246 1431 1625 1495 animantium;
1658 1428 1751 1484 sed
1791 1427 1858 1482 ad
1904 1426 2031 1482 illud
2079 1426 2253 1497 potius

662 1527 1003 1587 referendum
1034 1522 1281 1595 estquod
1318 1522 1604 1593 Apostolus
1646 1521 1753 1575 ait:
1779 1519 1951 1589 Ipsius
1992 1518 2122 1572 enim
2160 1534 2251 1571 su-

664 1639 777 1677 mus
806 1620 1097 1690 ﬁgmentum
1117 1615 1270 1672 creati
1294 1616 1346 1669 in
1370 1613 1494 1669 Jesu
1525 1613 1721 1667 Christo
1755 1612 1807 1664 in
1836 1612 2068 1681 operibus
2087 1608 2249 1675 bonis,

662 1730 777 1787 qua:
813 1710 1115 1784 preparavit
1147 1707 1288 1763 Deus
1317 1716 1372 1761 ut
1406 1707 1460 1760 in
1497 1705 1601 1760 illis
1637 1703 1948 1758 ambulemus
1979 1700 2150 1772 (Eph.
2178 1718 2249 1769 ιι,

665 1806 778 1876 te).

735 1893 963 1953 CAPUT
1003 1892 1245 1949 XXXVI.
1267 1921 1339 1934 —
1365 1890 1456 1947 82.
1481 1890 1724 1945 Arbitror
1741 1888 1833 1944 tibi
1860 1887 1989 1943 satis
2017 1900 2135 1943 esse
2159 1900 2250 1942 so-

667 1992 940 2047 lutastuas
963 1987 1196 2059 quinque
1219 1985 1562 2056 quaestiones,
1593 1983 1718 2037 dum
1743 1981 1795 2036 in
1822 1982 1918 2037 ista
1945 1996 2060 2037 mea
2091 1980 2252 2035 veluti

665 2091 815 2139 sexta
844 2082 1179 2145 imtnorarer,
1205 2094 1364 2150 quam
1381 2077 1513 2134 mihi
1550 2076 1800 2147 proposui
1829 2075 1896 2131 de
1916 2075 2094 2131 Gratia
2119 2074 2251 2130 Novi

668 2173 1023 2233 Testamenti.
1057 2181 1275 2242 propter
1300 2185 1460 2241 quam
1488 2168 1718 2223 Verbum
1749 2181 1876 2221 caro
1924 2166 2117 2221 factum
2148 2174 2249 2230 est,

667 2269 720 2325 id
742 2276 850 2334 est,
878 2266 967 2337 qui
998 2264 1164 2319 Filius
1205 2263 1297 2317 Dei
1327 2270 1458 2327 erat,
1491 2261 1651 2315 homo
1682 2260 1850 2315 factus
1877 2269 1978 2326 est,
2010 2270 2253 2314 naturam

668 2357 1008 2426 suscipiendo
1038 2364 1297 2419 nostram,
1319 2370 1424 2408 non
1445 2352 1736 2407 amittendo
1761 2367 1912 2406 suam
1946 2369 1959 2405 :
1994 2368 2089 2423 per
2113 2350 2255 2422 quod

668 2458 726 2505 et
771 2447 924 2503 nobis
971 2445 1346 2516 recipientibus
1376 2460 1499 2498 eum
1532 2453 1766 2514 potestas
1803 2444 2041 2508 daretur,
2074 2453 2131 2499 ut
2156 2443 2253 2514 qui

670 2555 883 2597 eramus
909 2537 1174 2601 homines.
1224 2536 1317 2592 filii
1361 2538 1453 2591 Dei
1483 2536 1729 2592 fieremus
1755 2534 1945 2608 (Joan.
1971 2551 2009 2603 ι,
2038 2537 2124 2600 14,
2150 2535 2256 2605 12)

669 2630 1076 2703 participatione
1097 2629 1544 2685 incommutabilis
1570 2629 1694 2684 boni
1720 2628 1769 2682 in
1799 2628 1987 2683 melius
2018 2642 2258 2683 comma.

669 2723 782 2789 tati,
814 2737 919 2777 non
945 2720 1011 2776 ad
1032 2721 1375 2791 temporalem
1402 2720 1729 2785 felicitatem,
1756 2720 1849 2774 sed
1874 2719 1941 2773 ad
1962 2718 2083 2773 vita:
2103 2730 2258 2774 mter-

669 2830 773 2878 me,
805 2828 924 2885 qua:
958 2812 1069 2868 sola
1116 2811 1272 2867 beata
1317 2820 1420 2879 est,
1469 2810 1827 2881 adoptionem.
1879 2808 2027 2866 Unde
2067 2809 2260 2879 placuit

671 2908 829 2964 etiam
866 2906 1236 2978 propheticum
1268 2905 1535 2961 Psalmum
1583 2918 1913 2975 percurrere,
1946 2902 2099 2973 cujus
2146 2902 2257 2973 pri-

672 3016 818 3057 mum
843 3014 1057 3055 versum
1107 2999 1158 3053 in
1192 2998 1437 3068 passione
1466 2996 1923 3061 commemoravit,
1968 2994 2257 3050 ostendens

671 3094 940 3165 quomodo
962 3107 1061 3147 nos
1089 3092 1228 3148 Deus
1250 3091 1601 3162 derelinquat,
1630 3098 1685 3146 et
1713 3106 1819 3161 quo
1840 3090 1946 3144 alio
1972 3088 2130 3144 modo
2152 3104 2256 3144 non

672 3184 890 3241 recedat
916 3199 946 3237 a
975 3182 1128 3238 nobis
1160 3200 1175 3242 :
1207 3182 1274 3237 ad
1302 3182 1437 3237 bona
1463 3192 1662 3237 aeterna
1691 3197 1790 3236 nos
1814 3181 2088 3253 colligens,
2122 3191 2259 3236 tem-

674 3273 879 3345 poralia
909 3289 1036 3329 vero
1061 3271 1343 3343 aliquando
1372 3272 1572 3327 utiliter
1597 3270 1859 3337 tribuens,
1885 3279 1941 3327 et
1977 3271 2260 3341 aliquando

680 3365 881 3419 utiliter
919 3362 1275 3427 subtrahens;
1309 3372 1364 3416 ut
1390 3362 1470 3418 eis
1495 3376 1600 3415 non
1643 3360 1845 3416 hmrcre
1870 3360 2156 3426 discamus,
2194 3375 2262 3416 ne

674 3466 975 3526 contempta
1005 3455 1121 3511 luce
1147 3454 1421 3521 interiore,
1455 3470 1575 3525 qua:
1607 3453 1673 3509 ad
1716 3469 1903 3509 novam
1932 3454 2162 3525 pertinet
2181 3452 2261 3508 vi-

676 3557 785 3604 tam
814 3545 984 3621 (unde
1000 3547 1159 3603 etiam
1186 3548 1423 3618 psalmus
1448 3547 1547 3602 iste
1574 3547 1686 3618 ipse
1703 3563 1794 3617 pro
1819 3548 2132 3617 susceptione
2153 3565 2261 3602 ma-

676 3640 863 3704 tutina,
899 3648 1148 3709 tanquam
1194 3654 1289 3708 pro
1334 3639 1453 3695 lure
1483 3653 1637 3703 nova,
1667 3654 1862 3693 nomen
1910 3640 2177 3710 accepit),
2208 3642 2261 3695 in

681 3731 879 3787 exteris
905 3730 1142 3787 tenebris
1171 3730 1400 3786 libenter
1442 3730 1756 3795 babitemus,
1788 3731 1929 3786 unde
1956 3732 2006 3785 in
2035 3732 2265 3787 exterio-

679 3839 767 3878 res
797 3823 1077 3878 miltuntur
1104 3824 1192 3894 qui
1219 3838 1284 3877 ex
1313 3822 1426 3878 istis
1451 3824 1650 3878 exteris
1693 3838 1795 3877 non
1828 3838 1886 3878 se
1912 3823 1979 3877 ad
2011 3823 2262 3878 interiora

675 3924 1024 3982 convertunt;
1052 3931 1121 3971 ne
1147 3915 1359 3971 diabolo
1379 3924 1427 3970 el
1463 3908 1664 3987 angelis
1690 3915 1805 3986 ejus
1846 3916 2051 3981 sociati,
2083 3925 2261 3972 extre-

675 4026 763 4068 ma
789 4010 1130 4067 damnatione
1151 4011 1450 4082 puniamur.
1472 4009 1827 4079 lntelligentes
1847 4009 2004 4081 igitur
2030 4009 2263 4079 pcregri-

679 4105 949 4162 nationem
990 4111 1227 4160 nostram
1256 4103 1306 4157 in
1337 4102 1438 4157 hac
1463 4102 1591 4165 vita,
1638 4100 1836 4157 mundo
1864 4101 2257 4169 crucifignmur,

685 4196 1034 4253 extendentes
1066 4210 1256 4250 manus
1298 4195 1349 4250 in
1376 4193 1706 4249 latitudinem
1732 4192 1990 4247 bonorum
2018 4196 2259 4262 operum,

676 4297 733 4345 et
759 4288 1160 4359 longanimitate
1198 4302 1365 4358 usque
1389 4287 1441 4341 in
1474 4286 1631 4341 ﬁnem
1657 4294 2075 4357 perseverantes,
2102 4295 2263 4355 atque

677 4378 938 4433 habentes
965 4390 1060 4431 cor
1090 4393 1321 4441 sursum,
1352 4377 1439 4432 ubi
1465 4376 1709 4433 Christus
1735 4386 1818 4432 est
1856 4377 1907 4431 in
1929 4376 2143 4431 dextera
2169 4376 2261 4432 Dei

679 4470 873 4525 sedens
900 4468 918 4541 (
944 4466 1135 4523 Coloss.
1168 4485 1246 4533 ιιι,
1280 4470 1328 4533 1,
1350 4468 1447 4539 2),
1480 4478 1753 4539 totumque
1788 4469 1890 4524 hoc
1936 4485 2040 4525 non
2086 4470 2258 4539 nobis,

678 4564 773 4621 sed
807 4564 947 4619 illius
970 4563 1348 4618 misericordia:
1378 4563 1689 4629 tribuentes,
1719 4561 1871 4633 cujus
1900 4562 2159 4632 profunda
2176 4563 2261 4633 ju-

676 4657 819 4713 dicia
841 4670 1054 4712 omnem
1085 4662 1434 4709 scrutatorcm
1465 4653 1698 4724 fatigant.
1728 4653 1853 4707 Haec
1881 4661 1965 4709 est
1989 4654 2130 4708 enim
2156 4668 2260 4710 non

680 4751 919 4807 inaniter
946 4748 1204 4813 fabulosa,
1225 4747 1318 4803 sed
1349 4747 1553 4802 utiliter
1577 4762 1734 4802 verax
1764 4747 2006 4815 latitudo,
2033 4748 2261 4819 longitu-

686 4844 778 4911 do,
809 4842 1052 4909 altitndo,
1082 4840 1419 4912 profundum,
1440 4839 1581 4896 unde
1606 4841 1974 4911 perveniamus
2001 4843 2160 4896 etiam
2191 4843 2257 4897 ad

682 4935 1171 5007 supereminentem
1213 4933 1488 4988 scientiam
1534 4933 1809 4989 charitatis
1834 4934 2049 4999 Christi,
2076 4945 2129 4990 et
2158 4935 2259 4990 im-

685 5028 926 5098 pleamur
946 5030 996 5083 in
1025 5043 1237 5083 omnem
1268 5026 1647 5097 plenitudinem
1683 5027 1807 5099 Dei(
1830 5026 1965 5098 Epit.
1998 5043 2072 5092 tn,
2108 5026 2229 5098 19).

757 5119 985 5175 CAPUT
1024 5118 1285 5175 XXXVII.
1317 5150 1387 5160 --
1403 5119 1493 5175 85.
1514 5118 1639 5174 Scio
1657 5130 1831 5174 autem
1859 5134 2013 5189 quam
2036 5134 2140 5174 non
2168 5135 2259 5175 su-

679 5227 1011 5286 pervacanea
1050 5214 1421 5279 sollicitudine,
1469 5229 1563 5285 per
1590 5213 1726 5268 hanc
1761 5213 2091 5268 occasionem
2118 5228 2263 5286 qua:-

684 5310 917 5367 stionum
949 5308 1078 5363 mihi
1120 5308 1215 5363 abs
1243 5318 1293 5364 te
1321 5313 1733 5381 propositarum,
1779 5305 1913 5363 Novi
1938 5308 2262 5365 Testamenti

685 5401 912 5474 gratiam
942 5400 1033 5455 tibi
1069 5399 1326 5455 voluerim
1355 5401 1621 5472 copiosius
1651 5399 2048 5456 commendare.
2092 5400 2264 5457 Habet

689 5495 832 5550 enim
877 5492 1233 5561 adversarios,
1265 5494 1354 5564 qui
1385 5492 1501 5564 ejus
1535 5492 1890 5565 profunditate
1914 5494 2127 5562 turbati,
2157 5510 2263 5551 non

682 5585 794 5643 Deo
824 5586 1081 5653 tribuere,
1132 5584 1226 5641 sed
1279 5585 1452 5656 potius
1484 5586 1585 5641 sibi
1616 5586 1805 5642 volunt
1839 5601 2087 5657 arrogare
2121 5586 2263 5658 quod

681 5680 813 5737 boni
838 5689 981 5736 sunt.
1004 5678 1113 5736 Nec
1138 5678 1271 5735 tales
1290 5686 1432 5746 sunt,
1457 5692 1590 5750 quos
1614 5679 1769 5735 facile
1792 5690 2138 5745 contemnas;
2168 5679 2263 5736 sed

682 5773 1019 5830 continenter
1048 5773 1306 5839 viventes,
1334 5771 1557 5845 atquein
1577 5770 1734 5828 bonis
1757 5772 2008 5844 operibus
2028 5771 2265 5830 laudabi-

681 5865 801 5922 les:
830 5880 931 5922 nec
951 5863 1143 5941 falsum
1168 5864 1433 5923 Christum
1472 5863 1612 5923 sicut
1632 5862 1907 5925 Mauicluei
1930 5865 2125 5935 aliique
2147 5866 2263 5939 pitt-

1895 384 1955 440 s.
1994 378 2362 441 mensum
2399 379 2706 441 EPISCOPI
3759 365 3861 462 at

2357 498 2477 554 rimi
2506 500 2763 569 lueretici,
2800 501 2893 558 sed
2919 502 3169 561 eumdem
3195 521 3381 563 verum
3406 510 3734 586 aequalemque
3754 516 3860 578 Patri

2358 603 2772 661 etcomternum,
2802 600 3169 669 veraciterque
3210 601 3472 658 hominem
3509 602 3703 675 factum,
3720 619 3764 665 et
3791 628 3860 670 ve-

2357 688 2503 742 nisse
2523 687 2822 754 credentes,
2844 698 2898 744 et
2922 699 3199 746 venturum
3220 701 3575 762 exspectantes
3592 712 3606 760 ;
3623 698 3704 753 sed
3726 710 3859 762 tamen

2357 780 2662 851 ignorantes
2682 782 2772 839 Dei
2788 782 3070 853 justitiam,
3088 794 3144 839 et
3167 800 3314 840 suam
3334 787 3638 847 constituere
3656 792 3858 851 volentes.

2358 872 2540 945 Neque
2565 874 2706 930 enim
2741 876 2937 930 frustra
2962 876 3234 942 Dominus,
3259 892 3378 933 cum
3396 887 3448 933 et
3466 880 3576 936 illas
3597 897 3859 944 commemo-

2358 974 2502 1022 raret
2526 984 2645 1037 qua:
2673 982 2853 1023 secum
2877 968 3205 1023 intraverunt
3231 968 3297 1024 ad
3322 970 3545 1039 nuptias,
3570 981 3619 1028 et
3641 972 3739 1031 illas
3758 992 3867 1035 con-

2361 1067 2441 1113 tra
2467 1074 2600 1131 quas
2620 1059 2811 1129 januas
2852 1061 3060 1128 clausit,
3108 1071 3163 1117 et
3212 1062 3404 1133 quibus
3430 1064 3695 1134 respondit,
3724 1066 3860 1125 Nmis

2359 1166 2467 1217 vos,
2492 1159 2741 1222 utrasque
2771 1152 3003 1223 virgines
3029 1152 3182 1219 dixit,
3213 1163 3429 1224 propter
3449 1156 3778 1215 continentiam
3794 1178 3806 1227 ;
3822 1174 3863 1220 et

2358 1242 2591 1314 quinque
2635 1253 2851 1315 propter
2891 1245 3377 1316 concupiscentiam
3430 1248 3597 1303 carnis
3616 1249 3860 1320 edomitam,

2357 1336 2600 1405 quinario
2628 1336 2901 1407 prmditam
2932 1353 3126 1403 sensu;
3157 1347 3374 1395 ornatas
3393 1348 3626 1411 utrasque
3659 1342 3861 1415 lampadi-

2361 1426 2484 1495 bus,
2519 1438 2734 1499 propter
2760 1430 3020 1484 bonorum
3049 1444 3275 1499 cpernm
3303 1430 3553 1502 bonaeque
3571 1437 3862 1492 conversatio-

2362 1521 2448 1576 nis
2474 1521 2525 1575 in
2564 1532 2852 1593 conspectu
2883 1522 3156 1578 hominum
3185 1523 3641 1583 lucnlentissimam
3667 1527 3857 1597 laudem;

2363 1624 2616 1689 utrasque
2644 1616 2854 1672 obviam
2890 1633 3090 1689 Sponsa
3117 1627 3329 1684 euntes,
3352 1631 3561 1693 propter
3584 1627 3862 1694 exspectatio-

2358 1726 2479 1765 nem
2505 1726 2609 1780 qua
2636 1710 2831 1766 Christi
2859 1721 3108 1781 speratur
3135 1710 3394 1768 adventus
3425 1731 3439 1768 :
3472 1714 3561 1771 sed
3597 1725 3743 1772 tamen
3767 1718 3860 1775 alias

2362 1801 2650 1872 sapientes,
2674 1802 2805 1857 alias
2824 1804 3032 1869 stultas,
3056 1802 3200 1873 quod
3231 1804 3501 1875 sapientes
3526 1806 3683 1863 oleum
3695 1824 3859 1879 aecepe

2357 1901 2483 1947 runt
2506 1892 2557 1948 in
2581 1893 2721 1949 vasis
2745 1894 2880 1960 suis,
2910 1894 3086 1949 stulta:
3108 1902 3288 1950 autem
3321 1895 3421 1952 hoc
3448 1911 3555 1953 non
3584 1896 3781 1955 ferebant
3798 1916 3856 1956 se-

2357 1998 2512 2048 cum;
2544 1984 2597 2039 in
2622 1993 2727 2040 tam
2754 1986 2935 2042 multis
2963 2001 3138 2055 pares,
3177 1986 3282 2043 hoc
3321 1988 3437 2044 solo
3468 2002 3555 2044 eas
3572 1988 3774 2059 dispares
3792 1991 3857 2047 dc-

2358 2085 2640 2142 monstrat,
2676 2077 2776 2132 hoc
2827 2077 2943 2133 solo
2966 2077 3177 2134 diversa
3208 2078 3287 2135 eis
3315 2087 3370 2135 et
3412 2080 3660 2138 contraria
3700 2084 3855 2138 nomina

2358 2171 2599 2242 imponit.

2429 2263 2519 2319 84.
2550 2262 2687 2331 Quid
2717 2263 2858 2318 enim
2889 2271 2995 2318 tam
3034 2263 3378 2335 coniunctum
3418 2279 3570 2336 quam
3612 2265 3799 2337 virgines
3822 2276 3856 2321 et

2361 2354 2612 2424 virgines,
2641 2354 2874 2425 quinque
2902 2363 2955 2410 et
2978 2355 3211 2427 quinque
3239 2355 3565 2426 lampadibus
3584 2357 3852 2422 ornatu,ob-
3954 2400 3955 2415 η

2360 2448 2500 2502 viam
2529 2462 2726 2519 Sponsa
2755 2457 2942 2504 euntes
2962 2457 3015 2503 et
3037 2448 3152 2504 ista:
3172 2458 3228 2505 et
3255 2450 3406 2505 illre?
3433 2450 3496 2507 Et
3523 2450 3636 2521 quid
3662 2459 3749 2506 tam
3770 2466 3855 2506 ροη-
3954 2454 3955 2521 l

2363 2539 2582 2593 traritnn
2599 2554 2759 2609 quam
2776 2539 3063 2609 sapientes,
3086 2548 3139 2595 et
3160 2541 3380 2596 stultaa?
3404 2540 3634 2597 videlicet
3649 2541 3762 2612 quod
3779 2542 3856 2596 ista

2364 2631 2541 2686 oleum
2574 2630 2626 2685 in
2655 2630 2816 2697 vasis,
2875 2630 2976 2687 hoc
3015 2640 3117 2699 est,
3166 2632 3567 2704 intelligentiam
3616 2634 3765 2703 gratia:
3792 2632 3854 2687 Dei

2366 2731 2578 2795 portant
2600 2724 2650 2777 in
2700 2723 2952 2779 cordibus
2977 2723 3110 2788 suis,
3149 2724 3387 2781 scientes
3432 2724 3564 2795 quod
3589 2739 3722 2779 nemo
3744 2723 3855 2794 possit

2364 2830 2483 2870 esse
2509 2816 2790 2870 continens
2811 2815 2911 2870 nisi
2936 2816 3075 2872 Deus
3099 2816 3212 2883 det,
3242 2827 3299 2872 et.
3345 2817 3449 2872 hoc
3476 2821 3633 2889 ipsum
3654 2816 3854 2888 sapientis

2363 2908 2699 2978 deputantes,
2719 2907 2856 2963 scire
2876 2908 3026 2978 cujus
3046 2907 3147 2964 hoc
3174 2907 3374 2965 donum
3395 2911 3498 2981 sit(
3519 2909 3636 2981 ευρ.
3662 2924 3752 2975 vm,
3768 2908 3854 2977 2!):

2364 3001 2472 3056 illa:
2512 3010 2689 3057 autem
2739 3001 2974 3072 largitori
3017 3003 3257 3058 omnium
3288 3004 3539 3059 bonorum
3586 3004 3750 3075 gratias
3783 3017 3854 3056 non

2364 3101 2603 3163 agentes,
2636 3102 2963 3149 evanuerunt
2989 3095 3040 3149 in
3071 3096 3481 3166 cogitationibus
3506 3097 3626 3161 suis,
3645 3105 3692 3152 et
3722 3096 3855 3151 obscu-

2366 3193 2540 3239 ratum
2570 3192 2653 3240 est
2681 3185 2936 3254 insipiens
2983 3201 3078 3241 cor
3126 3202 3334 3253 carum,
3365 3188 3593 3245 dicentes
3614 3202 3665 3244 se
3690 3199 3854 3241 αδδεβα-
3954 3185 3955 3263 l

2372 3275 2594 3345 pientes,
2645 3277 2819 3331 stultte
2846 3276 2997 3331 facta:
3022 3286 3146 3332 sunt
3167 3276 3353 3349 (Rom.
3388 3295 3425 3341 ι,
3449 3278 3537 3347 21,
3567 3278 3674 3348 22).
3701 3277 3759 3333 De
3778 3274 3855 3346 qui-
3954 3266 3955 3277 “

2366 3366 2467 3422 hus
2487 3382 2615 3422 sane
2632 3367 2776 3422 nullo
2799 3366 2955 3422 modo
2976 3384 3118 3423 nunc
3131 3368 3519 3439 desperandum
3535 3378 3627 3437 est,
3647 3377 3853 3438 antequam

2366 3458 2697 3515 dormiamus
2729 3478 2742 3514 :
2772 3459 2865 3514 sed
2891 3460 2933 3516 si
2964 3460 3034 3514 ita
3060 3460 3397 3529 dormierint,
3439 3479 3554 3518 cum
3581 3461 3727 3517 factus
3746 3458 3853 3513 fuerit
3954 3498 3955 3519 η

2370 3551 2703 3619 clamorille,
2732 3566 2839 3622 quo
2885 3551 3074 3609 adesse
3113 3553 3225 3623 jam
3256 3555 3573 3610 nuntiabitur
3598 3565 3794 3624 sponsus,
3816 3556 3853 3603 et
3954 3534 3955 3541 “

2367 3646 2696 3716 evigilantes,
2744 3646 2845 3700 hoc
2894 3654 2975 3701 est
3001 3658 3347 3718 resurgentes
3374 3649 3701 3705 remanserint
3735 3644 3846 3705 foris;

2369 3753 2474 3793 non
2501 3738 2623 3808 quia
2654 3739 2889 3807 virgines
2917 3754 3024 3793 non
3046 3753 3191 3805 sunt,
3217 3739 3314 3796 sed
3336 3740 3454 3812 quia
3478 3740 3737 3796 nescientes
3758 3732 3852 3788 unde

2369 3828 2600 3884 habeant
2627 3827 2765 3898 quod
2792 3836 2936 3896 sunt,
2985 3831 3161 3886 stulta:
3203 3832 3438 3902 virgines
3479 3840 3610 3897 sunt,
3638 3828 3852 3894 meritoque

2369 3918 2500 3974 foris
2526 3928 2701 3987 erunt,
2730 3921 2853 3991 quia
2883 3921 3106 3977 internae
3142 3922 3391 3980 affectum
3421 3924 3592 3997 gratia:
3622 3937 3710 3978 non
3729 3931 3851 3975 secum

2367 4011 2563 4070 ferunt.

2440 4104 2529 4161 85.
2558 4104 2780 4173 Quando
2820 4106 2952 4161 tales
2994 4121 3120 4177 ergo
3162 4109 3450 4180 repereris,
3476 4124 3574 4165 non
3599 4107 3677 4162 tibi
3699 4115 3853 4177 persua-

2371 4197 2531 4253 deant
2555 4198 2865 4254 inanitatem
2896 4213 3147 4254 vasorum
3174 4214 3417 4268 suorum,
3448 4200 3537 4257 sed
3562 4208 3613 4255 tu
3636 4198 3701 4255 eis
3732 4193 3851 4266 potius

2372 4291 2779 4361 plenitudinem.
2812 4291 2965 4348 Unde
2986 4293 3061 4347 ait
3088 4286 3394 4365 Apostolus,
3444 4293 3659 4363 Quisquis
3680 4305 3724 4344 se
3754 4293 3851 4357 putat

2370 4383 2565 4453 aliquid
2585 4384 2731 4448 scire,
2759 4383 2983 4438 nondum
3006 4386 3097 4439 scit
3122 4385 3537 4455 quemadmodum
3573 4390 3735 4454 Oportet
3750 4377 3849 4432 stite.

2369 4472 2437 4528 Et
2468 4489 2588 4528 mox
2611 4474 2896 4530 ostendens
2912 4475 3035 4544 quid
3057 4476 3272 4541 dixerit,
3298 4476 3527 4547 Quisquis
3544 4485 3703 4537 autem,
3718 4466 3849 4536 inquii.

2372 4563 2540 4635 diligit
2568 4563 2751 4629 Deum,
2782 4566 2862 4618 Itic
2878 4567 3106 4637 cognitus
3132 4577 3207 4621 est
3225 4567 3288 4621 ab
3312 4568 3400 4622 illo
3425 4566 3477 4639 (Ι
3501 4564 3608 4621 Cor.
3634 4577 3721 4624 vnt,
3745 4553 3847 4623 2,ἷ))ο

2371 4656 2482 4712 Nec
2511 4657 2589 4712 sic
2616 4657 2797 4713 dicere
2814 4658 2998 4726 voluit,
3025 4659 3289 4729 Cognovit
3312 4675 3452 4723 cum,
3478 4658 3565 4714 sed
3583 4652 3776 4715 dicendo,
3795 4662 3849 4701 co-

2374 4753 2540 4824 gnitus
2589 4760 2659 4806 est
2712 4750 2773 4804 ab
2816 4752 2925 4816 illo,
2981 4752 3287 4822 expressius
3334 4751 3496 4806 voluit
3532 4740 3846 4804 commendare,

2373 4844 2531 4898 etiam
2564 4844 2666 4898 hoc
2695 4843 2762 4897 ab
2790 4843 2877 4897 illo
2916 4841 3067 4897 nobis
3093 4858 3214 4899 csse
3243 4852 3298 4897 ut
3321 4859 3442 4899 eum
3471 4841 3729 4910 diligamus.
3758 4829 3849 4884 Cha-

2370 4938 2503 4994 ritas
2529 4938 2668 4992 cnim
2722 4936 2818 4991 Dei
2866 4935 3175 4991 dill'unditur
3210 4936 3262 4991 in
3298 4935 3539 4991 cordibus
3563 4929 3742 4990 nostris,
3777 4936 3847 4976 non

2368 5047 2464 5101 per
2488 5045 2584 5085 nos
2614 5030 2777 5099 ipsos,
2806 5028 2898 5083 sed
2922 5044 3015 5098 per
3035 5027 3287 5098 Spiritum
3309 5038 3539 5084 sanctum
3562 5023 3639 5095 qui
3659 5020 3777 5074 datus
3797 5016 3851 5065 cst

2372 5100 2525 5179 nobis
2553 5122 2737 5192 (Rom.
2767 5138 2821 5184 v,
2850 5118 2942 5192 5).
2971 5120 3198 5175 Necesse
3226 5130 3307 5176 est
3343 5129 3511 5175 autem
3538 5123 3592 5171 ut
3627 5123 3770 5185 parum
3792 5100 3847 5156 di-

2372 5212 2495 5284 ligat
2531 5212 2718 5277 Deum,
2742 5210 2833 5281 qui
2873 5226 2978 5266 non
3006 5210 3073 5265 ab
3109 5211 3218 5277 illo,
3248 5210 3341 5266 sed
3369 5226 3399 5265 a
3421 5209 3586 5280 seipse
3629 5204 3848 5291 bonum

2374 5306 2662 5361 arbitratur
2689 5303 2934 5359 eﬂ‘cctum
2966 5321 2978 5357 :
3009 5303 3149 5360 unde
3174 5312 3347 5359 autem
3392 5301 3499 5357 fieri
3535 5302 3685 5371 potest
3704 5298 3746 5345 ut
3764 5285 3844 5341 talis

2372 5414 2479 5454 non
2520 5399 2575 5452 in
2601 5398 2797 5469 scipso,
2852 5396 2947 5452 sed
2994 5398 3048 5452 in
3100 5396 3322 5452 Domino
3357 5383 3726 5467 glorieturYQui
3747 5379 3841 5434 enim

2373 5489 2630 5565 gloriatur
2659 5487 2799 5559 quod
2826 5488 2896 5542 sit
2920 5487 3112 5555 bonus,
3147 5487 3199 5543 in
3226 5486 3319 5543 illo
3338 5477 3707 5555 debetgloriari,
3730 5487 3752 5525 τι
3771 5478 3841 5565 (tuo

2376 5556 2546 5639 factus
2583 5590 2665 5639 est
2679 5556 2863 5637 bonus
2892 5600 2904 5635 :
2933 5596 2995 5636 ac
3023 5597 3118 5653 per
3143 5581 3245 5637 hoc
3282 5580 3369 5652 qui
3394 5594 3450 5634 se
3475 5593 3503 5631 a
3525 5569 3759 5638 semetipso
3789 5556 3840 5611 l3-

2374 5687 2515 5733 ctum
2548 5677 2745 5732 bonum
2776 5675 3080 5740 arbitratur,
3107 5687 3431 5744 consequens
3453 5676 3529 5725 est
3567 5662 3676 5720 utin
3696 5653 3838 5747 seipsf’.

2374 5785 2480 5825 non
2509 5770 2561 5824 in
2581 5768 2806 5823 Domino
2826 5768 3101 5839 glorietur.
3124 5765 3311 5823 Omnis
3331 5770 3497 5819 autem
3516 5750 3705 5813 intentio
3719 5750 3847 5839 sta“?

2375 5862 2508 5919 Novi
2551 5835 2906 5929 Testanten—ti,
2955 5876 3059 5932 qua
3105 5872 3324 5919 sursum
3371 5868 3459 5912 cor
3498 5835 3850 5934 Inbemuilllm
3950 5904 3951 5909 η
