4004 6386
640 373 1041 465 ρι’ωειίῖᾶιιῆιῖ
1072 384 1181 443 Aut
1205 369 1351 440 certe
1376 379 1419 437 si
1448 385 1730 453 propterea
1745 363 1935 431 dicunt
1960 370 2100 444 quod
2128 383 2225 425 nos

643 464 867 540 vicerint
883 523 900 549 ,
926 479 1051 552 quia
1076 475 1268 533 melius
1292 480 1515 545 egerunt
1536 484 1748 527 causam
1772 464 2042 523 (Ζωοίιίαηί
2067 476 2229 535 quam

643 594 742 636 nos
760 620 775 645 ,
811 575 915 632 hoc
944 574 1101 646 plane
1125 569 1324 628 credite
1353 567 1474 624 illis.
1507 564 1616 622 Nos
1641 564 1783 622 enim
1811 560 1944 617 duas
1974 558 2232 615 lectiones

643 687 742 744 pro
784 669 876 726 illo
914 665 1165 724 sufficere
1205 672 1578 735 putaveramus
1625 676 1639 713 :
1684 657 1758 713 illi
1800 664 1979 711 autem
2003 660 2232 723 quatuor

683 764 998 821 rotulerunt.

644 779 998 839 promterunt.

717 857 805 913 15.
846 852 954 912 Sed
984 850 1113 924 quid
1145 848 1385 922 pluribus
1409 846 1614 902 litteras
1638 840 1967 899 oneramus?
1993 837 2052 895 Si
2076 837 2237 894 vultis

646 949 802 1008 nobis
825 946 1066 1013 credere,
1092 944 1294 1001 credite
1320 960 1335 1009 ;
1360 950 1415 999 et
1435 951 1713 997 teneamus
1739 937 1937 1008 pariter
1958 935 2236 1001 unitatem,

645 1058 805 1114 quant
840 1040 995 1112 jubet
1022 1046 1077 1095 et
1100 1036 1271 1108 diligit
1297 1036 1456 1093 Dens.
1482 1033 1536 1090 Si
1568 1044 1743 1088 autem
1775 1029 1928 1085 nobis
1955 1044 2059 1084 non
2082 1025 2243 1082 vultis

647 1133 903 1198 credere,
948 1130 1109 1187 Gesta
1146 1128 1258 1199 ipsa
1290 1126 1479 1198 legite,
1512 1134 1603 1179 aut
1626 1123 1777 1179 vobis
1803 1132 1860 1177 ut
1883 1122 2127 1192 legantur
2150 1116 2245 1173 atl-

651 1227 876 1293 mittite,
919 1233 974 1281 et
1016 1240 1083 1279 an
1128 1237 1255 1279 vera
1300 1221 1407 1276 sint
1448 1234 1567 1291 qua:
1593 1217 1903 1288 scripsimus
1932 1213 2082 1269 vobis
2106 1210 2244 1283 ,ipsi

645 1323 892 1398 probate.
921 1321 976 1378 Si
1002 1329 1180 1376 autem
1208 1318 1336 1373 nihil
1361 1317 1553 1373 horum
1584 1315 1759 1372 facere
1782 1314 1942 1369 vultis
1963 1356 1977 1379 ,
2006 1320 2061 1368 et
2076 1309 2246 1367 mani-

647 1415 933 1473 festissima
974 1412 1197 1466 veritate
1226 1409 1522 1467 convictam
1552 1410 1716 1478 partis
1744 1405 1931 1461 Donati
1962 1402 2245 1457 falsitatem

649 1509 821 1565 adlmc
842 1505 991 1578 sequi
1022 1502 1338 1560 desideratis
1357 1544 1372 1567 ,
1405 1502 1589 1556 mundi
1613 1514 1797 1555 sumus
1818 1515 1847 1553 a
1872 1512 2027 1569 pruna
2048 1504 2244 1560 vestra,

649 1599 863 1673 quando
904 1613 1003 1653 vos
1038 1612 1159 1653 sero
1203 1605 1387 1666 postea
1427 1591 1724 1663 paenitebit.
1773 1590 1830 1645 Si
1872 1604 2001 1646 vero
2028 1586 2078 1643 id
2106 1585 2248 1657 quod
2298 1604 2299 1607 η

657 1692 812 1747 vobis
842 1687 1087 1762 prmstitit
1119 1687 1256 1742 Deus
1282 1701 1387 1741 non
1416 1683 1879 1754 contempseritis;
1905 1689 1960 1737 et
1985 1688 2106 1751 post
2125 1694 2251 1733 eau-

658 1798 772 1840 sam
815 1791 921 1837 tam
962 1780 1244 1850 diligenter
1271 1785 1442 1832 actam
1464 1817 1480 1842 ,
1510 1785 1563 1832 et
1586 1783 1691 1829 tam
1716 1772 1999 1843 diligenter
2018 1767 2247 1825 manife-

664 1884 857 1932 statam
886 1916 902 1941 ,
959 1884 1263 1943 perversam
1332 1864 1774 1924 consuetudinem
1840 1864 2203 1933 relinquentes
2232 1901 2246 1927 ,

659 1969 777 2042 paci
820 1965 1016 2023 Christi
1060 1974 1113 2021 et
1156 1962 1343 2018 unitati
1384 1958 1759 2016 consenseritis
1784 1998 1800 2025 ,
1831 1956 1899 2011 de
1928 1965 2104 2011 vestra
2133 1968 2252 2008 cor-

656 2060 896 2118 rectione
918 2054 1265 2130 gaudebinms
1296 2071 1310 2107 :
1343 2062 1399 2109 et
1425 2052 1769 2108 Sacramenta
1796 2047 2027 2113 Christi,
2056 2062 2176 2117 qua:
2199 2046 2251 2100 in

656 2150 938 2221 sacrilegio
983 2147 1287 2205 schismatis
1330 2144 1397 2200 ad
1438 2143 1694 2216 judicium
1744 2140 1988 2207 habetis,
2025 2138 2172 2194 utilia
2201 2146 2255 2193 et

665 2243 902 2301 salubria
936 2240 1091 2295 vobis
1119 2247 1276 2296 erunt
1302 2253 1423 2293 cum
1455 2237 1507 2291 in
1534 2235 1793 2291 catholica
1815 2248 1943 2304 pace
1962 2226 2256 2286 habueritis

660 2346 822 2408 caput
860 2334 1130 2392 Christum
1156 2375 1171 2398 ,
1210 2332 1301 2387 ubi
1342 2330 1578 2387 charitas
1600 2329 1837 2399 cooperit
1862 2325 2254 2382 multitudinem

660 2439 999 2502 peccatorum
1029 2427 1047 2497 (
1076 2426 1095 2481 1
1123 2424 1265 2480 Petr.
1297 2440 1379 2492 tv,
1411 2424 1489 2494 8).
1538 2422 1664 2478 llaec
1702 2421 1769 2476 ad
1802 2436 1898 2475 vos
1945 2418 2256 2489 scripsimus

660 2536 789 2578 xvm
837 2520 939 2577 cal.
978 2518 1138 2589 julias
1160 2518 1177 2550 ί
1199 2558 1216 2586 ,
1240 2516 1481 2587 piissimo
1518 2512 1753 2569 llonorio
1795 2515 2036 2581 Augusto
2060 2525 2118 2565 ιχ
2141 2524 2252 2565 eos.

661 2623 720 2685 ut
759 2611 972 2685 quando
1015 2618 1240 2683 possunt
1280 2607 1347 2663 ad
1386 2620 1623 2678 quosque
1660 2613 1898 2661 vestrum
1925 2602 2041 2658 ista:
2066 2600 2258 2656 litterae

663 2705 1018 2780 pervenirent.

1094 2814 1425 2874 EPISTOLA
1453 2812 1634 2870 CXLII
1698 2813 1793 2885 (α).

670 2934 982 3008 Augustinus
1030 2930 1312 2987 Saturnino
1352 2938 1399 2983 et
1439 2926 1643 2999 Eufrati
1679 2923 2015 2997 presbyteris,
2051 2922 2261 2993 aliisque

738 3027 967 3092 clericis,
1008 3023 1271 3097 gratulans
1319 3022 1381 3076 de
1405 3022 1632 3093 ipsarum
1661 3018 1824 3073 reditu
1848 3018 1916 3071 ad
1944 3015 2223 3071 Ecclesium
2243 3057 2256 3083 ,

742 3135 926 3189 eosque
948 3118 1003 3171 in
1033 3118 1142 3189 ejus
1167 3115 1513 3171 communione
1536 3112 1843 3182 conﬁrmans
1864 3125 1883 3175 ,'
1905 3118 1951 3163 et
1976 3108 2184 3162 hortans
2208 3116 2262 3160 ut

742 3208 1074 3266 ecclesiastica
1116 3208 1304 3278 ofﬁcia,
1345 3222 1437 3277 pro
1478 3220 1570 3258 suo
1599 3202 1804 3274 quisque
1824 3200 2017 3272 gradu,
2049 3198 2264 3269 ﬁdeliter

741 3306 1095 3370 exsequantur.

674 3411 914 3473 Dominis
955 3407 1347 3475 dilectissimis,
1383 3407 1636 3463 fratribus
1664 3406 2023 3478 presbyteris,
2054 3404 2266 3461 Saron-

745 3520 868 3563 ιιιΝο
895 3514 949 3560 et
978 3502 1245 3570 EUFRATI,
1277 3510 1331 3557 et
1358 3500 1567 3556 clericis
1594 3500 1683 3571 qui
1711 3499 1981 3554 vobiscum
2011 3508 2167 3567 sunt,
2197 3498 2265 3553 ad

747 3600 1004 3655 unitatem
1044 3593 1240 3651 Christi
1283 3607 1575 3666 pacemque
1601 3591 1905 3659 conversis,
1934 3591 2267 3647 Ancusrtsus

748 3690 1058 3761 episcopus,
1089 3687 1141 3742 in
1169 3685 1394 3740 Domino
1417 3685 1663 3740 salutem.

751 3782 804 3836 l.
820 3778 1131 3839 Lauitieavit
1154 3794 1251 3833 nos
1270 3787 1447 3833 vester
1464 3776 1722 3831 adventus
1747 3795 1760 3831 :
1788 3774 1881 3831 sed
1904 3790 2010 3832 non
2028 3790 2123 3832 vos
2146 3775 2269 3832 abs-

678 3875 820 3933 entia
870 3882 1049 3929 nostra
1076 3872 1373 3929 contristet.
1402 3869 1461 3926 In
1492 3870 1578 3926 illa
1608 3871 1752 3926 enim
1780 3870 2018 3927 Ecclesia
2046 3884 2263 3937 sumus,

676 3985 797 4041 qum
823 3966 1050 4040 propitio
1079 3965 1187 4021 Deo
1206 4007 1222 4032 ,
1250 3964 1377 4021 licet
1419 3979 1795 4035 usquequaque
1817 3972 2055 4034 porrecta
2078 3971 2132 4018 et
2156 3969 2268 4017 toto

678 4061 808 4117 orbe
853 4058 1045 4115 diffusa
1088 4057 1193 4126 sit,
1245 4071 1408 4112 unum
1459 4066 1634 4111 tamen
1681 4068 1876 4125 corpus
1910 4064 2268 4126 estmagnum

678 4153 835 4209 unius
872 4152 1060 4224 capitis
1107 4150 1318 4220 magni,
1365 4146 1507 4219 quod
1546 4158 1706 4220 caput
1746 4148 1861 4219 ejus
1898 4158 1980 4204 cst
2010 4150 2123 4221 ipse
2149 4148 2269 4205 Sal-

627 4298 637 4313 ,
681 4255 858 4307 vatur,
907 4245 1047 4299 sicut
1085 4241 1373 4312 Apostolus
1411 4240 1541 4296 dicit
1573 4240 1733 4315 (Eph.
1759 4257 1827 4307 v,
1855 4240 1929 4297 25
1954 4285 1968 4307 ,
1998 4254 2044 4297 et
2072 4240 2267 4299 Coloss.

678 4352 729 4404 ι,
784 4336 894 4407 l8).
946 4336 1023 4392 De
1067 4335 1221 4405 hujus
1268 4347 1445 4390 autem
1485 4335 1675 4405 Capitis
1711 4336 2124 4407 glorificatione,
2152 4352 2271 4407 qua:

685 4436 808 4499 post
854 4426 970 4499 ejus
1016 4428 1460 4482 resurrectionem
1502 4425 1676 4481 futura
1720 4425 1924 4491 fuerat,
1964 4437 2110 4483 tanto
2148 4437 2271 4484 ante

684 4518 943 4591 propheta
988 4517 1275 4590 praedixit,
1330 4516 1573 4572 Exaltare
1617 4534 1768 4588 super
1802 4519 1981 4583 ccelos,
2011 4519 2192 4585 Deus;
2218 4527 2273 4575 et

682 4615 806 4687 quia
854 4611 943 4668 illo
984 4626 1146 4683 super
1168 4610 1334 4667 ctelos
1355 4612 1620 4678 exaltato,
1652 4609 1888 4667 Ecclesia
1917 4612 2034 4683 ejus
2057 4627 2270 4669 omnem

684 4716 883 4764 terram
926 4705 1141 4777 copiosa
1178 4702 1505 4761 fecunditate
1532 4702 1704 4761 fuerat
1731 4704 2010 4775 impletura
2031 4747 2047 4771 ,
2078 4720 2271 4763 conse-

689 4811 915 4873 quenter
944 4800 1085 4856 idem
1116 4797 1351 4870 psalmus
1370 4797 1611 4869 adiunxit
1640 4817 1654 4853 :
1691 4796 1755 4853 Et
1782 4815 1934 4870 super
1953 4816 2150 4855 onmem
2169 4810 2272 4855 ter-

687 4912 797 4950 ram
820 4892 985 4967 gloria
1012 4903 1100 4948 tua
1131 4887 1302 4966 (Psal.
1335 4905 1424 4947 Lvt
1443 4932 1459 4957 ,
1491 4890 1604 4963 l2).
1632 4888 1890 4955 Proinde,
1921 4890 2271 4959 dilectissimi,

688 4986 863 5042 stabili
904 4994 1085 5042 mente
1127 4993 1180 5040 et
1224 4982 1529 5040 firmissimo
1565 4981 1729 5040 corde
1752 5024 1768 5047 ,
1800 4982 1900 5038 sub
1930 4991 2038 5040 tam
2064 4984 2275 5040 excelso

690 5078 864 5148 capite
882 5118 898 5144 ,
947 5078 1000 5132 in
1044 5086 1151 5131 tam
1176 5075 1410 5147 glorioso
1434 5089 1656 5146 corpore
1684 5074 2028 5144 persistamus
2046 5118 2061 5140 ,
2092 5075 2145 5130 in
2169 5090 2277 5146 quo

754 5169 771 5201 ι
797 5174 976 5230 unuse
998 5167 1147 5217 \‘atic.
1171 5171 1303 5230 Mss,
1321 5162 1534 5217 τάπησι.
1561 5162 1698 5228 julii.
1723 5170 1827 5214 Mox
1852 5165 1901 5214 in
1933 5164 2046 5230 ωδ.
2073 5164 2277 5230 legeba-

685 5227 1021 5302 tur,_piissirno
1046 5226 1252 5302 Honorio
1287 5226 1494 5302 angusto
1532 5226 1646 5302 Vit!
1667 5227 2063 5302 (‘03.,Imendose,
2087 5226 2148 5277 ut
2165 5228 2277 5302 ani-

686 5288 951 5343 madvertit
966 5292 1207 5341 Baronius.
1224 5288 1408 5350 quippe
1432 5289 1624 5342 Honorii
1646 5288 1926 5350 consulatus
1948 5297 2148 5340 octavus
2164 5291 2281 5340 inci-

686 5306 951 5343 πιαίνει-ιιι
966 5306 1207 5341 υποιιιιιε.
1224 5306 1311 5350 ραι
1362 5306 1408 5341 ιθ
1432 5306 1624 5342 uonoru
1646 5306 1926 5340 ουιιδυιαιιιε
1948 5306 2148 5340 οσιωύδ
2164 5306 2281 5340 11101·-

684 5356 757 5405 ἀίι
778 5355 827 5428 ie
848 5365 1027 5403 αιιιιιιω
1041 5352 1216 5428 Wst
1239 5306 1361 5428 495:1
1367 5352 1622 5428 eum
1632 5349 2039 5428 ,ερὲξξοιὲξαίιςιθ
2054 5352 2143 5428 tu,"
2154 5365 2281 5428 sese

684 5417 927 5492 ρι’ριίιιισξ.
945 5415 1185 5492 seseese.
1198 5414 1600 5492 Menestas:
1622 5411 2035 5492 σξηειι-,ἓειξεοίὶυε
2057 5427 2138 5492 =2.“—
2160 5414 2279 5492 4'?»

684 5475 768 5543 qui
792 5486 870 5543 est
889 5475 1082 5530 Honorii
1232 5490 1404 5527 nonus.
1428 5475 1607 5528 Favent
1645 5481 1756 5527 uss.
1782 5482 1919 5537 octo,
1946 5475 1977 5527 ὁ
1998 5477 2177 5540 quibus
2196 5475 2282 5527 ali-

685 5538 771 5607 qui
793 5541 979 5592 habent
1003 5547 1107 5601 vtu,
1131 5538 1211 5588 alii
1234 5548 1478 5607 noueras.

753 5605 770 5625 '
794 5610 895 5654 Non
915 5600 1116 5667 reperta
1138 5609 1215 5653 est
1236 5601 1329 5653 nisi
1352 5602 1402 5651 in
1425 5602 1647 5653 Vaticano
1681 5600 1951 5666 exemplari
1976 5607 2027 5652 et
2047 5607 2156 5653 ιον.

750 5686 825 5799 (a2
847 5685 971 5738 Alias
988 5685 1079 5737 257
1104 5697 1255 5761 aqua:
1274 5693 1441 5738 autem
1473 5683 1564 5736 142
1601 5694 1724 5749 erat,
1769 5698 1897 5738 nunc
1924 5687 1977 5736 in
2011 5686 2285 5749 Appendioe

750 5756 773 5799 t
818 5749 868 5799 Ἰ.
881 5750 1074 5799 Saluta
1092 5761 1224 5799 clm
1239 5748 1372 5799 idem
1390 5757 1605 5799 tempus.

690 5748 773 5803 est
790 5748 868 5800 17.
881 5750 1074 5813 multa
1092 5748 1224 5802 circa
1239 5748 1372 5802 idem
1390 5757 1605 5813 tempus.

1877 252 1935 309 S.
1977 240 2352 308 AUGUSTINI
2392 239 2695 303 EPISCOPI

2338 364 2565 422 invicem
2594 362 2833 421 membra
2863 379 3067 422 sumus.
3094 362 3245 423 Unde
3263 368 3361 423 etsi
3378 356 3713 432 remotissimis
3727 367 3850 440 terris

2339 475 2457 516 mea
2483 459 2765 532 longinqua
2795 468 2939 516 esset
2964 460 3202 516 absentia
3220 502 3237 529 ,
3272 462 3323 517 in
3348 462 3435 517 illo
3460 464 3605 520 simul
3627 483 3846 541 «scmus,

2339 566 2371 607 a
2414 553 2564 625 cujus
2592 553 2834 623 corporis
2880 552 3084 610 unitate
3127 552 3373 609 recedere
3407 571 3508 611 non
3543 556 3778 618 debemus.
3812 565 3855 624 Si

2341 646 2485 703 enim
2530 661 2627 702 nos
2668 661 2773 701 una
2818 645 3009 702 domus
3034 629 3494 719 haberet,utique
3516 649 3657 706 simul
3682 658 3857 712 essedi.

2343 753 2592 795 ceremur
2638 755 2653 794 :
2696 748 2897 810 quanto
2941 740 3109 809 magis
3155 740 3312 795 simul
3356 755 3561 809 smnus,
3588 760 3693 799 cum
3714 747 3756 802 in
3778 765 3855 807 uno

2343 847 2570 903 corpore
2599 831 2758 887 simul
2788 848 2974 888 sumus
3002 833 3017 887 l
3052 832 3363 904 Quanquam
3384 834 3535 890 etiam
3565 836 3611 891 in
3636 853 3721 893 una
3736 839 3857 899 domo

2351 939 2449 980 nos
2491 939 2612 981 esse
2644 922 2850 981 Veritas
2876 925 2989 995 ipsa
3020 933 3241 980 testatur
3266 968 3281 991 ,
3312 927 3548 997 quoniam
3576 942 3730 987 saneta
3752 931 3860 991 Scri-

2348 1025 2503 1087 ptura
2544 1059 2558 1083 ,
2616 1032 2736 1087 qua:
2788 1032 2984 1086 corpus
3034 1016 3228 1073 Christi
3270 1032 3389 1073 esse
3432 1019 3552 1076 dicit
3594 1020 3856 1093 Ecclesium,

2349 1106 2463 1178 ipsa
2491 1106 2673 1164 itidem
2703 1108 2833 1164 dicit
2860 1107 3151 1165 Ecclesiam
3182 1109 3421 1166 eamdem
3449 1125 3561 1168 esse
3579 1113 3758 1171 domum
3775 1117 3857 1175 Dei.

2422 1198 2478 1253 2.
2507 1198 2613 1255 Sed
2644 1200 2758 1254 haec
2778 1198 2971 1255 domus
2990 1214 3096 1255 non
3127 1200 3272 1255 orbis
3294 1211 3447 1258 terra:
3470 1217 3570 1257 uno
3590 1205 3751 1276 angulo
3765 1208 3860 1263 adi-

2352 1290 2544 1346 ficatnr
2567 1333 2581 1357 ,
2624 1291 2719 1346 sed
2763 1307 2861 1363 per
2886 1307 3098 1348 omnem
3127 1300 3344 1348 terram.
3371 1292 3519 1350 Unde
3545 1296 3625 1349 ille
3649 1296 3857 1367 psahuus,

2352 1382 2405 1437 in
2430 1383 2581 1451 cujus
2603 1381 2754 1437 titulo
2778 1383 2991 1453 legitur,
3022 1384 3239 1449 Quando
3267 1384 3445 1440 domus
3458 1386 3759 1455 redi/ienuit"
3777 1399 3861 1461 post

2353 1472 2686 1543 captivitatem
2706 1515 2721 1539 ,
2749 1473 2825 1529 sic
2852 1474 3034 1544 incipit
3064 1492 3077 1527 :
3112 1473 3323 1529 Caritate
3351 1474 3558 1531 Domino
3572 1479 3780 1533 canticum
3795 1496 3862 1535 no-

2352 1580 2487 1631 vum,
2502 1574 2701 1619 cantate
2725 1563 2965 1631 Domino,
2986 1567 3147 1621 omnis
3170 1575 3304 1621 terra
3332 1565 3631 1639 (Psal.xcv,
3656 1569 3718 1642 l).
3738 1570 3861 1629 luve-

2362 1666 2557 1713 tustate
2585 1658 2782 1728 quippe
2803 1658 2998 1715 veteris
3023 1659 3256 1713 hominis
3274 1700 3290 1727 ,
3319 1657 3499 1715 orbem
3524 1670 3663 1715 terra:
3681 1661 3862 1717 diabolus

2354 1751 2749 1820 captivaverat;
2797 1758 2917 1821 post
2956 1748 3095 1805 hanc
3130 1749 3486 1821 captivitatem
3508 1764 3617 1805 cum
3640 1751 3862 1808 :edilitutur

2355 1844 2546 1901 domus
2574 1888 2591 1912 ,
2641 1844 2915 1901 renovatio
2962 1842 3200 1899 fidelium
3252 1842 3571 1915 signiﬁcatur
3612 1844 3659 1899 in
3702 1838 3861 1900 homine

2356 1955 2517 1995 novo.
2549 1937 2703 1995 Unde
2726 1937 2856 1994 dicit
2874 1936 3165 2010 Apostolus
3184 1980 3199 2006 ,
3235 1935 3421 1992 Exuite
3442 1953 3524 1992 vos
3545 1946 3725 1993 veterem
3747 1936 3862 1991 Itoni-

2357 2051 2471 2089 nem
2495 2076 2510 2102 ,
2551 2043 2598 2087 et
2634 2032 2829 2087 induite
2870 2048 2983 2086 eum
3032 2031 3118 2101 qui
3155 2030 3434 2087 secundum
3466 2029 3618 2084 Deum
3639 2040 3863 2085 creutusest

2361 2125 2521 2199 (Epit.
2551 2141 2637 2188 tv,
2666 2122 2873 2197 22,24)
2910 2141 2922 2177 :
2950 2133 3006 2180 et
3032 2123 3153 2194 quia
3183 2121 3289 2178 hoc
3316 2138 3411 2194 per
3434 2137 3630 2177 omnem
3657 2131 3811 2178 terram
3826 2121 3864 2176 lit

2360 2220 2413 2276 in
2449 2220 2648 2275 unitate
2674 2218 2933 2274 catholica
2961 2234 2976 2284 ;
3006 2218 3142 2274 sicut
3168 2219 3220 2273 in
3253 2219 3359 2274 alio
3388 2218 3582 2289 psalmo
3603 2217 3766 2273 dictum
3785 2225 3861 2282 eu,

2360 2310 2427 2367 Et
2451 2328 2602 2384 super
2621 2328 2817 2367 omnem
2839 2322 3021 2366 terram
3041 2311 3205 2383 gloria
3232 2322 3322 2365 tua
3344 2327 3363 2377 ;
3391 2312 3466 2365 sic
3493 2310 3542 2364 in
3567 2310 3657 2365 isto
3676 2324 3771 2365 cum
3786 2308 3862 2361 dic-

2362 2414 2473 2461 tum
2521 2414 2695 2473 esset,
2729 2404 2940 2461 Cantatc
2980 2404 3196 2460 Domino
3240 2406 3487 2460 canticum
3525 2420 3716 2467 novum,
3744 2401 3864 2456 utde-

2362 2505 2752 2552 monstraretur
2775 2496 2987 2568 quando
3015 2495 3207 2551 domus
3232 2496 3523 2552 mdilieatur
3547 2496 3594 2551 in
3615 2496 3703 2550 isto
3717 2494 3865 2549 cantico

2365 2603 2527 2656 novo,
2550 2590 2803 2644 continuo
2823 2587 3162 2659 subjunctum
3182 2597 3288 2653 est,
3316 2588 3522 2642 Cautate
3540 2585 3866 2650 Domino,ontuu
3954 2592 3955 2659 γ

2366 2690 2520 2736 terra.
2566 2680 2850 2752 Operarios
2894 2691 3109 2747 autem,
3157 2696 3256 2751 per
3302 2695 3435 2751 quos
3479 2680 3573 2735 ista
3616 2688 3705 2733 tam
3734 2690 3865 2747 magna

2366 2774 2555 2831 domus
2596 2774 2927 2841 :editicatur,
2975 2772 3112 2828 idem
3160 2774 3397 2843 psalmus
3440 2773 3748 2836 exhortatur,
3784 2782 3864 2824 cum

2365 2875 2755 2938 consequenter
2782 2866 2931 2931 dicit,
2955 2863 3092 2920 Bene
3109 2867 3338 2920 nuntiate
3361 2865 3424 2920 de
3448 2865 3527 2919 die
3545 2880 3604 2919 ex
3624 2865 3693 2918 die
3713 2861 3867 2917 salutare

2366 2962 2511 3034 ejus;
2553 2960 2849 3014 annuntiate
2886 2959 2941 3012 in
2978 2959 3206 3029 gentibus
3250 2960 3463 3031 gloriant
3491 2956 3620 3022 eius,
3642 2958 3687 3010 in
3707 2952 3867 3008 omnibus

2369 3055 2571 3127 populis
2596 3053 2848 3108 mirabilia
2874 3052 2983 3124 ejus
3015 3069 3029 3104 :
3058 3061 3113 3107 et
3142 3053 3301 3122 paulo
3330 3062 3449 3123 post
3472 3051 3608 3117 dicit,
3635 3041 3868 3115 ΑΙῙεηιυο·

2368 3149 2507 3203 mino
2524 3189 2540 3214 ,
2568 3147 2749 3219 patria:
2770 3146 3026 3218 gentium,
3053 3142 3232 3212 aﬂ'erte
3262 3142 3479 3199 Domino
3502 3142 3694 3214 gloriam
3710 3150 3745 3192 et
3761 3136 3869 3189 Ιιοίιο·

2367 3259 2495 3299 rcm.
2542 3242 2672 3309 Qua:
2715 3240 2784 3315 sit
2816 3238 2930 3294 ba-c
2952 3236 3173 3305 domus,
3208 3238 3263 3294 id
3289 3247 3373 3294 est
3400 3234 3627 3293 Ecclesia
3651 3228 3867 3293 catlmlia,

2368 3334 2472 3389 alio
2500 3331 2619 3388 loco
2642 3330 2749 3388 disi
2771 3331 2812 3384 ί.

2441 3430 2495 3485 5.
2526 3427 2619 3482 His
2639 3439 2798 3499 atque
2826 3423 3130 3497 hnjusmodi
3158 3422 3478 3479 testimoniis
3503 3428 3650 3476 tanta:
3670 3416 3791 3486 hujus
3806 3410 3869 3466 ἀοι

2372 3537 2525 3590 mus,
2570 3537 2690 3593 qua:
2728 3520 2780 3575 in
2813 3528 2921 3575 tota
2949 3518 3223 3588 Scriptura
3257 3525 3366 3571 tam
3395 3513 3553 3569 multa
3581 3506 3867 3580 reperiuntur,

2371 3614 2445 3670 ita
2470 3620 2748 3670 cesserunt
2767 3610 2965 3667 inimici
2985 3610 3128 3681 ejus,
3158 3618 3214 3663 ut
3241 3607 3535 3665 faterentur
3556 3610 3717 3660 contra
3738 3594 3869 3653 Eccle-

2372 3710 2506 3764 siam
2560 3702 2965 3760 transmarinam
2995 3743 3011 3769 ,
3060 3716 3219 3773 quam
3268 3710 3445 3757 tamen
3484 3693 3760 3753 catholicam
3791 3697 3869 3740 esse

2373 3798 2603 3855 confessi
2632 3806 2785 3864 sunt,
2813 3812 2871 3852 se
2898 3810 3112 3852 causam
3140 3810 3249 3849 non
3280 3793 3496 3849 habere.
3526 3788 3649 3845 Huic
3681 3799 3759 3842 nos
3771 3792 3871 3837 conl-

2375 3893 2706 3949 municamus
2726 3900 2782 3945 ut
2805 3888 3054 3960 conjungi
3075 3902 3382 3942 mereamur
3402 3881 3640 3939 membris
3656 3872 3823 3935 Christi,
3837 3874 3871 3922 et

2373 3986 2739 4057 compaginem
2784 3982 3025 4053 corporis
3060 3981 3176 4049 ejus
3204 3977 3528 4034 ﬁdelissima:
3551 3966 3871 4030 charitatisam-
3954 3992 3955 4057 ᾖ

2375 4086 2670 4158 ριινοιίιιηυι·
2693 4081 2905 4137 uirecta.
2928 4078 3189 4147 Quoniam
3216 4074 3275 4131 in
3304 4073 3557 4130 Ecclesiae
3584 4068 3716 4139 hujus
3733 4061 3871 4118 unitate

2376 4181 2695 4251 quicumque
2742 4175 2879 4230 male
2920 4172 3109 4228 vixvrit
3136 4213 3151 4235 ,
3196 4169 3291 4225 sibi
3323 4167 3570 4240 judicium
3603 4159 3818 4217 manduntl
3843 4157 3872 4203 el

2376 4244 2526 4339 bibit,
2554 4244 2690 4327 sicut
2711 4268 2997 4339 Apostolus
3025 4264 3152 4320 dicit
3181 4264 3221 4337 (I
3246 4261 3348 4319 Cor
3395 4278 3447 4317 XI
3468 4303 3481 4325 ,
3502 4258 3606 4330 29).
3625 4255 3871 4322 Quicumque

2376 4375 2553 4423 autem
2587 4364 2720 4419 bene
2748 4362 2908 4427 vivit,
2940 4375 3043 4414 non
3072 4357 3122 4412 ei
3153 4355 3461 4427 prarjudicat
3488 4351 3642 4405 aliena
3668 4356 3817 4401 causa.
3838 4342 3871 4427 cl

2377 4461 2547 4515 aliena
2581 4471 2827 4529 persona.
2856 4454 2943 4509 Sic
2964 4452 3123 4507 etiam
3152 4448 3225 4504 illi
3248 4464 3369 4503 eum
3392 4446 3458 4502 de
3476 4458 3622 4501 causa
3649 4425 3870 4494 Mavimiani

2377 4528 2727 4623 urgerentur,
2768 4562 2863 4603 ore
2890 4562 2987 4602 suo
3017 4543 3185 4600 coacti
3216 4550 3343 4597 sunt
3397 4536 3655 4601 cunlltcri,
3681 4528 3775 4599 quia
3791 4533 3870 4623 _"f‘

2377 4660 2532 4699 causa
2583 4656 2779 4706 causaz,
2808 4654 2897 4693 nec
2945 4652 3157 4709 persona
3204 4647 3432 4706 persona!
3482 4624 3758 4699 prarjudicat.

2378 4737 2507 4792 liciti
2534 4744 2709 4791 tamen
2742 4732 2964 4787 invicem
2993 4743 3177 4785 sumus
3207 4743 3303 4798 pro
3329 4723 3481 4781 nobis
3499 4765 3514 4787 ,
3538 4727 3748 4787 tanquam
3766 4703 3871 4761 unius

2379 4828 2619 4898 corporis
2656 4825 2891 4881 membra
2925 4840 2940 4889 ;
2972 4831 3027 4877 ut
3054 4818 3372 4890 quicumque
3398 4814 3659 4883 adjuvante
3684 4798 3871 4891 l‘oznintt.

2380 4921 2446 4976 ad
2478 4896 2731 4976 horreum
2768 4915 3005 4970 futurum
3034 4911 3394 4983 pertinemus,
3425 4896 3871 4983 ittlet'imitlaw1_9':

2381 5014 2492 5069 mul
2536 5012 2741 5083 paleam
2788 4970 3109 5072 toleremus,
3149 5016 3216 5057 ne
3243 5011 3455 5072 propter
3482 4995 3612 5052 illam
3640 4970 3873 5045 intumisnl

2383 5106 2699 5162 destinatam
2717 5145 2731 5167 ,
2753 5115 2852 5157 nos
2878 5113 3057 5154 aream
3084 5093 3401 5150 dominicam
3423 5089 3721 5144 deseramus.
3783 5155 3851 5167 μ’

2454 5199 2509 5254 4.
2558 5156 3001 5268 Agite'ﬁdeliter,
3040 5196 3094 5244 et
3133 5185 3372 5241 hilariter
3396 5171 3733 5238 Ecclesiastica
3754 5156 3872 5268 ofl'itiﬁ

2386 5307 2503 5363 qua:
2541 5245 2729 5345 adovos
2756 5284 3050 5358 pertinent,
3082 5294 3179 5352 pro
3203 5274 3450 5350 gradibus
3476 5266 3679 5329 vestris,
3700 5265 3744 5314 et
3764 5245 3872 5308 mini-

2453 5501 2470 5531 ¹
2500 5494 2629 5559 Apud
2651 5498 2760 5542 ων·
2785 5487 3165 5560 δίὲ.¹.θῧθὶ“³ω¹ἰ.²
3196 5478 3437 5560 ὅθίΡμίθίέι

2455 5520 2470 5531 .
2500 5520 2629 5559 npuu
2652 5520 2760 5542 Iuv.
2785 5520 2859 5562 mu.
2878 5520 3125 5560 ι.υϋυι.·ιιωι
3141 5522 3165 5556 ’.
3196 5520 3290 5556 ί...
3317 5520 3432 5538 .--η
3456 5520 3503 5527 η.
3518 5520 3574 5554 ..-ν
3598 5520 3615 5541 γ’
3659 5527 3668 5538 _
3717 5520 3725 5524 _
3773 5520 3782 5526 _
3833 5520 3873 5556 aa

2388 5560 2548 5626 prima
2563 5560 2733 5626 contra
2756 5547 3082 5626 ιτενιιιιαηῖιιιι1
3098 5546 3527 5626 έπξὶῃίηὲ“ρςεῆ
3542 5520 3879 5626 ΨΜ,ςῇαῂ

2389 5587 2688 5676 sius-3:3?
2702 5587 3525 5681 aut;
3640 5587 3877 5681 nam

2391 5646 2680 5676 (scutulam,
2703 5646 2811 5680 ιμκυ
2829 5646 2923 5664 mm
2940 5646 3136 5662 uua-nu.
3147 5646 3179 5658 ..
3203 5646 3460 5669 νηστηπην
3483 5646 3519 5651 ν-
3540 5646 3553 5659 ,
3572 5658 3583 5668 ⁸
3640 5646 3651 5655 ,

2391 5681 2573 5750 νίαςυίι
2611 5689 2836 5750 mssa"
2871 5675 3119 5750 άατηῖιριεις
3134 5646 3796 5750 Αρῑιὲξὲτὲἒηείξηξῇᾴῶἱι

2395 5708 2573 5750 puwuu
2612 5708 2835 5731 ισυυιυιιυ
2871 5708 3118 5725 μασι-...νιν
3158 5708 3267 5729 -,.....ν
3299 5708 3438 5715 .--νῇ
3465 5708 3515 5712 ,η
3559 5719 3570 5731 _
3739 5708 3751 5715 ,

2395 5745 2531 5799 νοω.
2555 5757 2662 5807 cap.
2688 5740 2768 5801 13,
2793 5748 3056 5804 perperam
3075 5735 3151 5784 hic
3172 5733 3352 5783 inserta
3370 5735 3573 5789 expungt
3592 5708 3782 5777 οιδαίωίι
