4004 6386
181 372 273 440 ω

180 492 377 550 sterium
406 500 633 548 vestrum
665 492 946 553 sinceriter
984 496 1277 571 adimplete
1323 516 1540 576 propter
1574 508 1724 564 illum

180 585 346 651 Deum,
378 582 475 638 sub
508 597 613 653 quo
646 588 888 642 conservi
920 606 1104 647 sumus
1129 635 1144 661 ,
1176 604 1230 650 et
1257 597 1341 651 cui
1372 601 1630 657 rationem
1661 602 1729 660 de

179 674 344 732 nostris
377 674 577 729 actibus
606 676 908 736 reddituros
947 697 1046 739 nos
1077 699 1198 741 esse
1229 688 1543 761 cogitamus.
1576 692 1729 752 Unde

178 764 408 820 abundare
447 765 637 822 debent
669 769 721 824 in
753 772 902 826 vobis
930 774 1311 834 misericordia:
1340 782 1573 848 viscera,
1602 786 1725 856 quia

177 854 390 929 judicium
417 854 529 913 sine
558 858 923 919 misericordia
944 867 1045 921 erit
1075 868 1149 924 illi
1174 871 1261 940 qui
1290 887 1394 928 non
1419 872 1600 932 fecerit
1620 877 1723 932 mi-

176 947 471 1005 sericordiam
515 948 719 1023 (Jacobi
761 970 826 1018 tt,
872 956 983 1030 13).
1017 960 1094 1015 Ac
1125 976 1220 1031 per
1243 962 1379 1032 hoc,
1409 976 1466 1022 et
1492 983 1587 1038 pro
1616 968 1723 1025 illis

176 1048 293 1094 orate
330 1039 593 1096 nobiscum
634 1044 723 1114 qui
768 1045 941 1103 adlmc
977 1052 1391 1123 contristantur,
1422 1068 1479 1112 ut
1504 1069 1722 1116 sanetur

174 1132 359 1187 can-alis
391 1134 547 1189 animi
590 1135 904 1207 infirmitas,
944 1157 1009 1197 ex
1049 1143 1297 1202 diuturna
1334 1152 1719 1210 consuetudine

174 1223 349 1279 auecta
367 1235 520 1295 atque
538 1236 834 1285 contracta.
862 1231 992 1288 Nam
1010 1237 1128 1306 quis
1148 1253 1253 1293 non
1278 1241 1535 1312 intelligat
1558 1262 1717 1315 quam

172 1313 329 1369 bonum
350 1316 412 1370 sit
432 1327 483 1371 et
497 1318 793 1387 jucundum
820 1319 1014 1380 fratres
1032 1325 1273 1384 habitare
1294 1332 1345 1385 in
1360 1348 1521 1389 utinm
1539 1313 1711 1409 (Psal.

170 1418 350 1469 cum,
394 1404 477 1477 ί).
524 1408 569 1462 si
615 1424 774 1485 sanas
816 1411 995 1469 fauces
1033 1417 1132 1472 ista
1166 1419 1473 1488 jueunditas
1498 1404 1705 1497 tangat,

168 1496 274 1550 unde
291 1507 489 1568 respuat
507 1502 917 1560 amaritudinem
939 1506 1217 1566 divisionis
1239 1528 1390 1569 mens
1410 1496 1712 1589 quzudiligit

162 1585 442 1643 dulcedinem
467 1590 747 1649 eharitatis
764 1595 790 1648 Ἰ
810 1595 1007 1653 Potens
1032 1610 1115 1656 est
1132 1613 1309 1659 autem
1334 1615 1388 1660 et
1408 1585 1712 1667 misericors

162 1676 293 1743 Deus.
321 1696 468 1752 quem
502 1700 599 1753 pro
627 1686 733 1742 illis
761 1702 1001 1759 oramus,
1035 1703 1089 1748 ιιι
1118 1695 1442 1765 quibuslibet
1468 1702 1710 1760 occasio-

158 1769 278 1826 nibus
307 1773 453 1829 etiam
503 1775 649 1846 ipsos
692 1782 926 1837 attrahat
948 1782 1016 1839 ad
1044 1786 1291 1844 salutem.
1325 1790 1582 1850 Dominus
1611 1811 1708 1852 vos

158 1860 199 1915 la
220 1877 325 1933 pace
347 1876 648 1924 conservet.

532 1980 865 2042 EPISTOLA
891 1985 1099 2047 CXLIII
1123 1996 1141 2017 ⁶
1178 1992 1275 2067 (a).

154 2085 307 2145 Paucis
324 2094 591 2162 respondet
611 2095 681 2150 ad
701 2099 1025 2168 quwstionem
1050 2119 1115 2158 e1
1134 2105 1316 2162 diuinis
1330 2108 1496 2167 Libris
1513 2129 1701 2186 propo-

198 2181 321 2235 sitam
357 2203 386 2237 a
428 2185 752 2248 Marcellino.
790 2191 917 2248 Tum
944 2198 1163 2264 explicat
1192 2200 1356 2256 locum
1386 2214 1613 2261 laxatum
1641 2226 1705 2264 ea:

197 2268 312 2328 libris
342 2276 455 2331 suis
490 2278 554 2332 de
591 2277 772 2336 Libero
813 2284 1070 2353 Arbitrio;
1107 2290 1372 2349 declarans
1411 2297 1463 2351 in
1509 2300 1691 2368 primis

198 2379 415 2435 quantum
458 2371 565 2424 suis
611 2375 813 2444 scriptis
855 2379 1007 2434 tribui
1040 2382 1152 2436 velit
1192 2401 1212 2439 :
1255 2386 1525 2460 eademque
1548 2408 1698 2447 ceca-

201 2459 315 2514 sione
334 2463 505 2516 ras-ias
529 2464 593 2518 de
624 2468 908 2523 animarum
928 2472 1120 2543 origine
1136 2479 1433 2547 quaestiones
1451 2486 1696 2550 perstrin-

191 2568 305 2623 gens.
333 2552 603 2611 Postremo
628 2559 791 2631 rejirit
816 2564 1084 2633 cujusdam
1111 2568 1255 2638 (puta
1289 2569 1571 2649 Valesiani)
1594 2578 1696 2632 du-

191 2645 453 2703 bitatione»:
471 2692 486 2717 ,
531 2653 617 2719 qui
653 2652 766 2709 ideo
803 2673 904 2711 non
942 2660 1175 2715 credebat
1212 2662 1430 2719 Mariam
1456 2670 1695 2741 virginem

190 2740 448 2809 peperisse,
476 2742 612 2813 quod
636 2745 691 2799 id
716 2764 972 2819 nunquam
998 2753 1125 2809 alias
1145 2760 1334 2827 factum
1357 2761 1443 2814 sit.

133 2845 319 2909 Domino
351 2856 593 2925 eximio,
640 2869 695 2916 et
736 2865 927 2921 merito
954 2866 1178 2938 insigni,
1208 2873 1535 2948 multumque
1559 2878 1692 2935 cha-

184 2942 368 3003 rissima
413 2947 522 3004 lilio
561 2949 937 3027 “succuum,
980 2962 1345 3035 AUGUSTINUS,
1386 2969 1438 3024 in
1464 2970 1693 3031 Domine

184 3035 409 3094 salutem.

186 3150 225 3205 l.
260 3152 556 3224 Epistulam
594 3166 737 3216 tuam
761 3203 777 3228 ,
806 3177 963 3233 quam
992 3181 1089 3236 per
1116 3178 1357 3226 sanctum
1384 3172 1603 3232 fratrem
1634 3189 1690 3234 et

130 3244 465 3318 uiepisenpum
497 3265 675 3307 meum
705 3252 1034 3312 Bottifacium
1058 3262 1271 3331 accepi,
1298 3266 1539 3335 quaesivi,
1563 3284 1685 3325 cum

128 3337 471 3400 rescriberem.
502 3356 602 3396 nec
632 3344 824 3400 inveni.
856 3346 1074 3403 Recolni
1107 3360 1282 3407 tamen
1306 3364 1359 3408 te
1383 3357 1435 3411 in
1457 3374 1518 3413 ea
1542 3377 1686 3430 qua:-

125 3425 230 3483 δίκε
254 3432 525 3502 quomodo
560 3435 860 3494 invenerint
892 3443 1030 3513 magi
1069 3443 1395 3513 Pharaonis,
1426 3466 1684 3512 conversa

127 3516 168 3573 iu
188 3524 486 3594 sanguinem
515 3537 621 3582 tota
647 3545 783 3600 aqua
800 3530 1035 3604 Egypti,
1054 3536 1195 3593 unde
1209 3541 1383 3598 simile
1397 3544 1592 3615 aliquid
1610 3548 1686 3603 fa-

124 3615 443 3686 cerent.th
462 3616 673 3675 duobus
714 3621 887 3679 modis
913 3626 1049 3682 solvi
1075 3632 1307 3700 quaestio
1343 3635 1483 3691 solet
1518 3655 1533 3693 :
1570 3638 1684 3695 sive

120 3704 231 3771 Quod
256 3708 460 3762 marina
486 3724 624 3779 aqua
650 3715 882 3781 potuerit
900 3716 1114 3787 offerri;
1146 3722 1278 3789 sive,
1298 3726 1439 3795 quod
1460 3738 1539 3782 est
1562 3744 1680 3785 cre-

119 3789 331 3858 dibilius.
362 3797 489 3872 quia
517 3799 570 3855 in
596 3816 659 3857 ea
690 3804 940 3873 regione,
970 3807 1023 3862 ia
1053 3825 1154 3880 qua
1185 3789 1338 3869 erant
1361 3814 1455 3871 lilii
1481 3817 1642 3874 Israel
1662 3860 1677 3885 ,

118 3880 208 3939 iste
247 3890 410 3961 plagae
454 3905 561 3945 non
608 3892 823 3950 fiebant.
864 3895 977 3955 Hoc
1015 3901 1157 3957 enim
1185 3905 1501 3975 quibusdam
1531 3880 1678 3966 Seri;

119 3983 257 4041 plura
295 3979 442 4036 illius
489 3980 622 4037 locis
667 3986 1001 4054 apertissime
1039 4005 1351 4061 expressum
1395 3997 1675 4068 admonet,

116 4066 245 4123 etizun
269 4070 356 4125 ubi
384 4088 493 4127 non
517 4072 716 4130 dictum
743 4087 857 4144 est,
887 4081 1012 4151 quid
1043 4081 1263 4155 intelligi
1288 4087 1499 4145 debeat.

170 4157 217 4212 2.
249 4160 355 4217 illae
377 4175 559 4219 autem
586 4166 775 4221 littera:
804 4178 905 4225 tua:
923 4212 940 4237 ,
967 4188 1101 4243 quas
1130 4176 1410 4248 presbyter
1432 4180 1679 4241 Urbanus

116 4249 293 4317 attulit,
324 4252 523 4309 habent
547 4258 896 4327 quzestionem
922 4262 1052 4318 mihi
1080 4268 1405 4337 pr0pusitam
1430 4287 1495 4327 ex
1527 4274 1677 4331 libris

116 4350 201 4391 non
239 4341 428 4398 divinis
448 4386 464 4411 ,
508 4345 603 4402 sed
642 4348 806 4412 meis.
841 4366 977 4423 quos
996 4355 1185 4424 scripsi
1210 4359 1275 4413 de
1305 4359 1494 4418 Libero
1517 4365 1675 4421 Arbi-

118 4427 219 4482 trio.
262 4430 318 4487 In
354 4434 545 4489 talibus
581 4446 759 4493 autent
796 4444 1177 4511 quaestionibus
1201 4465 1306 4507 non
1337 4455 1562 4512 multum
1593 4457 1675 4513 la-

118 4513 265 4580 boro:
296 4524 413 4593 quia
444 4529 545 4581 etsi
575 4527 785 4586 defendi
811 4537 1073 4593 sententia
1103 4556 1218 4596 mea
1248 4543 1443 4616 liquida
1471 4550 1675 4608 ratione

116 4624 201 4665 non
235 4625 400 4684 potest
421 4661 438 4683 ,
472 4635 588 4675 mea
630 4633 744 4688 est;
773 4640 876 4680 non
904 4627 1020 4697 ejus
1043 4636 1273 4691 auctoris
1292 4638 1441 4710 cujus
1458 4657 1673 4701 sensum

118 4700 389 4774 improbare
420 4709 500 4765 fas
526 4728 631 4767 nun
651 4726 731 4770 est
748 4758 764 4783 ,
790 4720 947 4773 etiam
976 4736 1097 4777 cum
1116 4765 1131 4786 ,
1158 4740 1223 4780 eo
1247 4743 1351 4783 non
1379 4732 1669 4806 intellecto,

117 4788 200 4848 hoc
224 4796 338 4855 inde
360 4804 589 4857 sentitur
608 4807 746 4885 quod
768 4808 1171 4880 improbandum
1193 4828 1296 4874 est.
1320 4820 1432 4893 Ego
1454 4788 1674 4891 proinde

115 4885 259 4943 lateor
293 4907 378 4949 me
414 4909 480 4950 ev
524 4910 710 4952 eorum
746 4915 967 4956 numero
1008 4918 1127 4960 esse
1152 4911 1367 4979 conari,
1398 4915 1487 4983 qtti
1514 4920 1669 4986 protl-

113 4975 276 5035 ciendo
309 4985 578 5051 scribunt,
609 4997 664 5042 et
689 4990 971 5047 scribendo
995 4998 1292 5065 proﬁciunt.
1325 4975 1473 5061 [lude
1498 4975 1542 5062 si
1567 5009 1668 5066 ali-

111 5068 224 5133 quid
252 5073 331 5129 vel
370 5074 668 5146 incautius,
710 5081 796 5136 vel
837 5084 1145 5143 indoctiusa
1186 5108 1271 5148 me
1298 5098 1523 5165 positum
1552 5114 1665 5174 est,

111 5160 233 5225 quod
262 5179 363 5221 non
402 5168 577 5225 Solum
619 5170 687 5225 ab
724 5173 842 5228 aliis
866 5177 954 5246 qui
985 5178 1162 5236 videre
1188 5182 1239 5238 ill
1273 5160 1521 5259 possunt,
1551 5160 1665 5251 me:

110 5247 201 5304 tito
235 5259 680 5330 reprehendatur,
718 5280 901 5323 verum
942 5272 1101 5327 etiam
1140 5290 1169 5328 a
1207 5283 1443 5350 tneipso,
1470 5287 1590 5355 quia
1615 5297 1670 5344 et

110 5354 199 5410 ego
225 5349 401 5405 saltem
441 5362 627 5421 postea
655 5356 832 5414 videre
859 5360 1028 5417 debeo
1046 5405 1060 5427 ,
1090 5366 1134 5420 si
1161 5349 1539 5441 proficio;nec
1563 5380 1666 5434 mi-

110 5435 307 5497 randum
338 5454 453 5513 est,
486 5460 585 5502 nec
609 5447 893 5507 dolendum
922 5471 936 5509 :
968 5455 1061 5511 sed
1090 5435 1263 5528 potius
1289 5435 1664 5535 ignoscendum

1119 5632 1488 5747 ἑνὶὲνιι.
1512 5659 1608 5700 r.s.
1625 5658 1662 5701 ι.

848 5703 894 5739 v.
922 5700 973 5744 et
996 5704 1095 5745 Αιη.
1119 5700 1227 5747 uad.
1250 5700 1324 5751 εῑι.
1349 5700 1458 5757 tbv.

476 5777 623 5830 :qua:
658 5778 824 5822 autem
862 5771 952 5824 165
990 5785 1113 5842 erat,
1152 5794 1283 5834 nunc
1318 5784 1427 5839 187.
1478 5793 1657 5859 sct'lpta

328 5905 549 5973 Sutor.
596 5916 866 5983 Aucta".
901 5921 957 5987 II

1299 386 1779 451 EPISTOLARUM
1819 391 2095 459 CLASSIS
2132 403 2221 463 ΙΙΙ.

1842 525 1999 587 atque
2034 526 2437 598 gratulandum;
2478 550 2581 590 non
2626 541 2747 609 quia
2783 558 3016 604 erratum
3046 564 3154 619 est,
3190 559 3281 613 sed
3312 567 3435 630 quia

2645 607 2655 609 _
3115 607 3154 619 νι
3191 607 3280 613 -νντ
3314 607 3435 630 ‘l""'

1839 607 2214 680 improbatum.
2259 620 2390 679 Nam
2436 628 2593 684 nimis
2632 648 2882 703 perverse
2918 644 3148 714 scipsum
3178 663 3320 707 amat
3346 659 3436 727 qui

1839 708 1885 727 ΑΙ
1918 702 2047 727 ηίξΑι-
2078 709 2183 727 --π¹·

1836 708 1891 754 et
1916 702 2049 759 alios
2078 709 2187 762 vult
2213 727 2423 783 etrare,
2453 727 2512 773 ut
2537 737 2688 777 error
2706 741 2834 783 suus
2856 730 3033 789 lateat.
3060 738 3268 806 Quanto
3288 702 3431 804 enim

1836 792 2029 850 melius
2056 807 2109 853 et
2138 802 2318 858 utilius
2338 848 2353 871 ,
2382 820 2438 863 ιιι
2465 811 2551 865 ubi
2582 814 2693 883 ipse
2718 823 2951 889 erravit,
2978 828 3064 882 alii
3090 848 3193 888 non
3216 848 3430 905 errent,
3458 837 3464 842 ’

1830 895 2056 952 quormn
2103 890 2376 951 admonitu
2422 914 2605 957 errore
2646 913 2859 966 careat!
2903 918 3041 984 quod
3081 923 3124 976 si
3162 928 3430 997 noluerit,

1830 973 2018 997 ιΑΙιΑ...
2054 994 2091 997 -ν
2170 983 2201 997 '-
2444 992 2456 997 ‘
2652 996 2655 997 ⁷

2920 973 2932 984 _
3087 973 3123 976 η
3162 973 3389 984 πων...
3413 975 3430 997 ,

1829 973 2020 1030 saltem
2044 983 2268 1038 Comites
2288 992 2487 1047 erroris
2515 1010 2617 1050 non
2647 996 2857 1058 habeat.
2890 1006 2946 1061 Si
2974 1012 3114 1066 enim
3138 1018 3265 1073 mihi
3291 1020 3430 1077 Deus

1827 1066 1968 1133 quod
2013 1071 2134 1124 volo
2172 1080 2507 1151 praistiterit,
2546 1097 2605 1141 ιιι
2641 1093 2876 1150 omnium
2905 1098 3160 1160 librorum
3186 1124 3426 1169 meorum

1826 1171 2176 1233 quaecumque
2218 1170 2346 1225 mihi
2385 1178 2681 1239 rectissime
2717 1184 3025 1261 dislilicent,
3058 1213 3219 1266 opere
3249 1206 3426 1275 aliqua

1826 1248 1890 1275 ..ιι
1931 1249 2029 1275 1.---
2060 1254 2153 1275 ξημ
2260 1261 2272 1273 ο
2352 1265 2381 1275 ν.
2632 1274 2657 1275 η

2806 1248 2817 1258 _
3013 1248 3025 1261 ,
3066 1248 3106 1266 -,
3133 1248 3218 1256 --ν
3250 1248 3420 1275 ...μνη

1824 1248 1890 1302 ad
1930 1249 2031 1308 hoc
2059 1254 2228 1325 ipsum
2259 1261 2531 1334 instituto,
2559 1274 2803 1345 colligam
2830 1290 2992 1352 atque
3015 1288 3376 1351 detnonstrem
3402 1316 3420 1365 ;

1826 1349 1951 1398 tunc
1984 1346 2238 1408 videbunt
2280 1355 2524 1417 homines
2558 1382 2714 1435 quam
2761 1388 2865 1427 non
2902 1380 3000 1432 siin
3024 1394 3271 1454 acceptor
3294 1405 3419 1459 per-

1820 1447 1968 1490 εοιιεῐι
1998 1456 2150 1496 [Πρω.

1891 1529 1945 1584 5.
1980 1532 2086 1589 Vos
2112 1546 2288 1594 autem
2315 1546 2403 1612 qui
2435 1562 2521 1602 me
2550 1553 2773 1609 multum
2802 1556 3046 1628 diligitis,
3076 1566 3118 1619 si
3152 1569 3306 1625 talem
3331 1589 3417 1630 as-

1818 1620 1997 1676 seritis
2040 1626 2299 1685 adversus
2339 1650 2433 1690 eos
2479 1654 2705 1708 quorum
2744 1650 2974 1717 tnalitia,
3009 1655 3090 1709 vel
3118 1657 3411 1733 imperitia,

1818 1712 1900 1733 -..._I
1931 1713 2001 1733 εηι
2043 1717 2095 1733 η’
2229 1724 2240 1733 “
2459 1728 2472 1733 ⁸

2962 1712 2972 1717 -
3194 1712 3207 1729 .
3236 1712 3269 1715 νγ
3290 1712 3378 1719 ---—
3396 1712 3411 1733 ι

1815 1712 1902 1767 vel
1928 1713 2272 1790 intelligentia
2298 1728 2683 1801 reprehendar,
2718 1748 2773 1792 nt
2798 1756 2885 1795 me
2911 1761 3167 1816 nusquam
3186 1756 3413 1825 scripto-

1814 1817 1935 1858 rum
1975 1823 2215 1866 meorum
2257 1831 2464 1875 errasse
2507 1822 2728 1893 dicatis;
2772 1830 2963 1889 frustra
2996 1838 3276 1911 laboratis,
3308 1864 3412 1905 non

1813 1894 2008 1954 bonam
2051 1918 2263 1963 causam
2309 1917 2649 1987 suscepistis,
2701 1921 2854 1981 facile
2895 1928 2944 1982 in
2975 1947 3036 1986 ea
3072 1951 3154 1989 me
3182 1937 3297 2007 ipso
3320 1942 3409 2011 ju-

1815 1986 1928 2011 ΔΞ--
1982 2006 2069 2011 μυί
2234 2000 2245 2011 ·
2290 2000 2301 2008 ⁸
2383 2005 2411 2011 ⁸
2535 2009 2541 2011 “

3131 1986 3150 1989 _
3182 1986 3293 2007 Ἰ.--
3320 1986 3378 2011 δ..

1811 1986 1931 2044 dice
1979 2000 2326 2065 superatnini.
2375 2005 2635 2072 Quoniam
2682 2028 2787 2070 non
2852 2020 2981 2075 mihi
3034 2026 3232 2093 placet,
3286 2047 3406 2088 cum

1809 2096 1841 2135 a
1889 2082 2219 2145 charissimis
2261 2095 2393 2150 meis
2440 2099 2557 2155 talis
2601 2118 2721 2160 esse
2761 2110 3073 2181 existimor,
3102 2120 3270 2187 qualis
3301 2141 3405 2179 non

1809 2186 1947 2228 sum.
1996 2176 2242 2235 Profecto
2286 2187 2427 2242 enim
2476 2206 2581 2247 non
2612 2211 2695 2251 me
2719 2240 2733 2264 ,
2766 2200 2858 2255 sed
2888 2219 2982 2272 pro
3008 2222 3093 2262 me
3117 2211 3277 2267 alium
3307 2218 3406 2273 sub

1807 2278 1930 2320 meo
1958 2272 2172 2327 nomine
2192 2275 2449 2347 diligunt,
2480 2284 2524 2337 si
2552 2300 2659 2341 non
2685 2292 2824 2360 quod
2852 2310 2990 2363 sum,
3018 2301 3109 2355 sed
3133 2306 3271 2372 quod
3296 2323 3402 2364 non

1808 2371 1926 2414 sum
1975 2362 2218 2436 diligunt.
2258 2370 2390 2427 Nam
2422 2377 2474 2430 in
2507 2372 2759 2449 quantum
2791 2402 2875 2442 me
2906 2407 3195 2463 noverunt,
3226 2401 3307 2454 vel
3335 2402 3403 2459 de

1808 2465 1896 2507 me
1942 2469 2126 2512 verum
2176 2464 2429 2530 credunt,
2461 2484 2562 2541 ego
2597 2473 2667 2527 ab
2695 2476 2774 2531 eis
2802 2478 2993 2552 diligor
3022 2501 3035 2536 :
3066 2486 3116 2540 in
3146 2504 3398 2557 qttantum

1803 2550 1981 2599 autem
2004 2548 2132 2603 mihi
2157 2553 2392 2610 lribtntut
2409 2561 2545 2627 quod
2567 2560 2618 2616 in
2644 2581 2850 2623 menon
2871 2587 3216 2643 cognoscunt,
3235 2584 3397 2640 alium

1804 2633 1965 2691 talem
2004 2642 2213 2710 qualem
2257 2662 2343 2701 me
2372 2659 2583 2719 putant,
2615 2673 2711 2725 pro
2734 2676 2819 2715 me
2846 2633 3069 2735 diligunt
3100 2671 3136 2723 ³.
3174 2633 3395 2733 [inmani

1799 2815 1951 2886 bum,
1984 2818 2158 2894 inquit
2190 2827 2258 2883 de
2287 2832 2543 2901 quodam,
2587 2815 2723 2909 quod
2750 2861 2981 2902 revocare
3005 2815 3173 2920 relict,
3207 2861 3390 2917 emisit.

1798 2909 1930 2977 Quir
1973 2916 2185 2984 quidem
2230 2921 2375 2990 laus,
2416 2933 2656 2997 quamvis
2681 2938 3082 3009 prmelarissima
3113 2948 3389 3021 videatur,

1799 3010 1976 3060 tamen
2025 3010 2333 3070 credibilior
2375 3029 2459 3075 est
2487 3021 2553 3077 de
2584 3025 2806 3083 nimium
2832 3030 2974 3087 fatim
2994 3077 3009 3103 ,
3041 3054 3197 3107 quam
3218 3043 3286 3099 de
3308 3060 3392 3101 sa.

1795 3096 1977 3164 piente
2014 3101 2268 3169 perfecto.
2300 3107 2431 3163 Nam
2463 3123 2515 3166 et
2543 3114 2617 3168 illi
2645 3132 2780 3187 quos
2811 3125 2967 3194 vulgo
2993 3131 3263 3188 moriones
3294 3152 3389 3191 vo-

1795 3197 1947 3255 cant,
1979 3204 2179 3260 quanto
2204 3200 2371 3268 magis
2399 3218 2428 3256 a
2459 3219 2617 3262 sensu
2648 3217 2918 3269 communi
2948 3218 3252 3288 dissonant,
3279 3244 3390 3283 ma-

1792 3280 1978 3351 gisque
2018 3285 2235 3344 absurdi
2284 3302 2336 3346 et
2383 3295 2567 3354 insulsi
2604 3312 2756 3366 sunt,
2798 3315 2943 3362 tanto
2982 3316 3149 3384 magis
3186 3319 3388 3376 nullum

1795 3372 2018 3428 verbum
2064 3380 2312 3436 emittunt
2364 3388 2503 3454 quod
2550 3407 2799 3451 revocare
2842 3372 3211 3475 velint;‘quia
3261 3411 3388 3468 dicti

1793 3462 1963 3532 mali,
2005 3468 2085 3522 vel
2132 3474 2305 3541 smlti,
2356 3476 2435 3530 vel
2487 3481 2806 3541 incommodi
2854 3493 3143 3561 pteuitere,
3199 3500 3381 3570 utique

1789 3554 2126 3613 cordatorum
2172 3571 2272 3617 est.
2318 3565 2422 3621 Sed
2454 3571 2496 3624 si
2529 3572 2576 3625 in
2604 3573 2797 3630 bonam
2831 3591 3031 3648 partem
3061 3590 3382 3662 accipiatur,

1791 3653 1850 3699 ut
1892 3652 2191 3721 quempiam
2240 3657 2397 3712 talem
2439 3659 2604 3718 fuisse
2646 3669 2964 3741 credamus,
3012 3679 3100 3746 qtti
3144 3698 3266 3739 eum
3293 3700 3383 3750 sa,

1790 3734 1997 3804 pientcr
2047 3744 2222 3798 omnia
2274 3746 2614 3822 loqueretur,
2661 3758 2862 3815 nullum
2902 3780 3131 3836 unquam
3162 3774 3382 3833 verbum

1788 3828 1927 3895 quod
1974 3846 2223 3890 revocare
2271 3840 2459 3909 vellet,
2487 3847 2698 3915 emisit;
2730 3849 2831 3907 hoc
2859 3857 3031 3922 potius
3058 3860 3123 3915 de
3151 3865 3382 3923 homini-

1786 3918 1887 3974 bus
1918 3922 2043 3991 Dei,
2068 3928 2157 3996 qui
2183 3928 2379 3999 Spiritu
2409 3949 2594 3993 sancto
2620 3942 2726 3997 acti
2754 3918 2910 4001 locuti
2937 3963 3061 4007 sunt
3080 3995 3095 4017 ,
3124 3971 3280 4027 quam
3308 3962 3379 4019 de

3082 4008 3093 4017 ,
3132 4008 3280 4027 τη---
3311 4008 3377 4019 ....

1787 4008 1881 4064 illo
1912 4030 2067 4081 quem
2094 4018 2171 4072 sic
2200 4020 2386 4077 Cicero
2416 4026 2625 4096 laudat,
2656 4033 3005 4093 saluberrima
3032 4045 3228 4111 pietate
3255 4066 3377 4108 cre-

1786 4098 2017 4157 dendum
2050 4115 2151 4161 est.
2181 4111 2263 4163 Ab
2284 4111 2380 4168 huc
2402 4130 2499 4184 ego
2526 4122 2837 4178 excellentia
2864 4138 2967 4182 tam
2991 4131 3146 4205 longe
3162 4139 3370 4213 absum,

3082 4194 3111 4205 ν

1787 4202 1841 4246 ιιι
1864 4194 1908 4248 si
1937 4196 2134 4251 nullum
2162 4202 2381 4257 verbum
2407 4210 2548 4275 quod
2578 4227 2828 4269 revocare
2855 4218 3041 4276 vellem
3066 4232 3337 4294 protulero
3355 4277 3372 4302 ,

1786 4286 1933 4343 fatuo
1963 4291 2062 4344 situ
2089 4309 2246 4362 quam
2275 4298 2498 4367 sapienti
2529 4303 2771 4360 similior.
2805 4308 2948 4367 Illius
2970 4319 3163 4389 quippe
3177 4325 3373 4396 scripta

1785 4397 1995 4437 summa
2038 4397 2161 4440 sunt
2199 4393 2511 4450 auctoritate
2553 4396 2880 4469 dignissima,
2906 4410 2994 4474 qui
3028 4413 3228 4470 milium
3256 4433 3373 4475 ver-

1784 4472 1941 4542 bum,
1986 4492 2094 4533 non
2137 4483 2276 4551 quod
2316 4500 2567 4543 revocare
2604 4492 2795 4560 vellet,
2826 4497 2924 4553 sed
2952 4504 3089 4572 quod
3122 4523 3373 4571 revocare

1781 4564 2037 4637 deberet,
2072 4574 2271 4627 emisit.
2303 4574 2414 4633 lloc
2437 4580 2674 4651 quisquis
2704 4589 2936 4643 nondum
2969 4608 3045 4648 est
3072 4611 3367 4672 assecutus,

1781 4662 2042 4716 secundas
2086 4664 2276 4721 habeat
2326 4681 2501 4738 partes
2538 4676 2845 4746 modesrim,
2888 4686 3005 4754 quia
3039 4691 3235 4758 primas
3260 4711 3368 4751 non

1781 4753 1951 4820 potuit
1996 4754 2191 4811 habere
2234 4761 2508 4827 sapientite
2535 4783 2551 4817 :
2580 4768 2699 4836 quia
2728 4786 2831 4825 non
2868 4753 3027 4831 valuit
3052 4785 3226 4837 omnia
3258 4800 3367 4843 non

1780 4844 2084 4912 ptenitenda
2110 4846 2393 4918 diligenter
2422 4853 2637 4924 dixisse,
2658 4864 3043 4938 poeniteatquae
3058 4880 3367 4943 cognoverit

1776 4931 1998 4989 dicenda
2025 4952 2129 4991 non
2155 4937 2336 4996 fuisse.

1847 5027 1900 5083 4.
1932 5026 2065 5083 Cum
2096 5046 2241 5101 ergo,
2274 5050 2376 5089 non
2404 5038 2537 5094 sicut
2565 5045 2775 5112 quidam
2806 5048 3102 5110 cltarissimi
3128 5063 3231 5116 mei
3262 5080 3362 5134 pu-

1777 5125 1923 5183 tant,
1953 5121 2091 5175 nulla
2120 5124 2198 5179 vel
2231 5142 2426 5195 pauca,
2457 5132 2547 5186 sed
2577 5138 2747 5202 potius
2768 5138 2921 5208 plura
2948 5144 3174 5206 fortasse
3201 5121 3360 5224 quam

1778 5209 1936 5264 etiam
1964 5213 2204 5270 maledici
2237 5220 2519 5288 opinantur
2545 5225 2701 5279 verba
2724 5228 2946 5288 dixerim
2964 5279 2978 5302 ,
3003 5255 3121 5308 qua:
3146 5246 3358 5303 mallem

1774 5314 2025 5359 revocare
2044 5346 2058 5371 ,
2088 5306 2131 5360 si
2165 5323 2409 5377 possem;
2443 5330 2545 5368 non
2574 5318 2703 5373 milii
2727 5319 2967 5383 Tulliana
2993 5332 3073 5387 illa
3092 5334 3357 5395 blanditur

1773 5396 2073 5464 sententia,
2116 5416 2218 5470 qua
2262 5402 2459 5459 dictum
2502 5418 2614 5476 est,
2659 5410 2875 5472 Nullum
2903 5439 3121 5493 unquam
3154 5433 3356 5487 verbum

1771 5486 1909 5553 quod
1931 5502 2164 5543 reuocare
2192 5492 2333 5547 vellet
2348 5537 2363 5559 ,
2386 5497 2547 5551 entisit
2574 5515 2593 5554 :
2617 5506 2710 5558 sed
2736 5509 2881 5578 angit
2904 5527 2989 5565 me
3016 5516 3168 5581 plane
3190 5520 3355 5577 liora-

1773 5576 1914 5633 tiana
1963 5586 2257 5652 sententia,
2302 5585 2479 5644 Nescit
2524 5608 2621 5649 rex.
2666 5600 2816 5654 missa
2856 5607 3051 5659 reverti.
3102 5610 3234 5668 ilinc
3268 5627 3352 5673 est

1770 5668 1913 5738 quod
1958 5673 2521 5741 periculosissimarum
2556 5690 2902 5755 qutestionum
2936 5694 3129 5768 libros,
3162 5703 3227 5760 de
3250 5706 3352 5764 Ge-

1756 5805 1981 5895 'A‘I‘th.
2007 5804 2230 5872 plerique
2254 5824 2265 5860 :
2288 5814 2421 5873 Quod
2450 5814 2501 5866 in
2521 5830 2598 5867 me
2616 5830 2709 5869 non
2731 5835 3038 5891 cognoscunt,
3060 5844 3136 5884 me
3156 5837 3349 5895 minime

1767 5863 1971 5933 diligunt

2688 5971 3113 6061 {Dim—ncuf.)
3330 6065 3337 6079 ρ
3364 5992 3393 6085 ιι,
