4004 6394
531 337 660 431 ,sm

555 646 692 704 cedo
736 644 922 714 pacis,
971 639 1290 708 unitatisque
1332 633 1563 691 charitas
1605 648 1707 686 nou
1746 632 1856 702 jam
1903 631 2151 688 reverbe-

553 749 638 797 rat
679 738 865 794 oculos
911 733 1152 795 saucios,
1194 729 1288 785 sed
1333 743 1494 783 sanos
1540 729 1764 782 illustrat
1809 742 1871 780 ac
1907 735 2145 797 vegetat;

557 849 666 890 non
694 840 816 887 sunt
851 828 962 883 lure
992 838 1150 894 opera
1185 831 1386 886 n05tra,
1418 819 1512 876 sed
1539 821 1627 874 Ι.ἳοὶ
1661 837 1674 872 :
1705 833 1809 874 non
1836 819 1948 873 Iure
1971 818 2150 872 Imma-

550 926 636 982 nis
668 920 919 991 Operihus
939 916 1158 972 omnino
1184 913 1494 975 tribuerem,
1535 927 1633 967 nec
1658 912 1701 965 si
1727 927 1848 966 cum
1881 911 2019 981 apud
2050 925 2146 966 vos

549 1029 827 1076 essemus,
858 1017 1000 1064 tanta
1030 1005 1311 1061 conversio
1349 1002 1699 1058 multitudinis
1737 1003 1889 1057 nobis
1921 1003 2143 1071 loquen-

548 1105 692 1161 tibus
718 1113 767 1158 et
793 1099 1126 1157 hortantibus
1158 1094 1486 1172 proveniret.
1510 1095 1619 1148 lloe
1641 1095 1749 1164 agit
1767 1093 1853 1148 ille
1872 1101 1925 1148 et
1947 1092 2139 1161 efficit,

548 1197 638 1268 qtti
680 1212 776 1269 per
810 1194 1080 1249 ministros
1107 1204 1232 1245 suos
1269 1203 1448 1242 rerum
1489 1186 1654 1256 signis
1684 1187 2017 1240 extrinsecus
2045 1184 2141 1239 ad—

545 1297 750 1353 monet,
782 1287 942 1342 rebus
966 1293 1142 1340 autem
1171 1281 1300 1351 ipsis
1330 1295 1424 1350 per
1445 1278 1677 1348 seipsum
1710 1277 2027 1332 intrinsecus
2045 1275 2142 1331 do-

543 1391 647 1437 cet.
680 1379 788 1436 Nec
818 1377 936 1433 ideo
970 1375 1169 1446 pigrius
1197 1373 1398 1429 moveri
1442 1385 1538 1425 nos
1563 1380 1772 1440 oportet
1798 1369 1864 1424 ad
1895 1368 2139 1425 visendos

541 1488 659 1539 vos,
689 1471 939 1542 quoniam
969 1465 1220 1538 quidquid
1251 1465 1302 1519 in
1338 1464 1489 1518 vobis
1518 1463 1779 1517 laudabile
1813 1461 2134 1528 estfactum,

542 1581 652 1620 non
676 1581 703 1616 a
734 1561 906 1625 nobis,
935 1559 1027 1614 sed
1061 1557 1128 1611 ab
1159 1557 1249 1611 illo
1278 1556 1473 1610 factum
1502 1563 1585 1609 est
1617 1555 1705 1624 qui
1734 1553 1855 1607 facit
1876 1552 2136 1607 mirabilia

542 1656 691 1711 solus
724 1651 904 1726 (Ps-at.
937 1652 1087 1715 tfxst,
1123 1647 1244 1719 18).
1274 1646 1438 1701 Multo
1466 1645 1607 1699 enim
1633 1643 1862 1698 alacrius
1880 1643 2136 1698 debemus

538 1762 818 1804 accurrere
857 1743 923 1799 ad
968 1739 1255 1812 Spectanda
1291 1754 1451 1808 opera
1499 1737 1674 1791 divina
1717 1751 1874 1806 quam
1917 1744 2131 1799 nostra;

535 1839 658 1910 quia
679 1845 733 1893 et
755 1851 870 1901 nos,
895 1835 938 1889 si
961 1833 1084 1904 quid
1110 1832 1230 1886 boni
1253 1844 1438 1885 sumus
1456 1844 1610 1898 opus,
1642 1828 1798 1892 illius,
1828 1843 1933 1881 non
1963 1827 2136 1882 homi-

537 1945 663 1984 num
694 1943 877 1982 sumus
906 1944 918 1978 :
949 1923 1091 1978 unde
1117 1923 1402 1993 Apostolus
1431 1920 1581 1981 dixit,
1611 1917 1792 1989 Neque
1817 1918 1905 1988 qui
1934 1917 2134 1988 plantat

535 2031 609 2078 est
647 2019 861 2090 aliquid,
903 2034 1060 2087 neque
1095 2016 1181 2086 qui
1216 2015 1382 2087 rigat;
1417 2011 1507 2069 sed
1546 2013 1630 2086 qui
1657 2013 2014 2066 incrementum
2044 2009 2133 2064 dat

536 2111 674 2168 Deus
706 2110 760 2181 (l
787 2109 905 2165 Cor.
932 2124 1010 2174 ιιι,
1043 2108 1132 2178 7).

601 2205 656 2258 2.
699 2203 1024 2258 Xenocrates
1052 2198 1394 2254 Polemonem
1415 2237 1430 2262 ,
1469 2203 1528 2250 ut
1559 2193 1820 2258 scribitis,
1851 2199 1902 2246 et
1942 2206 2038 2246 nos
2063 2206 2128 2246 ex

533 2296 639 2350 illis
661 2297 676 2326 ⁸
702 2292 892 2348 litteris
915 2288 1279 2354 recordamur,
1301 2286 1368 2340 de
1391 2285 1540 2353 fruge
1561 2283 1924 2351 temperantia:
1949 2280 2132 2349 dispu-

531 2386 718 2451 tando,
744 2399 847 2439 non
870 2383 1042 2437 solum
1059 2380 1348 2444 ebriosum,
1372 2393 1555 2432 verum
1578 2377 1739 2432 etiam
1757 2387 1880 2430 tunc
1899 2375 2123 2442 ebrium,

531 2476 602 2532 ad
631 2491 809 2530 mores
828 2473 960 2528 alios
979 2480 1200 2542 repente
1228 2470 1508 2526 convertit.
1529 2469 1838 2539 Quanquam
1861 2483 1988 2537 ergo
2011 2467 2126 2532 ille,

527 2569 668 2623 sicut
695 2565 983 2638 prudenter
1008 2573 1062 2618 et
1087 2563 1346 2618 veraciter
1366 2560 1719 2626 intellexistis,
1746 2575 1849 2613 non
1873 2559 1982 2613 Deo
2008 2557 2126 2613 fue-

528 2661 601 2715 rit
627 2659 940 2729 acquisitus,
968 2656 1062 2712 sed
1090 2665 1294 2711 tantum
1323 2671 1350 2708 a
1381 2653 1653 2709 dominatu
1678 2652 1899 2707 luxuria:
1929 2651 2125 2706 libera-

527 2763 645 2816 tus,
679 2762 856 2806 tamen
893 2766 958 2804 ne
996 2747 1224 2819 ialipsum
1253 2747 1506 2818 quidem,
1551 2745 1690 2816 qttod
1731 2746 1924 2801 melius
1964 2745 2017 2800 in
2060 2760 2126 2801 eo

527 2844 724 2899 factum
759 2851 872 2905 est,
905 2842 1136 2895 humano
1171 2840 1318 2911 Operi
1349 2837 1665 2904 tribuerim,
1693 2836 1786 2892 sed
1814 2837 2010 2891 divino.
2043 2834 2127 2906 lp-

525 2936 638 2990 sius
663 2949 894 3005 namque
929 2932 1200 3002 corporis,
1230 2930 1369 3001 quod
1406 2939 1490 2985 est
1516 2929 1757 2983 intimum
1786 2939 2048 2996 nostrum,
2077 2929 2123 2982 si

523 3042 626 3096 qua
649 3027 788 3081 bona
819 3032 962 3090 sunt,
988 3024 1122 3079 sicut
1151 3021 1315 3075 forma
1341 3030 1394 3075 et
1422 3021 1560 3074 vires
1587 3029 1641 3074 ct
1667 3018 1832 3084 salus,
1860 3028 1911 3072 et
1933 3018 1976 3073 si
1997 3017 2122 3088 quid

525 3118 788 3188 ejusmodi
821 3126 922 3179 est,
955 3131 1059 3169 non
1092 3125 1217 3169 sunt
1249 3114 1348 3168 nisi
1389 3129 1455 3168 ex
1497 3113 1606 3168 Deo
1632 3121 1873 3166 creatore
1913 3126 1975 3165 ac
2004 3127 2125 3181 pcr-

524 3209 726 3264 fectore
753 3215 988 3271 natura};
1017 3215 1216 3275 quanto
1249 3205 1415 3274 [uagis
1436 3203 1599 3258 animi
1623 3204 1757 3257 bona
1785 3203 1986 3258 donare
2005 3202 2124 3256 nul-

525 3301 610 3354 lus
639 3299 774 3353 alius
804 3305 976 3368 potest
1009 3298 1022 3350 !
1055 3296 1191 3364 Quid
1223 3297 1364 3350 enim
1409 3295 1690 3364 superbius
1712 3338 1726 3361 ,
1757 3295 1836 3348 vel
1866 3295 2122 3364 ingratius

526 3391 762 3459 cogitare
797 3395 973 3458 potest
1009 3386 1238 3440 lnunaua
1281 3385 1528 3439 vecordia
1554 3425 1566 3448 ,
1607 3386 1651 3438 si
1694 3385 1957 3453 putaverit
1999 3400 2119 3439 cum

526 3498 688 3538 Cat'ttc
714 3479 995 3552 pulchrum
1037 3478 1193 3534 faciat
1218 3477 1359 3532 Deus
1387 3477 1678 3539 hominem,
1707 3477 1886 3530 animo
1913 3485 2119 3531 castum

525 3575 594 3628 ab
629 3574 844 3627 homine
887 3571 1045 3626 fieri?
1077 3569 1188 3624 lloc
1225 3569 1276 3623 in
1308 3568 1444 3622 libro
1487 3568 1794 3622 christiana:
1833 3568 2120 3638 Sapientia:

527 3665 607 3718 sic
638 3665 893 3734 scriptum
924 3673 1006 3717 est
1039 3680 1052 3716 ε
1081 3662 1208 3716 Cum
1237 3663 1447 3725 scirem,
1477 3660 1647 3730 inquit
1667 3703 1680 3724 ,
1707 3663 1824 3730 quia
1850 3678 1994 3716 nemo
2015 3679 2119 3717 esse

530 3765 689 3826 potest
712 3756 989 3819 continens,
1015 3755 1112 3807 nisi
1143 3753 1274 3807 Deus
1295 3753 1406 3819 drt;
1432 3763 1476 3806 et
1499 3754 1592 3807 hoc
1608 3754 1771 3822 ipsum
1797 3764 1902 3808 erat
1927 3755 2118 3824 sapien.

529 3848 614 3902 tia:
635 3847 763 3902 scire
791 3848 936 3918 cujus
962 3855 1086 3900 esset
1102 3845 1196 3900 hoc
1223 3847 1409 3899 donum
1436 3845 1589 3917 (Sap.
1616 3861 1730 3907 vttt,
1754 3845 1868 3914 Si).
1903 3846 2118 3901 Polemo

525 3953 676 4008 ergo,
707 3939 750 3992 si
781 3954 844 3992 ex
877 3937 1154 4000 luxurioso
1180 3938 1458 3991 continens
1485 3936 1654 3992 factus
1686 3938 1756 3990 ita
1786 3937 1946 3992 sciret
1966 3937 2118 4007 cujus

523 4039 666 4085 esset
711 4031 810 4083 hoc
850 4028 1084 4090 donum,
1129 4036 1186 4082 ιιι
1229 4043 1349 4083 cum
1391 4029 1614 4096 objectis
1655 4028 2117 4096 superstitionibus

523 4119 771 4175 Gentium
801 4120 885 4189 pie
908 4120 1140 4183 coleret;
1172 4133 1276 4173 non
1301 4119 1469 4172 solum
1501 4118 1797 4182 continens,
1832 4119 1924 4173 sed
1953 4119 2114 4175 etiam

522 4212 786 4265 veraciter
828 4212 1039 4280 sapiens
1079 4218 1131 4264 et
1163 4210 1444 4265 salubriter
1488 4210 1773 4281 religiosus
1811 4212 2062 4268 existeret
2097 4229 2112 4266 :

524 4302 667 4371 quod
715 4303 763 4355 ei
805 4317 909 4354 non
943 4310 1146 4355 tantum
1177 4301 1242 4355 ad
1277 4303 1551 4372 pra-scutis
1591 4304 1712 4356 vita!
1751 4303 2112 4372 honestatem,

521 4408 706 4446 verum
746 4399 801 4444 et
837 4393 900 4445 ad
944 4391 1132 4445 fttltll‘tl!
1177 4393 1630 4448 iututortalitatem
1660 4393 1877 4448 valeret.
1908 4395 2114 4461 Quanto

525 4483 702 4538 minus
730 4484 886 4553 igitur
914 4483 1041 4536 tttihi
1068 4497 1319 4551 arrogate
1341 4482 1513 4538 debeo
1535 4486 1934 4540 conversionem
1960 4487 2114 4543 istam

520 4585 774 4640 vestram,
807 4575 885 4629 vel
918 4574 1096 4644 pepuli
1135 4579 1316 4639 vestri,
1351 4589 1507 4644 quam
1541 4575 1698 4628 modo
1719 4576 1872 4630 nobis
1901 4579 2112 4632 nuntia-

523 4667 638 4731 stis,
667 4683 785 4737 qua:
817 4683 899 4720 tne
927 4681 1026 4720 nec
1051 4666 1318 4735 loquente,
1350 4681 1448 4720 nec
1479 4665 1664 4721 saltem
1689 4677 1967 4738 prmsente,
2001 4684 2114 4739 pro.

519 4759 607 4814 cul
635 4757 796 4812 dubio
821 4757 1074 4812 divinitus
1108 4756 1242 4811 facta
1270 4766 1371 4824 est,
1400 4757 1452 4811 in
1480 4757 1670 4828 quibus
1692 4761 1952 4816 veraciter
1976 4762 2110 4819 facta

522 4860 604 4906 est
632 4853 645 4905 Ξ
677 4851 786 4906 lloc
811 4850 986 4922 itaque
1015 4851 1280 4921 prmeipue
1309 4853 1632 4921 cognoscite,
1656 4852 1757 4908 hoc
1784 4855 1870 4924 pie
1895 4854 2110 4912 humili-

522 4953 707 5010 terque
731 4944 977 5012 cogitate.
1009 4943 1138 5010 Deo,
1169 4941 1374 5007 fratres,
1401 4943 1508 4997 Deo
1533 4944 1727 5012 gratias
1752 4947 1918 5016 agite;
1942 4947 2108 5005 Deum

519 5033 723 5096 timete,
756 5048 820 5086 ne
845 5034 1136 5098 deficiatis;
1157 5044 1352 5100 amate,
1379 5042 1438 5088 ιιι
1463 5036 1767 5104 proliciatis.

590 5125 642 5180 3.
677 5122 733 5177 Si
764 5133 939 5177 autem
969 5124 1142 5179 adhuc
1168 5124 1428 5194 quosdam
1457 5141 1609 5179 amor
1635 5125 1866 5183 hominis
1900 5131 2106 5187 occulte

517 5227 790 5289 segregat,
829 5225 883 5270 ct
917 5217 1074 5271 timor
1108 5216 1338 5272 hominis
1369 5218 1624 5274 fallaciter
1651 5229 1964 5292 congregat;
2005 5223 2103 5278 ob-

517 5317 731 5364 servent
759 5307 847 5376 qui
887 5307 1018 5361 tales
1057 5317 1199 5372 sunt,
1233 5309 1482 5378 quoniatn
1522 5309 1685 5366 Deum
1723 5313 1808 5366 cui
1853 5313 1992 5368 nuda
2021 5324 2104 5371 est

519 5399 748 5454 humana
781 5397 1130 5464 conscientia,
1163 5414 1261 5453 nec
1291 5409 1478 5456 testem
1509 5399 1714 5466 fallunt,
1741 5419 1838 5458 nec
1867 5405 2100 5475 iudicem

519 5493 745 5561 fugiunt.
781 5489 837 5544 Si
866 5488 992 5560 quid
1031 5499 1204 5544 autem
1234 5489 1352 5544 illos
1380 5491 1447 5546 de
1472 5494 1764 5561 qtta-stioue
1792 5495 1954 5565 ipsius
1983 5497 2101 5550 uni-

519 5585 662 5646 tatis,
697 5599 795 5652 pro
817 5598 926 5637 sua:
953 5583 1143 5636 salutis
1172 5583 1527 5638 sollicitudine
1551 5597 1843 5657 permovet,
1877 5587 1976 5642 hoc
2001 5589 2102 5645 sibi

520 5684 773 5742 quantum
804 5675 1054 5729 existimo
1072 5672 1422 5743 iustissimum
1443 5684 1813 5748 extorqueant,
1845 5691 1901 5734 ut
1923 5680 1990 5737 de
2009 5695 2101 5738 ca-

587 5779 1208 5845 ιεὰὶηιπαωωωαετίι.
1235 5786 1974 5867 Αιιιεωιδιιωινιῳέαἱερςις,
2060 5859 2066 5866 _

1819 332 1877 388 8.
1918 330 2279 390 AUGUSTINI
2319 333 2621 392 EPISCOPI

537 454 812 517 ’resistens
862 447 1307 509 manifestissima:
1363 455 1418 503 et
1483 445 1876 517 quodammodo
1932 447 2156 515 publica:

540 532 798 616 veritati,
830 546 1068 617 ejusdem
1093 541 1330 599 veritatis
1375 540 1422 594 vi
1450 539 1619 594 evicta
1645 549 1725 593 est
1747 580 1762 604 ,
1795 539 1838 592 si
1870 539 2006 606 sapit
2035 538 2156 592 dul-

3678 345 3762 418 tu

2261 446 2452 504 tholica
2485 449 2721 508 Ecclesia
2741 494 2755 519 ,
2802 449 2854 508 id
2882 462 2965 509 est
3003 463 3112 510 toto
3150 453 3279 511 orbe
3303 450 3476 515 diffusa
3495 503 3509 527 ,
3542 468 3688 535 potius
3715 471 3759 531 ﬂ

2257 542 2478 596 credant
2501 545 2641 614 quod
2661 544 2859 601 divinae"
2879 545 3166 616 Scriptura:
3193 546 3383 616 dicunt,
3414 567 3508 609 non
3534 559 3654 626 quod
3680 561 3760 619 llo-

2252 647 2373 704 guat
2413 633 2656 692 humana:
2695 639 3039 696 tttaledictmt.
3085 640 3162 696 De
3205 643 3312 712 ipsa
3338 643 3458 703 sero
3485 647 3759 715 dissensione

2255 739 2374 795 qua:
2399 725 2538 782 inter
2565 727 2808 785 homines
2845 739 2962 785 orta
2995 740 3080 787 est
3106 731 3126 801 (
3137 732 3227 803 qui
3255 734 3542 804 qualeslibet
3573 741 3755 816 fuerint,

2252 830 2359 871 non
2397 818 2577 889 utique
2611 820 2956 890 pra‘judicant
2994 824 3269 893 promissis
3306 825 3426 893 Dei,
3453 830 3534 900 qui
3565 831 3674 890 dixit
3707 841 3758 896 ad

2255 910 2550 976 Abraham,
2590 911 2657 967 In
2690 914 2879 969 sentina
2942 924 3030 970 tuo
3065 914 3411 972 benedicentur
3442 936 3595 978 omna
3627 938 3758 997 genta

2249 998 2402 1074 [Gem
2434 1018 2580 1067 xxvt,
2606 1003 2849 1077 4];quod
2876 1007 3134 1063 creditum
3157 1018 3240 1064 est
3261 1025 3377 1066 cum
3395 1013 3638 1072 audiretur
3655 1034 3759 1090 pm-

2246 1093 2466 1159 dictum,
2485 1105 2538 1151 et
2558 1107 2779 1168 negatur
2795 1113 2917 1153 cum
2939 1099 3148 1156 videtur
3165 1101 3470 1176 impletum),
3491 1105 3581 1162 hoc
3597 1116 3758 1168 tantum

2247 1185 2459 1240 interim
2502 1187 2911 1258 brevissimum,
2957 1201 3035 1259 et,
3079 1192 3182 1248 nisi
3223 1193 3386 1258 fallor,
3421 1196 3758 1260 invictissimum

2247 1278 2515 1350 cogitent;
2541 1289 2631 1335 aut
2654 1290 2824 1337 actam
2846 1297 2967 1338 esse
2988 1284 3142 1340 istam
3167 1300 3374 1340 causam
3391 1286 3440 1341 itt
3461 1289 3756 1352 ecclesiastico

2247 1371 2600 1424 transmarino
2622 1371 2844 1441 judicio,
2881 1384 2974 1430 aut
2997 1389 3102 1430 non
3138 1391 3257 1432 esse
3293 1385 3479 1435 actam.
3503 1378 3556 1435 Si
3583 1391 3675 1437 acts
3701 1386 3756 1440 ibi

2243 1475 2349 1514 non
2370 1469 2473 1528 est,
2495 1462 2748 1519 innocens
2766 1475 2848 1520 est
2866 1465 3060 1521 Christi
3087 1468 3313 1523 societas
3331 1485 3422 1540 per
3438 1483 3606 1527 omnes
3625 1482 3758 1530 trans-

2241 1555 2475 1610 marinas
2494 1566 2699 1625 gentes.
2721 1557 2874 1628 cujus
2897 1560 3166 1615 societatis
3192 1575 3290 1616 nos
3306 1564 3646 1619 communione
3660 1579 3761 1636 gau-

2239 1643 2462 1708 demus,
2501 1655 2556 1700 et
2593 1647 2714 1703 ideo
2742 1649 2810 1704 ab
2836 1651 2917 1706 eis
2953 1651 3324 1707 innocentibus
3358 1653 3528 1724 utique
3555 1655 3760 1727 sacrilega

2240 1734 2597 1806 diremptione
2621 1749 2938 1809 separantur
2964 1757 2979 1798 :
3011 1741 3056 1796 si
3084 1757 3214 1798 vero
3235 1753 3350 1798 acta
3370 1753 3448 1800 est
3471 1744 3536 1800 ibi
3563 1745 3648 1801 ista
3667 1761 3763 1802 cau-

2241 1842 2320 1892 sa,
2351 1829 2472 1899 quis
2501 1844 2604 1884 uon
2633 1830 2918 1904 intelligat,
2949 1833 3072 1903 quis
3096 1848 3201 1888 nou
3227 1835 3438 1899 sentiat,
3460 1837 3570 1906 quis
3590 1852 3678 1892 non
3700 1838 3762 1892 vi-

2237 1920 2383 1991 deat,
2417 1939 2511 1979 cos
2540 1925 2591 1979 in
2623 1941 2685 1980 ea
2714 1926 2901 1992 victos,
2930 1943 3156 1998 quorum
3193 1927 3317 1984 inde
3339 1929 3619 1984 communio
3637 1944 3762 2000 sepa-

2237 2026 2348 2072 rata
2379 2020 2499 2072 est?
2529 2018 2742 2090 Eligant
2779 2035 2911 2091 ergo
2955 2031 3132 2076 utrum
3169 2023 3355 2077 malint
3390 2022 3620 2091 credere,
3651 2023 3764 2094 quod

2239 2109 2724 2177 pronuntiaverunt
2775 2111 3120 2167 ecclesiastici
3165 2113 3462 2183 cognitores
3483 2155 3498 2181 ,
3545 2129 3604 2168 an
3653 2112 3764 2185 quod

2238 2212 2578 2256 murmurant
2607 2203 2733 2257 victi
2773 2203 3087 2274 litigatores.
3115 2203 3388 2260 Adversus
3414 2203 3557 2259 istam
3573 2203 3765 2275 etmtple-

2238 2293 2451 2348 xiouem
2480 2294 2623 2350 dictu
2655 2294 3048 2362 brevissimam,
3089 2295 3362 2352 intellectu
3393 2295 3680 2359 facillimam,
3699 2305 3765 2350 at-

2236 2384 2438 2439 tendite
2470 2401 2565 2455 ιιι-ο
2600 2396 2775 2441 vestra
2822 2386 3100 2458 prudentia
3139 2387 3453 2458 diligenter,
3489 2404 3630 2459 quam
3664 2386 3764 2459 nihil

2233 2474 2473 2530 sobrium
2517 2479 2826 2547 responderi
2869 2479 3065 2548 possit;
3096 2488 3151 2534 et
3186 2489 3363 2535 tamen
3400 2479 3559 2536 malus
3590 2479 3766 2534 Polemo

2231 2570 2401 2639 magis
2431 2570 2690 2626 ebrietate
2719 2570 2998 2626 inveterati
3023 2572 3225 2626 erroris
3247 2572 3548 2628 evertitur‘.
3575 2570 3686 2626 Date
3700 2584 3766 2625 ve-

2232 2660 2376 2715 niam
2417 2662 2687 2731 prolixiori
2733 2662 2974 2718 fortassis
3013 2665 3256 2734 epistolae
3295 2681 3450 2738 quam
3485 2663 3763 2737 iucundiori:

2230 2763 2620 2819 verumtamen,
2651 2763 2708 2809 ut
2733 2755 2985 2824 arbitror,
3013 2756 3210 2812 utiliori
3231 2773 3388 2830 quam
3417 2757 3672 2822 blandiori,
3694 2753 3767 2810 do-

2231 2843 2360 2897 mini
2393 2842 2734 2899 honorabiles
2755 2853 2810 2900 et
2835 2846 3026 2900 merito
3054 2847 3401 2917 suscipiendi,
3437 2846 3702 2904 chartssimi
3719 2857 3767 2900 ac

2230 2934 2708 2992 desiderantissimi
2735 2935 2948 2992 fratres.
2983 2935 3057 2992 De
3077 2937 3312 2994 adventu
3337 2948 3507 2993 autem
3536 2947 3694 2993 nostro
3715 2933 3766 2990 ad

2232 3042 2327 3080 vos
2352 3068 2368 3093 ,
2415 3037 2762 3098 ttlrormnque
2803 3027 3128 3084 desiderium
3169 3029 3311 3085 Deus
3349 3029 3575 3100 impleat.
3601 3028 3767 3097 Quanto

2231 3119 2375 3173 enim
2416 3117 2690 3175 charitatis
2725 3120 2918 3176 ardore
2953 3123 3312 3178 accendamur
3334 3123 3399 3178 ad
3426 3121 3654 3178 visendus
3677 3133 3763 3185 vos,

2226 3205 2708 3284 verbis‘ﬁsplicare
2731 3228 2837 3268 non
2865 3211 3182 3283 possumus;
3212 3214 3311 3272 sed
3337 3229 3429 3271 vos
3452 3214 3658 3284 benigne
3673 3224 3764 3268 cte-

2229 3301 2358 3358 dere
2385 3302 2606 3360 tnittitne
2628 3303 2952 3360 dubitamus.

2655 3416 2988 3474 EPISTOLA
3027 3417 3210 3476 cxcv
3242 3423 3261 3444 ·
3291 3421 3393 3492 (a).

2225 3510 2495 3566 Anastasio
2509 3511 2783 3566 rescribens
2802 3511 3134 3584 Augustinus,
3163 3513 3310 3568 docet
3327 3529 3426 3568 non
3446 3527 3532 3584 per
3547 3510 3685 3582 legent
3699 3503 3766 3561 sd

2271 3619 2360 3674 per
2369 3603 2602 3674 gratiam,
2617 3620 2774 3674 neque
2788 3604 2966 3658 timore
2983 3605 3072 3658 sed
3090 3599 3765 3675 citaritateimpterijustiliots.

2297 3714 2524 3771 Domino
2557 3715 2708 3771 fratri
2741 3725 2928 3772 sancto
2952 3727 3007 3773 et
3040 3717 3382 3774 desiderabili
3410 3719 3712 3794 autSt-asto,

2535 3810 2891 3876 AUGUSTINUS,
2923 3810 2975 3865 in
3005 3810 3231 3865 Domino
3258 3811 3504 3866 salutem.

2297 3902 2347 3956 1.
2379 3900 2656 3957 Salutandi
2692 3902 3067 3958 Sinceritatetu
3111 3915 3256 3958 tttattt
3288 3903 3537 3958 fidissima
3577 3897 3765 3955 occurrit

2224 3995 2433 4049 occasio
2464 3994 2855 4050 honorabilium
2897 4011 3173 4050 servorum
3209 3996 3328 4063 Dei,
3359 3998 3570 4052 fratrum
3596 4001 3766 4049 nostro-

2224 4103 2343 4142 rum
2386 4087 2627 4158 Lupieini
2665 4097 2724 4142 et
2747 4087 3143 4153 Concordialis,
3186 4104 3284 4158 per
3309 4105 3445 4160 quos
3469 4085 3658 4144 etiamsi
3681 4095 3763 4138 non

2223 4177 2538 4245 scriberem,
2580 4187 2759 4248 posset
2785 4176 3028 4232 Charitas
3055 4188 3141 4232 tua
3179 4179 3361 4234 omnia
3403 4194 3518 4251 qua:
3540 4174 3662 4248 apud
3689 4184 3764 4229 nos

2221 4280 2470 4339 aguntur,
2495 4271 2794 4328 addiscere.
2815 4271 2937 4327 Scio
2959 4271 3101 4327 enim
3125 4281 3383 4342 quantum
3410 4288 3505 4327 nos
3523 4272 3570 4326 itt
3591 4267 3765 4326 Christo

2221 4360 2433 4431 diligas,
2467 4362 2587 4432 quia
2619 4373 2676 4417 et
2703 4371 2759 4417 tu
2789 4362 2896 4417 scis
2924 4371 3179 4433 quantum
3214 4364 3266 4418 in
3307 4363 3400 4419 illo
3436 4362 3646 4418 vicissim
3667 4356 3763 4414 dili-

2219 4453 2362 4523 gat-is
2386 4468 2416 4506 a
2457 4452 2611 4508 nobis
2640 4471 2654 4506 :
2683 4463 2736 4508 et
2768 4453 2888 4507 ideo
2910 4467 3016 4507 non
3041 4453 3278 4509 dubitavi
3305 4465 3357 4510 te
3384 4451 3663 4510 contristari
3687 4461 3761 4520 po-

2219 4547 2402 4612 tuisse,
2434 4547 2477 4599 si
2508 4561 2601 4600 cos
2643 4545 2868 4600 vidisses
2894 4545 3010 4601 sine
3039 4546 3231 4603 litteris
3258 4549 3412 4614 meis,
3441 4563 3567 4619 quos
3592 4561 3620 4600 a
3641 4541 3762 4599 nobis

2216 4639 2504 4709 profectos,
2529 4646 2584 4692 et
2607 4647 2749 4692 tanta
2775 4636 2929 4695 nobis
2956 4639 3313 4696 familiaritate
3333 4641 3630 4711 conjunctos
3647 4637 3762 4706 igno-

2217 4747 2339 4787 rare
2376 4747 2482 4787 non
2525 4747 2746 4802 posses;
2789 4731 2948 4786 simul
2975 4733 3134 4788 etiam
3159 4734 3284 4805 quia
3311 4734 3668 4806 rescriptorum
3690 4726 3764 4784 de-

2216 4823 2358 4878 bitor
2394 4823 2486 4878 fui.
2532 4821 2665 4878 Nam
2707 4838 2770 4878 es
2811 4839 2916 4890 quo
2963 4823 3164 4894 sumpsi
3204 4824 3482 4895 epistolam
3510 4834 3657 4887 luant,
3683 4817 3760 4875 nisi

2213 4931 2357 4972 nunc
2381 4915 2607 4984 primum
2636 4914 2974 4984 rescripsisse
2999 4930 3084 4970 nte
3109 4917 3292 4970 nescio
3318 4933 3332 4972 :
3363 4915 3519 4970 tantis
3545 4913 3760 4970 enitttcu-

2214 5006 2290 5061 ris
2317 5006 2554 5061 obstricti
2589 5015 2642 5060 et
2662 5004 2877 5060 distenti
2916 5021 3118 5073 sumus,
3148 5017 3206 5061 ut
3229 4993 3390 5063 etiam
3420 5007 3518 5062 hoc
3547 5003 3757 5061 nesciant.

2286 5097 2342 5150 2.
2372 5095 2534 5151 Vobis
2568 5104 2747 5150 autem
2775 5097 3224 5167 quemadmodum
3264 5099 3335 5154 sit
3371 5110 3424 5154 et
3455 5109 3617 5154 utrum
3641 5092 3760 5149 vobis

2213 5192 2443 5262 aliquam
2465 5191 2726 5260 requiem,
2751 5201 3006 5261 quantum
3037 5191 3088 5245 in
3111 5191 3210 5248 hac
3232 5203 3373 5248 terra
3397 5201 3584 5264 potest,
3611 5185 3759 5243 Domi-

2212 5302 2316 5342 nus
2340 5284 2661 5356 praestiterit,
2685 5284 2839 5339 valde
2865 5301 3021 5340 nosse
3042 5286 3286 5356 cupimus
3312 5304 3325 5338 :
3351 5284 3591 5356 quoniam
3617 5279 3658 5336 si
3676 5275 3746 5349 διο

2275 5401 2292 5433 ι
2318 5398 2466 5466 Fdd.:
2493 5395 2645 5466 regis
2658 5394 2887 5466 ebrietate
2908 5397 3157 5466 marmori
3175 5397 3361 5466 erroris
3368 5398 3590 5466 vertitur.
3602 5400 3759 5466 stlta}

2211 5460 2456 5514 evertitur.
2483 5467 2553 5508 su.
2571 5460 2784 5523 ineantur
2801 5461 2928 5511 hunc
2951 5461 3105 5512 locum
3123 5461 3274 5511 fuisse
3295 5476 3324 5511 a
3350 5461 3552 5512 librariis
3578 5460 3760 5508 inmitti-

2211 5533 2342 5584 tum;
2368 5525 2515 5586 idque
2541 5520 2618 5570 vel
2645 5534 2706 5586 ex
2735 5523 2966 5585 particula
2988 5523 3162 5586 nugis,
3183 5525 3460 5586 conjectare
3485 5523 3604 5586 licet.

2277 5589 2292 5604 '
2332 5583 2584 5651 ttecensita
2625 5584 2684 5633 ad
2730 5583 2777 5632 ἐι.
2826 5589 2909 5648 hg.
2955 5585 3022 5634 LI.
3055 5583 3098 5636 ὁ.
3121 5583 3201 5651 ec.
3228 5583 3459 5651 ﬂigagv.
3487 5585 3517 5634 l.
3552 5599 3596 5634 ιι.
3618 5583 3758 5630 r.s.t.

2213 5649 2338 5700 duos
2359 5656 2434 5698 sn.
2461 5648 2583 5697 ducs
2607 5659 2681 5697 vc.
2705 5657 2910 5709 quatuor
2933 5662 2980 5698 v.
3007 5656 3056 5698 et
3074 5648 3132 5698 ad
3156 5662 3252 5699 Αιιι.
3282 5648 3394 5699 tt'ad.
3417 5655 3488 5698 Er.
3513 5655 3615 5695 Iov.

2271 5733 2345 5802 (α)
2359 5733 2496 5802 Alias
2514 5731 2613 5802 ut
2623 5743 2761 5802 aqua:
2777 5740 2942 5788 autem
2960 5733 3050 5788 145
3067 5743 3188 5799 erat,
3207 5748 3335 5788 nunc
3350 5735 3457 5796 9A8,
3471 5736 3636 5802 saipta
3649 5730 3755 5784 cits!

2212 5793 2292 5850 sn;
2317 5793 2432 5859 “2.
2454 5801 2541 5850 aut
2558 5793 2670 5848 «3i

3303 5891 3376 5906 .a
3456 5887 3539 5910 ’τ’

3332 5915 3339 5920 .
3395 5917 3528 5946 ’,μθ
