4004 6372
211 420 302 479 593
543 361 554 364 ῃ
1407 408 1805 471 ειδιετοιΑιιι

1921 406 2196 465 CLASSIS
2230 405 2318 463 Ill.

216 532 440 592 rillmtur
462 544 631 587 unum
657 528 977 593 membrum,
993 526 1330 599 congaudent
1347 526 1523 583 omnia
1544 525 1749 581 membr
1762 536 1796 577 ι

218 626 273 699 (I
297 625 413 679 Cor.
445 639 546 688 xu,
587 623 730 694 26);
770 631 930 693 atque
972 622 1040 677 ita
1073 621 1384 694 plerumque
1417 618 1704 689 contingit,
1738 624 1799 672 ut

223 716 332 774 dum
361 714 569 784 aliquos
610 715 800 770 fratres
838 722 1050 773 nostros
1091 712 1145 767 in
1191 712 1676 783 quantulacumque
1706 722 1792 763 re-

226 810 337 880 quie
360 809 703 869 constitutos,
732 806 784 861 in
826 806 1018 863 mediis
1044 806 1240 861 nostris
1267 802 1627 858 anxietatibus
1654 798 1799 870 cogi-

228 910 402 963 tamus,
431 915 539 953 non
562 914 719 969 parva
743 913 811 954 ει
832 907 984 971 parte
1009 911 1333 961 recreemur,
1357 903 1602 965 tanquam
1626 901 1800 946 (811108

228 995 273 1050 in
308 992 434 1063 ipsis
481 992 719 1062 quietius
764 991 1199 1061 tranquilliusque
1244 989 1504 1043 vivamus.
1545 982 1800 1052 Quamvis

227 1087 372 1144 etiam
401 1099 523 1140 cum
556 1083 814 1139 ntolestize
846 1083 897 1137 itt
944 1083 1099 1152 hujus
1130 1083 1251 1136 vita:
1279 1079 1559 1148 fragilitate
1583 1076 1800 1131 crebre-

232 1185 406 1241 scunt,
436 1183 693 1231 aeternam
723 1174 958 1245 requiem
986 1188 1086 1229 nos
1111 1172 1418 1229 desiderare
1453 1168 1798 1239 compellunt.

233 1268 440 1325 llundus
458 1268 658 1338 quippe
679 1266 777 1322 iste
800 1265 1145 1336 periculosior
1163 1275 1245 1319 est
1265 1261 1488 1317 blandus
1508 1276 1665 1331 quam
1689 1274 1804 1312 mo-

238 1363 404 1424 lestus,
433 1371 486 1416 et
514 1360 682 1431 magis
723 1358 992 1415 cavendus
1026 1374 1147 1413 cum
1176 1371 1236 1413 se
1261 1356 1407 1410 illicit
1433 1353 1615 1423 diligi,
1644 1342 1801 1421 quam

238 1469 342 1510 cum
359 1451 612 1508 admonet
625 1451 870 1521 cogitque
890 1449 1177 1505 contemni.
1200 1448 1329 1502 Nam
1351 1461 1471 1500 eum
1489 1443 1663 1498 otnnia
1684 1456 1803 1511 qua:

244 1547 290 1605 in
316 1546 399 1601 illo
424 1556 579 1607 sunt,
621 1542 1050 1613 concupiscentia
1091 1541 1199 1595 sint
1224 1538 1424 1604 carnis,
1465 1547 1518 1592 et
1552 1532 1805 1604 concupi-

245 1635 422 1694 sceutia
451 1634 748 1695 oculorum,
779 1642 836 1688 ct
857 1632 1078 1687 ambitio
1107 1630 1286 1685 surculi
1314 1629 1368 1699 (ι
1392 1627 1547 1682 Joan.
1577 1641 1633 1689 tt,
1661 1623 1802 1695 l6);

243 1738 370 1795 rupe
393 1724 549 1780 etiam
592 1723 655 1778 iis
681 1723 772 1793 qui
804 1722 997 1779 talibus
1021 1716 1309 1791 spiritualia
1337 1760 1353 1785 ,
1386 1715 1666 1772 invisibilia
1686 1753 1702 1779 ,
1732 1727 1806 1767 ω-

244 1824 370 1873 tcrua
398 1823 729 1885 praeponam,
763 1815 949 1869 inserit
995 1827 1055 1867 se
1098 1820 1325 1867 terrena:
1364 1805 1638 1865 suavitatis
1674 1801 1805 1858 all'e-

242 1916 361 1970 ctus,
383 1914 435 1962 et
473 1904 916 1961 delectationibus
942 1904 1054 1959 suis
1090 1913 1271 1958 nostra
1300 1902 1580 1957 comitatur
1607 1897 1800 1951 ofﬁcia.

241 1998 430 2068 Quanto
455 1999 597 2054 enim
620 2007 746 2053 sunt
775 1997 1020 2053 charilati
1041 1998 1220 2052 futura
1245 1996 1483 2057 meliora,
1510 2001 1657 2047 tanto
1682 1996 1806 2044 sunt

245 2091 511 2147 inlinuitati
538 2091 851 2146 violentiora
881 2089 1183 2161 pnesentia.
1228 2089 1295 2144 Et
1334 2087 1531 2143 utinam
1562 2086 1597 2141 ii
1625 2084 1713 2155 qui
1740 2097 1805 2138 ea

249 2184 406 2240 videre
432 2194 486 2239 et
506 2200 725 2255 gemere
754 2194 1034 2249 noverunt,
1058 2185 1272 2240 vincere
1295 2191 1350 2239 et
1375 2181 1600 2237 evadere
1628 2192 1805 2232 mere-

249 2277 419 2329 antur!
444 2274 581 2344 quod
610 2275 726 2330 sine
764 2275 853 2330 Dei
880 2276 1046 2346 gratia
1077 2275 1218 2330 nullo
1245 2272 1404 2329 modo
1440 2272 1683 2326 voluntas
1712 2268 1804 2322 imo

253 2364 345 2434 plet
366 2362 585 2418 humana
607 2382 622 2429 ;
650 2380 768 2434 quae
789 2380 887 2420 nec
908 2367 1067 2421 libera
1091 2364 1310 2421 dicenda
1332 2373 1433 2427 est,
1455 2359 1704 2431 quamdiu
1724 2366 1808 2414 est

260 2456 565 2512 vincentibus
608 2467 662 2512 et
700 2457 1052 2512 vincientilms
1091 2456 1466 2527 cupiditatibus
1501 2452 1727 2507 subdita.
1759 2452 1805 2505 Α

253 2561 342 2615 quo
365 2546 499 2601 enim
542 2548 662 2617 quis
698 2547 939 2604 devictus
976 2557 1087 2613 est,
1117 2549 1235 2602 huic
1263 2558 1316 2602 et
1353 2560 1539 2601 servus
1566 2543 1806 2598 addictus

251 2647 320 2691 cSt
342 2641 358 2705 (
380 2635 416 2692 ll
445 2636 586 2691 Petr.
613 2654 671 2701 tt,
705 2638 803 2703 19)
830 2657 845 2693 :
880 2649 954 2701 et,
984 2638 1044 2693 Si
1073 2655 1156 2694 vos
1185 2637 1233 2691 F
1235 2639 1352 2692 ilius
1383 2635 1689 2697 liberaverit,
1730 2632 1806 2687 ait

249 2726 344 2795 ipse
366 2728 448 2782 Dei
475 2727 515 2782 F
521 2729 642 2782 ilius
660 2770 674 2792 ,
703 2739 820 2783 tunc
844 2746 956 2783 uere
981 2728 1122 2783 liberi
1146 2730 1282 2783 eritis
1311 2726 1503 2799 (Joan.
1529 2742 1643 2789 vut,
1673 2721 1801 2794 56).

310 2817 355 2872 ὅ.
380 2817 486 2874 Lex
517 2821 697 2888 itaque
722 2820 965 2875 docendo
992 2828 1047 2875 et.
1063 2820 1299 2889 jubendo
1331 2819 1471 2889 quod
1498 2818 1614 2872 sine
1637 2817 1804 2887 gratia

247 2906 430 2978 itnpleri
464 2924 572 2965 non
614 2919 819 2981 potest,
852 2911 1052 2966 homini
1089 2912 1417 2965 demonstrat
1457 2924 1606 2964 suam
1650 2908 1803 2962 inﬁr-

241 2998 493 3066 mitatem,
525 3008 583 3054 ut
620 3009 825 3071 quzcrat
848 3000 1208 3056 demonstrata
1241 2999 1519 3055 inﬁrmitas
1557 2998 1802 3053 Salvato-

237 3104 340 3147 rem
363 3130 380 3157 ,
418 3107 446 3144 a
475 3107 583 3161 quo
611 3102 791 3146 sanata
823 3093 1062 3148 voluntas
1088 3092 1255 3162 possit
1290 3091 1431 3162 quod
1462 3092 1666 3145 inﬁrma
1697 3105 1805 3145 non

233 3191 423 3252 posset.
468 3183 573 3237 Lex
616 3182 774 3253 igitur
800 3182 1012 3238 adducit
1050 3183 1117 3238 ad
1157 3183 1345 3247 Iidem,
1384 3182 1512 3237 ﬁdes
1558 3181 1807 3251 impetrat

233 3269 475 3341 Spiritum
500 3272 804 3343 largiorem,
827 3273 1070 3329 dill'undit
1098 3274 1324 3343 Spiritus
1348 3273 1681 3337 charitatetn,
1714 3273 1805 3326 int-

232 3364 337 3435 plet
392 3364 626 3420 charitas
677 3366 865 3436 legem.
916 3365 1038 3422 Ideo
1085 3366 1168 3420 lex
1216 3365 1531 3435 pa-dagogus
1584 3374 1805 3419 vocatur

236 3455 436 3527 (Colat.
463 3473 542 3522 ιιι,
567 3455 694 3528 21).
734 3459 832 3513 sub
851 3457 1002 3527 cujus
1030 3457 1385 3512 minacissima
1411 3456 1690 3511 severitate
1715 3456 1806 3527 qui

238 3547 547 3604 iuvocaverit
590 3565 781 3605 nomen
822 3550 1026 3605 honuni
1068 3550 1244 3605 salvus
1270 3550 1375 3605 erit
1399 3547 1562 3616 (laet.
1600 3566 1657 3613 ll,
1689 3548 1803 3617 5‘2).

241 3638 502 3707 Quomodo
530 3650 707 3695 autem
735 3640 1051 3696 invocabunt
1080 3642 1129 3695 itt
1150 3657 1306 3710 quem
1339 3656 1443 3695 non
1468 3639 1808 3695 crediderunt

244 3727 413 3800 (Rom.
439 3745 496 3797 ι,
521 3730 589 3785 14
612 3728 662 3790 )?
684 3730 915 3786 Proinde
949 3746 1017 3785 ne
1038 3730 1210 3786 littera
1232 3730 1347 3784 sine
1366 3731 1551 3801 spiritu
1577 3729 1803 3793 occidat,

241 3817 451 3890 Spiritus
474 3820 749 3875 viviﬁcaris
776 3821 795 3891 (
820 3820 859 3875 ll
884 3818 1001 3876 Cor.
1023 3836 1098 3885 ιιι,
1125 3820 1188 3891 6)
1218 3821 1556 3876 credentibus
1579 3831 1633 3875 et
1661 3822 1808 3875 invo-

241 3912 466 3966 cantibus
495 3911 685 3978 datur;
716 3912 949 3968 cliaritas
989 3928 1117 3968 vero
1148 3914 1238 3967 Dei
1270 3914 1578 3968 dill'uuditur
1604 3916 1653 3968 in
1682 3930 1807 3969 cor-

239 4003 380 4060 dibus
405 4006 603 4060 nostris
634 4020 728 4075 per
751 4005 1005 4075 Spiritum
1034 4015 1274 4060 sanctum
1304 4007 1391 4076 qui
1421 4007 1576 4061 datus
1603 4019 1683 4061 ρει
1712 4022 1810 4063 ηο-

241 4094 316 4151 bis
344 4097 532 4169 (Rom.
566 4112 620 4161 ν,
645 4097 753 4170 5),
782 4108 840 4152 ιιι
870 4101 960 4152 ﬁat
984 4098 1125 4168 quod
1160 4098 1298 4153 idem
1328 4101 1599 4167 apostolus
1640 4099 1804 4165 dicit,

248 4186 503 4245 Plcnitmlo
523 4192 647 4262 legis
673 4192 894 4245 charitas
923 4190 1033 4263 (Id.
1064 4206 1179 4252 aut.
1208 4190 1331 4263 10).
1361 4190 1434 4246 Ita
1463 4192 1596 4246 bona
1618 4201 1699 4247 est
1722 4192 1809 4249 lex

246 4278 311 4335 illi
338 4284 421 4351 qui
462 4299 523 4338 ea
553 4281 785 4353 legitime
811 4282 975 4336 utitur
1004 4280 1053 4355 (Ι
1080 4281 1216 4336 Tim.
1248 4297 1284 4345 t,
1316 4282 1380 4351 8)
1410 4298 1423 4334 :
1450 4283 1611 4335 tttitur
1629 4293 1807 4337 autem

248 4370 459 4443 legitime
479 4374 569 4445 qui
600 4374 896 4443 intelligens
916 4387 1080 4443 quare
1109 4373 1179 4427 sit
1203 4373 1353 4435 data,
1386 4388 1483 4444 per
1519 4373 1633 4443 ejus
1658 4389 1808 4428 cont-

250 4462 572 4520 ntiuationem
593 4463 825 4534 confugit
847 4464 912 4517 ad
934 4466 1154 4533 gratiam
1185 4464 1514 4519 liherantcm.
1541 4464 1672 4519 lluic
1692 4481 1810 4534 gm-

251 4554 328 4610 tia:
351 4573 448 4628 qua
470 4558 789 4626 jnstilicatur
818 4557 1027 4627 impius,
1055 4556 1293 4628 quisquis
1323 4559 1556 4628 ingratus
1581 4558 1722 4613 velut
1743 4557 1809 4613 ad

252 4644 401 4717 legem
428 4648 748 4720 implendam
788 4648 855 4702 de
888 4647 1000 4701 suis
1038 4648 1236 4701 viribus
1265 4649 1405 4715 ﬁdit,
1440 4654 1686 4719 ignorans
1716 4652 1809 4707 Dei

248 4734 575 4807 iustitiam,et
602 4755 751 4793 suam
774 4739 957 4794 volens
982 4739 1555 4808 constituere,ju5titia:
1583 4742 1673 4796 Dei
1704 4758 1808 4796 non

248 4837 323 4884 est
347 4832 587 4888 subditus
620 4830 807 4903 (llam.
846 4846 905 4898 ι,
954 4829 1022 4901 5)
1051 4848 1063 4882 :
1092 4845 1154 4885 ac
1185 4847 1278 4901 per
1306 4832 1406 4886 hoc
1433 4831 1483 4886 ﬁt
1514 4833 1561 4887 ei
1592 4834 1673 4888 lex
1703 4850 1809 4889 non

246 4920 576 4978 absolutionis
603 4922 923 4992 adjutorium
946 4964 963 4988 ,
1002 4922 1093 4978 sed
1119 4922 1386 4977 vinculum
1412 4925 1669 4981 criminis.
1692 4925 1809 4981 Non

244 5014 353 5083 quia
394 5015 479 5069 lex
514 5014 711 5069 malum
750 5021 865 5079 est,
897 5014 991 5068 sed
1030 5014 1151 5083 quia
1184 5025 1438 5083 peccatum
1460 5057 1473 5077 ,
1519 5015 1654 5070 sicut
1679 5018 1811 5073 scri-

242 5113 377 5172 ptum
403 5114 505 5171 est,
537 5120 626 5174 per
650 5105 835 5158 bonum
857 5104 1047 5158 talibus
1068 5114 1303 5175 operatur
1330 5118 1536 5160 mortem
1561 5106 1685 5179 (Id.
1712 5124 1808 5178 \‘Il,

240 5193 351 5269 15).
398 5197 501 5253 Per
529 5196 833 5251 mandatum
864 5196 1005 5250 enim
1044 5198 1255 5267 gravius
1283 5197 1560 5267 delinquit,
1601 5198 1691 5269 qui
1716 5215 1812 5271 per

236 5288 535 5343 mandatum
561 5289 657 5343 scit
684 5304 840 5359 quam
868 5289 1062 5343 malum
1091 5292 1160 5345 sit
1179 5290 1318 5359 quod
1346 5291 1596 5345 admittit.

296 5382 350 5439 ι.
390 5382 628 5452 Iqaniter
650 5391 826 5436 autem
856 5390 1003 5451 putat
1035 5381 1289 5437 victorem
1326 5396 1385 5436 se
1424 5398 1543 5437 esse
1582 5385 1806 5452 peccati,

231 5477 315 5546 qui
344 5490 519 5545 ιιωιιεε
546 5476 735 5530 timore
765 5489 869 5529 non
905 5483 1121 5543 peccat;
1150 5474 1269 5543 quia
1303 5475 1404 5528 etsi
1434 5490 1538 5529 non
1567 5476 1811 5543 impletur

231 5567 357 5624 loris
395 5568 667 5639 negotium
716 5568 868 5621 malae
914 5566 1245 5636 cupiditatis,
1292 5567 1401 5635 ipsa
1449 5575 1625 5622 tamen
1670 5570 1807 5624 mala

230 5660 497 5731 cupiditas
522 5660 662 5714 intus
683 5667 765 5714 est
786 5657 971 5712 hostis.
1003 5657 1067 5711 Et
1085 5657 1204 5726 quis
1225 5671 1404 5711 coram
1431 5658 1537 5713 Deo
1559 5660 1809 5715 innocens

228 5750 532 5816 invenitur,
578 5750 665 5819 qui
714 5750 826 5803 vult
865 5748 978 5803 ﬁeri
1021 5747 1163 5818 quod
1194 5756 1424 5812 velatur,
1457 5749 1501 5803 si
1530 5750 1809 5808 subtrahas

224 5844 370 5916 quod
403 5843 662 5898 timetur?
695 5842 767 5897 Ac
794 5858 885 5911 per
907 5841 1006 5897 hoc
1037 5842 1087 5895 in
1118 5841 1226 5913 ipsa
1253 5842 1520 5914 voluntate
1547 5860 1669 5901 reus
1705 5855 1807 5914 est,

3368 418 3475 475 59‘

1903 520 1992 593 qui
2021 522 2131 577 vult
2160 520 2338 577 facere
2361 521 2503 593 quod
2534 537 2639 579 non
2672 524 2798 582 licet
2823 524 2970 591 ﬁeri,
2999 526 3093 582 sed
3118 526 3238 584 ideo
3264 543 3367 584 non
3395 530 3478 585 fa-

1903 612 2004 678 cit,
2030 614 2152 684 quia
2182 614 2396 683 impune
2425 630 2529 670 non
2569 626 2743 686 potest
2781 617 2915 673 ﬁeri.
2959 618 3089 674 Nam
3128 630 3381 689 quantum
3426 623 3481 678 in

1905 704 2022 775 ipso
2042 716 2146 771 est,
2175 706 2359 761 mallet
2384 722 2486 762 non
2520 722 2640 764 esse
2663 708 2919 778 justitiam
2949 720 3160 780 peccata
3192 711 3481 781 prohiben-

1906 802 2012 850 tem
2038 806 2198 868 atquc
2219 798 2546 867 punientem.
2571 798 2636 854 Et
2662 800 2839 869 utique
2863 801 2907 855 si
2934 801 3113 857 mallet
3139 817 3241 855 non
3263 816 3381 856 esse
3398 803 3484 869 ju-

1904 886 2124 951 stitiam,
2152 889 2273 956 quis
2300 888 2615 943 dubitaverit
2632 890 2770 959 quod
2790 905 2929 955 eam,
2949 891 2992 945 si
3012 902 3208 961 posset,
3225 891 3484 948 auferret?

1905 978 1985 1032 Ac
2008 994 2103 1048 per
2124 978 2227 1035 hoc
2250 980 2699 1050 qttomodojustus
2718 991 2817 1045 est,
2841 982 3058 1051 justitia:
3079 983 3197 1039 talis
3217 983 3481 1050 inimicas,

1908 1076 1967 1123 ut
1993 1084 2110 1123 eam
2131 1111 2146 1135 ,
2180 1069 2224 1125 si
2255 1079 2487 1140 potestas
2513 1071 2701 1139 detur,
2728 1072 3120 1143 przccipicntein
3158 1073 3383 1141 auferat,
3415 1090 3486 1131 ne

1904 1162 2320 1218 comminantem
2362 1163 2445 1217 vel
2482 1162 2807 1233 judicantem
2850 1162 3023 1220 ferat?
3068 1164 3314 1220 Inimicus
3356 1180 3484 1236 ergo
3551 1209 3556 1212 .

1902 1250 2123 1321 justitia:
2152 1262 2253 1319 est,
2281 1253 2371 1323 qui
2396 1270 2567 1325 pinna:
2590 1254 2778 1310 timore
2797 1270 2899 1309 non
2922 1261 3142 1325 peccat:
3172 1256 3371 1310 amicus
3390 1271 3486 1311 au-

1910 1349 2017 1396 tem
2043 1346 2144 1397 crit
2164 1384 2180 1408 ,
2210 1344 2253 1397 si
2282 1344 2396 1413 ejus
2435 1359 2619 1399 amore
2657 1360 2761 1399 non
2791 1354 3010 1414 peccet;
3042 1354 3167 1400 tunc
3190 1346 3329 1401 enim
3360 1360 3486 1402 vero

1913 1431 2117 1485 timebit
2142 1448 2383 1500 peccare.
2410 1433 2540 1488 Nam
2572 1435 2659 1504 qui
2685 1433 2958 1505 gehennas
2983 1434 3195 1500 metuit,
3226 1451 3327 1489 non
3358 1450 3484 1505 pec-

1910 1535 2033 1575 core
2054 1524 2260 1590 metuit,
2279 1524 2370 1578 sed
2392 1526 2600 1580 ardere.
2626 1525 2719 1581 Ille
2738 1535 2911 1581 autem
2933 1542 3149 1596 peccare
3171 1528 3373 1589 metuit,
3396 1527 3487 1596 qui

1913 1623 2185 1682 peccatum
2218 1615 2419 1684 ipsum,
2451 1617 2585 1672 sicut
2609 1616 2879 1687 geheunas
2919 1616 3047 1671 odit.
3080 1615 3198 1686 Ipse
3226 1626 3304 1670 est
3331 1617 3488 1671 timor

1911 1701 2119 1756 Domini
2149 1714 2325 1760 castus
2348 1747 2362 1772 ,
2394 1722 2711 1774 permanens
2737 1708 2787 1761 in
2826 1707 3076 1762 szeculuzn
3106 1708 3283 1762 szeeuli
3316 1704 3485 1775 (l’sal.

1910 1810 2061 1861 xvm,
2096 1796 2209 1868 10).
2233 1797 2365 1852 Nam
2388 1799 2473 1853 ille
2497 1801 2653 1854 timor
2676 1814 2868 1871 pinnae,
2897 1808 3212 1854 tormentum
3237 1798 3412 1863 habet,
3434 1804 3491 1853 et

1911 1900 2017 1939 non
2044 1896 2126 1942 est
2152 1888 2202 1942 in
2234 1888 2523 1956 cliaritate,
2555 1908 2784 1962 cumque
2808 1894 3039 1963 perlecta
3078 1893 3306 1947 charitas
3345 1892 3487 1946 foras

1910 1978 2074 2033 mittit
2102 1981 2142 2051 (Ι
2170 1979 2327 2035 Ιοαιι.
2357 1998 2427 2047 tv,
2464 1983 2572 2057 l8).

1985 2069 2039 2123 5.
2080 2070 2306 2125 Tantum
2333 2088 2489 2141 porro
2514 2076 2734 2145 quisque
2764 2087 3036 2147 peccatum
3065 2081 3196 2145 odit,
3231 2092 3488 2153 quantum

1907 2158 2168 2229 justitiam
2211 2162 2411 2234 diligit;
2457 2166 2594 2235 quod
2635 2182 2739 2221 non
2777 2170 2967 2238 poterit
2997 2170 3109 2240 lege
3138 2178 3366 2227 terrente
3396 2188 3491 2241 per

1914 2250 2183 2320 litteram,
2225 2255 2318 2309 sed
2364 2256 2560 2324 Spiritu
2601 2268 2819 2315 sonante
2861 2275 2954 2330 per
2980 2263 3221 2332 gratiam.
3252 2264 3400 2318 Tune
3430 2264 3491 2319 lit

1912 2344 2052 2413 quod
2075 2346 2362 2414 Apostolus
2389 2349 2673 2405 admonet:
2713 2351 3002 2407 Humanum
3031 2356 3162 2421 dico,
3191 2367 3390 2427 propter
3404 2357 3487 2411 in-

1914 2435 2201 2502 ﬁrmitatem
2227 2440 2391 2493 carnis
2422 2451 2634 2495 vestrm:
2662 2443 2788 2496 sicut
2812 2445 2942 2497 enim
2963 2446 3251 2501 exhibuistis
3272 2449 3491 2502 membra

1914 2538 2077 2581 vestra
2098 2528 2343 2584 deservire
2367 2533 2700 2588 immunditiis
2718 2545 2765 2589 ct
2789 2537 3040 2607 iniquitati
3066 2541 3131 2591 ad
3156 2540 3490 2611 iniquitatem;

1911 2619 1987 2671 sic
2006 2636 2138 2673 nunc
2156 2622 2377 2676 exhibete
2401 2625 2619 2679 membra
2640 2637 2796 2680 rastra
2817 2628 3058 2682 deservire
3068 2630 3215 2699 justit
3244 2631 3350 2683 13in
3371 2647 3490 2685 san-

1911 2711 2267 2779 cti/irationem
2288 2714 2460 2784 (Rom.
2486 2733 2557 2782 vt,
2583 2718 2689 2786 19).
2714 2720 2845 2785 Quid
2869 2721 3007 2774 enim
3036 2730 3134 2783 est.
3163 2722 3307 2775 Sicut
3337 2723 3485 2790 illud,

1914 2801 1984 2855 ita
2007 2813 2059 2858 et
2083 2804 2220 2861 hoc:
2251 2809 2369 2871 nisi,
2397 2810 2847 2878 Quemadmodum
2872 2814 2937 2867 ad
2963 2815 3283 2884 peccandum
3316 2817 3490 2872 nullus

1916 2908 2009 2948 vos
2038 2898 2257 2966 erigebat
2289 2900 2464 2967 timor,
2498 2902 2591 2956 sed
2619 2904 2783 2972 ipsius
2804 2904 2965 2958 libido
2994 2906 3334 2976 voluptasque
3362 2923 3488 2977 pec-

1914 2988 2048 3052 cati;
2081 2990 2157 3043 sic
2192 2990 2257 3045 ad
2282 2992 2426 3061 justo
2454 2994 2739 3050 vivendum
2781 3012 2884 3050 non
2916 3013 3009 3051 vos
3037 2999 3279 3069 supplicii
3317 3010 3492 3056 metus

1915 3090 2098 3147 urgeat
2120 3122 2134 3144 ,
2166 3082 2261 3137 sed
2292 3083 2449 3138 ducat
2475 3084 2760 3142 delectatio
2786 3087 3117 3159 charitasque
3139 3091 3392 3159 justitim?
3423 3094 3491 3149 Et

1916 3169 2029 3224 ltzee
2055 3174 2291 3242 quidem,
2320 3188 2572 3247 quantum
2604 3181 2732 3236 milii
2761 3183 2984 3247 videtur,
3011 3185 3239 3238 nondum
3269 3196 3350 3240 est
3374 3202 3492 3254 per-

1915 3262 2048 3317 lecta
2074 3306 2089 3329 ,
2121 3266 2213 3321 sed
2243 3270 2633 3338 quodammodo
2671 3274 2846 3329 adulta
2884 3277 3106 3346 justitia.
3141 3278 3321 3348 Neque
3348 3280 3491 3334 enim

1915 3355 2107 3411 frustra
2140 3360 2511 3428 prazntitteret,
2560 3364 2853 3420 Humanum
2880 3368 3011 3433 dico,
3044 3382 3246 3439 propter
3272 3373 3491 3440 iii/irini-

1915 3460 2070 3505 tutetn
2111 3455 2277 3507 carnis
2308 3467 2480 3511 vestra:
2503 3500 2517 3523 ,
2551 3459 2648 3512 nisi
2681 3461 2800 3529 quia
2834 3460 2950 3529 plus
2976 3462 3171 3531 aliquid
3208 3464 3490 3522 dicendum

1914 3538 2031 3607 fuit,
2061 3543 2105 3595 si
2125 3543 2234 3611 jam
2259 3545 2329 3599 illi
2354 3548 2491 3601 ferre
2512 3550 2825 3616 potuissent.
2856 3551 2981 3605 Plus
3006 3553 3197 3621 quippe
3223 3556 3493 3611 servitutis

1916 3632 2142 3687 debetur
2163 3634 2379 3703 jttStitia:
2399 3677 2414 3703 ,
2444 3654 2599 3708 quam
2628 3653 2841 3709 peccato
2868 3642 3038 3697 solent
3068 3645 3307 3701 homines
3336 3648 3492 3702 exhi-

1916 3723 2064 3777 bere.
2100 3725 2225 3779 Nam
2248 3742 2399 3796 paena
2430 3734 2668 3801 corporis
2688 3733 2787 3788 etsi
2815 3750 2917 3788 non
2944 3750 2973 3788 a
3002 3736 3289 3805 voluntate,
3315 3747 3493 3795 tamen

1918 3827 2131 3870 revocat
2155 3818 2222 3872 ab
2247 3835 2408 3888 opere
2436 3824 2653 3891 peccati.
2688 3824 2796 3880 Nec
2818 3825 2968 3881 facile
2991 3828 3267 3898 quisquam
3292 3841 3371 3884 est
3399 3831 3493 3902 qui

1918 3906 2091 3974 palam
2119 3912 2413 3965 committat
2433 3954 2447 3976 ,
2489 3929 2595 3982 quo
2626 3914 2857 3969 illicitam
2886 3926 2938 3970 et
2964 3917 3283 3971 immundam
3318 3922 3493 3989 perci-

1915 4012 1952 4064 p
1974 4006 2023 4050 at
2053 3998 2392 4068 voluptatem,
2418 4002 2459 4053 si
2482 4004 2747 4057 cruciatus
2772 4006 3013 4059 \‘ittdicltc
3040 4018 3242 4062 certum
3268 4020 3351 4064 est
3373 4026 3496 4065 con-

1919 4087 2069 4142 tinuo
2104 4101 2400 4144 secuturos.
2439 4092 2647 4145 Iustitia
2680 4109 2804 4147 vero
2830 4096 2904 4149 sic
2929 4098 3151 4150 amanda
3195 4110 3271 4151 est
3295 4141 3308 4161 ,
3344 4109 3397 4153 ut
3424 4102 3494 4156 ab

1918 4178 2038 4246 ejus
2068 4180 2317 4247 aperthus
2343 4182 2500 4236 etiatn
2530 4198 2699 4253 paena:
2728 4187 2964 4253 corporis
2992 4201 3088 4240 nos
3111 4188 3359 4244 euhiberc
3386 4205 3495 4247 non

1916 4270 2165 4334 debeant,
2192 4283 2349 4342 atque
2374 4275 2510 4330 inter
2536 4291 2723 4330 manus
2750 4278 2907 4332 etiam
2932 4281 3225 4336 crudelium
3255 4283 3497 4339 inimico-

1916 4378 2033 4417 rum
2058 4365 2264 4418 luceant
2288 4382 2446 4435 opera
2472 4378 2648 4422 nostra
2668 4385 2846 4425 coram
2871 4370 3190 4439 hominibus,
3222 4385 3279 4430 nt
3302 4378 3496 4447 quibus

1918 4457 2127 4527 placere
2157 4468 2409 4527 possunt,
2441 4460 2734 4530 gloriﬁcent
2771 4463 2978 4520 Patrem
3020 4480 3257 4523 n05trum
3302 4473 3391 4539 qui
3438 4472 3495 4527 in

1916 4550 2070 4604 cmlis
2095 4562 2174 4605 est
2202 4551 2411 4621 (Matth.
2440 4569 2494 4619 v,
2523 4556 2635 4625 16).

1989 4641 2042 4696 ϐ.
2087 4642 2216 4696 llinc
2257 4651 2337 4696 est
2379 4645 2519 4713 quod
2560 4647 3245 4720 illeJortissimusjustitim
3270 4654 3495 4713 dilector

1917 4734 2179 4788 exclamat
2195 4754 2207 4788 :
2227 4735 2351 4800 Quis
2368 4754 2455 4790 nos
2469 4742 2721 4807 separabit
2741 4760 2772 4795 a
2791 4744 3033 4798 churitutc
3045 4746 3264 4800 Christi?
3277 4749 3492 4803 tribula-

1918 4827 1989 4880 tio
2003 4829 2029 4881 ?
2047 4843 2113 4881 an
2142 4831 2373 4899 angustia
2388 4831 2415 4883 .9
2441 4848 2506 4884 an
2535 4838 2807 4903 persecutio
2823 4838 2848 4890 Ρ
2870 4854 2935 4891 an
2954 4839 3111 4906 [antes
3124 4841 3151 4893 ll
3171 4856 3238 4894 an
3263 4842 3497 4899 auditas?

1917 4934 1985 4971 an
2019 4918 2322 4985 periculum?
2340 4937 2404 4974 an
2435 4924 2661 4993 gladius?
2689 4927 2817 4980 sicut
2845 4930 3082 4998 scriptum
3110 4940 3180 4984 est
3200 4973 3215 4997 ,
3243 4934 3496 4997 Quoniam

1921 5019 2126 5079 propter
2149 5018 2197 5065 te
2216 5013 2579 5079 mortiﬁcamur
2603 5028 2706 5070 tota
2732 5019 2833 5081 die;
2858 5018 3077 5085 deputati
3104 5038 3274 5078 sumus
3299 5037 3352 5079 ut
3381 5042 3495 5082 ours

1918 5102 2179 5157 occisionis
2194 5104 2211 5170 (
2227 5102 2518 5169 Psal.x1.ttt,
2533 5106 2759 5177 29.).Sed
2778 5110 2828 5161 in
2847 5111 2925 5163 his
2939 5113 3167 5168 omnibus
3182 5119 3493 5184 supervinci-

1920 5210 2031 5248 mus
2050 5211 2138 5264 per
2151 5195 2166 5225 ί
2184 5196 2399 5267 eumqui
2418 5198 2590 5251 dilexit
2611 5216 2719 5253 nos.
2740 5198 2916 5256 Certus
2932 5219 3041 5255 sum
3056 5206 3185 5259 enim
3198 5208 3317 5279 quia
3336 5224 3495 5277 neque

1920 5302 2074 5352 mors,
2102 5304 2256 5355 neque
2280 5290 2402 5352 vita,
2431 5306 2589 5359 neque
2613 5292 2840 5362 angelus,
2867 5311 3022 5365 neque
3049 5299 3374 5367 principatus,
3407 5316 3496 5354 no-

1916 5393 2011 5446 que
2028 5380 2317 5446 pra’sentia,
2341 5395 2496 5448 neque
2514 5383 2701 5449 futura,
2722 5400 2874 5456 neque
2890 5386 3062 5451 uirtus,
3086 5404 3240 5455 neque
3253 5388 3489 5455 altitudo,

1922 5484 2079 5537 neque
2105 5470 2432 5539 profundum,
2463 5488 2620 5540 neque
2646 5486 2877 5529 creatura
2903 5478 3003 5530 alia
3031 5479 3211 5546 poterit
3230 5496 3319 5533 nos
3346 5498 3493 5551 sepa-

1918 5575 2031 5611 rare
2074 5577 2104 5612 a
2150 5561 2392 5614 charitate
2433 5560 2531 5615 Dei
2566 5581 2679 5629 qua:
2721 5570 2870 5620 estin
2898 5567 3090 5620 Christo
3124 5568 3245 5622 Jcsu
3273 5569 3493 5628 Domino

1919 5664 2090 5709 nostra
2116 5653 2292 5725 (Rom.
2329 5671 2418 5709 vni
2440 5695 2457 5720 ,
2484 5657 2697 5727 55-59).
2737 5658 2868 5712 Vide
2905 5660 3353 5727 quemadmodum
3385 5679 3493 5719 non

1923 5755 2205 5814 utcumque
2249 5755 2360 5810 att,
2405 5747 2532 5812 Quis
2578 5762 2674 5801 nos
2715 5748 2979 5817 separabit
3023 5768 3050 5804 a
3092 5753 3334 5824 Christo;
3395 5754 3492 5814 sed

1990 5862 2005 5888 ι
2030 5862 2135 5907 Mss.
2159 5856 2255 5905 duo
2279 5859 2445 5919 ratio,
2468 5864 2678 5921 propter.
