4004 6392
594 336 700 392 599

595 456 728 508 alios
751 454 836 522 qui
859 453 956 506 ista
976 451 1158 506 lecturi
1181 458 1326 513 sunt,
1345 448 1614 519 prmstruit
1631 446 1814 517 quales
1828 462 1922 502 seu
1946 459 2186 501 meorum

601 563 696 602 seu
717 545 1076 618 quorumlibet
1106 545 1420 613 scriptorum
1452 541 1652 610 iudices
1680 554 1799 594 esse
1825 538 2089 600 debeatis;
2122 551 2189 591 ne

601 639 684 695 vel
707 640 844 694 scire
871 655 964 693 vos
993 635 1279 706 opincmiui
1307 633 1446 703 quod
1471 633 1706 697 nescitis,
1736 632 1816 686 vel
1850 641 2053 686 temere
2071 645 2189 685 crc-

597 730 736 786 datis
760 731 899 800 quod
930 744 1099 798 neque
1121 726 1362 796 corporis
1377 724 1625 780 sensibus
1644 733 1735 778 aut
1754 723 1916 776 animi
1942 722 2185 777 contuitu

597 824 649 878 in
678 823 916 892 ejusdem
945 821 1018 876 rei
1049 835 1166 886 quze
1187 817 1553 888 cognoscenda
1583 826 1684 881 est,
1709 813 1971 871 evidentia
1999 827 2185 884 perce-

598 915 770 987 pistis.
803 929 972 981 neque
993 910 1366 966 canonicarum
1407 910 1801 980 Seripturarum
1846 908 2182 973 aueloritate,

596 1008 805 1063 etiamsi
840 1023 940 1059 nou
967 1004 1396 1058 adfuitsensibus
1421 1004 1502 1059 vel
1531 1003 1692 1057 animi
1723 1003 1804 1058 vel
1822 1002 2063 1072 corporis
2093 1017 2187 1057 ve-

595 1101 712 1165 stri,
758 1110 928 1152 tamen
952 1097 1276 1154 credendum
1304 1112 1422 1153 esse
1452 1097 1730 1153 didicistis.

664 1191 746 1246 CA
760 1192 816 1244 P.
846 1190 1252 1246 PliillUll.—G.
1269 1189 1454 1244 .lantnc
1467 1205 1592 1258 ergo
1607 1190 1846 1244 venimus
1859 1188 1924 1243 ad
1941 1189 2184 1242 causam?

595 1297 661 1338 an
677 1283 845 1335 adhuc
864 1283 1092 1336 lecturus
1107 1282 1446 1336 instruendus
1462 1281 1566 1336 est?
1580 1280 1825 1335 Noonulli
1844 1280 1982 1334 enim
1999 1289 2183 1352 putant

595 1388 767 1444 Ipsum
813 1374 951 1443 quod
993 1373 1218 1426 dicimus
1243 1373 1483 1435 credere,
1512 1389 1631 1427 cum
1662 1389 1748 1429 res
1769 1390 1891 1427 vera
1923 1374 2178 1439 creditur.

594 1465 696 1520 hoc
735 1466 905 1518 solum
935 1481 1050 1518 es~e
1083 1474 1259 1519 mente
1289 1465 1549 1519 contueri.
1580 1466 1729 1532 Quod
1763 1467 1804 1521 si
1839 1468 1907 1519 ita
1939 1476 2052 1526 est.
2083 1465 2180 1521 fal-

592 1558 719 1612 litur
741 1557 833 1610 ista
868 1568 1046 1610 nostra
1077 1557 1319 1624 superior
1349 1557 1677 1624 przelucutio,
1710 1558 1761 1610 in
1796 1575 1896 1626 qua
1929 1557 2180 1612 distinxi-

591 1665 711 1704 mus
731 1649 870 1702 aliud
893 1663 1011 1703 esse
1033 1648 1226 1717 aliquid
1250 1649 1447 1704 sentire
1469 1663 1561 1717 per
1578 1663 1790 1717 corpus.
1811 1649 1948 1703 sicut
1969 1651 2020 1702 in
2038 1649 2179 1704 coelo

589 1741 777 1801 solem,
806 1749 860 1793 et
885 1741 933 1793 in
970 1749 1107 1794 terra
1139 1751 1393 1806 montem,
1422 1741 1690 1806 arborem,
1716 1756 1981 1809 corpusve
2006 1743 2179 1813 quod-

591 1832 748 1894 libet;
776 1842 827 1885 et
865 1831 1004 1885 aliud
1034 1833 1225 1886 mentis
1246 1832 1432 1886 intuitu
1453 1849 1563 1887 rem
1587 1833 1930 1888 nihilominus
1954 1835 2175 1891 eviden-

592 1934 696 1976 tem
728 1964 742 1987 ,
795 1923 932 1976 sicut
980 1932 1155 1976 nostra
1221 1924 1466 1977 voluntas
1506 1939 1534 1976 a
1593 1925 1986 1994 nobismetipsis
2035 1926 2175 1981 intus

589 2013 843 2081 aspicitur
883 2029 1004 2068 cum
1057 2013 1252 2083 aliquid
1291 2015 1564 2079 volumus,
1610 2013 1694 2069 vel
1751 2016 2000 2083 cogitatio
2053 2032 2173 2070 cum

585 2107 912 2176 cogitamus,
946 2107 1027 2159 vel
1077 2108 1331 2160 memoria
1362 2107 1487 2160 dum
1542 2106 1903 2172 recordanutr,
1957 2109 2039 2162 vel
2075 2108 2178 2163 tale

589 2199 780 2268 aliquid
813 2199 862 2253 in
891 2200 1068 2251 animo
1098 2200 1212 2254 sine
1259 2215 1484 2268 corpore
1518 2218 1530 2252 :
1563 2200 1703 2253 aliud
1752 2210 1925 2254 autem
1957 2201 2177 2256 credere

589 2289 728 2359 quod
773 2290 822 2342 in
883 2291 1122 2357 corporis
1153 2292 1410 2344 tttentisve
1439 2301 1724 2359 conspectu
1770 2307 1866 2346 nec
1896 2292 2046 2346 adest
2075 2309 2178 2349 nec

588 2379 820 2431 adfuisse
866 2379 1150 2443 recolitur;
1221 2379 1356 2433 sicut
1410 2381 1524 2435 sine
1575 2383 1879 2452 parentibus
1937 2393 2174 2438 crcatmn

589 2470 778 2526 Adam.
806 2480 857 2524 et
897 2479 1074 2523 natum
1107 2487 1170 2526 ex
1200 2471 1414 2541 Virgine
1456 2489 1773 2543 passumque
1814 2477 2174 2533 resnrrexisse

592 2561 876 2614 Christum.
911 2562 1033 2616 "me
1059 2565 1198 2618 enim
1227 2565 1385 2617 etiant
1415 2568 1760 2636 corporaliter
1792 2567 1924 2622 facta
1957 2579 2096 2635 sunt,
2121 2580 2176 2626 et

590 2649 752 2704 videri
772 2667 862 2718 per
880 2667 1092 2720 corpus,
1113 2653 1155 2706 si
1175 2663 1297 2707 tunc
1311 2654 1639 2719 adessvmns,
1661 2657 1838 2726 utique
1859 2669 2169 2726 potuerunt:

585 2755 724 2795 nunc
746 2751 918 2796 autem
945 2757 1046 2794 non
1080 2742 1290 2806 adSunt,
1309 2744 1444 2799 sicut
1465 2745 1614 2800 adest
1641 2747 1734 2800 ista
1763 2749 1846 2800 lus
1867 2765 1985 2820 qum
2006 2751 2174 2806 oculis

582 2835 836 2897 cernitur,
867 2845 958 2889 attt
981 2837 1224 2891 voluntas
1249 2853 1349 2906 qua
1382 2855 1520 2892 nune
1545 2840 1741 2907 aliquid
1762 2842 2028 2909 volumus,
2051 2861 2171 2913 qua:

581 2937 758 2980 mente
786 2928 1126 2997 conspicitur.
1174 2927 1278 2983 Sed
1304 2930 1424 2999 quia
1454 2930 1566 2986 ltzec
1603 2933 1870 2987 distinctio
1906 2934 2032 2988 falsa
2064 2951 2168 2990 non

581 3028 681 3080 est,
730 3017 966 3086 profecto
1007 3019 1092 3072 illa
1141 3021 1474 3090 przcstructio
1513 3022 1686 3077 minus
1741 3024 1995 3092 habebat,
2028 3027 2169 3098 quod

581 3113 719 3164 inter
745 3111 994 3178 credere,
1022 3122 1073 3166 ct
1118 3114 1312 3184 aliquid
1343 3131 1576 3183 pratsens
1615 3129 1793 3173 mente
1834 3122 2163 3189 conspicere,

580 3216 648 3254 ne
688 3204 905 3254 omnino
943 3219 1102 3255 tnuun
1131 3214 1286 3275 atque
1316 3206 1451 3260 idem
1487 3216 1793 3276 putaretur,
1821 3225 2005 3278 parum
2026 3212 2166 3267 clara

579 3291 749 3346 fuerat
786 3294 1083 3347 elocutione
1121 3296 1428 3351 discretum.

647 3384 870 3442 CAPUT
903 3387 963 3439 ll.
985 3419 1057 3428 —
1082 3389 1134 3442 7.
1166 3389 1299 3454 Quid
1327 3405 1453 3460 ergo
1483 3389 1744 3445 dicimus?
1771 3391 1904 3446 Num
1931 3395 2059 3449 satis
2085 3405 2168 3451 est

577 3486 633 3531 ut
661 3479 796 3533 inter
819 3480 1000 3533 videre
1042 3490 1095 3534 et
1122 3481 1339 3536 credere
1371 3482 1472 3538 hoc
1509 3483 1707 3540 distare
1745 3487 2003 3550 dicamus.
2044 3490 2164 3557 quia

573 3571 854 3638 prtrsentia
881 3570 1138 3634 videnlur,
1159 3571 1451 3627 creduntur
1473 3574 1746 3629 absentia?
1766 3577 1921 3632 Plane
1945 3577 2163 3636 forsitan

573 3662 702 3715 satis
727 3671 825 3722 est,
859 3662 900 3715 si
936 3664 1210 3731 prmsentia
1243 3663 1328 3717 illa
1357 3664 1457 3719 hoc
1486 3664 1973 3735 locttintelligantus
1998 3667 2160 3735 dicta,

573 3769 691 3823 qua:
722 3763 912 3820 prmsto
947 3761 1071 3806 sunt
1104 3754 1347 3808 sensibus
1395 3756 1505 3811 sive
1531 3756 1692 3810 animi
1730 3759 1846 3811 sive
1884 3759 2159 3827 corporis,

574 3843 713 3897 unde
734 3863 744 3892 t
768 3843 891 3896 tiam
920 3843 1081 3897 ducto
1108 3844 1363 3900 vocabulo
1395 3847 1669 3915 prwseutia
1695 3849 2054 3904 nominantur.
2074 3849 2161 3906 Sic

569 3933 710 3986 enim
744 3932 878 3989 hanc
902 3933 1069 3988 lucem
1096 3936 1334 4005 corporis
1363 3952 1542 4000 scnsn,
1572 3939 1649 3994 sic
1673 3949 1725 3993 et
1766 3955 1940 3996 meam
1970 3943 2158 3998 volun-

568 4033 727 4078 tatem
769 4025 924 4094 plane
969 4027 1144 4092 video,
1176 4029 1298 4097 quia
1330 4039 1526 4098 prtesto
1551 4039 1634 4085 est
1670 4033 1832 4086 animi
1885 4034 2150 4099 sensibus,

566 4128 724 4187 atque
755 4118 898 4173 intus
925 4119 1054 4173 mihi
1090 4135 1328 4190 pra-scus
1349 4129 1450 4175 est.
1480 4121 1670 4194 Siquis
1699 4140 1824 4178 vero
1851 4125 1980 4180 mihi
2018 4126 2155 4180 indi-

564 4221 648 4263 cet
674 4212 993 4264 voluntatem
1024 4227 1204 4296 Suan‘,
1237 4213 1389 4282 cujus
1423 4228 1486 4268 os
1523 4223 1576 4268 et
1614 4231 1715 4270 vox
1761 4216 1886 4270 mihi
1919 4232 2157 4286 pra'scns

564 4309 680 4362 est;
715 4309 890 4355 tamen
914 4303 1034 4370 quia
1059 4303 1168 4371 ipsa
1189 4303 1432 4358 voluntas
1449 4321 1605 4375 quant
1634 4305 1759 4359 milti
1787 4306 2005 4372 indicat,
2029 4309 2154 4365 latet

565 4405 780 4443 sensum
809 4393 1046 4459 corporis
1076 4403 1129 4446 et
1154 4395 1314 4447 animi
1341 4395 1464 4458 mei,
1491 4398 1671 4462 credo,
1711 4413 1815 4452 nott
1843 4397 1998 4452 video
2024 4417 2037 4453 :
2064 4408 2156 4454 aut

562 4481 608 4535 si
629 4497 749 4535 eum
791 4483 1002 4536 mentiri
1042 4484 1311 4549 existimo,
1342 4501 1450 4538 non
1484 4487 1666 4547 credo.
1689 4489 1788 4541 etsi
1817 4489 1970 4553 forte,
1997 4499 2052 4544 ut
2074 4491 2155 4545 di-

563 4572 655 4634 cit,
684 4575 748 4626 ita
781 4575 868 4627 sit.
893 4573 1196 4627 Creduntur
1226 4591 1350 4645 ergo
1374 4577 1464 4630 illa
1495 4594 1611 4647 qua:
1634 4578 1823 4632 absunt
1849 4595 1877 4632 a
1908 4581 2152 4638 sensibus

561 4664 780 4729 nostris,
810 4665 852 4718 si
876 4665 1084 4720 videtur
1113 4665 1362 4721 idoneum
1393 4669 1530 4736 quod
1551 4668 1628 4723 eis
1652 4671 2009 4727 testimonium
2041 4689 2152 4743 per-

558 4755 787 4810 hibetur.
845 4757 1096 4811 Videntur
1123 4768 1297 4812 autem
1350 4775 1467 4828 qua:
1519 4771 1712 4829 pra-sto
1742 4772 1885 4830 sunt,
1919 4765 2058 4820 unde
2097 4775 2150 4822 et

557 4851 834 4919 prmsentia
870 4851 1210 4906 nominantur
1226 4853 1308 4907 vel
1331 4853 1490 4907 animi
1514 4854 1596 4908 vel
1614 4856 1856 4926 Corporis
1876 4858 2144 4914 sensibus.

559 4940 688 4995 Nam
744 4960 863 4996 cum
909 4945 1017 4998 sint
1061 4944 1294 5014 quinque
1346 4947 1586 5014 corporis
1615 4960 1837 5012 sensus,
1869 4950 2143 5016 cernendi,

559 5031 831 5097 audiendi,
855 5033 1156 5100 olfacieudi,
1174 5035 1441 5105 gustandi,
1465 5036 1710 5106 tangendi
1730 5053 1744 5102 ;
1763 5038 1908 5092 visus
1933 5040 2146 5109 quidem

556 5123 610 5178 in
638 5124 716 5177 eis
743 5125 1004 5194 pra‘cipue
1029 5127 1199 5180 oculis
1233 5127 1518 5182 attributus
1534 5136 1637 5193 est,
1659 5139 2025 5187 verumtamen
2045 5133 2146 5188 hoc

556 5215 726 5270 verbo
757 5216 952 5270 utimur
982 5229 1034 5272 et
1054 5219 1104 5272 in
1133 5221 1360 5275 caeteris.
1379 5220 1490 5275 Non
1513 5221 1654 5275 enim
1676 5232 1876 5277 tantum
1894 5224 2139 5292 dicimus,

557 5306 688 5362 Vide
719 5308 844 5378 quid
898 5309 1095 5371 luceat;
1143 5312 1235 5366 sed
1263 5313 1446 5379 etiam,
1479 5312 1608 5367 Vide
1637 5312 1759 5384 quid
1805 5325 1979 5381 Sonet,
2009 5315 2142 5373 Vide

551 5399 676 5468 quid
709 5399 866 5459 oleat.
905 5398 1038 5454 Vide
1065 5401 1189 5469 quid
1223 5403 1410 5470 sapiat,
1462 5402 1593 5458 Vide
1642 5404 1770 5473 quid
1801 5407 1988 5460 caleat.
2031 5406 2141 5462 Nec

551 5490 674 5559 quia
700 5492 804 5545 dixi
835 5508 895 5544 ea
921 5492 1064 5546 credi
1111 5509 1227 5560 quze
1255 5495 1446 5548 absunt
1473 5511 1499 5547 a
1530 5496 1774 5551 sensibus
1801 5500 1996 5553 nostris
2014 5540 2030 5564 ,
2063 5501 2140 5554 sic

551 5584 841 5651 accipiatur
887 5595 942 5637 ut
969 5583 1106 5639 inter
1137 5586 1220 5640 illa
1253 5586 1570 5654 deputentur
1598 5606 1712 5658 qum
1741 5591 2028 5660 aliquando
2057 5593 2135 5645 vi-

548 5671 744 5736 dimus,
779 5686 829 5729 et
883 5691 980 5730 nos
1036 5677 1236 5733 vidisse
1295 5679 1586 5732 retinemus
1633 5683 1869 5750 certique
1913 5698 2132 5750 sumus,

545 5767 790 5841 quamvis
822 5778 946 5825 tunc
973 5785 1076 5824 non
1102 5781 1297 5838 praesto
1327 5773 1933 5849 sintcumrecoluntura
1957 5778 2129 5833 nobis.

1836 328 1892 382 S.
1935 323 2300 383 AUGUSTINI
2345 325 2641 381 EPISCUPI
3745 334 3831 394 ϐω

2293 437 2474 509 Neque
2493 440 2632 495 enim
2663 440 2800 496 inter
2833 441 3060 502 credita.
3091 442 3184 499 sed
3215 441 3353 498 inter
3386 443 3493 498 visa
3513 443 3824 515 deputantur;

2293 540 2348 587 et
2396 530 2516 586 ideo
2558 541 2680 586 nota
2720 543 2865 600 sunt,
2912 549 3017 590 non
3067 536 3189 605 quia
3244 535 3398 591 [idem
3449 535 3711 592 habuimus
3735 539 3830 597 aliis

2295 623 2535 689 testibus,
2567 623 2662 680 sed
2689 625 2809 696 quia
2839 641 2936 681 nos
2975 625 3174 682 vidisse
3206 625 3322 681 sine
3345 625 3503 683 dubio
3529 629 3832 688 recordamur

2291 727 2346 770 et
2373 717 2590 771 scimus.

2359 807 2587 865 CAPUT
2627 808 2712 865 Ill.
2733 839 2803 850 —
2831 810 2881 867 8.
2923 809 3144 868 Constat
3175 813 3332 884 igitur
3355 821 3532 869 nostra
3565 813 3763 871 scientia
3779 831 3834 874 ex

2290 901 2418 955 visis
2445 901 2602 956 rebus
2633 911 2686 957 et
2711 902 2962 958 creditis:
2985 904 3077 958 sed
3103 905 3154 958 in
3196 905 3260 960 iis
3289 921 3406 975 quae
3432 905 3653 960 vidimus
3674 906 3745 960 vel
3767 908 3832 962 vi~

2289 992 2499 1055 demus.
2531 1009 2628 1048 nos
2658 996 2754 1064 ipsi
2787 1004 2948 1050 testes
2977 1011 3190 1060 sumus;
3223 997 3274 1051 in
3302 997 3384 1052 bis
3413 1006 3585 1052 autem
3612 1013 3718 1068 qua:
3737 1013 3834 1055 cre-

2289 1083 2484 1148 dimus,
2516 1086 2636 1141 aliis
2666 1088 2889 1140 testibus
2917 1102 3191 1141 movemur
3229 1087 3293 1141 ad
3328 1087 3507 1153 fidem,
3537 1103 3651 1142 cum
3679 1105 3834 1147 carum

2288 1189 2463 1228 rerum
2495 1191 2626 1246 quas
2652 1191 2749 1231 nec
2779 1177 2971 1234 vidisse
2999 1193 3095 1231 nos
3132 1179 3436 1241 recolitnns,
3483 1193 3580 1233 nec
3605 1179 3834 1248 videmus,

2286 1266 2478 1323 dantur
2507 1271 2653 1339 signa
2685 1270 2763 1324 vel
2794 1270 2846 1326 in
2874 1271 3110 1334 vocibus,
3135 1271 3212 1326 vel
3239 1271 3288 1325 in
3313 1271 3528 1335 litteris,
3559 1272 3636 1326 vel
3665 1273 3708 1326 in
3737 1275 3836 1341 qui-

2285 1358 2488 1431 busque
2517 1359 2871 1424 documentis,
2900 1363 3092 1432 quibus
3117 1363 3244 1417 visis
3283 1377 3389 1417 non
3418 1363 3530 1417 visa
3570 1363 3836 1424 credantur.

2285 1449 2398 1505 Non
2425 1460 2600 1506 autem
2630 1451 2896 1508 immerito
2931 1454 3068 1509 scire
3097 1469 3194 1509 nos
3223 1455 3448 1509 dicimus
3480 1471 3585 1510 non
3607 1456 3760 1510 solum
3784 1474 3836 1513 ea

2284 1557 2402 1612 qua:
2436 1542 2665 1598 vidimus
2687 1555 2779 1598 aut
2814 1545 3075 1612 vidi-mus,
3104 1562 3288 1602 verum
3315 1555 3370 1601 et
3406 1548 3495 1601 illa
3527 1564 3641 1617 qua:
3669 1549 3842 1607 idoneis

2283 1631 2347 1686 ad
2377 1648 2642 1704 quamque
2664 1650 2775 1690 rem
2793 1637 3046 1690 commoti
3071 1636 3391 1692 testimoniis
3417 1639 3502 1693 vel
3521 1639 3731 1694 testibus
3747 1655 3841 1695 creo

2281 1720 2477 1778 dimus.
2508 1724 2673 1778 Porro
2689 1726 2732 1781 si
2751 1727 2890 1782 scire
2917 1741 3020 1781 non
3045 1728 3458 1798 incongruenter
3476 1729 3694 1784 dicimur
3707 1731 3840 1788 etiam

2283 1814 2408 1869 illud
2437 1815 2578 1884 quod
2615 1818 2972 1873 certissimum
3000 1818 3287 1883 credimus,
3319 1819 3444 1874 hinc
3493 1819 3683 1876 factum
3707 1835 3772 1879 est
3796 1832 3842 1879 ut

2281 1909 2440 1963 etiam
2474 1919 2616 1964 recte
2643 1909 2867 1976 credita,
2900 1911 2999 1966 etsi
3040 1925 3144 1965 non
3172 1911 3346 1966 adsint
3374 1913 3620 1968 sensibus
3656 1915 3838 1981 nostris,

2283 2000 2461 2055 videre
2485 2012 2662 2056 mente
2687 2002 2948 2057 dicamur.
2987 2003 3215 2058 Scientia
3243 2005 3440 2074 quippe
3487 2005 3645 2060 tuenti
3672 1989 3840 2062 [tribui-

2282 2098 2396 2157 tur;
2425 2094 2535 2146 sive
2560 2110 2656 2163 per
2675 2095 2918 2163 corporis
2943 2109 3154 2160 sensus,
3179 2096 3291 2151 sive
3314 2113 3411 2166 per
3435 2098 3612 2166 ipsum
3641 2099 3840 2156 animum

2281 2183 2476 2254 aliquid
2505 2195 2816 2257 [lCI'Ct‘pttltll
2843 2187 3218 2257 cognitumque
3243 2189 3511 2243 retineat:
3541 2199 3594 2243 et
3616 2190 3733 2243 lidcs
3752 2191 3841 2260 ipsa

2284 2285 2460 2329 mente
2491 2277 2669 2346 utique
2695 2276 2926 2344 videtur,
2955 2279 3198 2348 quamvis
3222 2279 3323 2333 hoe
3346 2279 3451 2335 lide
3475 2281 3841 2350 credaturun

2280 2383 2385 2420 nou
2419 2368 2639 2422 videtur.
2675 2367 2826 2424 Unde
2851 2378 2905 2424 et
2931 2385 2996 2441 τι)
3020 2370 3203 2424 ιδεοιηε
3236 2371 3422 2426 Petrus
3454 2371 3606 2433 dicit.
3641 2371 3698 2426 lu
3722 2389 3840 2444 quas

2281 2460 2430 2512 modo
2459 2477 2557 2513 non
2587 2459 2805 2514 videntes
2831 2461 3031 2515 creditis
3062 2461 3102 2533 (Ι
3131 2459 3242 2516 Pet.
3276 2477 3314 2525 t.
3339 2462 3432 2534 8):
3459 2476 3516 2518 et
3547 2465 3657 2534 ipse
3687 2465 3835 2519 Domi-

2279 2566 2397 2613 nus,
2415 2550 2555 2604 Beatt'
2569 2553 2654 2619 qui
2672 2569 2768 2604 non
2787 2552 3032 2611 viderunt.
3048 2563 3092 2605 et
3110 2553 3428 2607 crediderunt
3447 2553 3627 2619 (Joan.
3648 2571 3730 2617 xx.
3744 2555 3835 2624 29).

2348 2642 2399 2695 9.
2441 2642 2572 2696 Cum
2603 2643 2778 2713 itaque
2802 2643 2993 2700 dicitur
3016 2644 3239 2712 homini,
3277 2647 3450 2701 Crede
3482 2646 3738 2702 Christum
3767 2664 3835 2702 re-

2276 2736 2572 2790 surrexisse
2609 2753 2636 2787 a
2679 2738 2932 2802 mortuis;
2961 2738 3002 2792 si
3028 2740 3215 2800 credit.
3247 2741 3466 2794 attende
3513 2743 3635 2812 quid
3675 2742 3835 2807 videat,

2276 2826 2490 2880 attende
2516 2826 2641 2896 quid
2672 2828 2874 2890 credat,
2907 2839 2959 2884 et
2990 2841 3269 2901 utrtnnque
3292 2831 3567 2888 discerne.
3600 2833 3834 2889 Videtbo—

2277 2917 2471 2970 minent
2500 2917 2648 2986 cujus
2671 2918 2817 2972 audit
2844 2935 3057 2985 vocent;
3081 2931 3134 2975 et
3161 2923 3270 2991 ipsa
3303 2938 3404 2977 vos
3436 2924 3492 2978 in
3527 2926 3652 2980 visis
3679 2940 3836 2996 corpo-

2273 3009 2473 3063 ralibus
2505 3009 2807 3078 deputatur.
2837 3013 3129 3067 secundum
3172 3029 3231 3066 ea
3263 3030 3382 3084 qu.e
3411 3029 3576 3086 supra
3617 3015 3832 3072 diximus.

2273 3103 2398 3158 "me
2418 3104 2521 3158 duo
2547 3113 2690 3170 sunt,
2717 3107 2884 3167 testis,
2915 3115 2967 3159 et
2989 3107 3379 3161 testimonium:
3407 3125 3634 3178 quorum
3653 3110 3714 3165 ad
3732 3125 3833 3165 ocu-

2271 3195 2351 3251 los
2379 3213 2563 3259 ttnutu,
2586 3195 2651 3250 ad
2677 3212 2831 3251 aures
2851 3197 3074 3251 alterum
3105 3201 3352 3269 pertinet.
3374 3199 3482 3255 Sed
3518 3201 3655 3255 hunc
3675 3210 3831 3256 testem

2270 3287 2496 3344 fortasse
2519 3289 2742 3343 aliorunt
2772 3291 3190 3344 testimoniorum
3231 3294 3526 3349 auctoritas
3563 3297 3826 3356 continuat,

2269 3380 2565 3435 divinarutu
2588 3382 2792 3436 scilicet
2810 3382 3222 3453 Scripturarunt,
3255 3385 3332 3440 vel
3353 3387 3706 3456 quorumlibet
3724 3387 3829 3440 alio-

2271 3491 2409 3539 rtnn,
2438 3476 2630 3545 quibus
2669 3485 2749 3531 est
2779 3485 2954 3532 motus
2993 3477 3058 3531 ad
3103 3477 3281 3533 tidem.
3314 3478 3609 3548 Scripturte
3647 3480 3709 3534 ad
3740 3479 3827 3534 visa

2271 3566 2537 3633 pertinent
2565 3567 2803 3637 Corporis
2827 3569 3122 3632 oculorum,
3151 3570 3194 3624 si
3215 3585 3309 3624 eas
3338 3569 3496 3640 legit;
3529 3572 3606 3624 vel
3629 3572 3824 3636 aurium,

2268 3655 2312 3708 si
2337 3655 2556 3710 audivit.
2587 3657 2739 3711 Videt
2763 3668 2936 3712 autem
2969 3660 3147 3712 animo
3173 3659 3427 3730 quidquid
3454 3662 3637 3731 liguris
3665 3663 3828 3715 littera-

2267 3760 2384 3799 rum
2424 3747 2634 3802 sonisve
2673 3748 2958 3817 signiﬁcari
2999 3749 3275 3805 intellexit.
3313 3751 3461 3808 \‘idet
3497 3753 3661 3822 ipsam
3696 3752 3827 3806 [idem

2265 3855 2437 3905 suam,
2462 3856 2562 3911 qua
2585 3857 2644 3896 sc
2669 3841 2887 3896 credere
2914 3843 3026 3896 sine
3048 3843 3384 3900 cunctatione
3417 3845 3722 3914 respondet.
3752 3844 3825 3898 Vi-

2264 3928 2354 3984 det
2373 3930 2765 4000 cogitationem,
2802 3947 2902 4002 qua
2943 3932 3136 4003 cogitat
3162 3933 3286 4003 quid
3320 3933 3366 3988 ei
3400 3937 3568 4003 possit
3604 3935 3827 4005 prodesse

2263 4019 2403 4089 quod
2431 4019 2614 4075 credit.
2659 4020 2810 4076 Videt
2836 4022 3177 4083 voluntatem.
3209 4037 3311 4093 qua
3338 4025 3567 4080 accessit
3593 4025 3654 4079 ad
3681 4024 3825 4079 susci~

2265 4111 2508 4181 piendatn
2537 4112 2866 4183 religionem.
2894 4113 3043 4168 Videt
3068 4113 3226 4168 etiam
3257 4114 3422 4184 ipsius
3448 4115 3825 4170 resurrectionis

2260 4204 2542 4272 quamdam
2576 4204 2858 4276 imaginem
2887 4205 2938 4261 in
2963 4207 3144 4260 animo
3165 4222 3261 4261 suo
3291 4207 3504 4275 factam,
3528 4209 3826 4282 sineqttain-

2264 4295 2424 4364 tcltigi
2469 4311 2576 4350 nott
2609 4306 2780 4365 potest
2809 4297 3062 4367 quidquid
3095 4296 3288 4352 factum
3319 4301 3670 4370 eot'poraliter
3709 4299 3822 4355 dici-

2263 4393 2369 4450 tur,
2401 4386 2512 4439 sive
2542 4387 2809 4450 eredatur,
2845 4389 2956 4442 sive
2986 4406 3092 4444 ttott
3121 4389 3382 4444 credazttr.

2330 4477 2555 4536 CAPUT
2595 4479 2755 4535 IV.—
2772 4479 2898 4547 Sed,
2926 4491 2980 4535 ut
3007 4494 3150 4553 puto,
3175 4483 3458 4555 distinguis
3477 4485 3732 4557 quomodo
3753 4483 3819 4536 vi-

2257 4573 2379 4628 deat
2407 4574 2561 4629 Iidem
2593 4589 2741 4630 suam
2768 4591 2871 4645 qua
2897 4576 3086 4644 credit,
3115 4586 3168 4632 et
3193 4578 3460 4650 quomodo
3495 4577 3669 4634 videat
3693 4577 3814 4635 illam

2258 4665 2665 4719 resurrectionis
2695 4665 2977 4736 imaginem
3016 4667 3065 4720 in
3090 4668 3267 4721 animo
3294 4684 3391 4722 suo
3418 4668 3630 4737 factam,
3659 4682 3814 4742 quam,

2257 4757 2301 4811 si
2331 4755 2430 4811 hoc
2455 4755 2622 4823 audit,
2657 4757 2801 4813 videt
2829 4759 2987 4814 etiam
3016 4760 3102 4827 qui
3128 4775 3233 4814 non
3264 4759 3451 4815 credit.

2328 4852 2414 4906 l0.
2456 4851 2581 4906 Haec
2610 4867 2737 4921 ergo
2759 4854 2936 4906 omnia
2966 4852 3128 4918 videt,
3160 4857 3350 4925 partim
3381 4869 3624 4924 corpore,
3650 4853 3813 4925 partim

2255 4951 2453 4996 mente.
2478 4941 2815 4997 Voluntatem
2845 4957 2974 4998 vero
3000 4943 3116 5012 ejus
3140 4960 3168 4998 a
3194 4959 3299 5015 quo
3315 4945 3462 5000 audit
3486 4955 3538 5001 ut
3561 4947 3749 5008 credat.
3768 4953 3814 5000 et

2254 5033 2421 5103 ipsam
2451 5031 2644 5088 Christi
2677 5033 3125 5089 resurrectionem
3166 5050 3268 5089 non
3300 5037 3463 5103 videt,
3509 5038 3600 5092 sed
3630 5035 3808 5101 credit;

2251 5136 2306 5180 et
2334 5135 2509 5180 tamen
2553 5141 2671 5180 cam
2715 5125 2894 5182 videre
2922 5126 3115 5182 dicitur
3141 5128 3370 5199 quodam
3398 5130 3588 5184 mentis
3625 5128 3807 5186 obtutu.

2251 5217 2420 5289 magis
2446 5217 2736 5272 secundum
2767 5219 3189 5274 testimoniorum
3233 5220 3412 5284 tidem,
3459 5236 3612 5291 quam
3655 5233 3808 5275 rerum

2253 5309 2532 5380 praesentia
2576 5307 2918 5364 creditarum.
2967 5307 3060 5365 llla
3104 5310 3246 5366 enim
3293 5325 3414 5382 qua:
3456 5310 3610 5373 videt.
3640 5309 3809 5364 adsunt

2249 5403 2494 5458 sensibus
2518 5403 2598 5457 vel
2629 5403 2790 5457 animi
2835 5403 2916 5456 vel
2960 5404 3230 5473 corporis;
3263 5419 3383 5474 quze
3425 5413 3605 5458 autem
3648 5399 3814 5464 credit,

2249 5498 2442 5550 absttttt
2469 5511 2496 5548 a
2528 5496 2773 5550 sensibus
2799 5504 2852 5549 et
2875 5496 3036 5550 animi
3077 5507 3128 5551 et
3157 5499 3417 5567 corporis.
3463 5495 3720 5568 Quamvis
3743 5508 3823 5545 vo-

2247 5591 2422 5645 luntas
2451 5594 2564 5660 ejus
2593 5607 2620 5642 a
2649 5604 2754 5659 quo
2779 5589 2923 5643 antiit
2955 5601 3008 5642 ut
3038 5590 3240 5656 credat,
3288 5608 3392 5645 non
3433 5594 3498 5646 sit
3545 5587 3818 5661 praeterita,

2245 5684 2337 5739 sed
2373 5692 2578 5737 maneat
2631 5683 2680 5735 in
2715 5683 2993 5751 loquente:
3025 5699 3180 5752 quam
3231 5682 3282 5737 in
3330 5687 3504 5756 seipse
3541 5679 3685 5737 idem
3723 5679 3818 5750 ipa

2245 5775 2342 5848 qui
2375 5775 2606 5847 loquitur
2633 5773 2804 5838 videt;
2837 5773 2924 5828 ille
2955 5789 3081 5830 vero
3102 5775 3188 5848 qui
3217 5776 3384 5843 audit,
3410 5793 3508 5833 non
3530 5788 3648 5831 eam
3677 5771 3803 5847 ι-ῑμρι
