4004 6378
317 278 461 305 κιτη
532 276 535 278 ’

171 486 256 545 sed
280 480 451 541 credit.
478 476 826 535 ltesurrectlo
863 483 1041 532 autem
1080 472 1277 531 Christi
1313 470 1583 545 praeterita
1624 478 1728 534 est,

170 593 311 650 quam
337 586 427 628 nec
447 570 519 626 illi
541 569 790 626 viderunt
813 566 1058 622 homines
1083 564 1175 638 qui
1195 573 1320 620 tttnc
1341 561 1578 618 fuerunt.
1597 559 1733 617 Nam

171 672 247 741 qui
275 665 505 723 viderunt
529 662 799 719 viventem
835 658 1107 716 Christum
1145 670 1304 728 quem
1342 655 1586 709 viderant
1610 667 1732 708 mo-

172 765 393 824 rientem,
418 758 582 831 ipsam
614 765 792 811 tamen
820 750 1267 809 resurrectionem
1293 763 1414 804 cum
1442 745 1598 802 ﬁeret
1624 760 1731 801 non

172 855 406 915 viderunt,
432 847 529 905 sed
553 862 672 904 eam
700 844 1000 903 certissime
1022 841 1384 908 crediderunt,
1418 837 1649 894 videndo
1676 845 1735 894 et

172 943 404 1016 tangendo
428 940 609 995 vivum
637 954 799 1011 quem
824 943 1084 992 noverant
1108 941 1401 989 mortuum.
1427 929 1535 987 Nos
1559 938 1729 984 totum

170 1038 423 1102 aedituus,
446 1044 504 1091 et
526 1032 669 1107 quod
696 1031 1070 1096 resurrexerit,
1094 1038 1149 1085 et
1168 1027 1308 1100 quod
1336 1026 1404 1082 ab
1425 1024 1731 1081 hominibus

170 1142 279 1189 tunc
302 1130 437 1185 visus
463 1136 521 1183 et
544 1134 905 1183 contrectatus
945 1124 1035 1191 sit,
1076 1132 1131 1178 et
1162 1120 1305 1193 quod
1332 1136 1473 1175 nunc
1503 1119 1646 1173 vivat
1675 1118 1728 1172 in

170 1222 318 1286 ctelis,
347 1235 437 1276 nec
455 1218 569 1289 jam
596 1217 873 1281 moriatur,
900 1225 955 1270 et
985 1228 1130 1269 mors
1160 1213 1231 1267 illi
1261 1212 1393 1267 ultra
1425 1226 1529 1266 non
1552 1209 1727 1265 domi-

171 1326 320 1371 netur.
350 1312 447 1368 lies
475 1318 654 1365 autetn
700 1309 810 1381 ipsa
858 1321 959 1362 nec
1005 1304 1245 1375 corporis
1284 1303 1452 1359 nostri
1482 1302 1729 1358 sensibus

170 1404 314 1464 adest.
353 1401 484 1457 sicut
523 1401 677 1456 adest
716 1400 816 1454 hoc
855 1395 1053 1453 ctelum
1096 1406 1151 1452 et
1195 1406 1356 1461 terra,
1392 1392 1491 1450 nec
1532 1402 1729 1449 nostras

169 1493 339 1551 mentis
367 1492 669 1557 obtutibus,
698 1491 836 1547 sicut
861 1489 1015 1546 adest
1041 1486 1175 1544 ﬁdes
1203 1488 1316 1560 ipsa
1347 1503 1447 1559 qua
1478 1486 1579 1542 hoc
1607 1500 1728 1542 cre-

165 1585 335 1643 diutius.

226 1679 302 1734 il.
341 1676 442 1734 Sed
483 1675 596 1746 jam
640 1675 787 1740 satis,
819 1682 877 1729 ut
903 1682 1049 1745 puto,
1078 1672 1176 1728 ista
1204 1686 1320 1728 mea
1350 1670 1730 1742 prmlocutione

166 1767 490 1841 recognovisti
516 1766 642 1839 quid
673 1767 741 1822 sit
768 1766 950 1822 videre
976 1765 1059 1820 vel
1091 1774 1267 1819 mente
1294 1764 1380 1819 vel
1408 1778 1656 1836 corpore,
1675 1771 1731 1819 et

164 1862 269 1934 quid
289 1860 355 1915 ab
376 1860 454 1929 eis
482 1859 644 1915 distet
672 1858 913 1914 credere.
945 1856 1097 1925 Quod
1118 1855 1333 1928 quidem
1367 1858 1422 1910 tit
1456 1864 1655 1921 mente,
1675 1864 1730 1912 et

165 1954 347 2010 videtur
360 1961 567 2017 mente;
587 1951 835 2023 quoniam
856 1950 1020 2007 menti
1037 1961 1233 2005 nostra:
1256 1950 1387 2005 lidcs
1405 1959 1584 2005 nostra
1601 1964 1733 2005 con-

165 2046 319 2117 spicua
339 2053 440 2101 est.
463 2044 570 2100 Sed
592 2042 929 2113 tamenquod
956 2041 1143 2097 eadem
1172 2041 1276 2097 ﬁde
1300 2040 1557 2107 creditur,
1577 2040 1730 2098 abest

164 2139 290 2194 etab
315 2146 531 2208 aspectu
559 2136 802 2207 corporis
844 2135 1032 2201 nostri,
1064 2135 1202 2189 sicut
1242 2134 1393 2189 abest
1433 2149 1628 2203 corpus
1674 2134 1727 2188 in

165 2244 254 2301 quo
269 2228 512 2285 Christus
537 2228 855 2293 resurrexit;
878 2237 930 2283 et
951 2226 1019 2282 ab
1043 2236 1259 2299 aspectu
1278 2226 1471 2280 mentis
1486 2226 1727 2293 alterius,

165 2322 280 2377 sicut
297 2320 445 2377 abest
469 2320 537 2375 ab
564 2328 782 2390 aspectu
814 2320 1005 2375 mentis
1035 2333 1167 2373 mea:
1196 2316 1326 2373 ﬁdes
1353 2326 1461 2381 tua,
1485 2317 1729 2389 quamvis

164 2429 261 2470 eam
280 2430 399 2471 esse
422 2415 472 2469 in
497 2423 547 2471 te
571 2412 807 2477 credam,
831 2427 950 2467 cum
975 2426 1092 2467 eam
1116 2426 1220 2465 non
1246 2408 1451 2464 videam
1478 2425 1557 2464 eo:
1576 2423 1725 2479 pore,

163 2506 281 2579 quod
320 2522 423 2564 nec
450 2516 503 2561 tu
536 2516 717 2578 potes;
746 2520 844 2562 nec
872 2512 1068 2567 mente,
1103 2503 1243 2575 quod
1285 2513 1339 2559 tu
1378 2511 1549 2573 potes,
1593 2502 1730 2557 sicut

161 2616 244 2671 ego
266 2616 457 2663 meam.
485 2616 644 2671 quam
684 2608 736 2653 tu
772 2613 879 2655 non
912 2608 1082 2669 potes.
1114 2596 1279 2652 Nemo
1304 2596 1445 2651 enim
1476 2596 1577 2649 scit
1601 2594 1728 2665 quid

160 2701 321 2763 agatur
365 2694 424 2748 in
467 2692 701 2757 homine,
752 2691 852 2747 nisi
897 2689 1112 2762 Spiritus
1150 2688 1381 2743 hominis
1409 2688 1497 2758 qui
1531 2688 1581 2742 in
1613 2688 1729 2758 ipso

158 2792 227 2839 est
248 2784 286 2855 (I
315 2783 435 2839 Cor.
460 2799 517 2851 ιι,
546 2783 660 2855 ll),
684 2782 857 2839 donec
880 2782 1058 2837 veniat
1085 2781 1359 2847 Dominus,
1387 2790 1439 2835 et
1466 2778 1730 2835 illuminet

161 2872 447 2930 abscondita
467 2875 832 2937 tenebrarum,
854 2882 905 2928 et
929 2870 1233 2928 manifestet
1248 2871 1474 2942 cogitatis
1498 2884 1594 2925 nes
1608 2884 1728 2925 cor-

158 2964 227 3019 dis
247 2964 346 3037 (Id.
379 2981 457 3032 tv,
484 2963 560 3038 5),
596 2975 651 3021 ut
671 2980 762 3020 eas
789 2980 893 3019 non
922 2964 1094 3019 solum
1122 2962 1348 3033 quisque
1377 2977 1501 3016 snas
1529 2960 1724 3028 videat,

159 3057 234 3113 srd
256 3067 306 3116 et
328 3058 580 3114 aliorum.
625 3057 926 3114 Secundum
960 3057 1059 3111 hoc
1088 3057 1229 3111 enim
1268 3055 1401 3110 dixit
1443 3056 1728 3125 Apostolus

160 3151 406 3207 neminem
432 3152 570 3207 scire
596 3149 722 3221 quid
762 3159 948 3220 agatur
991 3148 1044 3203 in
1089 3147 1324 3213 homine,
1354 3146 1452 3201 nisi
1479 3147 1725 3216 spiritum

157 3241 360 3299 hominis
390 3244 481 3313 qui
511 3243 563 3297 in
608 3242 721 3313 ipso
747 3250 843 3296 est.
895 3240 1188 3296 secundum
1217 3238 1358 3309 quod
1400 3237 1642 3293 videmus
1671 3238 1725 3293 in

157 3340 314 3395 nobis:
343 3354 474 3395 nam
520 3338 811 3395 secundum
858 3335 908 3391 id
953 3332 1095 3407 quod
1138 3335 1406 3389 credimus
1449 3348 1547 3387 nec
1576 3332 1725 3387 vidc-

156 3448 272 3501 mus,
310 3443 364 3491 et
402 3433 601 3489 multos
630 3430 813 3487 ﬁdeles
840 3444 959 3485 esse
988 3429 1251 3494 novimus,
1300 3435 1354 3482 et
1391 3426 1571 3481 multis
1612 3424 1726 3480 noti

156 3541 331 3582 sumus.

210 3617 434 3677 CAPUT
473 3613 714 3671 ν.-ιΞ.
736 3613 789 3671 Si
810 3629 938 3685 ergo
951 3612 1060 3685 jam
1083 3614 1180 3668 ista
1201 3611 1447 3668 diSIincta
1473 3618 1615 3677 sunt,
1635 3626 1726 3666 ve-

155 3708 337 3768 niamus
364 3709 442 3765 ad
471 3724 706 3766 causam.
752 3707 962 3763 Scimus
990 3722 1145 3777 posse
1177 3707 1339 3760 Deum
1367 3704 1554 3768 videri,
1586 3719 1723 3775 quu-

155 3800 273 3857 niam
297 3802 563 3871 scriptum
604 3812 719 3855 est:
749 3798 894 3854 Beati
922 3797 1110 3853 mundo
1137 3796 1319 3862 corde;
1354 3796 1592 3867 quoniant
1624 3795 1724 3865 ipsi

154 3890 293 3948 Deum
317 3894 558 3950 videbunt
585 3890 796 3963 (Matth.
834 3906 888 3955 v,
920 3889 996 3961 8).
1032 3889 1112 3944 An
1145 3888 1279 3942 forte
1306 3902 1411 3943 non
1451 3885 1609 3941 debui
1638 3885 1724 3941 di-

154 3997 273 4048 cere,
290 3985 538 4045 Scimus;
566 3982 683 4049 sed,
702 3981 980 4038 Credimus
1000 3998 1014 4034 :
1036 3980 1287 4053 quoniam
1306 3980 1470 4033 Deum
1493 3993 1589 4032 nec
1606 3992 1726 4032 cor-

154 4090 263 4145 pore
287 4074 581 4149 aliquando
601 4074 848 4139 vidimus,
872 4073 1008 4129 sicut
1031 4072 1167 4126 liauc
1189 4072 1358 4125 lucem
1376 4087 1390 4135 ;
1409 4085 1507 4124 nec
1523 4078 1721 4133 mente,

154 4168 270 4225 sicut
292 4168 464 4242 ipsam
491 4168 542 4222 in
570 4166 745 4231 uobis,
773 4180 876 4237 qua
903 4164 954 4219 id
983 4162 1271 4228 credimus,
1291 4161 1446 4217 [idem
1464 4178 1478 4227 ;
1498 4160 1591 4215 sed
1610 4169 1727 4215 tan-

156 4256 247 4315 tum
273 4261 393 4333 quia
424 4260 686 4330 scriptum
728 4266 811 4313 est
852 4258 903 4313 in
945 4272 1007 4313 ea
1047 4256 1319 4324 Scriptura
1358 4254 1512 4321 cujus
1540 4252 1723 4309 ﬁdeles

155 4366 331 4417 sumus,
362 4352 513 4425 quod
544 4367 730 4407 verum
757 4351 826 4405 sit
856 4351 1075 4405 minime
1116 4347 1452 4403 dubitamus?
1491 4349 1723 4418 Aposto-

154 4441 222 4498 lus
244 4453 413 4501 tamen
441 4442 677 4499 Joannes
704 4458 824 4497 cum
855 4440 961 4496 tale
989 4439 1187 4510 aliquid
1227 4437 1448 4502 diceret,
1468 4486 1473 4491 .
1496 4436 1720 4504 Scimus,

156 4532 320 4606 inquit,
349 4536 477 4608 quia
497 4551 614 4589 cum
640 4534 952 4605 apparuerit,
976 4531 1163 4585 similes
1183 4530 1227 4584 ei
1244 4530 1463 4594 erimus;
1483 4528 1724 4601 quoniam
1792 4578 1795 4579 ν

156 4625 404 4683 ridebimus
429 4642 546 4682 eum
568 4626 717 4681 sicuti
742 4635 815 4681 est
835 4624 886 4697 (Ι
919 4622 1077 4679 Joan.
1118 4639 1194 4690 ιιι,
1220 4622 1280 4693 2)
1301 4640 1313 4675 :
1338 4638 1462 4677 ecce
1499 4623 1639 4677 scire
1665 4637 1725 4677 se

155 4717 433 4795 dixitquod
465 4719 700 4776 nondum
745 4718 938 4774 factum
980 4715 1171 4780 fuerat,
1212 4730 1311 4770 nec
1349 4714 1597 4775 videndo,
1628 4712 1724 4768 sed

157 4814 404 4872 credendo
432 4822 776 4888 cognoverat.
818 4812 984 4868 Recte
1030 4810 1207 4881 itaque
1235 4806 1486 4873 diximus,
1514 4805 1725 4862 Scimus

158 4901 303 4962 Deum
331 4921 492 4979 posse
512 4905 711 4970 videri;
734 4903 975 4975 quamvis
1002 4916 1122 4958 eum
1156 4915 1260 4954 non
1291 4898 1601 4964 viderimus,
1629 4894 1724 4951 sed

156 4997 330 5057 divina:
355 5000 659 5057 auctoritati
690 5014 808 5071 qua:
837 4997 1034 5053 sanctis
1061 4993 1233 5049 Libris
1262 4992 1585 5057 continetur,
1604 5004 1724 5045 cro-

157 5087 447 5149 diderimus.

219 5180 300 5239 {3.
336 5182 475 5255 Quid
517 5196 647 5254 ergo
692 5191 776 5238 est
822 5179 963 5251 quod
1012 5177 1198 5235 eadem
1240 5177 1368 5233 dicit
1412 5174 1722 5243 auctoritas,

161 5271 306 5330 Deum
320 5293 462 5333 nemo
478 5277 600 5333 vidit
626 5292 847 5346 unquam
865 5273 1041 5349 (Joan.
1064 5293 1101 5340 ι,
1132 5274 1217 5341 18,
1236 5283 1282 5328 et
1300 5272 1318 5328 1
1338 5269 1494 5326 Joan.
1514 5287 1591 5337 tv,
1612 5269 1727 5342 12)?

161 5365 229 5420 An
256 5369 476 5425 fortasse
519 5367 871 5439 respondetur
914 5365 1054 5438 quod
1100 5365 1186 5420 illa
1227 5364 1525 5420 testimonia
1554 5363 1622 5418 de
1651 5363 1728 5416 vi-

160 5454 318 5515 dendo
345 5461 453 5517 Deo
476 5469 621 5527 sunt,
653 5477 759 5516 non
789 5460 857 5516 de
882 5460 1027 5515 viso?
1056 5457 1169 5530 Ipsi
1206 5459 1347 5513 enim
1381 5456 1542 5511 Deum
1584 5456 1725 5509 vide-

161 5546 286 5615 bunt,
332 5551 531 5609 dictum
568 5562 680 5620 est;
714 5568 840 5620 non,
873 5551 1167 5608 Viderunt:
1192 5558 1250 5605 et
1284 5566 1411 5615 non,
1447 5548 1725 5617 Vidimus;

159 5637 264 5704 sed,
283 5640 553 5697 uidebimus
577 5643 945 5697 eumsicutiest.
970 5641 1197 5697 Proinde
1220 5640 1303 5695 his
1319 5641 1598 5697 sententiis
1620 5656 1727 5696 non

161 5734 746 5797 utcontrariumﬂeum
758 5751 904 5789 nemo
919 5735 1039 5789 vidit
1057 5734 1568 5806 unquamNidebunt
1582 5735 1725 5790 enim

160 5829 423 5897 quonon
437 5824 698 5891 viderunt,
718 5826 805 5903 qui
836 5824 1032 5885 mundo
1047 5824 1209 5885 corde
1232 5823 1323 5885 ﬁlii
1356 5824 1449 5881 Dei
1475 5839 1595 5883 esse
1626 5840 1724 5882 vo-

1331 348 1813 414 EPISTOLARUM
1851 350 2128 413 CLASSIS
2162 352 2251 412 111.

1838 468 2052 526 luerint.
2069 469 2205 536 Quid
2222 478 2465 544 estergo,
2481 470 2600 528 Vidi
2612 471 2775 530 Deum
2787 473 2918 546 facie
2926 472 2996 528 ad
3008 474 3210 547 facient,
3220 481 3271 531 et
3284 473 3429 529 salvo

1836 561 1973 630 facta
1992 566 2065 618 est
2082 564 2256 620 anima
2275 581 2385 620 mea
2405 564 2555 638 (Gen.
2580 582 2755 634 χχιιι,
2775 567 2892 639 50)?
2907 569 2987 623 An
3010 577 3064 624 et
3091 567 3196 624 hoc
3224 582 3327 623 non
3344 575 3429 624 est

1835 655 2160 711 contrarium
2193 656 2266 711 illi
2295 656 2435 729 quod
2461 657 2659 713 dictutn
2685 668 2788 725 est,
2812 658 2979 714 Deum
3000 675 3147 714 nemo
3174 658 3299 713 vidit
3325 675 3424 713 uno

1834 764 1988 818 quam
2021 746 2211 820 (Joan.
2231 766 2269 813 t,
2302 748 2421 822 18)?
2443 751 2509 805 Et
2535 750 2663 805 illud
2693 749 2836 821 quod
2870 750 2937 806 de
2964 751 3143 823 Moyse
3166 751 3424 822 scriptum

1834 848 1938 907 est,
1968 841 2088 911 quia
2116 840 2407 913 loquebatur
2432 859 2547 896 cum
2572 841 2680 896 Deo
2697 844 2826 912 facie
2853 843 2921 895 ad
2940 843 3142 912 faciem,
3168 844 3294 897 sicut
3309 842 3424 912 quis

1835 930 2059 1004 loquitur
2084 933 2154 987 ad
2189 934 2409 988 amicum
2432 951 2582 990 suum
2608 930 2799 1008 (Exod.
2831 949 3035 997 xum,
3060 936 3185 1005 il);
3211 944 3266 991 et
3294 934 3424 991 illud

1832 1024 1975 1095 quod
2000 1024 2262 1095 propheta
2294 1025 2454 1080 Isaias
2478 1025 2547 1082 de
2577 1026 2754 1096 seipso
2774 1026 3001 1097 loquens
3030 1025 3124 1091 ait,
3166 1024 3284 1079 Vidi
3308 1023 3423 1080 Do-

1833 1116 2027 1171 minum
2059 1117 2270 1172 sabaotlt
2293 1118 2545 1173 sedentem
2582 1119 2634 1173 in
2666 1119 2845 1172 throno
2883 1118 3028 1191 (lsai.
3068 1134 3143 1185 Vl,
3181 1119 3264 1189 l):
3297 1118 3426 1176 etsi

1832 1223 1933 1279 qua
1958 1209 2062 1265 alia
2087 1210 2262 1265 solent
2282 1210 2474 1267 similia
2497 1211 2793 1267 testimonia
2813 1226 2881 1266 ex
2901 1211 3087 1268 eadem
3110 1211 3426 1267 auctoritate

1833 1298 2078 1369 proferri,
2123 1300 2396 1371 quomodo
2426 1316 2531 1356 non
2562 1313 2686 1357 sunt
2714 1303 2979 1357 contraria
3009 1302 3288 1357 sententia:
3314 1318 3420 1373 qua

1833 1387 2030 1444 dictum
2057 1402 2158 1457 est,
2189 1390 2351 1447 Deum
2390 1410 2535 1448 nemo
2574 1395 2695 1448 vidit
2737 1395 2991 1466 unquam?
3019 1394 3330 1466 Quanquam
3369 1402 3427 1452 et

1838 1480 2012 1553 ipsum
2036 1483 2381 1556 Evangelium
2412 1495 2584 1556 potest
2609 1488 2778 1558 putari
2809 1488 2909 1543 sibi
2932 1502 3050 1543 esse
3073 1488 3421 1545 contrarium.

1833 1574 2113 1643 Quomodo
2142 1579 2286 1634 enim
2312 1595 2495 1635 verum
2513 1590 2617 1647 est,
2639 1581 2781 1652 quod
2813 1582 2864 1636 in
2890 1597 2957 1638 eo
2981 1582 3195 1648 dicitur,
3226 1583 3327 1650 Qui
3346 1599 3427 1640 me

1833 1669 1976 1734 vidit,
2002 1671 2158 1725 cidit'
2183 1682 2228 1725 et
2251 1671 2452 1728 Patrem
2480 1672 2657 1744 (Joan.
2683 1690 2797 1741 xw,
2826 1674 2907 1747 9),
2937 1675 2979 1730 si
3005 1674 3166 1729 Deum
3183 1693 3327 1731 nomo
3352 1677 3422 1732 εἰη

1833 1762 1909 1815 dit
1937 1766 2195 1830 unquam?
2219 1766 2487 1835 quomodo
2525 1782 2708 1822 verum
2750 1776 2854 1834 est,
2885 1769 3066 1841 Angeli
3091 1786 3262 1824 eorum
3286 1786 3425 1826 sent-

1834 1869 1924 1923 per
1942 1853 2110 1908 vident
2134 1855 2315 1924 facient
2343 1855 2517 1911 Patris
2541 1859 2637 1913 mei
2668 1857 2877 1931 (Matth.
2899 1877 3049 1927 xvnt,
3072 1860 3183 1935 10),
3199 1863 3242 1918 si
3259 1861 3425 1918 Deum

1833 1961 1979 1999 nemo
1999 1945 2120 2000 vidit
2140 1950 2396 2016 unquam?

1907 2037 1993 2093 14.
2032 2038 2145 2106 Qua
2177 2040 2334 2111 igitur
2359 2042 2542 2112 regula
2575 2043 2935 2115 intelligentia:
2964 2046 3062 2100 ista
3102 2047 3263 2103 veluti
3288 2062 3425 2104 eon-

1835 2130 1995 2185 traria
2025 2138 2079 2185 ct
2105 2135 2474 2205 repugnantia,
2518 2150 2622 2190 non
2661 2152 2780 2193 esse
2819 2140 3086 2196 contraria
3125 2156 3224 2197 nec
3262 2157 3423 2212 repu-

1832 2234 1997 2291 gnare
2025 2223 2401 2292 probabimus?
2425 2226 2607 2298 Neque
2631 2229 2771 2284 cnim
2802 2229 2916 2286 ﬁeri
2940 2231 3048 2287 ullo
3070 2231 3228 2287 modo
3248 2242 3427 2305 potest

1835 2320 1893 2365 ut
1918 2311 2033 2368 hare
2058 2314 2450 2386 Scripturarum
2480 2320 2769 2377 auctoritas
2791 2323 2964 2393 aliqua
2993 2338 3061 2379 ex
3097 2333 3247 2395 parte
3274 2341 3424 2383 men-

1834 2404 2012 2459 tiatttr.
2045 2406 2099 2461 Si
2126 2407 2350 2463 dicimus
2380 2410 2431 2464 in
2461 2426 2529 2467 eo
2557 2412 2697 2482 quod
2729 2414 2982 2484 scriptum
3014 2425 3115 2483 est,
3147 2415 3311 2472 Deum
3337 2435 3427 2476 ne-

1834 2514 1916 2552 mo
1941 2499 2065 2554 vidit
2088 2517 2327 2571 unquam,
2355 2502 2598 2560 homines
2628 2507 3001 2562 tantummodo
3030 2508 3423 2581 intelligendos,

1833 2590 1969 2645 sicut
1998 2593 2156 2647 etiam
2188 2594 2315 2650 illud
2338 2595 2537 2651 dictum
2568 2606 2670 2662 est,
2702 2597 2872 2654 Nemo
2894 2602 2986 2655 scit
3015 2603 3138 2671 quid
3161 2614 3343 2674 agatur
3368 2606 3424 2661 itt

1835 2681 2055 2750 homine,
2074 2685 2171 2738 nisi
2192 2686 2395 2757 spiritus
2416 2688 2632 2744 hominis
2646 2692 2730 2760 qui
2751 2691 2801 2745 in
2818 2692 2929 2761 ipso
2945 2701 3016 2747 est
3032 2692 3075 2762 (Ι
3095 2693 3212 2749 Cor.
3233 2712 3288 2762 ιι,
3310 2696 3330 2751 1
3347 2697 3422 2769 l);

1834 2791 1993 2831 nemo
2026 2782 2225 2848 utique,
2254 2779 2346 2833 sed
2373 2780 2679 2836 hominum:
2710 2799 2883 2854 neque
2909 2786 3052 2840 enim
3084 2788 3185 2840 hoc
3221 2787 3291 2843 de
3312 2787 3426 2846 Deo

1832 2867 2000 2938 accipi
2044 2879 2233 2938 potest,
2266 2887 2387 2927 cum
2426 2872 2493 2928 de
2530 2872 2742 2929 Christo
2769 2876 3025 2947 scriptqu
3055 2878 3125 2932 sit
3152 2894 3256 2933 non
3286 2895 3425 2950 opus

1834 2960 1998 3018 fuiSse
2026 2972 2081 3017 ut
2110 2964 2387 3035 quiSquam
2414 2966 2487 3021 illi
2520 2966 2879 3022 testimonium
2905 2969 3206 3038 perhiberet
3228 2972 3297 3028 de
3318 2970 3422 3027 ho-

1833 3053 1996 3112 mine.
2015 3057 2261 3126 quoniatn
2289 3058 2401 3129 ipse
2421 3058 2622 3115 sciebat
2638 3060 2762 3130 quid
2778 3073 2919 3117 esset
2938 3063 2988 3117 in
3007 3062 3220 3120 homine
3242 3064 3425 3136 (Joun.

1833 3160 1891 3212 ιι,
1921 3146 2034 3217 25).
2064 3146 2192 3203 Nam
2226 3150 2325 3204 hoc
2356 3152 2643 3221 Apostolus
2686 3154 2893 3224 planius
2922 3157 3239 3228 explicans,
3262 3158 3424 3225 Quem

1831 3254 1997 3303 nemo,
2028 3239 2216 3309 inquit,
2244 3241 2672 3323 Itontinum'oidit,
2703 3262 2793 3300 nec
2817 3246 2983 3302 videre
3025 3258 3184 3318 potest
3217 3249 3259 3319 (l
3284 3249 3422 3311 Tim.

1834 3344 1909 3395 vt,
1935 3331 2048 3402 16).
2076 3330 2133 3387 Si
2162 3348 2289 3403 ergo
2315 3333 2384 3388 ita
2410 3334 2608 3390 dictum
2638 3346 2740 3401 est,
2777 3336 2941 3393 Deum
2980 3356 3125 3396 nemo
3160 3343 3283 3398 ridit
3320 3361 3423 3401 un-

1829 3437 2004 3494 quam,
2034 3438 2097 3477 ae
2122 3422 2165 3477 si
2195 3424 2480 3490 diceretur,
2509 3427 2676 3483 Nemo
2708 3429 3011 3498 hominmn;
3055 3433 3310 3491 hactenus
3337 3438 3424 3495 illa

1830 3516 2054 3586 qumstio
2069 3518 2239 3572 soluta
2266 3519 2549 3585 videbitur,
2569 3531 2625 3577 ut
2644 3538 2750 3578 non
2772 3526 2842 3579 sit
2863 3524 2986 3581 huic
3003 3530 3282 3584 sententiae
3296 3546 3425 3589 con-

1833 3607 2051 3663 trariutn
2072 3609 2216 3680 quod
2249 3611 2503 3667 Dominus
2528 3614 2622 3680 ait,
2647 3614 2827 3685 Angeli
2846 3633 3019 3671 eorum
3038 3636 3236 3691 semper
3254 3622 3423 3679 vident

1830 3700 2013 3773 faciem
2056 3700 2232 3758 Patris
2262 3705 2394 3759 mei:
2421 3714 2476 3759 ut
2506 3707 2709 3763 scilicet
2749 3709 2985 3781 Angelos
3035 3710 3200 3768 Deum
3242 3713 3425 3773 videre

1830 3796 2131 3861 credamus,
2163 3813 2319 3867 quem
2350 3814 2508 3854 nemo
2548 3800 2676 3855 vidit
2719 3818 2971 3873 unquam,
2999 3805 3093 3860 sed
3125 3806 3421 3866 hominum.

1829 3884 2111 3953 Quomodo
2138 3902 2267 3958 ergo
2298 3888 2462 3944 Deum
2491 3890 2621 3945 vidit
2648 3891 2912 3947 Abraham
2950 3894 3101 3967 (Gen.
3147 3912 3303 3963 xvnt,
3341 3898 3419 3971 i),

1830 3977 1977 4033 lsaac
2019 3977 2135 4047 (Id.
2175 3996 2324 4044 xxvi,
2356 3980 2437 4051 2),
2464 3981 2630 4037 Jacob
2658 3981 2767 4055 (Id.
2790 3982 2793 3983 ⁷
2820 4001 2996 4050 xxxu,
3028 3988 3139 4047 '50).
3168 3988 3270 4043 Job
3301 3989 3421 4062 (Job

1830 4085 2053 4131 xxxvut,
2090 4069 2166 4141 l).
2199 4070 2407 4142 Moyses
2452 4070 2645 4143 (Exod.
2679 4088 2869 4138 xxxm,
2906 4076 3013 4144 ll).
3046 4075 3292 4132 lllicharas
3329 4079 3420 4152 (111

1831 4160 1959 4232 Reg.
1991 4177 2129 4227 χχιι,
2164 4162 2276 4233 l9),
2317 4161 2481 4218 Isaias
2508 4162 2658 4235 (Isai.
2691 4180 2762 4222 vt.
2793 4166 2863 4235 i),
2890 4174 2941 4220 et
2971 4167 3015 4221 si
3045 4168 3134 4237 qui
3159 4169 3245 4224 alii
3273 4182 3419 4243 sunt,

1830 4252 1898 4307 de
1926 4252 2115 4325 quibus
2144 4253 2485 4308 veracissima
2512 4253 2785 4325 Scriptum
2817 4264 3040 4312 testatur
3081 4260 3225 4330 quod
3254 4261 3419 4321 Deum

1831 4343 2079 4410 viderint,
2108 4344 2153 4400 si
2186 4344 2351 4400 Deum
2382 4360 2541 4401 nemo
2569 4362 2802 4418 unquam
2848 4347 3120 4406 hominum
3163 4352 3291 4409 vidit
3320 4370 3422 4414 nec

1828 4437 2008 4493 videre
2034 4437 2244 4508 potest?

1901 4530 1989 4587 15.
2029 4528 2342 4602 Quanquam
2391 4530 2635 4587 nonnulli
2691 4532 2932 4588 volentes
2982 4536 3142 4591 etiam
3195 4540 3422 4609 probare

1828 4626 2021 4698 impios
2058 4627 2268 4682 visuros
2305 4628 2494 4694 Deum,
2528 4644 2561 4684 a
2595 4627 2811 4685 diabolo
2849 4646 3061 4703 quoque
3099 4632 3215 4703 ipso
3253 4632 3421 4689 Deum

1830 4719 2000 4773 visum
2045 4728 2267 4788 putant;
2301 4720 2379 4773 sic
2420 4719 2744 4790 accipientes
2780 4722 2921 4793 quod
2958 4723 3211 4793 scriptum
3248 4731 3331 4779 cst
3364 4723 3421 4781 in

1829 4809 1965 4866 libro
1991 4808 2122 4875 Job,
2156 4810 2367 4865 venisse
2407 4825 2529 4866 cum
2568 4813 2787 4884 Angelis
2820 4823 2875 4870 ct
2914 4814 3181 4870 diabolum
3212 4816 3263 4870 in
3292 4830 3422 4872 con-

1830 4913 2068 4975 spectum
2101 4904 2193 4959 Dei
2226 4902 2347 4976 (Iob
2373 4919 2413 4971 ι,
2441 4906 2495 4970 6,
2521 4914 2569 4960 et
2591 4921 2650 4974 tt,
2680 4905 2730 4977 l)
2758 4924 2772 4962 :
2799 4916 2855 4962 ut
2872 4906 2982 4976 jam
3009 4916 3064 4961 ct
3090 4907 3215 4962 illud
3242 4910 3421 4967 veniat

1830 4998 1885 5054 in
1905 4998 2275 5069 qumstionem,
2288 4999 2555 5067 quomodo
2565 4998 2763 5052 dictum
2777 4998 2865 5065 sit,
2880 4997 3023 5052 Beati
3043 5000 3232 5053 mundo
3243 5003 3417 5069 corde,

1828 5091 2067 5163 quoniam
2087 5091 2183 5161 ipsi
2206 5089 2369 5144 Deum
2388 5090 2620 5144 videbunt
2641 5090 2851 5163 (Matth.
2875 5106 2929 5157 ν,
2945 5089 3023 5162 8);
3053 5100 3107 5147 et
3126 5092 3277 5161 illud,
3308 5092 3419 5150 Pa.

1830 5199 1937 5238 cent
1962 5182 2224 5237 sectamini
2241 5197 2357 5235 cum
2379 5180 2609 5235 omnibus
2629 5191 2677 5235 et
2700 5181 3167 5250 sanctificationem,
3192 5184 3302 5238 sine
3318 5200 3420 5255 qua

1834 5291 1977 5330 nemo
2016 5274 2195 5345 poterit
2232 5272 2399 5328 videre
2434 5270 2601 5327 Deum
2638 5270 2841 5343 (Hebr.
2885 5274 3094 5338 πίῃ-14
3119 5274 3159 5345 ).
3202 5274 3419 5329 Multum

1833 5366 1976 5423 enim
2003 5366 2187 5430 miror,
2214 5365 2258 5420 si
2282 5380 2348 5420 eo
2376 5378 2542 5435 usque
2568 5364 2979 5436 progrediuntur
3002 5365 3091 5435 qui
3117 5364 3420 5422 existimant

1834 5458 2025 5529 impios
2060 5458 2265 5513 visuros
2303 5457 2502 5521 Deum,
2532 5465 2584 5510 et
2623 5471 2653 5511 a
2689 5455 2903 5512 diabolo
2932 5457 3101 5510 visum
3139 5455 3334 5523 Deum,
3362 5467 3418 5515 ut

1833 5564 1926 5605 eos
1944 5558 2000 5605 et
2023 5548 2224 5604 mundo
2243 5547 2404 5603 corde
2429 5561 2568 5615 esse,
2589 5557 2643 5602 et
2666 5563 2850 5619 pacein
2872 5556 2927 5602 ct
2949 5544 3418 5606 sanetiﬂcationem

1898 5709 1914 5741 ι
1940 5706 2084 5757 add:
2112 5704 2199 5765 Qui
2234 5718 2310 5756 me
2346 5705 2502 5765 ridet,
2540 5704 2680 5763 ridet,
2712 5712 2805 5756 etc.
2845 5712 2898 5755 Αι
2920 5712 3023 5755 Mss.
3057 5704 3274 5756 melioris
3293 5713 3418 5765 nota

1832 5778 2109 5833 constanter
2126 5766 2337 5833 habent:
2364 5767 2561 5833 (nime
2582 5768 2725 5827 ridet,
2750 5766 2885 5827 vidit,
2914 5777 3031 5830 etc,
3048 5770 3185 5832 juxta
3208 5782 3418 5833 (nam

1836 5841 2025 5887 textum
2050 5830 2078 5880 ὸ
2098 5832 2290 5884 «feraces
2307 5833 2428 5891 cute,
2452 5832 2618 5881 eorum
2637 5838 2715 5883 tm
2742 5833 2871 5892 tute.
2886 5846 2933 5884 ιι.

3442 5160 3489 5189 ἦ.

3424 5202 3539 5520 τ,
