4004 6376
654 587 818 649 modo
854 603 959 662 quo
983 587 1195 645 videtur
1221 587 1373 643 sicuti
1404 593 1486 640 est
1504 626 1520 653 ,
1546 600 1689 641 nunc
1716 585 1940 643 fortasse
1976 587 2189 643 videtur
2214 602 2249 644 a

658 682 975 758 quibusdam
1000 681 1215 753 Angelis
1240 698 1251 733 :
1279 696 1309 735 a
1336 680 1489 736 nobis
1515 689 1694 737 autem
1718 691 1842 737 tunc
1862 682 1933 737 ita
1960 681 2247 749 videbitur,

659 792 780 832 cum
808 776 885 831 eis
913 773 1036 829 facti
1065 772 1321 828 fuerimus
1350 772 1606 843 aequales.

729 864 954 922 CAPUT
979 863 1048 919 Χ.
1070 893 1142 905 -
1164 863 1256 918 25.
1290 863 1492 920 Deinde
1519 879 1639 919 cum
1675 863 1967 921 addidisset
1990 865 2113 935 quia
2150 880 2250 923 nec

662 962 960 1015 l’otestates
986 956 1266 1021 cminrum,
1294 955 1434 1011 sicut
1461 956 1762 1027 Serapbim,
1787 957 1888 1012 nisi
1918 972 2038 1012 cum
2063 957 2250 1012 volunt

656 1060 710 1104 et
754 1046 1200 1119 quemadmodum
1249 1048 1435 1103 volunt
1476 1048 1764 1116 videnlur,
1811 1059 1868 1104 ut
1917 1049 2041 1105 hinc
2083 1050 2245 1105 etiam

657 1140 1014 1209 conjiceretur
1038 1148 1232 1210 quanta
1257 1138 1327 1194 sit
1352 1137 1691 1195 invisibilitas
1711 1139 2006 1205 Trinitatis,
2030 1139 2243 1207 Tamen,

655 1233 861 1303 inquit,
898 1232 987 1289 etsi
1018 1242 1236 1301 potestas
1264 1248 1365 1286 non
1396 1242 1468 1286 est
1494 1232 1733 1299 videndi,
1757 1242 1830 1287 est
1857 1234 2021 1304 gratia
2046 1248 2246 1304 prome-

652 1326 792 1380 rendi
834 1334 889 1377 ut
917 1323 1083 1379 videre
1126 1324 1394 1393 possimus.
1432 1321 1501 1376 Et
1528 1325 1642 1377 ideo
1683 1324 1770 1394 qui
1798 1323 1970 1377 habuit
2008 1324 2244 1403 gratiam,

654 1416 832 1470 meruit
870 1414 1068 1483 copiam
1093 1429 1112 1467 :
1136 1430 1227 1468 nos
1260 1415 1458 1483 copiam
1489 1431 1590 1469 non
1626 1431 1889 1481 meremur,
1926 1416 2044 1485 quia
2085 1414 2249 1468 Deum

653 1506 856 1560 ridendi
892 1506 1107 1577 gratiam
1149 1522 1251 1560 non
1280 1505 1537 1561 habemus.
1576 1507 1669 1562 llis
1709 1507 1885 1579 itaque
1915 1508 2093 1562 verbis
2121 1508 2248 1577 quia

655 1612 761 1652 non
808 1612 902 1652 sua
950 1596 1126 1663 docet,
1173 1596 1267 1652 sed
1313 1597 1660 1668 Evangelium
1704 1599 1942 1668 exponit,
1992 1614 2098 1653 non
2149 1599 2249 1653 hoc

655 1689 822 1744 voluit
863 1688 1085 1759 intelligi
1121 1688 1261 1759 quod
1292 1688 1507 1760 quidam
1548 1705 1733 1744 eontm
1775 1690 2029 1744 videbunt
2057 1691 2245 1757 Deum,

658 1780 871 1852 quidam
907 1796 1035 1837 vero
1066 1796 1170 1835 non
1201 1780 1489 1845 videbunt,
1515 1781 1708 1850 quibus
1735 1781 2075 1836 credentibus
2105 1782 2251 1836 dedit

654 1882 968 1946 potestatem
1000 1874 1135 1929 filios
1166 1873 1257 1927 Dei
1289 1873 1400 1927 fieri
1427 1890 1441 1938 ;
1474 1890 1594 1929 cum
1632 1873 1699 1928 ad
1739 1888 1834 1930 eos
1865 1889 2054 1929 omnes
2082 1873 2250 1944 perti-

653 1976 779 2023 ncat
818 1966 959 2038 quod
989 1967 1185 2022 dictum
1214 1974 1298 2022 est
1318 2008 1332 2030 ,
1376 1966 1661 2021 Videbimus
1686 1983 1802 2021 eum
1837 1967 1984 2021 sicuti
2013 1976 2085 2021 est
2112 1982 2130 2019 :
2156 1965 2251 2021 sed

651 2058 900 2125 dicendo,
934 2075 1025 2112 nos
1050 2060 1249 2127 c0piam
1278 2076 1379 2113 non
1408 2075 1672 2119 meremur,
1702 2059 1822 2128 quia
1855 2057 2018 2112 Deum
2044 2047 2252 2112 videndi

653 2152 871 2224 gratiam
897 2167 996 2205 non
1022 2150 1291 2217 habemus,
1325 2150 1394 2205 de
1426 2150 1524 2205 hoc
1551 2150 1748 2206 smeuio
1777 2165 1836 2205 se
1863 2150 2006 2219 loqui
2034 2150 2244 2219 signiti-

654 2244 814 2309 cavit,
842 2244 930 2298 ubi
959 2242 1272 2313 quibusdam
1302 2243 1474 2305 Deus,
1504 2243 1626 2297 licet
1662 2258 1765 2296 non
1810 2243 1862 2295 in
1903 2256 1996 2294 sua
2029 2250 2237 2306 natura,

655 2336 750 2392 sed
779 2336 830 2389 in
858 2350 958 2405 qua
983 2335 1151 2388 voluit
1179 2335 1391 2404 specie,
1419 2334 1664 2404 dignatus
1692 2341 1773 2388 est
1801 2348 2080 2403 apparere.
2110 2333 2250 2388 sicut

654 2425 906 2490 Abrahae,
939 2426 1078 2480 sicut
1108 2423 1274 2488 lsaim,
1300 2425 1522 2494 aliiSque
1548 2424 1809 2479 similibus
1835 2441 1848 2487 ;
1881 2424 2087 2479 caeteris
2114 2438 2247 2479 vero

654 2508 1150 2572 innumerabilibus,
1181 2508 1422 2578 quamvis
1448 2507 1514 2562 ad
1543 2524 1695 2563 suum
1726 2507 1975 2578 populum
2000 2517 2053 2562 et
2080 2508 2248 2562 luere-

652 2600 872 2655 ditatem
904 2609 1157 2655 :elernam
1200 2600 1615 2670 pertinentibus,
1644 2599 1788 2654 nulla
1830 2599 1912 2669 vel
1942 2599 2031 2654 tali
2069 2600 2247 2669 specie

650 2706 709 2747 se
736 2689 1087 2747 demonstrat.
1117 2690 1174 2745 In
1206 2690 1381 2746 futuro
1424 2701 1599 2745 autem
1640 2691 1869 2756 seculo,
1902 2692 1989 2761 qui
2025 2708 2246 2762 regnum

654 2782 921 2851 accepturi
969 2791 1093 2837 sunt
1136 2782 1277 2853 quod
1316 2782 1395 2837 eis
1435 2783 1502 2836 ab
1542 2783 1691 2837 initio
1740 2792 2094 2854 prrcparatum
2137 2792 2242 2850 est,

654 2888 841 2928 omnes
869 2890 989 2929 eum
1016 2874 1178 2929 corde
1203 2874 1401 2928 mundo
1428 2874 1720 2942 videbunt;
1755 2891 1853 2931 nec
1881 2876 1933 2931 in
1962 2876 2052 2931 illo
2081 2891 2246 2947 regno

654 2965 753 3021 nisi
784 2966 912 3021 tales
939 2974 1115 3020 erunt.

725 3055 949 3113 CAPUT
974 3055 1135 3112 XL—
1155 3055 1244 3112 9.4.
1264 3057 1491 3113 Attende
1515 3058 1689 3129 itaque
1710 3059 1834 3129 quid
1855 3060 2243 3133 adjungat,jam

656 3148 724 3203 de
753 3148 846 3202 illo
885 3150 1081 3203 smcnlu
1124 3150 1302 3204 dicere
1346 3151 1643 3221 incipiens:
1678 3153 1744 3206 Et
1769 3156 1891 3227 quid
1930 3156 2132 3222 mirum,
2163 3156 2246 3212 in-

654 3239 788 3309 quit,
817 3239 861 3293 si
885 3240 939 3293 in
972 3243 1206 3311 presenti
1232 3244 1416 3297 siccato
1439 3285 1452 3308 ,
1476 3245 1571 3299 nisi
1592 3247 1798 3316 quando
1830 3248 1963 3314 vult,
1994 3248 2243 3306 Dominus

653 3348 756 3386 non
780 3330 1019 3385 ridetur?
1050 3330 1075 3384 l
1083 3350 1115 3384 ιι
1141 3333 1251 3402 ipsa
1275 3350 1467 3402 quoque
1488 3338 1847 3390 resurrectione
1878 3355 1977 3391 non
2000 3340 2149 3410 facite
2169 3350 2244 3394 est

654 3421 818 3477 Deum
841 3422 1026 3490 videre,
1046 3422 1143 3477 nisi
1172 3424 1232 3478 iis
1252 3425 1337 3494 qui
1358 3426 1544 3479 nmndo
1564 3428 1662 3479 sint
1678 3429 1827 3482 corde
1848 3440 1925 3482 :et
1942 3429 2052 3485 ideo
2071 3449 2089 3481 ι
2113 3430 2245 3485 beati

653 3513 841 3567 mundo
862 3514 1050 3577 corde;
1072 3513 1169 3584 ipsi
1189 3514 1323 3567 enim
1346 3512 1514 3569 Deum
1533 3517 1626 3569 ridi
1642 3517 1781 3570 bunt.
1815 3537 1833 3569 ι
1865 3518 2053 3584 Qantos
2077 3520 2243 3577 beatos

655 3605 761 3657 iam
787 3615 1166 3670 numeraverat,
1192 3614 1240 3660 et
1268 3615 1434 3660 tamen
1458 3606 1537 3660 his
1576 3607 1776 3662 ridendi
1808 3608 1972 3664 Deum
2000 3626 2100 3666 non
2126 3629 2245 3682 pro-

655 3695 855 3749 miserat
885 3695 1216 3764 facultatem!
1252 3696 1313 3751 Si
1350 3713 1467 3767 ergo
1499 3698 1534 3750 ii
1568 3700 1653 3767 qui
1694 3702 1879 3755 mundo
1913 3712 2031 3756 sunt
2069 3704 2239 3771 corde,

656 3782 820 3839 Deum
860 3784 1125 3851 lidebant;
1162 3788 1332 3854 utique
1369 3788 1458 3841 alii
1491 3806 1591 3842 non
1629 3790 1883 3847 videbunt.
1910 3791 2087 3863 Neque
2110 3797 2243 3853 enim

654 3875 851 3947 indigni
873 3875 1040 3930 Deum
1062 3876 1331 3943 ridebunt;
1362 3894 1517 3945 neque
1542 3880 1584 3933 is
1613 3881 1700 3950 qui
1723 3879 1885 3935 Deum
1907 3884 2070 3939 videre
2096 3888 2242 3940 nolu-

654 3971 768 4034 erit,
812 3979 975 4038 potest
1017 3968 1182 4023 Deum
1214 3971 1398 4025 videre.
1432 3971 1619 4027 Cernis
1661 3989 1817 4042 quam
1857 3975 2242 4048 circumspecte

652 4060 898 4131 loquatur
930 4060 1040 4129 jam
1084 4059 1151 4115 de
1196 4060 1261 4116 iis
1308 4062 1395 4131 qui
1445 4062 1494 4116 in
1538 4062 1713 4119 futuro
1752 4066 1951 4120 smcnlo
1990 4068 2243 4124 videbunt

654 4143 821 4205 Deum
848 4168 861 4204 :
895 4164 1065 4219 neque
1091 4150 1232 4205 enim
1263 4167 1481 4215 numcs,
1514 4154 1606 4208 sed
1637 4156 1722 4224 qui
1755 4156 1896 4227 digni
1928 4166 2069 4213 sunt.
2132 4161 2238 4216 lle-

653 4240 1025 4310 surgentenim
1047 4250 1105 4295 et
1129 4241 1271 4312 digni
1299 4252 1353 4298 et
1380 4244 1578 4314 indigni
1608 4262 1770 4316 regno
1797 4249 1885 4302 illo
1920 4250 2009 4305 ubi
2036 4251 2240 4307 videbi-

655 4336 744 4385 tur
770 4331 907 4385 Deus
933 4349 946 4384 :
975 4334 1223 4401 quoniam
1253 4352 1422 4389 onntes
1451 4338 1535 4406 qui
1556 4337 1606 4390 in
1635 4343 1965 4395 monumentis
1985 4353 2118 4408 sunt,
2145 4362 2240 4398 au-

655 4421 791 4476 dient
826 4438 993 4477 uocem
1027 4425 1138 4496 ejus
1161 4436 1209 4479 et
1245 4428 1511 4493 precedent
1533 4444 1552 4492 ;
1578 4430 1672 4484 sed
1700 4447 1819 4485 cum
1861 4450 2044 4505 magna
2084 4436 2238 4492 diﬂ‘e-

656 4514 825 4571 rentia
851 4532 864 4569 :
897 4531 1016 4571 nam
1043 4518 1126 4586 qui
1158 4517 1280 4572 bene
1303 4522 1546 4591 fecerunt,
1570 4522 1623 4575 in
1658 4528 2065 4581 resurrectionem
2090 4533 2201 4586 uiue
2217 4549 2238 4597 ;

652 4605 739 4678 qui
760 4620 872 4660 vero
894 4606 1024 4660 ntale
1041 4616 1265 4677 egerunt,
1279 4608 1333 4662 in
1353 4613 1759 4666 resurrectionem
1780 4615 1958 4683 iudicii
1979 4619 2032 4685 (J
2040 4637 2155 4675 oon.
2180 4639 2233 4689 ν,

650 4699 900 4770 28,29).
950 4700 1045 4755 llic
1078 4700 1334 4770 judicium
1386 4717 1596 4771 pinnam
1645 4714 1897 4763 aeternam
1940 4711 2232 4782 signiﬁcat:

650 4792 789 4848 sicut
811 4792 969 4848 etiam
998 4791 1124 4847 illud
1147 4792 1345 4849 dictum
1374 4803 1477 4862 est,
1509 4795 1610 4863 Qui
1636 4816 1735 4855 non
1757 4802 1935 4871 credit,
1948 4805 2064 4875 jam
2089 4807 2238 4876 judi-

650 4895 791 4943 catus
818 4894 890 4941 est
910 4885 1019 4957 (Id.
1048 4903 1125 4953 ιιι,
1156 4886 1281 4960 18).

722 4976 815 5031 25.
857 4977 1007 5045 Quod
1036 4993 1165 5050 ergo
1190 4978 1265 5033 ait
1294 4988 1507 5037 sanctus
1533 4984 1862 5053 Ambrosius,
1898 5006 2054 5060 neque
2081 4992 2123 5046 is
2148 4994 2237 5059 qui

649 5065 814 5120 Deum
834 5069 997 5123 videre
1016 5072 1250 5136 noluerit,
1278 5082 1436 5141 potest
1462 5073 1625 5129 Deum
1640 5078 1963 5147 uidere,quid
1988 5082 2127 5138 aliud
2158 5084 2237 5138 in-

650 5156 817 5228 telligi
842 5159 1038 5227 voluit,
1073 5163 1170 5219 nisi
1202 5166 1326 5234 quia
1353 5166 1397 5220 is
1422 5168 1511 5237 qui
1546 5168 1847 5224 nmndando
1876 5174 2021 5227 cordi
2052 5190 2232 5231 curam

651 5256 814 5304 tanta:
839 5250 915 5304 rei
946 5250 1157 5322 dignam
1180 5271 1283 5310 non
1313 5258 1421 5313 vult
1450 5260 1775 5331 impendere,
1802 5280 1904 5318 non
1931 5268 2040 5321 vult
2069 5270 2231 5326 Deum

649 5341 855 5434 videre?
877 5342 1007 5399 Vide
1025 5346 1244 5415 proinde
1265 5350 1388 5419 quid
1406 5353 1683 5425 adjnngat:
1704 5354 1813 5409 Nec
1829 5358 1881 5411 in
1898 5359 2028 5426 loco,
2043 5362 2229 5434 inquit,

654 5432 788 5488 Deus
798 5434 1013 5501 videtur,
1031 5436 1120 5490 sed
1136 5440 1323 5493 mundo
1337 5445 1645 5513 corde.Quid
1663 5448 1978 5515 evidentius,
1992 5432 2234 5522 quidﬁex-

648 5526 885 5595 pressius
903 5526 1005 5582 dici
1029 5530 1242 5599 potuit?
1277 5533 1359 5587 Ab
1381 5534 1481 5589 hac
1503 5538 1661 5608 igitur
1680 5541 1884 5597 visione
1913 5544 2152 5603 diabolus
2180 5556 2235 5603 et

647 5616 819 5685 angeli
848 5618 983 5687 ejus,
1015 5627 1067 5673 et
1092 5633 1280 5678 omnes
1308 5639 1428 5679 eum
1459 5627 1535 5681 eis
1566 5629 1733 5700 impii,
1766 5632 1881 5687 sine
1910 5634 2011 5690 ulla
2042 5638 2233 5695 nebula

650 5703 992 5764 dubitationis
1024 5712 1222 5767 exclusi
1253 5726 1371 5772 sunt
1399 5735 1413 5784 ;
1442 5721 1691 5789 quoniam
1712 5725 1910 5781 mundo
1935 5730 2096 5786 corde
2127 5748 2232 5789 non

648 5805 773 5849 sunt
790 5815 802 5849 :
824 5813 885 5853 ac
907 5815 999 5867 per
1019 5800 1120 5857 boc
1138 5806 1277 5872 quod
1294 5809 1548 5880 scriptum
1566 5824 1647 5867 est
1664 5815 1716 5868 in
1740 5816 1872 5871 libro
1885 5819 2002 5884 Job,
2022 5823 2233 5880 venisse

648 5886 884 5956 Angelos
922 5889 974 5945 in
1013 5905 1355 5967 conspectum
1386 5900 1475 5958 Dci
1502 5943 1517 5970 ,
1542 5914 1594 5960 et
1620 5907 1828 5964 venisse
1861 5924 1984 5966 cum
2011 5914 2089 5969 eis
2114 5914 2231 5975 dia-

1897 475 1955 534 s.
1995 472 2366 535 sucusrm
2403 477 2707 536 EPISCOPI
3787 499 3867 562 tu

2355 587 2536 644 bolum
2558 589 2699 660 (Job.
2718 606 2756 660 ι,
2779 592 2833 659 6,
2857 601 2905 648 et
2929 607 2989 662 ιι,
3009 595 3066 667 l)
3083 636 3102 664 ,
3136 610 3239 654 non
3265 598 3384 655 ideo
3402 600 3632 662 diabolus
3654 607 3790 669 Deam
3809 618 3869 673 νί.

2355 680 2498 738 disse
2530 684 2828 742 credendus
2855 697 2959 744 est.
2990 686 3092 759 Ipsi
3132 691 3274 747 enim
3310 692 3435 749 dicti
3473 706 3592 753 sunt
3627 702 3860 765 venissent

2355 785 2697 845 conspectum
2746 777 2872 845 Del,
2905 794 3012 836 non
3062 781 3203 840 Deus
3249 783 3303 839 in
3342 799 3669 858 conspectum
3702 809 3864 854 eorum.

2364 863 2591 921 Veniunt
2614 876 2793 924 autem
2821 869 2873 924 in
2900 882 3245 943 conspectum
3273 885 3510 933 nostrum
3534 897 3644 950 qua:
3662 884 3867 957 videmus,

2355 969 2461 1010 non
2486 972 2515 1009 a
2542 957 2734 1027 quibus
2758 959 3020 1018 videmur.
3050 964 3327 1023 Venerunt
3348 984 3494 1040 ergo,
3515 972 3640 1029 sicut
3666 975 3712 1032 in
3734 981 3872 1039 mulus

2354 1048 2626 1106 codicibus
2655 1052 2865 1123 legitur,
2885 1063 2943 1110 ut
2965 1058 3276 1116 assisterent
3298 1077 3476 1118 coram
3491 1064 3611 1131 Deo,
3635 1083 3727 1124 non
3751 1081 3872 1129 utco-

2356 1154 2469 1193 ram
2485 1141 2613 1210 ipsis
2639 1142 2797 1199 Deus.
2819 1144 2931 1203 Nec
2955 1155 3039 1203 est
3062 1164 3199 1221 opus
3222 1150 3730 1227 bocloeoimmorari,
3744 1172 3790 1217 ut
3803 1179 3875 1233 pro

2356 1231 2553 1287 viribus
2571 1236 2767 1290 nostris
2781 1252 3039 1295 conemur
3050 1242 3337 1299 ostendere
3352 1247 3613 1316 quomodo
3631 1252 3770 1307 ethoc
3779 1231 3874 1310 tein-

2358 1324 2610 1392 poraliter
2630 1327 2740 1395 ttat,
2760 1344 2881 1384 cum
2906 1330 2959 1386 in
2975 1330 3066 1387 Dei
3080 1344 3371 1404 conspectu
3392 1338 3498 1392 sint
3519 1340 3679 1396 omnia
3691 1357 3871 1415 semper.

2425 1414 2517 1470 26.
2561 1416 2711 1473 Nunc
2751 1422 2894 1477 enim
2922 1425 3180 1493 qumritur
3203 1429 3472 1498 quomodo
3500 1432 3715 1488 videatur
3737 1414 3871 1505 Deus;

2357 1523 2462 1563 non
2492 1525 2552 1565 ea
2590 1514 2768 1583 specie
2791 1531 2894 1585 qua
2923 1526 2975 1572 et
3004 1517 3057 1573 in
3089 1518 3191 1573 isto
3215 1521 3417 1577 smculo
3439 1524 3728 1593 quibusdam
3752 1531 3873 1587 voluit

2356 1614 2642 1671 apparere,
2673 1606 2885 1675 quando
2916 1622 3023 1663 non
3063 1610 3237 1666 solmn
3280 1627 3406 1668 cum
3435 1616 3683 1672 Abraham
3705 1620 3872 1691 aliisque

2350 1690 2530 1760 justis,
2543 1697 2898 1765 verumetiam
2911 1714 3031 1754 cum
3044 1698 3173 1757 Cain
3190 1702 3458 1759 fratricida
3479 1706 3669 1763 locutus
3681 1690 3868 1782 est((.'ta.

2356 1800 2509 1853 svnt,
2528 1786 2639 1853 l,et
2660 1803 2736 1854 tv,
2764 1790 2923 1861 6-l5)
2942 1810 2955 1846 :
2976 1794 3071 1848 sed
3099 1796 3373 1865 quomodo
3403 1798 3631 1856 videatur
3655 1801 3701 1856 in
3725 1802 3794 1858 illo
3814 1820 3872 1860 re-

2356 1891 2481 1946 gno,
2511 1878 2597 1933 ubi
2614 1895 2736 1934 eum
2756 1881 3012 1938 videbunt
3033 1885 3126 1940 lilii
3151 1887 3266 1956 ejus
3283 1889 3443 1944 sicuti
3460 1900 3556 1947 est.
3588 1893 3715 1947 Tune
3726 1896 3869 1965 quippe

2357 1968 2633 2024 satiabitur
2658 1972 2714 2027 in
2742 1974 2898 2029 bonis
2931 1974 3255 2033 desiderium
3285 1996 3470 2036 eorum
3495 2000 3507 2035 :
3537 1998 3635 2053 quo
3667 1984 3867 2040 desiderio

2358 2058 2611 2130 tlagsabat
2629 2062 2859 2131 Moyses,
2874 2067 2956 2120 cui
2977 2067 3120 2138 loqui
3135 2069 3201 2124 ad
3222 2070 3389 2125 Deum
3403 2072 3531 2128 faeie
3544 2074 3604 2127 ad
3623 2074 3776 2130 faciem
3792 2092 3866 2133 non

2356 2153 2727 2222 suiﬂciebat,et
2738 2157 2941 2213 dicebat
2951 2158 3193 2225 ,Ostende
3203 2163 3331 2216 mihi
3347 2165 3644 2235 temetipsum
3654 2168 3865 2239 titanifestt,

2357 2250 2412 2295 ut
2434 2243 2626 2298 rideant
2646 2256 2692 2300 te
2713 2245 2907 2316 (Exod.
2932 2265 3117 2315 xum,
3140 2252 3250 2322 i3);
3270 2262 3522 2323 tanquam
3536 2255 3731 2322 diceret,
3763 2258 3865 2329 quod

2357 2333 2410 2388 in
2453 2335 2664 2393 l’saltno
2688 2356 2751 2393 ex
2779 2340 2969 2396 eodem
2998 2342 3269 2399 desiderio
3300 2346 3537 2412 canitur,
3569 2347 3866 2403 Satiuberctas

2356 2429 2755 2498 manifestabitur
2771 2432 2936 2503 gloria
2966 2443 3054 2488 tua
3080 2435 3253 2508 (Psal.
3281 2453 3397 2502 va,
3422 2439 3528 2509 15).
3549 2439 3655 2508 Quo
3671 2440 3865 2495 desiderio

2355 2520 2575 2577 ardebat
2601 2533 2655 2578 et
2685 2524 2990 2595 Philippus,
3019 2538 3074 2583 et
3101 2529 3179 2583 sic
3201 2530 3387 2585 satiari
3414 2533 3672 2601 cupiebat,
3695 2534 3854 2589 dicens:

2359 2610 2577 2668 Ostende
2605 2616 2744 2670 nobis
2775 2616 3002 2681 Patrem,
3030 2630 3075 2673 et
3104 2621 3288 2691 stt/ﬁcit
3320 2623 3460 2676 nobis
3490 2622 3665 2695 (Joau.
3696 2641 3780 2689 xlv.
3801 2626 3862 2694 8).

2355 2703 2432 2760 Dc
2459 2703 2558 2761 hac
2578 2707 2781 2764 visione
2813 2710 3035 2781 loquens
3063 2712 3179 2783 ejus
3208 2714 3372 2769 etiam
3403 2715 3514 2786 ipse
3540 2728 3723 2771 amator
3740 2716 3863 2772 etde-

2353 2796 2615 2853 siderator
2644 2800 2997 2857 Ambrosius:
3033 2802 3155 2859 Non
3186 2805 3239 2858 in
3269 2806 3402 2871 loco,
3438 2808 3616 2877 inquit,
3645 2806 3759 2862 Deus
3774 2808 3865 2861 ride-

2352 2895 2452 2953 tur,
2478 2888 2614 2943 sicut
2642 2892 2708 2945 ad
2734 2892 2908 2948 ilicem
2932 2893 3186 2960 Mambre,
3214 2896 3355 2951 sicut
3386 2897 3438 2951 in
3470 2908 3638 2953 monte
3662 2899 3784 2957 Sina:
3804 2898 3864 2951 ted

2353 2979 2540 3033 ﬂii-Indo
2551 2982 2716 3034 corde.
2737 2983 2802 3037 Et
2816 2984 3077 3055 sequitur,
3098 2986 3273 3042 sciens
3295 2988 3422 3058 quid
3451 2987 3861 3059 desideret,etquid

2352 3078 2560 3139 testuet,
2583 3080 2636 3126 et
2660 3072 2786 3143 quid
2812 3084 3019 3144 speret:
3048 3075 3156 3130 Nec
3177 3078 3540 3145 corporalibus,
3566 3080 3729 3150 inquit,
3748 3080 3857 3131 oculis

2352 3158 2489 3215 Deus
2508 3163 2769 3229 qua'ritnr,
2792 3166 2980 3234 quibus
2996 3180 3055 3221 se
3065 3167 3296 3222 ostendit
3311 3169 3556 3232 Abralnc,
3577 3167 3716 3225 Isaae.
3730 3166 3860 3230 iacula,

2351 3260 2404 3306 et
2418 3252 2534 3308 aliis
2564 3253 2617 3307 in
2646 3254 2745 3308 hoc
2771 3255 2967 3311 smculo
2986 3272 3104 3320 ;nec
3135 3259 3562 3313 circumscribitur
3578 3260 3691 3323 risu,
3706 3266 3864 3329 propter

2352 3342 2480 3398 illud
2506 3344 2647 3415 quod
2674 3344 2875 3401 dictum
2901 3356 2983 3401 est
3001 3388 3016 3414 ,
3048 3346 3342 3403 Posteriora
3370 3366 3480 3405 mea
3517 3351 3684 3405 videbis
3708 3350 3723 3420 (
3744 3346 3859 3402 Exod.

2353 3452 2540 3504 xum,
2571 3436 2678 3509 25)
2705 3456 2720 3502 ;
2747 3456 2836 3493 nec
2860 3449 2995 3494 tactu
3026 3450 3237 3506 tenetur,
3268 3442 3412 3497 sicut
3436 3442 3647 3498 luctatus
3666 3444 3791 3495 etiam
3806 3446 3861 3492 est

2350 3544 2471 3585 eum
2488 3529 2651 3585 Jaeob
2670 3529 2819 3605 (Gen.
2842 3547 3009 3595 xxxu,
3026 3531 3249 3603 24-30);
3282 3551 3376 3589 nec
3399 3535 3596 3589 auditur
3608 3530 3861 3600 alfatu,sicut

2351 3637 2456 3677 non
2486 3622 2658 3677 solum
2697 3638 2726 3677 a
2764 3631 2842 3677 tot
2880 3624 3114 3691 sanctis,
3146 3640 3333 3680 verum
3366 3627 3523 3681 etiam
3550 3643 3577 3681 a
3606 3623 3778 3680 diabolo
3796 3637 3860 3674 su<

2350 3711 2493 3767 ditus
2519 3722 2601 3768 est
2625 3729 2639 3780 ;
2670 3729 2761 3767 nec
2779 3714 2991 3767 sentitur
3012 3715 3206 3770 incessu
3227 3757 3241 3780 ,
3268 3717 3411 3773 sicut
3438 3715 3697 3788 aliquando
3716 3729 3806 3768 cum
3824 3710 3859 3763 in

2349 3802 2595 3872 paradiso
2618 3803 2983 3859 deambularet
3009 3804 3077 3859 ad
3105 3822 3384 3876 vesperam
3417 3806 3524 3880 (ld.
3552 3824 3622 3875 ιιι,
3646 3805 3713 3878 8).

2419 3895 2510 3950 27.
2563 3896 2723 3951 Vides
2777 3896 3222 3967 quemadmodum
3272 3901 3358 3956 vir
3421 3912 3625 3956 sanctus
3683 3898 3852 3953 enitatur

2351 3996 2561 4042 nostras
2586 3997 2791 4044 mentes
2806 3989 2873 4043 ab
2894 3989 3142 4045 omnibus
3169 3993 3350 4047 carnis
3383 3993 3619 4048 sensibus
3644 4003 3848 4049 sevocnre.

2349 4089 2406 4135 ut
2431 4089 2579 4150 aptas
2619 4079 2778 4136 faciat
2805 4080 2873 4137 ad
2905 4081 3189 4138 videndum
3239 4084 3431 4140 Deum.
3480 4085 3541 4141 Et
3587 4095 3734 4139 tamen
3768 4076 3855 4149 quid

2348 4171 2454 4242 agit
2482 4172 2603 4226 talis
2630 4174 2961 4229 extrinsecus
2988 4174 3253 4245 plantator
3277 4184 3335 4249 et
3361 4178 3575 4248 rigatur,
3609 4174 3695 4231 nisi
3717 4171 3855 4228 intrin-

2347 4276 2502 4316 secus
2532 4272 2786 4331 Operetur
2813 4264 2901 4334 qui
2929 4263 3021 4319 dat
3051 4266 3441 4321 incrementum
3470 4269 3600 4322 Deus
3621 4264 3665 4336 (Ι
3690 4262 3850 4321 Coum.

2349 4353 2438 4424 7)?
2473 4354 2604 4421 Quis
2636 4356 2779 4410 enim
2822 4355 2937 4411 sine
2974 4356 3239 4426 adjutorio
3275 4358 3507 4430 Spiritus
3560 4359 3643 4414 Dei
3683 4354 3852 4426 Cogitate

2345 4444 2517 4500 valeat
2560 4460 2682 4501 esse
2711 4446 2930 4517 aliquid,
2964 4448 3235 4520 magisque
3264 4465 3387 4506 esse
3415 4466 3567 4522 quam
3605 4448 3749 4505 omnia
3770 4456 3849 4515 qum

2346 4550 2443 4605 per
2468 4550 2662 4606 corpus
2689 4538 3010 4605 sentiuntur,
3038 4539 3181 4609 quod
3210 4555 3309 4595 nec
3336 4542 3390 4597 in
3418 4542 3534 4596 loco
3554 4539 3766 4595 videatut.
3783 4544 3850 4587 nec

2345 4626 2690 4696 quaerendum
2717 4628 2787 4682 sit
2816 4628 3012 4697 oculis,
3042 4645 3140 4687 nec
3163 4631 3412 4688 audiatur
3438 4633 3591 4689 atl‘atu
3609 4673 3623 4697 ,
3649 4643 3729 4684 nec
3750 4630 3849 4680 ωςω

2351 4727 2617 4785 teneatur,
2666 4734 2765 4774 nec
2812 4722 3070 4777 sentiatur
3097 4723 3329 4790 incessu,
3360 4735 3416 4781 et
3446 4725 3665 4780 videatur
3687 4728 3847 4777 tamen.

2345 4810 2439 4866 sed
2466 4810 2664 4866 mundo
2687 4812 2884 4867 corde?
2910 4813 3093 4885 Neque
3121 4817 3265 4872 enim
3292 4818 3361 4874 de
3389 4819 3485 4874 hac
3506 4818 3602 4872 vita
3626 4816 3699 4870 ille
3718 4814 3846 4880 loque-

2345 4902 2518 4970 batur,
2549 4918 2668 4958 cnm
2711 4904 2813 4959 hoc
2851 4905 3081 4972 diceret;
3107 4910 3533 4981 quandoquidem
3575 4908 3635 4963 ab
3667 4906 3747 4961 hoc
3776 4912 3845 4955 η’

2343 4993 2484 5060 enlo,
2528 4995 2579 5048 in
2624 5010 2729 5064 quo
2778 4996 2917 5052 Deus
2960 5000 3232 5069 apparuit,
3266 5017 3372 5056 non
3415 5001 3564 5057 sicuti
3591 5007 3687 5063 est,
3719 4989 3847 5048 sali"

2342 5083 2519 5153 specie
2563 5099 2663 5154 qua
2699 5086 2891 5154 voluit,
2936 5089 3127 5160 quibus
3168 5091 3366 5158 voluit,
3399 5092 3526 5147 satis
3545 5084 3840 5145 discrevit“-

2342 5174 2446 5229 culi
2495 5174 2654 5231 futuri
2704 5178 2897 5243 vitam,
2946 5179 3266 5239 discretione
3308 5184 3642 5253 apertissima,
3668 5174 3845 5235 ubisit.

2346 5267 2415 5321 Et
2446 5270 2568 5339 quid
2594 5270 2777 5323 mirum
2805 5271 2850 5325 si
2877 5274 2929 5325 in
2961 5275 3194 5341 praesenti
3219 5277 3422 5343 steculo,
3453 5275 3545 5329 nisi
3567 5267 3737 5344 quando
3759 5266 3843 5323 ult.

2343 5360 2593 5417 Dominus
2621 5379 2722 5417 non
2751 5363 2980 5418 videtur?
3006 5363 3073 5419 In
3095 5367 3204 5437 ipso
3231 5384 3422 5439 quoque
3445 5363 3756 5422 resurrectione
3778 5370 3845 5427 non

2343 5453 2495 5525 facile
2532 5464 2604 5509 est
2646 5455 2811 5509 Deum
2850 5456 3035 5523 videre,
3064 5460 3161 5513 nisi
3184 5460 3247 5514 iis
3274 5461 3359 5532 qui
3387 5459 3533 5515 corde
3558 5454 3720 5512 "tundo
3740 5447 3814 5504 tiu!
3832 5458 3843 5493 ε’

2341 5558 2390 5603 et
2409 5547 2520 5601 ideo
2547 5564 2565 5598 ι
2599 5546 2730 5600 beati
2754 5548 2944 5603 mundo
2978 5550 3163 5616 corde;
3193 5552 3423 5624 quoniam
3451 5550 3545 5622 ipsi
3574 5548 3713 5602 Deum
3745 5536 3841 5593 vim"

2342 5640 2484 5695 bunt.
2527 5659 2546 5693 ι
2576 5640 2708 5697 Hinc
2733 5641 2843 5710 jam
2886 5642 2956 5697 de
2983 5642 3075 5698 illo
3118 5646 3313 5701 sacculo
3339 5644 3510 5701 dicere
3550 5648 3739 5697 εισι-ειη
3766 5635 3840 5688 εει.

2343 5731 2432 5786 ubi
2477 5732 2644 5788 Deum
2674 5732 2947 5798 videbunt,
2982 5750 3085 5789 non
3115 5751 3303 5794 omnes
3339 5736 3424 5807 qui
3468 5738 3741 5803 resurgant.
3773 5716 3841 5776 δαί

2341 5826 2431 5895 qui
2482 5835 2760 5897 resurgent
2807 5826 2872 5880 ad
2916 5828 3076 5881 vitam
3114 5840 3362 5885 aeternam
3398 5846 3408 5881 :
3443 5842 3541 5881 non
3585 5815 3764 5890 indigni.
3794 5808 3843 5871 δε

2344 5916 2534 5991 quibus
2564 5917 2760 5971 dictum
2790 5927 2891 5990 est,
2923 5918 3157 5974 'I'ollatur
3196 5920 3395 5996 impius,
3428 5934 3485 5972 ne
3514 5914 3658 5970 rideat
3681 5901 3828 5965 clarita-
