4004 6380
122 335 205 403 ,ω
1213 307 1716 377 ἐριετοιιιιιωί
1753 309 2033 377 cussts
2070 317 2156 377 ut.

122 472 194 513 teut
223 448 407 507 Domini
446 439 604 516 (lani.
644 456 790 506 xxvi,
827 439 914 505 10,
958 452 1069 495 sec.
1111 435 1311 509 LXX);
1349 437 1442 493 sed
1469 436 1633 509 digni,

119 554 167 606 de
197 544 409 619 qualibus
445 538 575 594 dixit
614 537 726 605 ipse
768 534 1053 597 Dominus,
1101 547 1221 588 cum
1264 548 1500 603 praesens
1529 546 1636 588 non

121 640 360 699 niteretur,
392 630 488 698 Qui
531 628 692 698 diligit
735 643 836 693 me,
866 627 1107 681 mandata
1145 642 1256 679 mea
1287 626 1502 680 custodit
1522 640 1539 687 ;
1559 634 1634 692 et,

120 735 190 801 Qui
218 728 358 800 diligit
401 741 476 777 me
495 764 509 784 ,
535 722 768 793 diligetur
800 736 831 772 a
864 718 1019 773 Patre
1057 735 1186 783 meo,
1230 730 1275 773 et
1298 735 1391 789 ego
1428 718 1637 789 diligam

122 841 229 882 eum,
252 829 293 875 et
327 812 860 881 ostendammeipsum
882 811 960 865 illi
995 809 1173 884 (Joan.
1202 826 1308 877 xiv,
1348 810 1410 865 2|
1435 851 1452 877 ,
1504 810 1634 880 25):

117 931 185 969 nec
222 912 250 967 ii
294 909 470 979 quibus
516 906 720 960 dicetur
746 947 762 970 ,
811 901 893 959 Ite
931 905 985 957 in
1030 904 1196 975 ignem
1237 912 1499 969 teternum,
1551 904 1639 974 qui

119 1012 370 1075 preparatus
397 1009 465 1053 est
496 995 698 1052 diabolo
730 1006 778 1050 et
819 994 1013 1067 angelis
1054 996 1197 1067 ejus;
1235 994 1328 1050 sed
1374 995 1408 1049 ii
1444 995 1635 1065 quibus

118 1096 287 1155 dicetur,
319 1089 503 1152 Venite,
527 1087 769 1143 benedicti
804 1085 971 1140 Patris
995 1086 1125 1150 mei;
1160 1085 1401 1156 perripile
1421 1102 1636 1157 regnum

116 1188 213 1253 quod
235 1184 348 1238 robis
377 1190 715 1250 purpuratum
736 1188 807 1233 est
837 1176 898 1232 ab
927 1177 1069 1231 initio
1101 1176 1295 1230 mundi.
1329 1175 1419 1229 Illi
1440 1176 1636 1247 quippe

115 1277 218 1330 ibunt
242 1275 285 1327 iu
317 1273 667 1326 ambustionem
710 1279 989 1333 tcternnm;
1026 1270 1154 1340 justi
1193 1278 1357 1322 autem
1393 1268 1446 1321 in
1480 1267 1634 1321 vitam

114 1379 291 1423 ιιιεηιιιιιι
331 1363 545 1435 (Matth.
576 1378 700 1428 xxv,
729 1362 818 1424 41,
860 1361 948 1425 54,
979 1359 1090 1429 46).
1124 1359 1191 1414 Ει
1226 1375 1344 1430 qua:
1394 1368 1477 1414 est
1527 1359 1633 1415 vita

114 1472 279 1521 attenta,
304 1457 393 1510 nisi
420 1453 562 1525 quod
592 1455 704 1524 ipsa
736 1453 849 1507 Vita
876 1452 998 1508 alibi
1028 1452 1174 1517 dicit,
1215 1449 1338 1506 Ilico
1369 1460 1441 1506 est
1466 1461 1634 1506 autem

113 1552 185 1605 rita
201 1560 379 1615 eterna,
398 1557 447 1601 ut
467 1555 771 1616 cognoscant
793 1554 840 1598 te
858 1561 1013 1598 unum
1035 1541 1197 1598 Deum
1213 1560 1405 1607 rerum,
1424 1554 1468 1597 et
1486 1560 1633 1614 quem

112 1644 246 1699 misisti
264 1642 423 1697 Iesum
449 1639 708 1695 Christum
751 1638 936 1709 (Joan.
971 1653 1099 1699 xvu,
1135 1636 1348 1706 5)?sed
1393 1636 1472 1692 sic
1500 1651 1633 1707 quo-

114 1736 229 1793 modo
254 1734 474 1805 promisit
502 1742 850 1788 ostensurum
877 1730 1111 1801 seipsum
1152 1730 1495 1785 dilectoribus
1519 1728 1633 1784 suis

113 1846 199 1885 cum
222 1829 355 1884 Patre
379 1843 537 1881 unum
573 1826 762 1892 Deum,
800 1840 907 1878 non
933 1823 1198 1894 quomodo
1226 1823 1278 1878 in
1305 1822 1412 1878 hoc
1436 1822 1631 1878 smculo

112 1930 149 1983 iu
168 1941 348 1997 canore
374 1925 514 1977 visus
544 1931 631 1977 est
657 1936 686 1975 a
719 1921 871 1975 bonis
898 1929 952 1974 et
976 1935 1005 1972 a
1037 1918 1209 1973 malis.

159 2017 229 2072 98.
256 2018 310 2072 Et
334 2017 380 2070 in
403 2014 609 2085 judicio
637 2012 780 2068 enim
812 2012 1007 2077 futuro,
1030 2026 1136 2083 quo
1163 2010 1240 2065 sic
1264 2018 1522 2065 venturus
1548 2017 1633 2064 est

110 2109 317 2179 quomodo
342 2108 475 2162 visus
501 2115 590 2161 est
620 2106 735 2161 iens
760 2106 811 2158 in
840 2105 1065 2169 calum,
1100 2102 1201 2158 hoc
1229 2112 1311 2157 est
1348 2104 1401 2157 in
1441 2102 1628 2158 eadem

110 2201 233 2254 forma
254 2201 330 2254 lilii
355 2199 606 2266 hominis,
635 2197 877 2252 eamdem
896 2197 1117 2252 formam
1142 2195 1413 2261 videbunt,
1439 2196 1630 2265 quibus

110 2291 289 2347 dicturus
320 2303 425 2359 est,
457 2290 691 2353 Esuriri,
719 2301 766 2345 et
795 2307 894 2344 non
937 2290 1147 2344 drdis'is
1175 2290 1297 2343 mihi
1325 2291 1632 2343 manducare

111 2385 269 2458 (llattlt.
294 2402 408 2451 xw,
430 2386 519 2457 42)
556 2385 710 2456 (quia
733 2393 785 2438 et
809 2382 975 2437 .luda-i
998 2382 1250 2437 videbunt
1274 2384 1323 2436 in
1351 2397 1507 2453 quem
1536 2397 1631 2450 pu-

110 2474 507 2548 pugcruutllach.
553 2491 652 2543 xu,
683 2474 803 2545 l0);
840 2488 945 2529 non
983 2474 1124 2529 illam
1162 2472 1254 2527 Dei
1292 2472 1545 2539 formam,
1577 2471 1629 2526 in

110 2586 182 2640 qua
219 2586 306 2625 neu
345 2571 583 2640 rapinam
627 2568 912 2622 arbitratus
957 2575 1041 2622 est
1082 2581 1200 2620 esse
1249 2565 1469 2635 mqualis
1522 2563 1631 2618 Deo

112 2661 310 2733 (Philipp.
354 2677 387 2717 lt
415 2704 429 2725 ,
469 2662 548 2731 6).
603 2660 657 2714 In
704 2659 792 2715 illa
831 2658 923 2713 Dei
972 2656 1142 2711 forma
1199 2667 1323 2710 tunc
1375 2654 1631 2709 videbunt

112 2768 218 2820 etim,
254 2754 327 2825 qui
363 2753 623 2808 videbunt
657 2765 778 2807 eum
810 2749 963 2805 sicuti
1004 2758 1104 2803 est.
1154 2746 1262 2802 Nec
1308 2745 1429 2802 ideo
1478 2746 1630 2801 vide-

111 2844 229 2909 bunt,
274 2846 378 2914 quia
431 2856 698 2915 pauperes
736 2840 923 2911 spiritu
966 2840 1019 2894 in
1074 2839 1172 2893 hac
1216 2838 1319 2891 vita
1376 2838 1628 2903 luerunt,

108 2936 195 3005 quia
231 2936 393 3002 mites,
437 2936 568 3006 quia
620 2934 889 3004 iungentes,
938 2931 1059 3001 quia
1103 2929 1401 2985 cSurientes
1451 2937 1504 2985 et
1558 2927 1633 2984 si-

112 3027 252 3084 litotes
268 3029 525 3097 justitiam,
590 3027 710 3097 quia
752 3022 1127 3081 misericordes
1155 3063 1170 3082 .
1208 3022 1328 3092 quia
1381 3020 1583 3091 paciﬁci
1612 3062 1627 3085 ,

110 3122 195 3189 quia
221 3121 620 3192 persecutionem
652 3116 793 3190 passi
841 3124 1056 3185 propter
1078 3113 1359 3183 justitiam,
1391 3110 1631 3181 quamvis

110 3223 148 3268 cl
180 3212 271 3269 hate
295 3216 457 3270 omnia
503 3213 673 3269 iidem
705 3211 802 3281 ipsi
835 3210 973 3274 sint;
1005 3207 1098 3263 sed
1131 3208 1252 3277 quia
1281 3204 1479 3261 mundo
1506 3211 1632 3257 sunt

109 3305 241 3360 corde.
263 3305 372 3363 Ideo
393 3308 597 3377 quippe
616 3304 755 3360 inter
782 3304 899 3357 illas
922 3300 1296 3364 beatitudincs,
1316 3314 1436 3353 cum
1454 3296 1630 3351 omnia

109 3393 251 3451 iaciant
272 3398 351 3469 qui
378 3412 470 3453 cor
496 3396 759 3452 mundum
789 3392 1009 3456 habent,
1044 3408 1149 3446 non
1192 3398 1276 3445 est
1313 3398 1488 3443 tamen
1535 3387 1632 3444 ali-

110 3489 434 3559 cabipositum.
470 3491 641 3545 Deum
667 3487 934 3554 uidebunt,
983 3486 1082 3540 nisi
1134 3485 1221 3540 ubi
1264 3484 1464 3539 dictum
1509 3491 1626 3547 est,

109 3575 209 3633 Beati
229 3583 394 3636 mundo
419 3582 618 3644 corde;
647 3580 893 3651 quoniam
935 3577 1132 3632 mundo
1176 3576 1338 3632 corde
1368 3575 1630 3632 videbitur

106 3672 166 3739 qui
187 3675 327 3729 uecin
357 3676 467 3731 loco
498 3673 737 3738 videtur,
773 3687 871 3728 nec
894 3671 1062 3727 oculis
1090 3671 1456 3741 corporalibus
1480 3686 1630 3740 qua:-

106 3762 215 3830 ritur,
235 3782 319 3823 nec
341 3766 797 3823 circumscribitur
822 3765 955 3829 visu,
981 3777 1079 3818 nec
1108 3771 1246 3817 tactu
1271 3771 1501 3825 tenetur,
1532 3776 1629 3817 nec

105 3858 263 3912 auditur
284 3859 453 3926 allata,
483 3873 591 3913 nec
614 3857 840 3911 sentitur
869 3857 1097 3910 incessu.
1128 3853 1293 3908 Deum
1314 3854 1457 3908 enim
1483 3869 1629 3908 nemo

109 3948 195 4001 sidit
217 3966 436 4021 unquam,
467 3950 556 4006 vel
584 3950 634 4003 itt
664 3948 762 4003 hac
786 3948 912 4013 vita,
939 3948 1073 4001 sicut
1102 3947 1211 4016 ipse
1238 3956 1340 4011 est,
1359 3945 1439 3999 vel
1470 3946 1629 3999 etiam

104 4034 139 4089 in
152 4036 965 4110 Angebuumvita,sicutvisibilia
996 4038 1092 4091 ista
1122 4053 1240 4108 qua:
1269 4035 1529 4106 corporali
1551 4034 1631 4088 vi-

106 4128 212 4186 tione
230 4145 501 4189 cernuntur
529 4149 545 4197 ;
576 4133 694 4202 quia
725 4132 1006 4202 unigenitus
1032 4128 1216 4191 Filius,
1241 4130 1327 4199 qui
1345 4141 1417 4183 est
1446 4131 1497 4182 in
1517 4129 1631 4183 sinu

108 4217 249 4289 Patris,
272 4225 369 4295 ipse
396 4222 645 4280 narravit.
683 4222 831 4277 Unde
872 4237 975 4275 non
1016 4220 1082 4275 ad
1133 4221 1406 4274 oculorum
1435 4234 1630 4288 corpo-

106 4312 263 4380 ralium,
290 4318 375 4372 sed
399 4318 465 4373 ad
497 4316 759 4372 mentium
790 4315 1048 4370 visionem
1094 4313 1293 4368 dictum
1331 4322 1414 4367 est
1462 4311 1630 4383 perti-

106 4416 199 4460 nere
216 4412 335 4478 quod
363 4418 568 4464 narrat.

156 4496 340 4555 CAPUT
370 4496 483 4556 XII.
503 4529 577 4539 —
596 4498 686 4554 ἓξ).
728 4497 834 4555 Sed
871 4512 1054 4552 rursus
1084 4512 1149 4553 ne
1172 4495 1494 4552 desiderium
1532 4510 1632 4550 no-

109 4595 233 4643 strum
271 4606 297 4645 a
338 4592 583 4663 corporis
625 4606 784 4645 sensu
824 4589 889 4644 ad
927 4589 1088 4643 alium
1134 4590 1372 4659 corporis
1415 4604 1631 4643 sensum

108 4675 319 4745 migraret,
345 4682 445 4737 hoc
466 4681 643 4737 estad
672 4695 830 4736 aures
859 4679 927 4733 ab
946 4680 1144 4741 oculis;
1175 4679 1293 4734 ideo
1318 4695 1437 4734 cum
1464 4679 1633 4734 dixis-

109 4776 192 4834 εει,
231 4769 327 4826 Nec
357 4772 704 4844 corporalibus
744 4771 885 4826 Deus
922 4770 1080 4826 oculis
1109 4772 1365 4840 quaeritur,
1406 4787 1495 4824 nec
1530 4772 1634 4825 cir-

109 4863 395 4920 cumscribitur
434 4868 564 4929 visu,
610 4882 699 4919 nec
738 4874 873 4919 tactu
926 4874 1153 4930 tenetur;
1198 4863 1398 4919 addidit
1439 4863 1633 4930 etiam,

108 4965 173 5006 nec
193 4956 372 5013 auditur
398 4958 562 5026 affatu
594 4974 611 5013 :
641 4966 729 5020 ut,
759 4958 803 5012 si
846 4972 1160 5029 possumus,
1196 4956 1520 5027 unigenitum
1549 4955 1636 5011 Fi-

110 5038 224 5110 lium,
242 5049 318 5117 qui
333 5060 409 5106 cst
428 5051 480 5104 in
496 5051 615 5105 sinu
634 5048 823 5114 Patris,
840 5048 1286 5119 sicintelligamus
1304 5058 1631 5117 narrantem,

108 5139 323 5200 ‘l'modo
335 5152 387 5196 et
398 5140 636 5197 Verbum
652 5151 753 5202 est,
770 5157 873 5195 non
896 5156 1059 5195 sonus
1072 5141 1289 5196 auribus
1311 5141 1631 5211 instrepens,

108 5224 175 5277 Sed
195 5227 344 5301 imago
358 5234 622 5290 mentibus
643 5235 1003 5295 innotescens,
1017 5242 1073 5287 ut
1092 5233 1196 5287 illic
1214 5233 1418 5287 interna
1432 5243 1485 5288 et
1499 5232 1634 5288 inel-

112 5315 231 5376 πιὺὶιί
244 5321 613 5384 luceelarescat
624 5326 762 5398 quod
779 5326 977 5383 dictum
1004 5336 1108 5392 est,
1134 5326 1237 5388 Qui
1263 5344 1339 5381 me
1354 5327 1497 5393 vidit,
1515 5327 1638 5381 vidit

110 5417 144 5459 et
164 5407 337 5469 Putrem
357 5418 533 5490 (Joan.
560 5435 671 5485 xuv,
694 5418 774 5491 9);
800 5417 940 5489 quod
969 5417 1055 5473 hic
1078 5417 1321 5487 Philippo
1340 5417 1635 5484 dicebatur,

112 5506 283 5569 qundo
310 5511 534 5576 videbat,
560 5522 613 5569 et
642 5529 747 5568 non
778 5512 1005 5567 videbat.
1036 5510 1286 5579 Sequitur
1311 5511 1454 5565 enim
1482 5509 1639 5581 hujus

114 5600 292 5657 mimis
326 5603 547 5660 eximius
586 5606 898 5674 concupitor
946 5602 1279 5664 Ambrosius,
1319 5601 1542 5657 dicens:
1576 5600 1639 5656 Et

114 5702 205 5747 ειη
228 5697 388 5756 absens
414 5712 634 5772 putatur,
666 5702 892 5766 videtur;
917 5708 963 5754 et
1003 5715 1118 5753 cum
1148 5714 1366 5769 prwsens
1402 5707 1497 5765 est,
1538 5714 1638 5752 non

114 5778 290 5844 κέασ-
314 5789 424 5853 Non
451 5792 596 5865 dixit,
620 5792 751 5852 Cum
780 5793 973 5852 absens
993 5800 1115 5864 est;
1146 5789 1274 5866 sed,
1301 5807 1415 5851 cum
1458 5787 1635 5853 illum

1745 444 1958 504 putatur
1997 453 2017 492 :
2058 454 2319 511 nusquam
2362 442 2504 498 enim
2546 441 2739 503 absens
2783 457 2868 505 est
2907 452 2998 522 qui
3048 453 3241 511 uelum
3279 467 3335 514 et

1745 535 1939 582 terram
1958 529 2172 600 implet;
2192 546 2291 588 nec
2311 534 2499 604 spatiis
2527 535 2814 595 includitur
2834 542 3032 611 parvis,
3063 546 3333 617 magnisve

1743 619 2077 691 diffunditur,
2111 626 2205 682 sed
2249 628 2444 702 ubique
2474 641 2616 690 totus
2642 643 2747 702 est,
2776 645 2833 691 et
2862 636 3006 693 nullo
3031 639 3334 698 continetur

1744 711 1880 769 loco.
1915 715 2026 773 Hoc
2050 718 2141 789 qui
2162 720 2455 779 excedente
2481 734 2658 781 mente
2685 726 2951 799 intelligit,
2974 730 3117 789 videt
3144 733 3329 803 Deum,

1742 814 1796 860 et
1820 822 1941 863 eum
1967 809 2162 867 absens
2192 823 2424 882 putatur.
2464 815 2564 883 Qui
2594 828 2773 874 autem
2817 818 2920 877 hoc
2964 824 3067 878 non
3113 834 3330 895 potest,

1742 906 1863 954 oret
1912 908 1968 955 et
2010 912 2132 971 agat
2180 912 2240 959 ιιι
2280 919 2440 977 posse
2483 919 2782 976 mercatur;
2821 928 2921 969 nec
2956 915 3023 969 ad
3063 915 3331 974 hominem

1741 988 2125 1061 disputatorem
2157 996 2349 1066 pulset,
2382 1007 2441 1054 ut
2469 1001 2611 1070 quod
2650 1018 2757 1058 non
2803 1003 2929 1075 legit
2954 1005 3113 1077 legat,
3139 1009 3235 1065 sed
3263 1010 3330 1065 ad

1743 1080 1909 1138 Deum
1950 1084 2306 1153 Salvator-em,
2354 1099 2410 1144 ut
2450 1092 2595 1161 quod
2632 1109 2736 1149 non
2781 1096 2922 1152 valet
2947 1098 3141 1153 valeat.
3183 1098 3332 1158 Unde

1740 1186 1916 1230 autem
1938 1176 2158 1244 dixerit,
2180 1190 2228 1234 et
2255 1198 2371 1235 cum
2399 1200 2623 1254 prtesens
2655 1196 2729 1241 est
2756 1204 2854 1242 non
2886 1188 3107 1255 videtur,
3138 1206 3331 1249 conse-

1739 1278 1965 1335 quenter
1994 1280 2232 1340 aperuit,
2267 1273 2449 1331 dicens
2482 1292 2495 1328 :
2532 1275 2756 1349 Denique
2783 1296 2874 1335 nec
2902 1281 3130 1352 Apostoli
3160 1300 3333 1341 omnes

1741 1357 1998 1414 Christum
2040 1364 2308 1432 videbant;
2348 1376 2394 1420 et
2440 1368 2556 1423 ideo
2595 1370 2688 1437 ait,
2737 1389 2756 1423 ι
2793 1372 2958 1428 Tanto
2984 1383 3205 1445 tempore
3240 1393 3323 1433 tto-

1741 1451 1929 1507 ln'scum
1951 1472 2084 1519 sunt,
2111 1467 2157 1511 et
2176 1458 2347 1511 adhuc
2372 1476 2451 1514 me
2478 1478 2577 1516 non
2617 1464 2955 1534 cognovistis!
2987 1487 3005 1519 ι
3032 1467 3170 1524 Ecce
3194 1483 3328 1539 quo-

1738 1545 1900 1599 modo
1923 1546 2061 1602 Deus
2089 1564 2324 1618 przcsens
2352 1561 2467 1607 erat
2496 1564 2550 1609 et
2577 1570 2684 1609 non
2713 1555 3010 1612 videbatur.

1810 1637 1902 1693 50.
1944 1636 2050 1693 Sed
2090 1655 2256 1710 quare
2302 1658 2407 1698 non
2436 1659 2600 1700 ausus
2625 1655 2706 1702 est
2734 1647 2933 1716 dicere,
2964 1650 3202 1724 Denique
3230 1667 3329 1709 nec

1736 1728 1978 1799 Apostoli
2025 1730 2296 1789 Christum
2334 1734 2625 1804 videbant,
2679 1738 2773 1795 sed
2811 1740 2924 1806 ait,
2968 1758 3059 1797 nec
3098 1743 3330 1815 Apostoli

1735 1836 1926 1887 omnes,
1954 1831 2200 1894 tanquam
2248 1826 2409 1897 aliqui
2456 1838 2580 1885 tunc
2619 1829 2864 1888 viderent
2914 1849 2976 1889 ea
3024 1835 3228 1892 visione
3272 1838 3327 1893 in

1735 1928 1839 1983 qua
1871 1913 1982 1984 ipse
2020 1925 2074 1971 et
2102 1916 2261 1972 Pater
2286 1935 2448 1975 unum
2479 1922 2642 1977 sunt?
2667 1923 2747 1977 An
2779 1924 2917 1981 forte
2946 1926 3076 1982 illud
3105 1929 3330 1986 attendit

1736 2005 1879 2072 quod
1926 2020 2046 2061 cum
2092 2007 2283 2064 Petrus
2316 2010 2554 2074 dixisset,
2588 2011 2667 2067 Tu
2699 2030 2752 2068 cs
2781 2014 3009 2071 Christus
3041 2016 3206 2072 Filius
3236 2017 3330 2076 Dei

1735 2095 1833 2150 civi
1849 2113 1867 2160 ;
1907 2112 2222 2167 reSponsum
2252 2102 2477 2173 accepit,
2511 2101 2700 2159 Beatus
2728 2123 2776 2162 es
2808 2106 2989 2163 Simon
3020 2108 3125 2165 Bar
3149 2110 3287 2167 Jona
3309 2157 3326 2181 ,

1735 2188 1851 2257 quia
1882 2204 1981 2242 non
2008 2188 2110 2243 tib?
2122 2193 2355 2246 revelurit
2389 2210 2508 2247 coro
2534 2204 2577 2247 et
2605 2197 2833 2267 sanguis,
2863 2198 2954 2253 sed
2996 2197 3154 2255 Pater
3192 2219 3330 2259 meus

1735 2277 1823 2347 qni
1851 2278 1902 2331 in
1928 2281 2064 2333 caelia
2081 2282 2189 2335 cst?
2209 2284 2449 2352 quamvis
2469 2285 2555 2339 illa
2579 2287 2832 2342 revelatio
2852 2298 3025 2345 utrum
3048 2306 3143 2361 per
3164 2291 3323 2349 [idem

1739 2377 1898 2424 tauL-c
1929 2370 2004 2425 rei
2037 2372 2283 2437 creditse,
2316 2389 2383 2428 an
2429 2390 2525 2444 per
2568 2377 2826 2433 visionem
2865 2394 3163 2450 conspecta:
3191 2384 3330 2440 facta

1739 2462 1790 2515 in
1817 2463 1933 2531 ejus
1961 2474 2138 2520 mente
2166 2464 2341 2535 luerit,
2370 2483 2475 2521 non
2507 2469 2635 2523 mihi
2670 2470 2908 2527 videatur
2932 2473 3172 2541 elucere;
3204 2490 3328 2532 cum

1738 2563 1792 2608 et
1817 2555 1929 2624 ipsc
1958 2556 2145 2611 Petrus
2173 2567 2278 2611 tam
2310 2560 2585 2628 parvulum
2617 2576 2676 2615 se
2701 2562 2877 2618 adhuc
2907 2564 2981 2618 illi
3011 2566 3326 2635 ostenderit,

1739 2654 1797 2701 ut
1824 2645 2035 2702 timeret
2075 2665 2141 2704 ne
2168 2652 2437 2706 amitteret
2464 2653 2804 2720 morientem,
2832 2671 2991 2725 quem
3021 2656 3211 2712 Filium
3234 2656 3331 2713 Dei

1737 2738 1862 2799 vivi,
1897 2738 1997 2793 hoc
2027 2750 2109 2795 cst
2138 2741 2260 2795 vita:
2292 2741 2487 2796 fontem
2516 2742 2689 2798 fuerat
2718 2744 2879 2814 paulo
2903 2755 3027 2801 ante
3052 2745 3330 2803 confessus

1740 2829 1952 2902 (Matth.
1981 2848 2088 2899 xvt,
2125 2834 2210 2901 16,
2242 2834 2338 2900 17,
2369 2834 2458 2902 9.],
2491 2835 2605 2907 ⁸2⁸2).

1808 2920 2034 2980 CAPUT
2058 2924 2371 2982 Xlll.—5l.
2398 2927 2598 2984 Deinde
2625 2938 2801 2999 potest
2827 2946 3044 2988 movere
3059 2933 3327 3004 quomodo

1732 3014 1842 3083 jam
1867 3016 1977 3086 ipsa
2005 3018 2096 3072 Dei
2119 3018 2412 3074 substantia
2438 3020 2602 3075 videri
2630 3021 2858 3090 potuerit
2876 3039 2905 3075 a
2926 3024 3241 3094 quibusdam
3268 3031 3323 3082 in

1739 3106 1838 3160 hac
1849 3108 1952 3163 vita
1972 3108 2173 3177 positis,
2183 3120 2397 3180 propter
2410 3110 2535 3165 illud
2547 3111 2689 3181 quod
2701 3112 2898 3168 dictum
2916 3124 2997 3169 est
3011 3115 3076 3170 ad
3089 3115 3324 3188 Moysen,

1740 3197 1906 3253 Nemo
1922 3210 2080 3271 potest
2096 3202 2276 3266 [aciem
2298 3219 2458 3255 nteam
2472 3204 2658 3269 videre,
2674 3212 2721 3257 et
2735 3205 2893 3259 vivere
2914 3204 3105 3277 (Exod.
3127 3222 3324 3279 xxntt,

1737 3288 1956 3363 20):nisi
1975 3293 2093 3361 quia
2112 3302 2287 3363 potest
2303 3294 2530 3349 humana
2550 3311 2701 3351 mens
2724 3295 2979 3352 divinitus
3004 3299 3116 3370 rapi
3138 3316 3202 3356 ex
3230 3301 3329 3357 hac

1738 3382 1843 3437 vita
1871 3383 1936 3437 ad
1963 3385 2254 3454 angelicam
2286 3385 2466 3453 vitam,
2490 3396 2771 3458 antequam
2793 3404 2890 3459 per
2914 3391 3066 3445 istam
3086 3406 3327 3448 commuo

1739 3492 1861 3531 nent
1893 3486 2121 3532 mortem
2147 3494 2307 3534 carne
2332 3479 2587 3536 solvatur.
2615 3479 2704 3536 Sic
2737 3481 2881 3556 enim
2921 3494 3102 3555 raptus
3130 3494 3213 3540 est
3235 3488 3325 3557 qui

1738 3568 1939 3623 audivit
1968 3569 2075 3625 i.lic
2114 3569 2401 3626 inclTabilia
2448 3572 2609 3626 verba
2652 3587 2773 3644 qua:
2816 3587 2920 3627 non
2966 3574 3088 3629 licet
3124 3574 3327 3632 homini

1736 3660 1912 3732 loqui:
1934 3661 2022 3717 ubi
2052 3679 2216 3734 usque
2233 3663 2367 3718 adeo
2395 3662 2530 3718 facta
2556 3673 2639 3719 est
2661 3665 2729 3719 ah
2754 3665 2910 3735 hujus
2939 3666 3059 3721 vita:
3083 3668 3329 3733 sensibus

1736 3755 1979 3824 quaedam
2017 3754 2326 3811 intentionis
2366 3757 2594 3823 aversio,
2625 3766 2682 3811 ut
2707 3758 2819 3813 sive
2844 3757 2898 3813 in
2935 3773 3178 3829 corpore,
3217 3760 3330 3817 sive

1736 3858 1885 3901 extra
1912 3862 2107 3917 corpus
2133 3847 2310 3911 fuerit,
2335 3848 2385 3903 id
2415 3858 2516 3913 est,
2544 3859 2742 3917 utrum,
2772 3850 2907 3906 sicut
2930 3852 3067 3906 solet
3090 3852 3143 3907 in
3165 3851 3328 3910 vehe-

1737 3938 1985 3992 mentiori
2029 3940 2243 4004 ecstasi,
2292 3956 2445 3995 mens
2487 3941 2555 3995 ab
2586 3941 2686 3996 hac
2726 3943 2831 3996 vita
2878 3942 2930 3996 in
2974 3944 3119 3997 illam
3163 3945 3327 4000 vitam

1736 4028 1895 4083 fuerit
1923 4028 2174 4097 alienata,
2209 4038 2457 4085 manente
2487 4033 2727 4099 corporis
2756 4032 2984 4098 vinculo,
3014 4050 3081 4087 an
3111 4034 3329 4090 omnino

1737 4123 1992 4178 resolutio
2023 4123 2161 4178 facta
2192 4124 2381 4189 fuerit,
2428 4125 2601 4196 qualis
2641 4126 2692 4180 in
2726 4127 2880 4197 plena
2910 4136 3081 4184 morte
3114 4130 3326 4186 contin-

1736 4212 1832 4284 git,
1863 4214 2068 4268 nescire
2097 4230 2155 4269 se
2187 4215 2390 4270 diceret
2415 4213 2629 4285 (llCor.
2660 4232 2757 4283 xit,
2798 4217 2938 4288 2-4).
2981 4217 3053 4273 Ita
3095 4220 3153 4274 tit
3180 4230 3237 4276 ut
3272 4230 3328 4277 et

1738 4306 1866 4362 illud
1897 4323 2080 4362 verum
2105 4309 2195 4377 sit,
2226 4307 2367 4379 quod
2396 4308 2594 4365 dictum
2629 4319 2732 4378 est,
2766 4309 2941 4389 Nemo
2959 4321 3119 4383 potest
3146 4314 3329 4386 faciem

1739 4416 1904 4454 meam
1944 4399 2133 4468 ridere,
2170 4412 2218 4456 et
2263 4402 2458 4466 vivere;
2487 4402 2610 4473 quia
2643 4418 2865 4460 necesse
2889 4416 2968 4460 est
2998 4406 3233 4463 abstrahi
3260 4407 3329 4465 ab

1738 4492 1841 4547 hac
1896 4492 2001 4547 vita
2042 4502 2300 4567 mentem,
2353 4493 2569 4565 quando
2629 4495 2681 4550 in
2726 4496 2866 4552 i.lius
2912 4498 3327 4558 ineﬂahilitatetn

1738 4584 1959 4641 visionis
1988 4587 2308 4652 assumitur;
2340 4596 2395 4642 et
2422 4604 2524 4642 non
2565 4587 2636 4642 sit
2676 4587 2986 4645 incredibile
3011 4591 3326 4661 quibusdam

1738 4678 1941 4732 sanctis
1968 4678 2203 4732 nondum
2232 4679 2303 4733 ita
2333 4677 2621 4746 defunctis,
2653 4690 2709 4735 ut
2738 4681 3039 4751 sepelienda
3070 4683 3328 4740 cadavera

1741 4778 2101 4831 remanerent,
2149 4769 2314 4824 etiam
2361 4768 2517 4825 istam
2567 4772 2936 4828 excellentiam
2988 4774 3326 4832 revelationis

1741 4859 1904 4917 fuisse
1932 4875 2265 4917 concessam.
2305 4861 2456 4929 Quod
2487 4864 2738 4920 existimo
2766 4867 3027 4937 cogitasse
3052 4866 3204 4922 illum
3234 4871 3327 4939 qui

1742 4953 1915 5007 noluit
1954 4952 2153 5020 dicere,
2192 4954 2302 5010 Nec
2340 4957 2581 5026 Apostoli
2606 4957 2877 5013 Christum
2908 4958 3187 5025 videbant;
3231 4961 3328 5019 sed

1742 5045 1834 5107 ait,
1867 5062 1958 5100 nec
1993 5046 2221 5117 Apostolt'
2267 5064 2439 5104 omnes
2476 5050 2732 5105 Christum
2778 5050 3006 5105 videbant
3047 5068 3066 5108 :
3102 5054 3329 5113 credens

1740 5138 2059 5209 quihusdam
2087 5155 2271 5196 eorum
2316 5142 2603 5197 divinitatis
2644 5158 2853 5213 quoque
2880 5143 3044 5212 ipsius
3068 5146 3329 5204 visionem

1742 5230 1809 5286 dc
1835 5248 1938 5301 qua
1967 5232 2301 5302 loquebatur,
2331 5235 2490 5289 etiam
2520 5244 2645 5289 tunc
2674 5234 2909 5306 potuisse
2932 5236 3154 5304 donari;
3185 5248 3330 5295 certe

1743 5331 1961 5393 propter
1989 5324 2200 5379 beatum
2240 5325 2461 5381 Paulum
2480 5366 2497 5392 ,
2525 5326 2649 5397 quia
2669 5338 2723 5383 ct
2744 5328 2858 5399 ipse
2882 5331 3123 5401 quamvis
3147 5329 3329 5387 novis—

1744 5416 1934 5479 simus,
1958 5415 2139 5487 utique
2164 5418 2440 5488 apostolus
2464 5429 2599 5486 erat,
2624 5421 2714 5491 qui
2740 5420 2809 5477 de
2835 5436 2928 5477 sua
2956 5423 3045 5480 illa
3075 5420 3329 5478 incﬂ'abili

1747 5507 2071 5564 revelatione
2095 5526 2197 5563 non
2226 5510 2406 5565 tacuit.

1817 5601 1906 5656 δί.
1931 5601 2243 5673 Quanquam
2269 5614 2323 5657 ct
2348 5603 2420 5658 illi
2440 5604 2749 5661 ﬁdelissimo
2767 5608 2985 5677 antiquo
3010 5605 3207 5661 tantulo
3234 5605 3330 5664 Dei

1746 5693 1936 5766 Moysi,
1970 5694 2160 5749 mirutn
2184 5694 2284 5749 nisi
2316 5697 2366 5750 in
2399 5696 2498 5751 hac
2526 5710 2665 5753 terra
2691 5697 3015 5763 laboratum,
3044 5696 3328 5769 populum

1749 5805 1857 5865 que
1879 5791 2031 5852 illum
2055 5790 2229 5851 adhuc
2247 5804 2482 5865 rectum,
2507 5807 2817 5856 concessum
2845 5803 2929 5851 est
2951 5792 3093 5873 quod
3119 5793 3327 5871 petivit,
