4004 6412
630 320 734 379 615

631 435 744 490 sive
774 441 832 488 ut
857 431 970 502 ipsa
997 439 1174 503 pottus
1197 432 1336 488 nosti
1356 473 1372 496 .
1415 433 1612 504 aliquid
1639 433 1883 505 ambigis.
1915 435 2075 492 Vides
2115 437 2215 492 ita-

629 539 734 596 que
761 522 920 580 {idem
949 533 1113 586 tuam,
1143 523 1291 579 vides
1315 524 1697 579 dubitationem
1727 536 1891 591 tuam,
1919 526 2068 581 vides
2099 535 2215 581 stu-

631 615 776 672 diutn
812 627 958 671 tuum
981 615 1411 686 voluntatemque
1447 616 1724 682 discendi;
1768 626 1959 672 ctcutn
1983 618 2216 673 auctori-

629 719 736 764 tate
779 708 958 764 divina
1001 710 1264 765 movearis
1308 708 1376 763 ad
1419 709 1685 766 credenda
1732 727 1850 780 quin
1896 727 2001 767 non
2033 712 2219 778 vides.

628 804 745 860 bwc
775 814 826 860 te
861 814 1035 860 tamen
1061 804 1282 859 credere
1310 803 1679 859 incunctanter
1708 802 1856 860 vides
1885 822 1897 858 :
1943 803 2217 860 distribuis

625 907 679 952 et
708 897 872 953 discet
889 899 969 951 nis
991 897 1104 952 bace
1127 897 1330 951 omnia.

696 989 922 1045 CAPUT
952 987 1281 1044 X\’ll.—4l.
1313 988 1448 1044 Num
1476 1006 1604 1060 ergo
1632 991 1695 1045 iis
1723 992 1893 1046 oculis
1917 992 2093 1046 cordis
2119 993 2213 1058 tui,

624 1082 815 1151 quibus
844 1081 957 1134 bare
981 1081 1163 1134 omnia
1202 1096 1329 1135 vera
1355 1089 1411 1136 ct
1437 1091 1584 1136 certa
1609 1096 1726 1136 esse
1752 1084 2022 1137 eontueris
2043 1123 2056 1143 ,
2096 1082 2214 1137 tibi-

625 1190 729 1245 que
757 1175 1037 1245 praesentia
1066 1173 1402 1228 invisibiliter
1425 1175 1604 1228 cernis
1620 1184 1778 1245 atque
1797 1176 2078 1239 discernis,
2107 1177 2216 1231 ullo

623 1264 783 1321 modo
827 1280 1119 1335 cor-porcos
1158 1265 1344 1320 oculos
1373 1267 1752 1335 comparabis?
1803 1283 1923 1321 cum
1954 1269 2116 1322 etiam
2145 1269 2214 1324 de

621 1358 750 1428 ipsis
777 1359 936 1414 rebus
961 1357 1258 1412 visibilibus
1285 1373 1404 1428 qua:
1423 1358 1776 1427 corporalium
1801 1358 2074 1412 oculorum
2101 1359 2215 1412 acie

617 1449 1013 1521 quodammodo
1043 1449 1345 1514 radiantur,
1387 1458 1444 1504 et
1486 1449 1554 1504 dc
1581 1451 1709 1519 ipsis
1736 1451 2012 1519 corporeis
2041 1451 2213 1505 oculis

617 1557 908 1612 eorumque
933 1542 1048 1597 acie
1066 1583 1082 1607 ,
1109 1543 1511 1612 qualiscumque
1553 1554 1606 1597 ct
1649 1552 2077 1614 quanticumque
2105 1545 2208 1611 sit,

615 1644 871 1704 quantum
899 1634 1058 1688 distet
1082 1633 1150 1688 ab
1176 1633 1529 1688 invisibilibns
1552 1676 1567 1699 ,
1599 1650 1702 1688 non
1723 1635 2209 1704 cvcellctttioribus,

615 1727 809 1797 quibus
827 1728 986 1782 etiant
1015 1728 1029 1759 ¹
1062 1744 1164 1782 non
1193 1728 1320 1782 visis
1335 1727 1502 1782 iidem
1530 1727 1729 1791 debes,
1761 1729 1856 1782 sed
1889 1729 1961 1784 ab
2001 1729 2064 1783 iis
2093 1745 2212 1800 qua:

616 1821 1068 1885 commemoravi,
1109 1835 1230 1891 qua:
1258 1837 1362 1874 non
1393 1820 1569 1875 credis
1609 1822 1854 1876 absentia
1879 1865 1894 1887 ,
1937 1823 2030 1877 sed
2079 1838 2212 1891 pra:-

615 1912 790 1966 sentia
819 1923 996 1966 mente
1020 1910 1310 1974 COIIlUt'I’iS,
1342 1927 1446 1966 non
1469 1911 1655 1966 iisdem
1681 1912 1807 1981 ipsis
1827 1915 2000 1967 carnis
2019 1912 2206 1979 oculis,

613 2004 708 2060 sed
755 2005 860 2058 illis
906 2005 1248 2060 interioribus
1284 2004 1514 2070 judiccs.
1570 2004 1702 2059 Cum
1746 2021 1873 2075 ergo
1923 2003 2204 2059 interiores

613 2097 754 2151 oculi
790 2094 999 2166 jttdices
1037 2096 1139 2152 siet
1171 2095 1450 2150 oculorum
1481 2096 1809 2149 exteriorum
1835 2137 1852 2162 ,
1905 2096 1987 2150 isti
2032 2104 2208 2150 autent

614 2187 720 2242 illis
749 2187 976 2256 quodam
1005 2187 1182 2241 olticio
1207 2187 1484 2242 nuntiandi
1513 2196 1566 2242 et
1601 2186 1897 2240 ministerio
1945 2185 2204 2240 famulen-

614 2291 722 2345 tur,
747 2281 1014 2349 multaque
1037 2280 1108 2333 illi
1129 2279 1339 2334 videant
1356 2296 1474 2348 qua:
1493 2280 1575 2334 isti
1597 2295 1702 2334 ttott
1721 2279 1932 2344 vident,
1957 2279 2086 2332 nihil
2121 2279 2208 2334 isti

614 2371 869 2435 videant,
911 2367 1052 2424 unde
1099 2385 1203 2423 non
1236 2370 1312 2423 illi
1357 2381 1604 2439 tanquam
1651 2369 1908 2440 prarsidcs
1931 2370 2204 2439 judicent;

614 2464 735 2532 quis
779 2479 884 2516 non
925 2462 1044 2516 illos
1083 2463 1198 2518 istis
1235 2463 1636 2534 incomparabili
1679 2463 2036 2520 aestimatione
2066 2480 2204 2534 pra:-

616 2555 811 2626 ponat?

685 2645 774 2700 £2.
809 2643 938 2710 Quze
965 2659 1086 2700 cum
1115 2645 1184 2700 ita
1224 2647 1362 2712 sint,
1393 2647 1616 2702 obsecro
1647 2657 1733 2712 te,
1777 2664 1898 2702 cum
1940 2647 2114 2718 agitur
2152 2648 2205 2704 in

614 2738 780 2808 teipsa
810 2739 912 2794 ltoc
937 2748 1042 2793 tam
1069 2739 1268 2810 grande
1291 2742 1593 2810 negotium;
1623 2756 1742 2797 cum
1768 2742 1835 2796 ab
1851 2741 2206 2796 exterioribus

615 2831 869 2889 interiora
898 2831 1206 2902 distinguis,
1237 2841 1394 2902 atque
1426 2833 1511 2887 illa
1540 2835 1655 2888 istis
1686 2832 2027 2889 inell'abiliter
2055 2841 2208 2890 ante-

614 2925 806 2996 ponis;
838 2940 1066 2995 cumque
1098 2925 1214 2979 istis
1241 2925 1370 2979 l'ot-is
1396 2926 1624 2992 relictis,
1658 2925 1711 2980 itt
1739 2927 1844 2980 illis
1886 2926 2206 2981 intrinsecus

616 3017 942 3081 dctnoraris,
973 3026 1026 3070 et
1051 3032 1110 3071 ea
1141 3017 1252 3072 suis
1281 3017 1594 3086 quibusdam
1628 3019 2055 3088 incorporalibus
2084 3017 2205 3074 ﬁni-

615 3107 715 3164 bus
737 3108 1002 3162 metiendo
1028 3107 1267 3177 judicas,
1301 3109 1352 3162 itt
1380 3109 1520 3164 ttttlla
1549 3119 1599 3164 te
1631 3118 1782 3180 putas
1802 3153 1817 3175 ,
1847 3126 1914 3165 att
1947 3110 2002 3165 in
2028 3111 2205 3182 aliqua

616 3198 737 3255 luce
768 3200 1002 3254 versari?
1049 3200 1158 3271 Ego
1197 3201 1337 3255 enim
1368 3200 1616 3257 existimo
1642 3203 1782 3273 qttod
1825 3213 1969 3260 tanta
2011 3205 2106 3259 tibi
2149 3212 2206 3260 et

618 3294 772 3362 talia,
820 3304 926 3349 tam
974 3310 1138 3360 vera,
1179 3303 1285 3349 tam
1323 3296 1501 3361 clara,
1541 3307 1650 3352 tam
1687 3308 1832 3354 certa
1875 3299 2046 3354 videri
2090 3300 2205 3356 sine

615 3388 735 3445 luce
763 3403 868 3442 non
900 3398 1138 3458 possunt.
1172 3387 1341 3457 Ipsam
1383 3389 1545 3458 igitur
1583 3390 1755 3444 lucem
1784 3389 1837 3444 in
1882 3406 1983 3459 qua
2013 3399 2203 3447 cuncta

613 3479 702 3534 illa
735 3477 990 3549 perSpicis
1011 3519 1027 3543 ,
1075 3479 1310 3544 intuere;
1359 3487 1414 3533 et
1441 3477 1559 3532 vide
1584 3489 1761 3533 utrum
1788 3478 1853 3533 ad
1880 3495 1997 3534 eam
2039 3479 2204 3550 possit

613 3572 868 3628 accedere
889 3573 1027 3627 ullus
1043 3587 1422 3642 corporeorum
1441 3571 1622 3626 radius
1638 3571 1913 3626 oculorum
1933 3589 1945 3626 :
1966 3571 2205 3642 proiecto

613 3680 720 3720 non
749 3674 940 3735 potest.
967 3665 1192 3720 Attende
1218 3665 1376 3719 etiam
1399 3682 1412 3726 ;
1439 3675 1493 3719 et
1519 3673 1694 3719 utrum
1719 3667 1770 3719 itt
1798 3680 1860 3720 ea
1885 3665 2068 3720 videas
2099 3664 2204 3719 ulla

612 3757 852 3812 locorum
878 3757 1044 3825 spatia
1067 3756 1149 3810 vel
1181 3754 1777 3825 iutervalla,responde.
1804 3753 1944 3810 Nihil
1976 3754 2046 3809 ibi
2075 3754 2200 3822 tale,

613 3859 670 3903 ut
696 3848 956 3915 arbitror,
989 3848 1226 3914 invenis,
1268 3847 1315 3901 si
1345 3849 1625 3918 vigilanter
1650 3847 1819 3918 abigis
1871 3848 1938 3901 ab
1979 3857 2204 3917 aspectu

613 3942 800 3996 intimo
818 3939 1070 4012 quidquid
1098 3939 1382 4011 imaginum
1413 3939 1771 4009 corporalium
1800 3937 2080 3993 exterioris
2106 3937 2202 3992 lto-

611 4035 771 4090 ntinis
800 4048 988 4089 sensus
1030 4033 1227 4088 invexit
1261 4051 1273 4086 ε
1307 4032 1399 4086 sed
1449 4031 1584 4087 forte
1629 4031 1845 4086 diflicile
1889 4040 1989 4085 est.
2042 4029 2201 4085 irruit

612 4127 755 4179 enim
780 4124 846 4180 de
868 4125 1252 4180 consuetudine
1276 4123 1505 4178 carnalis
1534 4123 1652 4178 vita:
1675 4167 1688 4188 ,
1734 4124 1785 4177 itt
1821 4124 1962 4193 ipsos
1991 4137 2200 4193 quoque

614 4216 900 4273 interiores
929 4215 1114 4270 oculos
1145 4216 1295 4270 turba
1325 4215 1752 4286 pltautasmatunt
1801 4214 1854 4268 in
1899 4213 2202 4270 similitudi-

610 4309 768 4364 nibus
792 4322 1074 4376 corporum
1103 4327 1114 4362 :
1141 4309 1225 4361 cui
1253 4307 1504 4363 resistere
1535 4319 1779 4371 conatus,
1809 4308 1996 4361 saltem
2025 4316 2204 4362 aucto-

615 4402 772 4456 ritate
802 4399 977 4454 diviua
1005 4401 1331 4466 exclamavi,
1359 4400 1546 4455 dolens
1576 4400 1626 4454 itt
1652 4401 1738 4454 illa
1763 4400 1907 4454 brevi
1938 4399 2162 4470 epistola
2183 4441 2198 4464 ,

611 4502 668 4546 et
698 4491 805 4546 dixi
838 4508 851 4543 :
884 4489 1073 4543 Audiat
1115 4507 1234 4544 caro
1273 4491 1560 4544 carnalibus
1606 4491 1988 4561 cogitationibus
2034 4491 2199 4558 ebria,

617 4605 635 4640 ε
659 4586 884 4658 Spiritus
898 4596 969 4641 est
990 4583 1126 4640 Petis
1146 4604 1164 4638 ι
1201 4584 1388 4656 (Epist.
1419 4586 1506 4649 99,
1542 4602 1596 4639 η.
1623 4586 1699 4656 5).
1732 4583 1912 4654 Neque
1941 4585 2082 4640 enim
2104 4601 2201 4640 cu-

609 4679 859 4750 jusquam
891 4678 1058 4748 magis
1089 4693 1246 4747 quant
1273 4677 1429 4730 ctiant
1458 4675 1624 4746 ipsaut
1670 4691 1843 4731 meant
1875 4687 2106 4731 mentem
2136 4676 2203 4731 ab

613 4771 916 4842 bujnsntodi
946 4772 1177 4825 vanitate
1197 4811 1212 4835 ,
1241 4770 1330 4824 illa
1361 4770 1720 4838 increpatione
1749 4770 2072 4840 compescui.
2101 4767 2200 4824 Fa—

609 4866 762 4919 cilius
788 4863 982 4934 quippe
1011 4865 1328 4919 inclinantur
1357 4861 1423 4917 ad
1454 4863 1606 4918 solita
1633 4906 1647 4929 ,
1681 4873 1734 4917 et
1758 4865 1986 4918 anticum
2009 4871 2092 4918 est
2117 4863 2200 4917 in-

614 4957 849 5011 ﬁrmitati
880 4959 1124 5011 humanm
1153 4957 1346 5010 animae
1377 4957 1711 5026 corporalem
1740 4957 2200 5012 conversationem

613 5049 878 5103 introrsus
903 5051 983 5105 vel
1007 5051 1218 5106 mittere
1243 5049 1325 5104 Vcl
1356 5050 1654 5113 admittere,
1682 5067 1784 5104 non
1812 5051 1898 5104 ubi
1915 5065 2043 5103 sana
2069 5065 2202 5106 con-

611 5141 794 5202 sistat.
829 5142 921 5196 sed
954 5143 1039 5198 ubi
1086 5145 1332 5215 languida
1375 5141 1766 5215 qttmlatttmudo
1808 5153 1898 5197 aut
1934 5142 2205 5196 incumbat

608 5244 700 5289 aut
727 5233 922 5306 jaceat.
1421 5293 1464 5303 δ

686 5329 775 5383 45.
820 5325 1045 5382 Proinde
1081 5327 1123 5380 si
1152 5344 1254 5382 non
1298 5337 1446 5396 potes
1472 5329 1638 5382 aciem
1668 5329 1861 5380 mentis
1889 5335 1993 5381 tua:
2021 5342 2049 5379 a
2079 5342 2201 5382 cor-

613 5436 898 5492 porearum
928 5417 1327 5492 similitudinum
1359 5421 1507 5490 quasi
1544 5417 1721 5472 ttttbilo
1753 5418 2030 5488 perspicue
2060 5433 2202 5475 sere-

609 5531 775 5582 nare,
814 5530 907 5569 eas
933 5515 1072 5585 ipsas
1099 5514 1234 5586 apud
1263 5515 1484 5582 tcipsam
1508 5514 1785 5586 vigilanter
1817 5514 2034 5570 attende
2070 5533 2082 5570 :
2118 5514 2200 5568 in-

613 5619 762 5664 tuere
778 5609 973 5666 taeluttt
991 5619 1043 5663 ct
1062 5619 1255 5663 terram
1272 5608 1574 5677 cegitando,
1597 5612 1733 5664 sicut
1748 5611 1914 5664 oculis
1929 5608 2202 5680 corporeis

672 5745 687 5773 ι
717 5750 763 5808 tn
801 5744 1010 5806 vulgatis
1047 5743 1273 5808 habetur,
1311 5742 1482 5808 quibus
1517 5741 1819 5808 etiammobis
1842 5756 1934 5793 non
1961 5745 2088 5799 visis.
2115 5749 2202 5795 Ex-

605 5807 867 5871 ptmxintus
888 5803 1056 5856 vocent
1077 5807 1228 5868 nobis,
1252 5803 1363 5868 qua:
1386 5808 1525 5858 abcst
1545 5806 1609 5856 ab
1630 5803 1812 5868 aliquot
1833 5813 1937 5858 Mss.

1845 319 1903 378 8.
1943 321 2306 381 AUGUSTINI
2347 323 2645 384 EPISCOPI
3765 345 3849 404 8"

2327 442 2598 496 cernendo
2638 444 2935 510 consuesti;
2977 460 3173 517 easque
3217 447 3469 518 imagines
3493 452 3606 508 catli
3637 465 3686 510 et
3725 468 3850 519 terra

2325 545 2442 599 qua)
2467 541 2591 587 ante
2623 534 2807 590 oculos
2836 537 3170 606 cogitationis
3199 540 3462 608 producta:
3502 553 3645 606 sunt,
3667 548 3770 604 vide
3791 554 3848 606 si-

2323 624 2649 680 militudines
2690 641 2977 697 corporum
3018 644 3167 695 esse,
3212 646 3314 685 non
3353 648 3590 703 corpora.
3639 637 3717 694 Sic
3752 657 3852 712 ergo

2321 716 2501 786 judica
2531 731 2717 774 contra
2747 723 2967 791 teipsatn
2997 738 3092 792 pro
3120 729 3286 794 teipsa
3307 767 3323 792 ,
3352 727 3398 779 si
3429 743 3530 780 non
3557 739 3692 797 potes
3711 737 3850 791 omni-

2321 806 2508 864 fariam
2538 813 2896 882 corporalium
2928 815 3240 884 qualitatum
3268 817 3600 887 intaginarias
3618 820 3786 880 formas
3801 828 3851 882 ab

2319 902 2433 956 acie
2461 910 2563 956 tua:
2591 905 2785 959 mentis
2810 905 3052 976 abigere;
3089 917 3141 962 et
3172 910 3312 962 unde
3341 909 3563 965 vinceris
3583 951 3597 976 ,
3620 912 3725 970 inde
3749 931 3851 970 con.

2319 995 2491 1049 vince.
2539 995 2718 1066 Neque
2748 997 2891 1052 enim
2937 1007 3049 1061 est,
3082 1007 3139 1052 ιιι
3165 999 3390 1068 Opinor,
3436 1000 3695 1071 quisquam
3721 1006 3846 1061 etiam

2322 1085 2517 1140 talibus
2545 1085 3009 1157 imaginationibus
3044 1089 3112 1144 ita
3137 1089 3348 1144 deditus
3368 1131 3383 1155 ,
3415 1101 3472 1144 nt
3494 1093 3664 1147 credat
3679 1094 3743 1148 sic
3762 1110 3853 1153 esse

2323 1176 2374 1230 itt
2423 1179 2677 1233 memoria
2718 1196 2811 1233 sua
2836 1222 2850 1244 ,
2883 1182 2963 1236 vel
2997 1182 3047 1235 in
3084 1181 3198 1251 ipso
3243 1193 3529 1253 conspectu
3571 1184 3851 1254 cogitationis

2318 1286 2430 1324 sum
2452 1310 2466 1334 ,
2501 1271 2705 1337 solem,
2739 1272 2950 1337 lunam,
2980 1273 3184 1338 stellas,
3217 1289 3423 1338 amnes,
3455 1274 3645 1339 maria,
3665 1286 3849 1344 montes,

2319 1363 2513 1426 colles,
2549 1363 2725 1427 urbes,
2746 1365 2976 1433 parietes
3003 1365 3232 1434 denique
3253 1365 3443 1419 domus
3468 1379 3574 1420 sua:
3594 1407 3609 1432 ,
3639 1367 3708 1420 vel
3721 1368 3848 1422 etiam

2317 1456 2543 1510 cubiculi
2572 1457 2685 1523 sui,
2715 1467 2767 1512 et
2793 1457 3045 1528 quidquid
3078 1475 3173 1528 per
3198 1457 3383 1512 oculos
3413 1456 3645 1526 corporis
3665 1455 3757 1512 tale
3776 1473 3848 1513 co-

2315 1549 2498 1618 gnovit
2536 1561 2589 1603 et
2627 1559 2808 1612 tenet,
2857 1561 2912 1604 ut
2942 1551 3176 1605 locorum
3207 1551 3396 1620 Spat'tis
3435 1560 3587 1620 atque
3613 1551 3849 1607 intervallis

2316 1640 2429 1694 sive
2459 1649 2629 1706 stent,
2655 1642 2766 1695 sive
2792 1651 3124 1699 moveantur.
3159 1641 3328 1697 Porro
3352 1641 3397 1695 si
3423 1656 3485 1695 ea
3514 1658 3622 1710 qua:
3649 1642 3848 1696 inanimo

2317 1742 2500 1786 nostro
2547 1745 2670 1787 sunt
2697 1735 3010 1804 corporibus
3055 1735 3294 1805 locisque
3335 1735 3627 1801 simillima,
3672 1746 3844 1791 nonta-

2315 1835 2436 1879 men
2467 1827 2702 1880 locorum
2731 1827 2914 1895 spatiis
2942 1838 3100 1897 atque
3147 1827 3344 1882 ﬁnibus
3381 1827 3728 1889 continentur.
3773 1843 3845 1882 nec

2317 1915 2608 1972 intervallis
2654 1917 2912 1972 localibus
2939 1917 2990 1971 itt
3033 1927 3212 1973 nostra
3259 1917 3517 1972 memoria
3548 1926 3841 1985 reponuntur;

2316 2019 2514 2078 quanto
2543 2010 2710 2080 magis
2740 2009 2826 2064 illa
2871 2026 2989 2079 qua:
3030 2009 3227 2064 nullam
3272 2017 3465 2080 gerunt
3508 2008 3843 2063 similitudinem

2313 2116 2596 2171 corporum
2617 2143 2632 2166 ,
2666 2100 2900 2156 cbaritas
2925 2143 2940 2167 ,
2982 2100 3229 2171 gaudium
3258 2140 3273 2162 ,
3327 2100 3709 2170 longanimitas,
3736 2112 3840 2168 pax,

2313 2194 2632 2263 benignitas,
2657 2194 2864 2248 bonitas
2886 2236 2899 2258 ,
2934 2194 3095 2256 ﬁdes,
3127 2194 3520 2258 mansuetudo,
3550 2192 3838 2255 continentia,

2313 2287 2455 2340 nulla
2487 2287 2722 2340 locorum
2753 2287 2922 2356 spatia
2959 2295 3176 2347 tenent.
3220 2285 3364 2339 nulla
3405 2284 3840 2355 intercapedinem-

2313 2389 2598 2449 parantur,
2641 2389 2733 2432 aut
2776 2379 2951 2449 aliqua
2981 2379 3119 2433 oculi
3155 2378 3372 2443 cordis,
3424 2394 3528 2448 quo
3553 2378 3710 2432 radios
3748 2391 3839 2432 suos

2311 2470 2524 2524 mittant
2553 2480 2604 2524 et
2633 2486 2692 2523 ea
2725 2469 2970 2534 videant,
3021 2469 3304 2524 intervalla
3333 2469 3666 2538 conquirunt!
3698 2467 3838 2523 Nonne

2310 2562 2488 2615 omnia
2527 2561 2576 2614 in
2607 2577 2711 2614 uno
2755 2570 2878 2615 sunt
2921 2561 3035 2615 sine
3064 2560 3305 2630 attgnsna
3328 2601 3341 2623 ,
3385 2568 3439 2613 et
3477 2560 3620 2613 suis‘
3652 2558 3836 2614 terminis

2311 2660 2434 2706 nota
2474 2661 2626 2718 sunt,
2666 2653 2783 2707 sine
2820 2652 3044 2706 circuitu
3089 2649 3408 2718 regionum?
3448 2652 3550 2704 Aut
3575 2649 3652 2704 die
3687 2649 3729 2702 in
3761 2663 3835 2718 quo

2311 2743 2428 2798 loco
2454 2743 2635 2798 videas
2655 2743 2965 2798 cbaritatem
2991 2759 3004 2808 ;
3037 2757 3154 2812 qua:
3187 2751 3366 2795 tamen
3395 2742 3445 2795 in
3469 2749 3658 2794 tantum
3675 2739 3748 2794 tibi
3766 2754 3834 2792 co-

2310 2835 2453 2904 gnita
2476 2844 2576 2897 est,
2598 2834 2647 2888 in
2670 2843 2924 2905 quantum
2948 2848 3065 2887 eam
3099 2841 3252 2903 potes
3280 2832 3475 2886 mentis
3500 2831 3606 2886 acie
3620 2827 3830 2885 contucrl:

2312 2941 2469 2996 quam
2495 2940 2600 2979 non
2633 2925 2752 2979 'sleo
2778 2939 3022 2995 magnam
3049 2924 3207 2987 nosti,
3238 2924 3360 2994 quia
3390 2922 3641 2993 ingentem
3659 2921 3830 2990 aliqua

2312 3017 2508 3070 molem
2534 3014 2913 3086 cattSpiciendo
2938 3015 3175 3069 lustrasti
3201 3029 3216 3079 ;
3258 3030 3361 3069 nec
3390 3029 3508 3068 cum
3529 3012 3617 3068 tibi
3643 3012 3755 3066 intus
3775 3012 3832 3065 lo-

2310 3108 2506 3177 quitur,
2539 3117 2595 3162 ut
2624 3106 2912 3161 secundum
2937 3122 3056 3162 eam
3075 3107 3238 3172 vivas,
3271 3106 3397 3160 ullis
3416 3104 3677 3175 perstrepit
3699 3102 3829 3165 sonis;

2311 3214 2410 3254 nec
2440 3209 2498 3254 ut
2535 3215 2652 3254 eam
2677 3214 2900 3265 cernas,
2934 3199 3297 3269 corporalium
3333 3197 3508 3254 lumen
3538 3197 3680 3266 erigis
3699 3192 3830 3249 oculo-

2310 3307 2464 3359 rum;
2510 3309 2609 3349 nec
2641 3302 2697 3348 ut
2727 3310 2843 3348 eam
2875 3291 3085 3348 fortiter
3113 3303 3299 3348 teneas
3320 3333 3337 3360 ,
3379 3293 3704 3364 corporalium
3730 3289 3830 3342 viret

2309 3399 2578 3455 pneparas
2612 3386 2957 3452 lacertorum;
2988 3399 3088 3442 nec
3110 3399 3232 3440 cum
3254 3385 3353 3440 tibi
3384 3384 3526 3440 venit
3547 3384 3597 3437 in
3621 3389 3826 3439 mentem.

2308 3478 2476 3533 sentis
2501 3478 2617 3548 ejus
2644 3480 2926 3535 incessum.

2381 3570 2470 3626 44.
2500 3570 2638 3625 Ecce
2663 3571 2822 3626 etiam
2847 3571 3081 3625 cbaritas
3110 3569 3588 3641 quantulacumque
3626 3568 3671 3623 in
3695 3570 3826 3620 nostra

2309 3664 2580 3720 voluntate
2616 3665 2893 3732 consistit,
2933 3663 3193 3734 nobisque
3219 3664 3508 3734 conspicua
3541 3670 3642 3724 est.
3682 3673 3758 3712 nec
3788 3655 3824 3708 ἱιι

2310 3755 2428 3811 loco
2461 3755 2670 3811 videtur
2690 3795 2706 3821 ,
2755 3769 2859 3810 nec
2897 3754 3264 3825 corporalibus
3293 3756 3464 3810 oculis
3489 3754 3733 3824 qumritur,
3757 3757 3824 3800 nec

2308 3850 2762 3906 circumscribitur
2796 3850 2945 3914 visu,
2979 3863 3082 3904 nec
3109 3857 3250 3902 tactu
3282 3856 3518 3911 tenetur,
3557 3858 3644 3899 nec
3667 3839 3822 3895 auditur

2307 3945 2488 4011 aifatu,
2519 3959 2617 4000 nec
2641 3942 2866 3997 sentitur
2887 3944 3095 3997 incessu
3120 3958 3132 3994 :
3164 3950 3365 4010 quanto
3392 3937 3553 4007 magis
3576 3935 3696 3990 Deus
3715 3932 3820 4001 ipse.

2308 4037 2460 4105 cujus
2492 4037 2591 4091 ltoc
2627 4035 2814 4105 pignus
2839 4033 2893 4088 itt
2925 4032 3079 4087 nobis
3107 4031 3220 4086 est!
3263 4030 3396 4084 Nam
3423 4030 3466 4084 si
3493 4025 3686 4082 interior
3705 4021 3822 4076 homo

2310 4137 2521 4194 noster,
2552 4126 3036 4197 quantulacumque
3064 4123 3241 4193 imago
3268 4122 3386 4192 ejus
3409 4163 3423 4187 ,
3456 4135 3554 4174 non
3579 4117 3638 4170 de
3663 4113 3733 4168 illo
3751 4123 3812 4180 με

2308 4219 2416 4273 uita
2435 4261 2450 4284 ,
2479 4218 2572 4273 sed
2600 4218 2668 4272 ab
2693 4217 2784 4272 illo
2803 4223 2980 4272 creata
3005 4256 3020 4279 ,
3049 4213 3294 4284 quamvis
3321 4212 3492 4267 adhuc
3515 4213 3756 4264 renovetur
3771 4199 3818 4252 de

2306 4311 2393 4366 die
2422 4310 2474 4364 iu
2499 4309 2640 4365 diem
2660 4351 2675 4376 ,
2698 4309 2808 4379 jam
2839 4318 3014 4363 tamen
3041 4307 3092 4361 in
3123 4306 3211 4360 tali
3241 4305 3364 4362 luce
3386 4305 3607 4367 habitat,
3629 4313 3715 4370 quo
3733 4290 3818 4349 ttul-

2307 4402 2388 4458 lus
2412 4402 2684 4455 oculorum
2712 4401 3068 4469 corporalium
3104 4413 3298 4454 sensus
3321 4397 3550 4461 accedit;
3591 4393 3628 4448 si
3661 4405 3711 4446 ea
3731 4399 3816 4458 qut

2307 4497 2361 4551 in
2408 4496 2493 4550 illa
2528 4496 2643 4549 luce
2671 4493 2852 4549 cordis
2893 4493 3062 4548 oculis
3092 4493 3395 4555 intuemur,
3439 4499 3493 4546 et
3517 4487 3816 4543 discernuntur

2307 4588 2444 4643 inter
2463 4603 2543 4652 se,
2574 4596 2627 4642 et
2654 4587 2813 4642 nullis
2838 4586 3074 4641 locorum
3104 4585 3296 4656 spatiis
3310 4595 3608 4654 separantur
3633 4596 3646 4634 :
3667 4579 3814 4647 quanto

2309 4680 2475 4749 magis
2504 4679 2674 4743 Dens,
2701 4679 2791 4750 qui
2831 4678 3002 4734 lucem
3044 4677 3247 4732 babitat
3292 4671 3812 4732 ittaceessibilettt,cor-

2307 4771 2453 4840 poris
2479 4770 2727 4825 sensibus
2745 4811 2760 4836 ,
2791 4784 2898 4840 quo
2925 4785 3022 4824 nec
3050 4768 3214 4839 ipsius
3241 4767 3343 4822 nisi
3366 4764 3540 4820 tnuudi
3565 4765 3709 4832 potest
3727 4764 3813 4808 esse

2307 4861 2483 4918 cordis
2504 4861 2781 4918 accessus!
2812 4859 2945 4914 Cum
2980 4859 3138 4930 igitur
3164 4860 3333 4912 lucem
3359 4857 3508 4911 istam
3532 4851 3812 4913 ontnicorpo-

2310 4957 2406 5013 rali
2456 4956 2603 5021 luci,
2655 4969 2759 5008 non
2804 4953 2976 5008 solum
3020 4950 3224 5021 judicio
3253 4949 3500 5013 rationis,
3549 4941 3632 4999 sed
3665 4933 3811 5033 amoris

2309 5065 2519 5120 (ιυηίιυθ
2563 5046 2802 5118 appetitu
2846 5043 3329 5115 pra-posueritttus;
3381 5048 3570 5110 quanto
3609 5032 3652 5087 id
3689 5032 3810 5094 111³81³

2307 5143 2628 5205 valebimus,
2662 5149 2810 5195 tanto
2853 5137 3043 5194 melius
3077 5136 3395 5196 valebimus.
3429 5133 3586 5186 donec

2308 5253 2493 5291 omnes
2533 5235 2814 5306 languores
2840 5233 3033 5287 anima:
3063 5240 3258 5286 nostne
3292 5227 3472 5282 abillo
3499 5221 3580 5293 qui
3612 5217 3808 5312 Pro???"

2308 5330 2366 5385 ﬁt
2389 5328 2638 5385 omnibus
2670 5324 3034 5396 iniquitatibus
3078 5322 3292 5378 nostris.
3337 5319 3388 5373 In
3431 5315 3525 5370 bac
3549 5310 3807 5407 colatur":

2308 5425 2452 5479 ciore
2481 5423 2584 5477 vita
2628 5422 2750 5475 facti
2782 5419 3112 5490 spirituales,
3161 5416 3442 5486 [tulerimus
3479 5405 3635 5464 omnia
3664 5388 3799 5465 ἀψιάὶ

2307 5531 2463 5578 Care;
2494 5515 2593 5584 ipsi
2638 5527 2767 5567 vero
2789 5526 2821 5567 a
2851 5510 3064 5566 nemine
3090 5506 3380 5578 dijudieari.
3424 5495 3653 5558 Anitnatis

2310 5608 2470 5663 Itomo
2512 5580 2619 5662 non
2659 5604 2885 5677 percipit
2925 5618 3045 5674 qua:
3069 5611 3194 5657 sunt
3236 5599 3445 5672 spiritus
3487 5593 3570 5649 Dei
3597 5606 3610 5642 :
3635 5580 3806 5641 stultitia

2306 5744 2487 5860 ὠδὶς
2510 5751 2614 5793 Mss.
2634 5754 2823 5792 omnes.
2852 5747 2905 5790 Αῑ
2929 5737 3096 5791 excusi
3118 5710 3323 5786 habent:
3349 5736 3401 5783 Et
3416 5708 3803 5781 ήκω-ιω*
