4004 6386
352 305 453 361 δίο
1555 291 1609 347 s.
1651 284 2012 345 AUGUSTINI
2044 285 2343 352 EPISCOP!
3504 297 3622 366 820

348 417 444 470 hac
477 433 532 469 re
556 415 884 482 disputantes
929 409 1032 465 illis
1073 409 1212 462 vitiis
1256 421 1438 461 carere
1467 405 1761 474 possimus,
1799 414 1918 474 quae

345 509 658 577 plerumque
689 503 878 557 studiis
903 499 1144 555 humanis
1181 507 1234 553 et
1266 494 1743 552 concertationibus
1771 492 1918 567 cxcie

348 605 547 659 tantur,
568 593 692 647 dum
722 606 878 660 supra
905 605 1062 657 quam
1087 586 1339 656 scriptum
1368 593 1450 639 est
1477 595 1612 638 unus
1633 598 1730 653 pro
1753 583 1921 636 altero

349 687 561 741 inﬂetur
587 684 840 740 adversus
867 679 1092 736 alterum
1117 697 1130 733 :
1155 693 1223 734 ne
1248 675 1372 732 dum
1399 673 1702 730 altercando
1723 674 1922 743 quieri-

346 792 465 831 mus
494 776 805 842 investigare
825 769 1088 841 quomodo
1133 767 1298 838 possit
1333 764 1500 820 videri
1540 763 1678 818 Dens
1700 804 1712 828 ,
1752 765 1920 832 ipsam

347 881 533 935 pacem
563 857 1138 927 sanctifiCationemque
1165 856 1464 928 perdamus,
1499 855 1612 908 sine
1632 869 1732 924 qua
1765 867 1920 906 nemo

347 955 541 1029 poterit
581 953 762 1009 videre
806 949 1006 1015 Deum;
1048 949 1188 1020 quod
1231 950 1343 1018 ipse
1379 954 1581 1001 avertat
1609 960 1636 997 a
1672 943 1921 999 cordibus

346 1048 564 1114 nostris,
584 1055 639 1102 ut
659 1061 722 1101 ea
742 1060 849 1099 sum
875 1042 1307 1112 contemplationi
1337 1039 1530 1094 munda
1556 1037 1744 1093 reddat
1762 1046 1921 1106 atque

346 1137 626 1195 custodiat.
668 1134 801 1190 Illud
829 1147 1006 1189 tamen
1033 1133 1152 1203 quia
1184 1147 1286 1185 non
1315 1129 1517 1190 dubito.
1549 1143 1654 1182 non
1685 1125 1918 1197 requiro,

348 1231 487 1304 quod
505 1232 598 1287 Dei
620 1239 806 1286 natura
829 1241 1093 1297 nunquam
1121 1225 1360 1278 videatur
1380 1223 1431 1276 in
1453 1220 1588 1276 luco.
1608 1219 1724 1274 Jam
1744 1227 1921 1273 utrum

346 1317 514 1396 possit
555 1321 710 1393 hujus
751 1319 988 1389 corporis
1032 1315 1197 1370 oculis
1240 1313 1404 1367 videri
1443 1309 1641 1381 aliquid
1683 1309 1824 1379 quod
1870 1309 1921 1396 in

345 1395 464 1470 loco
509 1429 612 1468 non
655 1411 884 1473 videtur,
915 1407 981 1461 ab
1019 1408 1098 1461 eis
1132 1405 1219 1475 qui
1264 1403 1364 1458 hoc
1402 1397 1579 1456 valent
1613 1395 1924 1455 disserendo

346 1512 666 1567 monstrare,
693 1516 811 1556 eum
855 1513 982 1568 pace
1024 1496 1323 1551 dilectionis
1341 1492 1524 1547 audire
1549 1501 1760 1562 paratus
1782 1503 1920 1555 sum,

347 1608 402 1656 et
429 1597 569 1668 quod
595 1610 682 1649 me
705 1599 883 1648 movet
911 1591 966 1644 in
995 1602 1277 1644 commune
1317 1585 1583 1641 conferre.
1615 1583 1752 1640 Sunt
1786 1583 1924 1636 enim

349 1687 589 1760 quidam,
621 1686 708 1757 qui
747 1686 912 1739 Deum
957 1684 1130 1754 ipsum
1172 1679 1389 1734 omnino
1425 1691 1619 1746 corpus
1647 1689 1763 1730 esse
1793 1687 1926 1742 prte-

348 1787 597 1842 sumnnt,
622 1785 865 1848 putantes
909 1771 1163 1845 quidquid
1206 1786 1398 1842 corpus
1441 1782 1545 1824 non
1584 1775 1699 1832 est,
1729 1765 1923 1820 nullam

348 1885 567 1942 prorsus
596 1883 714 1923 esse
752 1865 1100 1921 substantiam
1143 1879 1158 1918 :
1200 1862 1330 1916 istos
1374 1859 1520 1914 omni
1565 1857 1722 1912 modo
1769 1871 1924 1911 aver-

349 1958 544 2014 sandos
563 1971 778 2013 censeo.
808 1958 943 2012 Sunt
965 1965 1140 2009 autem
1167 1951 1293 2018 alii,
1322 1952 1487 2006 Deum
1514 1950 1724 2019 quidem
1755 1949 1926 2016 ipsum

348 2049 539 2121 corpus
568 2066 673 2106 non
699 2061 817 2103 esse
843 2033 1061 2101 minime
1085 2045 1417 2108 dubitantes;
1441 2041 1536 2096 sed
1573 2040 1692 2094 ideo
1717 2053 1810 2092 eos
1839 2038 1928 2108 qui

348 2143 416 2198 ad
447 2144 605 2197 vitam
632 2155 886 2196 aeternam
915 2144 1214 2206 resurgcnt,
1238 2133 1398 2190 etiam
1429 2147 1522 2201 per
1551 2144 1744 2199 corpus
1762 2129 1926 2181 Denm

348 2234 558 2287 visoros
587 2239 790 2300 putant,
812 2227 1060 2298 quoniam
1089 2225 1242 2279 talem
1265 2230 1479 2293 sperant
1502 2220 1788 2288 spiritualis
1809 2233 1928 2272 cor-

349 2325 492 2396 poris
517 2322 819 2393 qualitatem
839 2362 853 2387 ,
885 2328 940 2373 ut
967 2319 1125 2373 etiam
1158 2317 1268 2385 ipsa
1295 2331 1412 2384 qua:
1439 2328 1563 2366 caro
1591 2310 1761 2366 fuerat
1781 2352 1794 2374 ,
1821 2309 1928 2378 Spl-

348 2412 482 2472 ritus
523 2416 631 2469 fiat.
662 2414 812 2482 Quod
839 2414 882 2467 si
913 2413 983 2466 ita
1013 2420 1114 2475 est,
1145 2416 1398 2479 quantum
1430 2406 1589 2460 distet
1614 2419 1642 2458 a
1669 2400 1926 2472 superiori

351 2507 620 2576 Opinione,
644 2515 698 2559 et
723 2519 878 2573 quam
909 2502 1010 2556 hoc
1035 2502 1102 2555 sit
1123 2498 1452 2554 tolerabilius
1471 2538 1484 2560 ,
1513 2494 1720 2550 etiamsi
1745 2506 1926 2546 verum

351 2611 457 2650 non
487 2595 573 2662 sit,
605 2604 729 2664 puto
757 2593 1002 2647 facillime
1027 2589 1273 2660 judicari.
1296 2589 1475 2643 Primo
1497 2627 1512 2652 ,
1538 2585 1662 2655 quia
1705 2584 1925 2637 multum

351 2686 572 2740 interest
616 2691 791 2739 utrum
823 2683 890 2738 de
917 2681 1170 2737 Creatore
1200 2695 1266 2734 an
1296 2680 1362 2734 de
1390 2687 1628 2734 creatura
1659 2676 1812 2729 aliter
1837 2675 1930 2728 ali-

351 2776 477 2847 quid
514 2777 771 2831 sentiatur
803 2790 959 2845 quam
992 2775 1189 2828 veritas
1231 2772 1406 2826 habet.
1437 2770 1664 2834 Deinde,
1689 2769 1808 2838 quia
1839 2783 1931 2821 co-

351 2879 508 2924 natus
533 2869 724 2923 mentis
754 2879 1037 2937 utcumque
1065 2865 1312 2920 ferendus
1337 2873 1418 2920 est
1437 2906 1451 2927 ,
1479 2863 1706 2917 Volentis
1732 2875 1929 2930 corpus

352 2969 660 3016 convertere
687 2961 737 3013 in
765 2960 1026 3028 Spiritum,
1061 2973 1164 3011 non
1198 2955 1248 3010 in
1279 2970 1471 3026 corpus
1503 2954 1687 3007 Deum.
1711 2953 1928 3006 Postre-

353 3063 464 3121 mo',
491 3054 611 3122 quia
641 3052 693 3106 id
723 3051 862 3120 quod
889 3066 985 3122 ego
1011 3049 1065 3103 in
1094 3049 1181 3104 illa
1203 3048 1422 3118 epistola
1452 3061 1567 3100 mea
1595 3045 1702 3099 dixi
1729 3044 1795 3100 de
1817 3044 1930 3099 istis

353 3149 550 3198 nostrai
571 3141 746 3195 carnis
769 3140 955 3205 oculis,
987 3142 1106 3209 quia
1134 3154 1305 3208 neque
1335 3153 1474 3192 nunc
1497 3144 1734 3206 possunt,
1761 3149 1930 3205 neque

353 3241 482 3286 tunc
527 3237 774 3298 poterunt
819 3229 989 3283 Deum
1029 3228 1209 3282 videre
1253 3227 1438 3299 (Epist.
1469 3225 1557 3290 92,
1582 3244 1633 3279 η.
1664 3227 1742 3296 5),
1769 3227 1928 3280 etiam

352 3320 432 3375 sic
457 3327 638 3374 verum
673 3327 754 3372 est
779 3337 791 3373 :
817 3331 919 3371 non
961 3317 1101 3371 enim
1141 3318 1336 3370 dictum
1378 3326 1460 3371 est
1508 3315 1608 3370 nisi
1649 3315 1717 3371 de
1762 3316 1931 3370 oculis

355 3396 760 3482 corporalibus,
789 3409 930 3480 quod
957 3418 1082 3463 tunc
1111 3423 1216 3462 non
1247 3415 1402 3462 crum
1438 3407 1481 3461 si
1525 3421 1718 3475 corpus
1758 3407 1930 3477 ipsum

354 3503 572 3572 spiritus
612 3499 746 3565 erit;
791 3515 854 3556 ac
899 3515 991 3570 per
1051 3491 1151 3554 hoc
1205 3498 1446 3565 corporei
1488 3497 1626 3552 oculi
1665 3511 1930 3567 nunquam

354 3594 523 3650 Denm
545 3594 817 3660 videbunt,
836 3593 960 3663 quia
987 3607 1107 3646 cum
1128 3591 1406 3656 videbitur,
1430 3591 1645 3663 spiritus
1671 3605 1808 3655 eum,
1825 3603 1932 3644 non

355 3683 550 3756 corpus
572 3671 788 3740 videbit.

427 3777 515 3835 50.
545 3771 675 3833 Tota
725 3779 882 3849 igitur
918 3777 1141 3848 quaestio
1178 3775 1286 3846 jam
1333 3776 1589 3828 remansit
1615 3773 1684 3828 de
1711 3788 1935 3844 corpore

354 3859 658 3940 spirituali,
705 3878 968 3939 quatenus
1011 3866 1194 3920 induat
1240 3865 1688 3934 incorruptionem
1737 3849 1801 3918 et
1835 3863 1937 3918 im-

354 3960 728 4015 mortalitatem
765 3961 864 4013 hoc
887 3957 1229 4029 corruptibile
1254 3967 1411 4026 atque
1441 3956 1661 4011 mortale
1681 3997 1694 4022 ,
1726 3965 1778 4010 et
1806 3971 1937 4025 qua-

356 4063 512 4110 tenus
541 4069 605 4106 ex
632 4052 846 4105 animali
889 4050 940 4105 in
976 4049 1250 4120 spirituale
1279 4059 1530 4104 mutetur.
1560 4047 1688 4115 Qua:
1713 4047 1936 4116 diligen-

354 4145 462 4200 tius
483 4145 860 4214 sollicitiusqne
891 4143 1157 4198 tractanda
1185 4151 1299 4208 est;
1327 4141 1552 4196 maxime
1581 4147 1791 4210 propter
1816 4156 1935 4218 cor-

355 4250 458 4309 pus
483 4236 644 4303 ipsius
676 4235 902 4299 Domini,
933 4236 1020 4304 qui
1046 4234 1378 4302 transﬁgurat
1406 4247 1596 4304 corpus
1625 4231 1934 4286 humilitatis

358 4334 578 4398 nostrae,
606 4326 873 4380 conforme
889 4311 1096 4396 corpori
1114 4325 1295 4394 gloriie
1321 4339 1428 4377 sua:
1452 4311 1703 4395 (Philipp.
1720 4339 1798 4390 ιιι,
1817 4319 1942 4402 21),-

360 4425 421 4472 ut
438 4420 597 4486 possit
621 4416 718 4470 sibi
741 4417 1000 4484 subjicere
1017 4417 1215 4471 omnia.
1229 4413 1365 4470 Cum
1384 4415 1524 4469 enim
1547 4425 1600 4469 et
1626 4416 1762 4469 Deus
1781 4413 1935 4469 Pater

357 4508 541 4563 videat
556 4503 766 4574 Filium,
787 4516 839 4561 et
859 4505 1024 4561 Filius
1044 4507 1253 4560 Patrem
1274 4523 1287 4571 ;
1314 4507 1492 4576 procul
1510 4505 1668 4560 dubio
1688 4523 1793 4561 non
1813 4517 1938 4561 sunt

355 4597 606 4656 audiendi
638 4597 726 4668 qui
754 4598 1009 4652 visionem
1041 4597 1472 4653 nolunttribuere
1488 4598 1588 4652 nisi
1605 4598 1932 4667 corporibus.

355 4691 542 4766 Neque
566 4692 707 4747 enim
736 4689 836 4745 dici
869 4694 944 4743 fas
984 4700 1065 4745 est
1108 4690 1244 4758 quod
1282 4688 1469 4744 Filium
1518 4691 1671 4744 Pater
1716 4707 1818 4744 non
1860 4690 1937 4743 vi-

357 4782 515 4852 deat;
547 4794 675 4850 aut,
721 4792 773 4837 et
821 4790 876 4834 ut
903 4782 1013 4851 ipse
1057 4780 1268 4846 videat,
1295 4796 1519 4850 corpore
1563 4781 1773 4836 indutus
1813 4791 1933 4849 est,

354 4875 404 4930 si
451 4875 664 4930 nonnisi
717 4874 781 4927 ad
828 4887 1018 4943 corpus
1066 4872 1293 4943 pertinet
1371 4873 1530 4926 visus.
1608 4873 1743 4941 Quid
1794 4871 1935 4944 quod

355 4967 412 5021 in
457 4967 575 5036 ipso
618 4966 796 5020 mundi
836 4965 1072 5028 exordio,
1119 4972 1400 5034 antequam
1431 4979 1459 5018 a
1501 4963 1633 5019 Filio
1660 4974 1793 5018 esset
1829 4964 1934 5019 ulla

355 5056 530 5112 forma
572 5059 708 5112 servi
753 5068 1028 5128 suscepta,
1059 5057 1189 5112 vidit
1237 5058 1374 5112 Deus
1419 5059 1588 5112 lucem
1629 5059 1749 5128 quia
1797 5059 1934 5113 bona

356 5159 487 5215 est;
537 5157 591 5203 et
643 5147 1027 5202 ﬁrmamentum
1063 5190 1077 5215 ,
1129 5158 1182 5202 et
1232 5164 1416 5213 mare,
1479 5158 1534 5204 et
1596 5147 1831 5214 aridam,
1883 5159 1937 5203 et

356 5255 516 5296 omne
554 5239 765 5300 fenum,
813 5248 969 5308 atque
1009 5255 1169 5296 omne
1215 5240 1442 5311 lignum,
1489 5242 1694 5306 solem,
1721 5242 1932 5312 lunam,

355 5333 564 5400 stellas,
615 5331 819 5402 reptilia
874 5331 1167 5386 animarum
1215 5334 1470 5397 vivarum,
1502 5333 1729 5387 volatilia
1775 5315 1931 5398 coeli,

356 5418 585 5479 animam
627 5421 801 5476 vivam
845 5439 858 5474 :
902 5432 1167 5490 postremo
1226 5423 1356 5477 vidit
1415 5425 1554 5480 Deus
1601 5425 1777 5479 omnia
1817 5440 1937 5500 qua:

357 5512 511 5580 fecit;
539 5523 593 5570 et
622 5529 747 5571 ecce
787 5513 922 5570 bona
964 5513 1111 5568 valde
1142 5512 1290 5585 (Gen.
1319 5531 1357 5581 ι,
1380 5515 1566 5586 4-51Π
1612 5515 1768 5582 Quod
1812 5532 1935 5572 cum

358 5622 456 5677 per
511 5622 748 5678 quasque
801 5615 1069 5663 creaturas
1116 5607 1382 5679 Scriptura
1433 5609 1586 5663 toties
1636 5610 1932 5680 repetisset,

359 5695 526 5755 miror
576 5698 714 5751 unde
768 5707 889 5752 nata
956 5699 1108 5756 fuerit
1171 5700 1254 5753 illa
1303 5701 1481 5770 opinio
1531 5715 1635 5771 qua
1698 5713 1933 5772 putatum

2030 412 2112 456 est
2162 414 2360 458 tantum
2411 406 2476 460 ad
2529 421 2749 476 corpora
2816 411 3092 480 pertinere
3139 412 3418 478 visionem.
3474 413 3626 482 Qua;

2026 494 2204 562 Opinio
2231 494 2295 548 de
2316 512 2646 567 quocumque
2666 485 2913 569 loquendi
2938 518 3089 558 more
3109 515 3226 558 orta
3249 505 3339 571 sit,
3361 506 3620 576 Scriptu-

2024 599 2098 637 rzc
2127 593 2302 640 tamen
2324 596 2518 641 sanctae
2545 603 2648 642 non
2679 590 2755 644 sic
2781 590 2922 664 loqui
2958 593 3310 668 solent;'qu:o
3331 594 3435 659 nisi
3455 609 3624 662 ,non

2026 683 2228 729 tantum
2245 678 2475 747 corpori,
2493 695 2672 733 verum
2709 681 2867 735 etiam
2898 683 3125 751 Spiritui,
3153 684 3428 755 magisque
3447 684 3625 757 spiri-

2025 766 2100 820 tui
2117 767 2278 836 quam
2305 770 2511 837 corpori
2538 771 2828 825 tribuerent
2848 771 3104 826 visionem
3125 814 3142 840 ,
3171 789 3276 827 non
3305 773 3626 844 Prophetas

2026 861 2236 928 proprie
2273 858 2505 914 Videntes
2529 859 2572 931 (I
2601 860 2728 933 Reg.
2755 878 2829 928 ix,
2851 861 2907 934 9)
2934 863 3364 934 appellavissent,
3382 864 3475 936 qui
3498 880 3631 920 non

2025 955 2248 1020 corpore
2277 952 2367 1004 sed
2395 952 2578 1020 spiritu
2606 952 2767 1007 etiam
2789 951 2962 1007 futura
2994 953 3262 1012 viderunt.

2095 1029 2318 1096 CAPUT
2345 1040 2507 1096 XXII.
2530 1034 2600 1083 -έ-
2623 1041 2710 1096 51.
2736 1027 2840 1098 Sed
2869 1045 3204 1116 cogitandum
3247 1054 3332 1102 est
3369 1060 3441 1102 ne
3478 1041 3636 1116 quid

2026 1129 2315 1185 insolenter
2343 1130 2635 1186 audeamus
2653 1175 2667 1199 ,
2697 1132 2741 1186 si
2767 1123 3054 1202 dixerimus
3077 1151 3268 1208 corpus
3297 1152 3404 1191 non
3429 1136 3634 1192 solum

2027 1219 2397 1274 mortalitatem
2439 1229 2492 1274 ct
2523 1223 3042 1293 corruptibilitatem,
3077 1242 3256 1282 verum
3298 1228 3464 1288 etiam
3517 1229 3639 1283 hoc

2029 1308 2198 1379 ipsum
2242 1309 2382 1380 quod
2437 1326 2629 1386 corpus
2674 1323 2771 1368 est.
2801 1331 2895 1384 per
2935 1316 3156 1388 gloriam
3197 1321 3639 1384 resurrectionis

2027 1400 2289 1466 amittere,
2317 1410 2369 1455 et
2388 1403 2629 1472 spiritum
2659 1404 2792 1459 fieri.
2828 1407 2902 1460 Eo
2924 1407 3081 1472 modo
3111 1409 3327 1480 quippe,
3351 1421 3445 1464 aut
3473 1426 3638 1466 con-

2029 1489 2380 1559 duplicabitur
2420 1495 2708 1549 substantia
2752 1497 2995 1574 spiritus,
3011 1499 3055 1552 si
3080 1509 3133 1554 et
3158 1515 3349 1569 corpus
3386 1503 3648 1573 spiritus

2028 1585 2158 1646 erit;
2189 1593 2277 1637 aut
2303 1583 2348 1639 si
2377 1600 2510 1639 unus
2535 1585 2637 1640 erit
2664 1588 2879 1658 spiritus
2903 1589 3153 1656 hominis,
3184 1592 3254 1645 ita
3281 1599 3338 1646 ut
3362 1607 3648 1655 commu-

2031 1681 2138 1727 tato
2158 1683 2212 1728 et
2234 1691 2489 1730 converso
2516 1676 2568 1730 in
2600 1678 2839 1746 spiritum
2875 1693 3099 1748 corpore
3119 1722 3133 1746 ,
3161 1697 3328 1750 neque
3360 1685 3648 1754 gemina-

2031 1763 2172 1818 tione
2189 1780 2360 1834 neque
2377 1766 2704 1821 incremento
2722 1768 3142 1839 conduplicetur,
3162 1787 3260 1826 nec
3283 1773 3521 1828 omnino
3556 1775 3655 1828 ul-

2030 1853 2131 1908 lius
2151 1870 2364 1910 accessu
2381 1859 2685 1934 quantitatis
2699 1870 2981 1930 augeatur;
2998 1863 3332 1918 metuendum
3353 1876 3439 1920 est
3457 1881 3545 1921 ne
3566 1867 3658 1920 nio

2029 1942 2105 1997 hil
2130 1945 2269 1998 aliud
2293 1946 2394 2002 dici
2425 1947 2685 2015 videatur,
2709 1965 2864 2020 quam
2893 1966 3114 2022 corpora
3152 1969 3255 2008 non
3297 1955 3383 2008 illa
3433 1964 3657 2012 muta-

2033 2036 2175 2090 tione
2203 2037 2518 2092 immortalia
2548 2055 2795 2096 mansura
2815 2083 2828 2107 ,
2857 2042 2952 2098 sed
2977 2045 3116 2108 nulla
3146 2045 3318 2113 potius
3353 2046 3558 2106 futura
3597 2057 3664 2103 et

2031 2129 2247 2184 omnino
2276 2131 2527 2199 peritura.
2557 2131 2889 2204 Quapropter
2914 2127 3086 2188 donec
3111 2136 3345 2216 diligenti
3385 2127 3661 2208 inquisi-

2033 2220 2205 2286 tione,
2247 2221 2291 2274 si
2335 2221 2591 2277 Dominus
2625 2221 2915 2292 adjuverit,
2947 2225 3236 2294 reperiatur
3258 2227 3385 2298 quid
3418 2243 3664 2283 secuit-

2031 2311 2159 2365 dum
2187 2311 2491 2381 Scripturas
2517 2313 2586 2368 de
2615 2314 2872 2382 spirituali
2898 2330 3119 2384 corpore
3144 2310 3284 2386 quod
3327 2318 3382 2370 in
3427 2334 3664 2374 resur-

2030 2403 2265 2456 rectione
2303 2404 2644 2472 promittitur,
2680 2404 3002 2476 probabilius
3042 2391 3376 2464 sentiendum
3407 2410 3488 2477 sit
3512 2453 3532 2480 ,
3574 2413 3673 2466 iu-

2031 2494 2187 2547 terim
2214 2494 2367 2550 nobis
2392 2494 2622 2550 sufficiat
2650 2496 2788 2567 quod
2819 2496 3119 2572 unigenitus
3146 2497 3337 2572 Filius,
3365 2500 3673 2573 idemque

2030 2582 2289 2640 mediator
2333 2585 2423 2641 Dei
2461 2593 2516 2640 et
2554 2585 2829 2641 hominum
2876 2588 3034 2644 homo
3075 2585 3314 2648 Christus
3359 2590 3553 2665 Jcsus
3604 2588 3678 2665 (ῐ

2035 2671 2164 2726 Tim.
2210 2689 2284 2742 tt,
2313 2673 2368 2762 5)
2408 2677 2479 2729 ita
2511 2677 2655 2730 videt
2691 2677 2933 2746 Patrem,
2965 2682 3100 2734 sicut
3137 2681 3342 2736 videtur
3369 2697 3402 2737 a
3435 2663 3670 2739 Patre.

2033 2763 2144 2819 Nos
2171 2776 2348 2820 autem
2377 2766 2444 2821 ad
2470 2767 2612 2821 illam
2639 2768 2895 2824 visionem
2926 2769 3020 2824 Dei
3065 2786 3182 2842 qua:
3226 2772 3380 2830 nubis
3425 2773 3499 2836 in
3567 2791 3676 2830 re-

2033 2858 2360 2914 surrectione
2406 2859 2760 2929 promittitur,
2807 2877 2912 2916 non
2961 2876 3026 2916 ex
3074 2861 3175 2916 hoc
3213 2843 3413 2934 mundo
3462 2847 3672 2934 istam

2031 2949 2511 3021 concupiscentiam
2553 2954 2824 3007 oculorum
2867 2951 3156 3010 transferre
3197 2967 3498 3022 conemur,

2032 3042 2349 3096 mundandis
2374 3042 2620 3098 cordibus
2646 3045 2732 3114 pio
2757 3043 3062 3099 Studeamus
3087 3043 3275 3100 alfectu
3305 3064 3318 3101 :
3349 3061 3464 3100 nec
3522 3026 3680 3106 cor;

2034 3135 2267 3204 poralem
2291 3135 2477 3191 faciem
2504 3137 2834 3214 cogitemus,
2856 3154 2977 3194 cum
3004 3138 3132 3193 dicit
3161 3139 3464 3210 Apostolus.
3485 3184 3514 3210 ,
3573 3137 3684 3208 Vi,

2033 3225 2209 3281 demus
2252 3244 2386 3281 nunc
2427 3245 2517 3300 per
2556 3227 2817 3308 speculum
2858 3231 2912 3284 in
2953 3231 3252 3303 (enigmata;
3281 3241 3407 3285 tunc

2033 3317 2163 3388 facie
2186 3317 2254 3372 ad
2285 3320 2503 3391 faciem;
2528 3307 2823 3392 praesertim
2841 3323 2963 3395 quia
2991 3324 3278 3394 Apostolus
3304 3328 3681 3395 expressius

2033 3403 2194 3477 dixit,
2224 3408 2378 3464 Nunc
2400 3411 2503 3465 scio
2527 3428 2591 3469 ea:
2617 3425 2790 3486 parte;
2826 3424 2946 3468 tunc
2971 3424 3139 3468 autem
3162 3431 3487 3488 cognoscam
3521 3401 3704 3476 sicut.

2033 3509 2080 3554 et
2105 3500 2331 3574 cognitus
2349 3519 2461 3556 sum
2486 3502 2531 3578 (l
2557 3500 2675 3558 Cor.
2705 3520 2813 3570 xm,
2833 3503 2942 3579 12).
2976 3503 3031 3572 Si
3056 3519 3183 3588 ergo
3202 3514 3325 3560 tunc
3347 3511 3687 3582 corporali

2034 3594 2200 3672 Deum
2222 3593 2353 3650 facie
2371 3595 3046 3668 cognoscemus,corporali
3067 3595 3182 3676 ejus
3207 3611 3345 3662 nunc
3373 3596 3549 3654 facie
3569 3618 3687 3659 co-

2032 3683 2162 3753 gniti
2189 3681 2558 3740 sumuszTunc
2586 3687 2727 3740 enim
2755 3701 3069 3759 cognoscam,
3087 3687 3274 3758 inquit,
3303 3686 3449 3742 sicut
3480 3702 3544 3747 et
3575 3709 3687 3747 co-
3747 3689 3752 3692 ’

2034 3777 2204 3848 gnitus
2227 3795 2358 3834 sum.
2376 3776 2525 3834 Unde
2539 3779 2657 3851 quis
2681 3795 2800 3836 eum
2827 3794 2934 3835 non
2963 3779 3296 3851 intelligateo
3312 3777 3449 3837 loco
3473 3785 3683 3842 etiam

2038 3880 2274 3925 nostram
2299 3869 2488 3926 faciem
2519 3869 2660 3926 illam
2686 3871 2981 3942 significare
3010 3861 3268 3937 voluisse,
3295 3870 3372 3927 de
3398 3889 3532 3943 qua
3588 3876 3692 3933 di-

2036 3961 2108 4015 cit
2132 3962 2236 4016 alio
2263 3962 2381 4016 loco
2401 4001 2416 4029 ,
2446 3958 2556 4016 Nos
2581 3948 2752 4016 autem
2774 3961 2989 4016 revelata
3015 3961 3142 4032 [acie
3165 3961 3385 4034 gloriam
3417 3961 3692 4024 Domini

2037 4051 2353 4121 speculantes
2375 4092 2392 4117 ,
2434 4051 2488 4106 in
2525 4054 2746 4106 eamdem
2783 4053 3053 4126 imaginem
3096 4053 3566 4124 transformamur
3611 4061 3692 4117 de

2035 4141 2197 4214 gloria
2238 4143 2293 4197 in
2335 4142 2589 4216 gloriam,
2625 4152 2860 4212 tanquam
2905 4158 2938 4196 a
2977 4141 3182 4197 Domini
3225 4143 3418 4215 spiritu
3459 4146 3686 4219 (Ibid.

2038 4247 2116 4298 ιιι,
2145 4230 2271 4306 18);
2298 4232 2365 4288 de
2387 4233 2550 4304 gloria
2578 4233 2781 4287 scilicet
2809 4231 2933 4288 fidei
2960 4233 3012 4308 in
3036 4233 3254 4304 gloriam
3283 4241 3693 4311 contempla.

2038 4320 2198 4376 tionis
2235 4321 2490 4376 aeternae?
2519 4321 2630 4377 Hoc
2673 4321 2865 4394 quippe
2904 4322 3009 4392 agit
3044 4320 3160 4378 haec
3195 4316 3686 4402 transrormatio,

2038 4429 2142 4485 qua
2187 4413 2412 4469 interior
2437 4413 2595 4469 homo
2629 4424 2912 4469 renovatur
2934 4413 3000 4470 de
3023 4413 3108 4470 die
3145 4414 3198 4468 in
3241 4413 3386 4469 diem
3411 4415 3507 4488 (Π
3537 4420 3688 4479 Cor,

2037 4521 2112 4574 tv,
2142 4505 2231 4579 16)
2253 4520 2268 4558 :
2291 4505 2359 4560 de
2386 4520 2492 4576 quo
2521 4514 2574 4561 et
2597 4505 2866 4575 apostolus
2887 4505 3094 4571 Petrus,
3125 4521 3245 4560 cum
3270 4520 3398 4560 eum
3433 4525 3690 4570 mone-

2038 4606 2121 4654 ret
2137 4587 2356 4665 ornari,
2385 4595 2505 4652 Non
2534 4614 2646 4669 qua:
2671 4599 2828 4670 aforis
2851 4640 2867 4667 ,
2896 4597 3093 4672 inquit,
3123 4606 3370 4653 ornentur
3397 4586 3689 4674 οαρῐιιο-

2037 4709 2150 4746 rum
2175 4692 2634 4764 incrispationibus,
2664 4701 2749 4744 aut
2771 4707 2913 4758 auro,
2935 4701 3022 4744 aut
3046 4689 3350 4762 margaritis,
3383 4689 3487 4748 vel
3517 4707 3692 4764 neue

2039 4784 2287 4851 pretiosa;
2309 4761 2396 4835 sed
2421 4780 2506 4842 ille
2532 4761 2849 4836 absconditus
2881 4780 3045 4834 cordis
3064 4761 3223 4836 homo
3241 4821 3257 4848 ,
3287 4782 3378 4855 qui
3405 4793 3505 4838 est
3541 4761 3692 4848 αξιιέ

2039 4873 2201 4927 Deum
2227 4874 2361 4926 dives
2390 4869 2434 4940 (1
2460 4869 2599 4926 Petr.
2632 4887 2710 4940 tit,
2738 4869 2815 4950 3).
2858 4870 2913 4924 In
2957 4887 3058 4942 qua
3106 4871 3244 4946 enim
3293 4868 3439 4928 facie
3502 4865 3686 4938 vela;

2038 4978 2158 5019 men
2189 4961 2385 5018 habent
2407 4961 2573 5018 Judaei
2603 4977 2706 5016 non
2736 4961 3055 5017 transeundo
3080 4962 3145 5015 ad
3165 4962 3480 5042 Christum,
3511 4985 3689 5040 quo.

2038 5052 2182 5108 niam
2223 5068 2342 5108 cum
2385 5053 2651 5128 transierit
2676 5054 2896 5124 quisque
2932 5053 3000 5107 ad
3038 5052 3298 5128 Christum
3343 5052 3692 5118 auferetur

2039 5144 2301 5210 velamen,
2333 5159 2394 5199 ea
2431 5159 2530 5199 nos
2552 5142 2688 5198 facie
2713 5143 2943 5199 revelata
2969 5144 3021 5197 in
3045 5143 3286 5198 eamdem
3327 5145 3686 5219 imaginem

2042 5237 2500 5294 transformamur.
2527 5237 2873 5308 Apertissime
2891 5246 3066 5292 autem
3087 5236 3232 5304 dicit,
3266 5235 3542 5312 velamen
3571 5265 3649 5304 εει
3668 5280 3686 5291 .

2041 5347 2129 5401 per
2149 5330 2304 5384 corda
2331 5347 2503 5386 eorum
2527 5332 2744 5403 positum
2772 5341 2844 5385 est
2881 5330 2945 5403 (ll
2972 5328 3087 5386 Cor.
3116 5328 3410 5403 111,15-l8).
3443 5333 3548 5394 Ibi
3582 5351 3689 5399 at

2041 5423 2197 5493 igitur
2222 5422 2403 5490 facies,
2425 5438 2527 5498 qua
2563 5423 2796 5480 revelata
2815 5465 2832 5494 ,
2865 5439 3004 5479 nunc
3025 5423 3078 5478 in
3105 5422 3226 5492 fide,
3249 5429 3524 5496 quamvis
3563 5452 3689 5503 per

2041 5515 2311 5586 Speculum
2344 5524 2397 5571 ct
2428 5515 2484 5570 in
2509 5515 2785 5588 aenigmate
2812 5524 3156 5583 contnemur;
3185 5525 3308 5584 tunc
3335 5528 3553 5586 autem
3581 5527 3688 5584 fa-

2040 5608 2124 5666 cie
2146 5609 2211 5664 ad
2240 5608 2444 5664 faciem.

2110 5700 2336 5758 CAPUT
2375 5696 2756 5755 XXIa—52.
2794 5697 2925 5766 Quae
2962 5698 3008 5754 si
3036 5699 3319 5778 approbas,
3351 5710 3490 5772 tene
3542 5731 3686 5777 me,
