4004 6378
262 540 397 595 alium
422 536 729 593 Peraeletum
753 536 893 591 dabit
918 536 1084 604 vobis,
1111 536 1199 607 qui
1222 534 1473 591 uobiscum
1501 536 1566 591 sit
1590 535 1643 589 in
1668 543 1808 590 teter-

263 646 399 694 eum;
421 630 655 699 Spiritum
690 630 931 695 veritatis,
959 644 1107 699 quem
1148 629 1229 684 hic
1262 628 1481 685 mundus
1510 646 1609 684 non
1648 637 1808 697 potest

260 721 478 793 accipere,
501 720 618 790 quia
643 736 744 774 non
766 720 898 773 videt
925 736 1062 787 eum,
1093 736 1183 773 nec
1205 722 1457 791 cognoscit
1484 737 1596 773 eum
1625 718 1803 790 (Joan.

260 828 370 881 utr,
398 814 488 878 l6,
520 812 625 885 17).
660 811 848 868 Merito
874 828 993 886 ergo
1029 831 1111 880 se,
1151 814 1349 884 inquit,
1388 814 1441 868 in
1469 831 1679 884 corpore
1713 816 1803 870 de-

261 910 549 973 monstrauit,
576 909 810 978 quoniam
838 908 890 961 in
915 907 1189 963 divinitatis
1226 908 1505 962 substantia
1535 925 1634 961 non
1669 906 1806 963 vide-

259 1012 342 1056 tur.
378 997 595 1055 Vidimus
622 998 893 1068 Spiritum,
917 1000 1004 1053 sed
1029 1000 1080 1053 in
1109 999 1274 1069 specie
1298 999 1551 1070 corporali
1580 1014 1600 1054 :
1632 999 1804 1052 ridea-

258 1112 349 1148 mus
366 1103 411 1149 et
441 1091 669 1155 Patrem;
699 1093 788 1147 sed
807 1093 926 1165 quia
958 1092 1122 1146 videre
1149 1108 1249 1146 non
1276 1108 1583 1163 possumus,
1617 1092 1802 1145 audia-

257 1203 365 1240 mus.
394 1184 455 1240 Et
490 1185 639 1254 paulo
670 1195 818 1253 post,
859 1183 1137 1238 Audiamus
1160 1199 1298 1254 ergo,
1330 1182 1518 1252 inquit,
1559 1182 1802 1251 Patrem,-

255 1274 485 1331 invisibilis
511 1276 639 1329 enim
686 1274 877 1340 Pater;
914 1274 1002 1330 sed
1036 1285 1084 1330 et
1128 1273 1172 1327 F
1174 1276 1289 1329 ilius
1320 1275 1583 1329 invisibilis
1626 1292 1806 1328 secun-

254 1366 354 1419 dum
367 1366 663 1419 divinitatem
682 1380 702 1427 ;
723 1362 884 1417 Deum
899 1366 1028 1418 enim
1043 1380 1186 1419 nemo
1204 1365 1321 1418 vidit
1338 1381 1561 1435 unquam
1582 1362 1624 1436 (l
1640 1363 1797 1418 Joan.

254 1473 323 1523 tv,
351 1457 426 1527 l2)
457 1472 470 1510 :
498 1473 607 1509 cum
633 1472 752 1527 ergo
784 1454 828 1508 Ρ
830 1455 947 1510 ilius
983 1456 1046 1509 sit
1081 1453 1216 1509 Dens
1236 1495 1250 1517 ,
1295 1456 1345 1508 in
1384 1471 1442 1507 eo
1470 1457 1637 1522 utique
1667 1455 1802 1525 quod

252 1546 367 1601 Deus
389 1556 457 1600 est
486 1544 674 1612 Filius,
706 1563 806 1599 non
835 1546 1033 1599 videtur
1059 1544 1193 1613 (Lib.
1216 1544 1253 1599 2
1277 1545 1328 1598 in
1356 1544 1479 1599 Luc.
1507 1561 1583 1609 Ill,
1612 1544 1726 1616 22).

309 1640 355 1694 7.
388 1640 605 1695 Sanctus
643 1650 819 1695 autem
859 1639 1216 1710 Hieronymus
1253 1639 1369 1692 ait:
1416 1636 1593 1693 Videre
1635 1637 1801 1692 Deum

248 1733 371 1787 sicuti
403 1740 470 1785 est
500 1732 551 1785 iu
588 1741 773 1785 natura
811 1748 938 1798 sua,
986 1733 1162 1786 oculus
1200 1730 1416 1785 hominis
1452 1748 1551 1784 non
1592 1740 1749 1801 potest
1782 1746 1801 1785 :

249 1840 331 1877 non
346 1824 497 1878 solum
516 1822 688 1887 homo,
710 1839 798 1877 nec
815 1822 1019 1894 Angeli,
1040 1838 1129 1877 nec
1151 1820 1363 1886 Tltroni,
1389 1839 1476 1875 nec
1503 1821 1796 1885 Potestates,

248 1932 324 1971 nec
348 1915 745 1979 Dominationes,
790 1932 879 1969 nec
912 1932 1061 1970 omne
1089 1931 1266 1969 nomen
1306 1915 1442 1984 quod
1480 1917 1799 1979 nominatur;

246 2023 379 2074 neque
413 2008 538 2061 enim
573 2016 805 2062 creatura
847 2017 1007 2075 potest
1044 2008 1268 2077 aspicere
1304 2005 1591 2062 Creatorem
1629 2024 1796 2061 suum.

246 2098 323 2155 llis
349 2101 514 2156 verbis
538 2100 621 2154 vir
659 2099 999 2155 doctissimus
1040 2100 1169 2153 satis
1198 2099 1429 2153 ostendit
1470 2099 1594 2169 quid
1637 2100 1795 2154 etiam

246 2191 303 2247 de
326 2191 484 2246 futuro
509 2192 706 2246 smeulo
729 2190 958 2246 senserit
976 2232 991 2253 ,
1022 2189 1160 2259 tptod
1192 2190 1256 2243 ad
1287 2190 1423 2243 hanc
1449 2206 1560 2244 rem
1587 2191 1794 2245 attinet.

245 2282 605 2350 Quantumlibet
634 2282 774 2337 enim
805 2281 943 2337 oculi
973 2284 1212 2350 corporis
1242 2280 1407 2335 no~tri
1450 2291 1718 2335 mutentur
1746 2282 1797 2336 in

170 2386 187 2409 ⁸
245 2378 441 2441 melius,
474 2376 798 2445 Angelnrunt
824 2375 995 2431 oculis
1019 2376 1385 2445 teqnabuntur.
1419 2373 1517 2430 Hic
1541 2385 1715 2427 autem
1746 2382 1801 2428 ct

244 2470 381 2539 ipsis,
410 2478 461 2524 et
489 2469 753 2524 πνίγει-ξω
778 2469 995 2523 omnino
1034 2467 1235 2522 co-lesti
1270 2476 1526 2522 creatura:
1556 2466 1797 2521 invisibi-

243 2562 332 2617 letn
361 2572 592 2616 naturam
626 2561 757 2615 divit
795 2575 913 2615 esse
940 2558 1230 2614 Creatoris.
1272 2560 1374 2612 Aut
1412 2558 1455 2610 si
1499 2566 1553 2611 et
1592 2556 1712 2609 hinc
1743 2556 1801 2610 lit

242 2657 459 2726 qumstio.
490 2668 543 2712 et
586 2656 812 2710 infertur
838 2654 940 2708 ulla
967 2652 1261 2717 dubitatio,
1294 2659 1466 2703 utrum
1500 2666 1602 2703 non
1632 2648 1800 2703 simus

243 2747 378 2802 futuri
403 2748 619 2817 Angelis
646 2746 909 2815 potiores;
938 2742 1106 2816 ipsius
1130 2742 1334 2797 Domini
1363 2751 1445 2795 est
1471 2739 1594 2794 hinc
1618 2750 1799 2808 aperta

242 2839 496 2903 εθιιιοιιιιίει,
523 2838 615 2892 ubi
646 2838 719 2891 ait
745 2836 814 2891 de
847 2834 1223 2893 remtrrccturis
1253 2834 1305 2893 in
1336 2847 1554 2904 regnum
1591 2849 1605 2888 :
1641 2829 1801 2883 Erunt

240 2932 430 3001 aquales
471 2930 679 3004 Angelis
717 2927 811 2985 Dei
855 2930 1003 3001 (Luc.
1043 2946 1135 2995 xx,
1163 2928 1275 3001 36).
1314 2927 1466 2984 Unde
1506 2927 1643 2983 idem
1689 2926 1800 2994 ipse

238 3036 429 3080 sumtus
468 3024 823 3095 Hieronymus
851 3022 975 3077 alibi
1007 3021 1085 3075 sic
1120 3020 1245 3075 dicit
1275 3037 1290 3073 :
1326 3017 1491 3072 Homo
1522 3018 1676 3087 igitur
1707 3015 1801 3071 Dei

240 3117 395 3186 faciem
417 3118 584 3171 videre
609 3132 709 3169 non
737 3123 933 3185 potest;
962 3112 1142 3182 Angeli
1175 3121 1340 3164 autem
1381 3111 1528 3164 etiam
1562 3109 1800 3161 minimo-

238 3222 333 3260 rum
355 3209 403 3261 in
426 3206 655 3262 Ecclesia
679 3222 874 3274 semper
893 3204 1058 3259 uident
1080 3204 1260 3274 faciem
1290 3200 1381 3254 Dei
1409 3199 1621 3267 (Matth.
1652 3214 1797 3264 xvut,

240 3300 314 3372 10)
355 3300 414 3355 Et
432 3301 637 3355 nuncin
666 3299 870 3369 speculo
894 3297 1138 3363 videmus,
1164 3296 1218 3348 in
1245 3294 1542 3364 a'nigmnte;
1573 3302 1689 3344 tunc
1716 3307 1802 3343 au-

238 3404 321 3450 tem
340 3396 462 3464 facie
484 3396 552 3449 ad
574 3395 757 3466 facient
785 3392 825 3465 (ι
845 3390 964 3447 Cor.
988 3406 1102 3454 xm,
1128 3388 1240 3457 li),
1271 3386 1472 3457 quando
1497 3386 1560 3438 de
1583 3383 1802 3438 homini-

236 3487 313 3541 bus
337 3489 383 3542 in
410 3488 631 3559 Angelos
657 3486 1016 3557 profecerimus
1035 3525 1051 3550 ,
1094 3493 1139 3536 et
1170 3480 1477 3550 potuerimus
1518 3494 1631 3532 cum
1664 3476 1803 3544 Apo-

235 3578 347 3632 stolo
374 3580 565 3643 dicere,
603 3596 622 3629 ι
655 3576 768 3631 Nos
792 3586 957 3630 autem
984 3590 1155 3627 ontnes
1181 3573 1395 3625 revelata
1423 3569 1551 3643 facie
1587 3567 1803 3640 gloriam

236 3668 421 3725 Domini
452 3671 771 3740 speculantes
794 3711 807 3728 .
836 3668 889 3722 in
919 3666 1142 3721 eamdem
1172 3664 1439 3736 imaginem
1470 3665 1799 3727 transforma-

237 3777 334 3814 mur
361 3779 390 3815 a
426 3762 593 3833 gloria
625 3761 677 3814 in
714 3760 960 3830 gloriam,
981 3767 1270 3826 tanquama
1315 3754 1513 3807 Domini
1537 3753 1737 3823 Spiritu
1774 3770 1793 3804 s

236 3852 424 3921 (llCor.
454 3870 508 3910 nt
533 3896 547 3917 ,
578 3851 708 3924 l8)‘;
763 3853 873 3905 licet
920 3851 1099 3921 faciem
1141 3846 1236 3902 Dei
1285 3848 1436 3919 juxta
1476 3856 1673 3899 natura:
1694 3860 1802 3899 sua:

236 3946 569 4015 proprietatem
600 3944 740 3997 nulla
764 3941 927 3995 rideat
956 3949 1207 4001 creatura,
1230 3948 1275 3991 et
1296 3947 1412 3990 tunc
1439 3946 1601 3991 mente
1626 3952 1801 3989 cerua-

236 4045 324 4100 tur,
351 4036 549 4107 quando
574 4034 840 4088 invisibilis
861 4032 1081 4086 creditur
1109 4028 1247 4099 (Lib.
1286 4029 1306 4081 l
1343 4028 1397 4080 in
1423 4026 1549 4081 lsai.
1581 4025 1656 4097 1).

295 4125 343 4181 8.
371 4125 422 4181 In
461 4127 544 4181 bis
575 4125 750 4180 verbis
780 4122 1008 4178 hominis
1045 4121 1167 4185 Dei,
1214 4117 1376 4172 multa
1414 4114 1796 4171 consideranda

234 4229 359 4273 sunt.
389 4219 649 4280 Primum,
682 4217 801 4287 quia
828 4214 1118 4271 sccundmu
1153 4212 1541 4283 apertissimum
1590 4209 1796 4263 Domini

236 4315 531 4369 sententiam
560 4312 721 4367 etiam
753 4312 865 4381 ipse
892 4308 1055 4364 sentit
1094 4315 1218 4360 tunc
1247 4319 1343 4359 nos
1372 4304 1579 4357 visuros
1610 4301 1796 4355 faciem

237 4400 349 4469 Dei,
373 4419 492 4459 eum
533 4404 588 4457 in
632 4400 861 4471 Angelos
890 4396 1274 4470 profecerimus
1293 4435 1308 4459 ,
1337 4392 1388 4448 id
1418 4402 1500 4447 est
1522 4432 1538 4458 ,
1566 4390 1797 4460 aequales

236 4492 431 4565 Angelis
459 4493 583 4549 facti
613 4492 901 4553 fuerimus;
934 4488 1072 4559 quod
1104 4488 1203 4542 erit
1233 4485 1413 4555 utique
1457 4484 1508 4537 in
1559 4497 1798 4538 resurre-

235 4584 395 4640 ctione
420 4592 773 4639 mortuorum.
800 4579 998 4637 Deinde
1023 4577 1317 4647 apostolico
1346 4573 1648 4630 testimonio
1668 4572 1798 4627 satis

235 4677 424 4741 aperuit
464 4693 573 4731 non
602 4674 881 4730 exterioris
917 4670 1011 4727 sed
1044 4668 1311 4724 interioris
1337 4666 1567 4721 hominis
1606 4664 1797 4719 faciem

237 4766 650 4833 intelligendam,
691 4782 811 4822 cum
860 4762 1159 4818 videbimus
1202 4759 1334 4814 facie
1372 4760 1437 4813 ad
1469 4758 1655 4813 faciem
1688 4756 1799 4813 :de

237 4859 355 4915 facie
379 4862 575 4932 quippe
609 4858 786 4914 cordis
814 4857 1129 4928 loquebatur
1158 4852 1475 4922 Apostolus,
1510 4867 1628 4905 cum
1653 4850 1799 4904 dicc-

239 4962 310 5007 ret
346 4954 482 5023 quod
523 4952 650 5008 hinc
694 4948 1172 5013 commemoravit,
1230 4945 1341 4999 Nos
1382 4954 1543 4998 autem
1584 4941 1800 4997 revelata

240 5044 355 5112 facie
380 5046 592 5115 gloriam
621 5041 824 5098 Domini
852 5041 1181 5110 speculantes,
1206 5039 1258 5091 in
1279 5037 1504 5091 eamdem
1532 5034 1801 5106 imaginem

242 5138 660 5205 transformamur.
687 5131 838 5200 Quod
864 5131 907 5185 si
936 5132 1210 5200 quisquam
1251 5127 1493 5191 dubitat,
1526 5132 1802 5180 recenseat

240 5225 467 5279 eumdem
498 5226 693 5284 locum,
724 5232 779 5279 et
803 5222 1039 5277 attendat
1064 5220 1200 5275 unde
1230 5218 1515 5287 Apostolus
1545 5217 1798 5287 loqueba-

243 5322 342 5380 tur;
368 5316 432 5371 de
460 5317 717 5372 velamine
751 5317 953 5371 scilicet
989 5313 1129 5383 quod
1158 5320 1339 5367 manet
1365 5313 1414 5365 in
1446 5310 1672 5365 lectione
1696 5309 1793 5365 Ve-

246 5408 359 5464 teris
395 5410 747 5475 Tesumeuti,
792 5408 964 5462 donec
998 5409 1222 5475 quisque
1269 5411 1503 5457 transeat
1538 5402 1604 5454 ad
1645 5400 1802 5457 Chri-

244 5507 390 5563 stum,
420 5510 476 5554 ut
500 5500 765 5555 auferatur
784 5498 1045 5553 velamen.
1076 5494 1148 5549 lbi
1175 5495 1369 5564 quippe
1395 5493 1542 5557 dicit,
1569 5491 1679 5545 Nos
1703 5509 1802 5545 au-

245 5596 331 5639 tem
371 5589 582 5643 revelata
628 5589 756 5657 facie
798 5586 1013 5658 gloriam
1055 5583 1260 5637 Domini
1299 5583 1642 5652 speculantes;
1685 5597 1804 5651 quae

246 5678 393 5734 facies
420 5682 470 5735 in
508 5681 705 5736 Judzeis
734 5696 836 5734 non
880 5688 993 5733 erat
1018 5675 1246 5731 revelata
1280 5692 1291 5726 :
1322 5674 1389 5728 de
1414 5673 1605 5744 quibus
1634 5673 1800 5740 dicit,

253 5768 473 5824 Velmnrn
501 5788 650 5838 su;:er
669 5789 755 5825 cor
779 5787 950 5825 eorum
976 5769 1191 5839 positum
1216 5776 1309 5829 est,
1336 5775 1389 5819 ut
1413 5766 1663 5821 ostendat.
1688 5782 1808 5821 cor-

249 5861 318 5916 tlis
351 5862 538 5921 limitem
583 5865 731 5923 nobis
775 5877 893 5919 esse
939 5862 1263 5924 revelatam,
1300 5857 1560 5913 velamine
1605 5856 1801 5914 ablato.

1324 419 1805 479 EPISTOLABUM
1849 415 2126 472 CLASSIS
2160 418 2239 479 Ill.

1914 533 2214 603 Postremo,
2240 552 2309 594 ne
2326 554 2605 611 quisquam
2629 543 2730 599 ista
2751 544 2927 602 minus
2950 547 3184 614 intuens,
3212 551 3496 624 minusque

1912 626 2243 696 discernens,
2263 632 2522 689 visibilem
2544 637 2706 690 Deum
2718 639 2799 691 vel
2822 639 3039 709 Angelis
3058 640 3145 696 vel
3167 642 3489 711 hominibus,

1912 734 2032 775 cum
2059 721 2290 791 asqnales
2320 726 2535 795 Angelis
2564 726 2683 782 facti
2717 726 2972 783 fuerimus
2995 770 3010 793 ,
3037 731 3149 785 sive
3179 748 3319 788 ltlllIC
3349 749 3492 802 esse,

1910 810 2026 867 sive
2051 810 2290 896 futurum
2320 829 2440 870 esse
2477 817 2721 872 crederet
2741 861 2754 881 ,
2781 820 3184 878 evidentissime
3211 824 3335 893 quid
3367 841 3494 880 sen-

1913 902 2035 958 tiret
2057 905 2349 972 eupressit,
2387 906 2571 961 dicens
2609 908 2749 978 quod
2780 910 2962 981 faciem
2991 910 3085 965 Dei
3124 914 3270 981 iuxta
3297 924 3494 970 natura

1909 1010 2016 1048 sua:
2036 1000 2391 1066 proprietatem
2418 1000 2562 1053 nulla
2585 1000 2749 1054 videat
2785 1011 3016 1056 creatura
3039 1043 3056 1070 ,
3097 1016 3143 1059 et
3183 1015 3301 1059 tunc
3331 1019 3493 1063 mente

1907 1097 2159 1153 cernatur,
2190 1090 2390 1158 quando
2416 1091 2680 1146 invisibilis
2705 1094 2943 1148 creditur.
2979 1095 3130 1152 Unde
3162 1096 3493 1157 sufficienter

1906 1180 2219 1249 significavit
2238 1224 2252 1244 ,
2286 1183 2497 1254 quando
2529 1185 2674 1239 visus
2707 1196 2789 1239 est
2816 1186 2883 1242 ab
2913 1188 3215 1244 hominibus
3242 1205 3337 1260 per
3364 1206 3493 1247 ocu-

1906 1272 1987 1328 los
2012 1277 2271 1344 corporis,
2304 1284 2394 1330 L'tn
2417 1293 2554 1346 piam
2588 1279 2700 1346 ipse
2739 1294 3061 1348 corporeus,
3109 1297 3214 1335 non
3254 1298 3379 1338 eum
3406 1299 3493 1340 se-

1905 1365 2134 1419 cundum
2172 1378 2371 1420 natura:
2412 1384 2521 1421 suae
2568 1368 2943 1437 proprietatem
2982 1371 3143 1426 fuisse
3180 1373 3347 1426 visum
3373 1413 3389 1439 ,
3435 1375 3490 1430 in

1906 1471 2007 1526 qua
2040 1466 2165 1510 tunc
2191 1468 2364 1512 mente
2394 1460 2648 1521 cernitur.
2681 1460 2896 1529 quando
2927 1460 3203 1520 invisibilis
3231 1466 3486 1520 creditur.

1905 1548 2108 1617 Quibus
2138 1551 2434 1617 invisibilis,
2465 1551 2565 1607 nisi
2599 1554 2899 1621 aspectibus
2934 1556 3300 1625 corporalibus
3326 1558 3486 1612 etiam

1904 1642 2245 1707 eteius-tibus,
2291 1646 2426 1696 sicut
2470 1659 2629 1713 supra
2674 1642 2741 1699 de
2784 1646 2998 1715 Angelis
3036 1656 3090 1702 et
3132 1648 3489 1703 Potestatibus

1902 1741 1955 1787 et
1994 1733 2453 1788 Dominatiooibus
2482 1734 2655 1789 dixit?
2681 1745 2878 1804 quanto
2906 1737 3070 1807 magis
3109 1739 3484 1794 terrestribus!

1977 1826 2030 1881 9.
2067 1825 2214 1881 Unde
2242 1828 2347 1881 alio
2372 1829 2490 1881 loco
2512 1828 2811 1884 evidentius
2840 1828 3004 1893 dicit,
3040 1829 3160 1885 Non
3189 1831 3351 1885 solum
3384 1830 3489 1885 Pa-

1904 1917 1993 1969 tris
2021 1917 2349 1982 divinitatem,
2378 1918 2466 1971 sed
2495 1935 2585 1971 nec
2612 1918 2734 1973 Filii
2753 1921 2955 1989 quidem
2980 1931 3026 1974 et
3057 1921 3283 1991 Spiritus
3302 1922 3486 1988 sancti,

1901 2023 2015 2077 qua:
2042 2024 2143 2061 una
2181 2009 2233 2061 in
2278 2007 2526 2062 Trinitate
2555 2021 2739 2063 natura
2784 2020 2896 2076 est,
2939 2027 3084 2080 posse
3117 2013 3288 2066 oculos
3320 2012 3489 2066 carnis

1902 2101 2127 2169 aspicere
2150 2143 2163 2159 .
2192 2102 2281 2155 sed
2313 2102 2485 2155 oculos
2523 2103 2702 2156 utentis
2730 2117 2750 2156 :
2774 2102 2836 2156 de
2874 2102 3053 2171 quibus
3095 2103 3202 2173 ipse
3247 2103 3488 2157 Salvator

1902 2193 2013 2258 ait,
2054 2212 2071 2243 ι
2112 2192 2251 2246 Beati
2286 2194 2473 2247 mundo
2513 2194 2694 2257 corde;
2736 2195 2973 2264 quoniam
3007 2194 3104 2263 ipsi
3146 2192 3310 2248 Deum
3348 2192 3489 2248 vide-

1902 2286 2025 2340 bunt
2055 2306 2072 2337 ι
2109 2284 2242 2355 (Lib.
2272 2286 2305 2338 5
2333 2287 2385 2338 in
2419 2284 2542 2338 lsai.
2564 2283 2635 2357 1).
2667 2285 2803 2353 Quid
2829 2287 2924 2339 hac
2950 2286 3375 2341 tnauil'estatione
3407 2286 3489 2339 lu-

1903 2378 2107 2431 cidiUs?
2151 2377 2206 2431 Si
2248 2392 2388 2431 enim
2437 2376 2803 2430 tzmtnmmodo
2846 2376 3097 2441 dixisset,
3137 2375 3244 2432 Nec
3280 2377 3482 2442 Patris,

1904 2484 2003 2523 nec
2029 2469 2144 2523 Filii
2169 2510 2184 2533 ,
2228 2484 2324 2521 nec
2360 2467 2591 2537 Spiritus
2616 2467 2783 2522 sancti
2813 2467 3136 2522 divinitatem
3169 2481 3325 2538 posse
3354 2482 3487 2524 ocu-

1904 2559 1985 2614 los
2010 2560 2184 2613 carnis
2210 2560 2448 2627 aspicere
2470 2602 2485 2623 ,
2516 2574 2613 2613 nec
2639 2559 2890 2628 deinceps
2917 2559 3227 2621 addidisset,
3255 2561 3344 2613 sed
3368 2576 3489 2614 acu-

1888 2651 1981 2719 los
2015 2652 2224 2713 utentis;
2256 2650 2390 2703 forte
2430 2650 2695 2705 diceretur
2723 2664 2936 2703 carnem
2972 2651 3081 2717 jam
3113 2664 3217 2702 non
3244 2664 3362 2703 esse
3390 2665 3487 2719 ap-

1905 2744 2203 2814 pellandam
2231 2784 2246 2805 ,
2292 2758 2411 2795 cum
2457 2757 2650 2811 corpus
2695 2742 2853 2795 fuerit
2889 2741 3163 2811 spirituale
3195 2758 3209 2794 :
3239 2741 3486 2796 addendo

1903 2851 2064 2908 ergo,
2095 2843 2147 2889 ct
2172 2833 2429 2891 dicendo.
2458 2834 2546 2887 sed
2573 2835 2742 2886 oculos
2768 2834 2975 2897 mentis,
3008 2833 3076 2887 ab
3116 2835 3258 2886 omni
3290 2848 3488 2903 genere

1905 2927 2145 2999 corporis
2172 2926 2422 2983 alienavit
2445 2923 2745 2996 hujusmodi
2770 2924 3046 2979 visionem.
3070 2923 3146 2978 Ne
3170 2924 3287 2993 quis
3308 2933 3487 2980 autem

1905 3031 2114 3092 putaret
2155 3036 2275 3076 eum
2323 3029 2521 3073 tantum
2552 3016 2619 3072 de
2652 3017 2895 3087 pra-senti
2935 3025 3173 3083 tempore
3205 3016 3439 3070 locutum
3467 3056 3485 3080 ,

1905 3112 2130 3180 Subjecit
2178 3112 2339 3165 etiam
2393 3108 2598 3163 Domini
2646 3105 3028 3170 testimonium,
3075 3105 3258 3160 volens
3304 3114 3487 3160 osten-

1905 3203 2032 3258 dere
2082 3218 2218 3273 quos
2268 3201 2475 3255 dixerat
2517 3199 2702 3253 oculos
2750 3197 2981 3261 mentis;
3029 3211 3135 3266 quo
3184 3196 3488 3251 testimonio

1906 3311 2009 3350 non
2040 3295 2314 3364 pra-sentis
2340 3293 2433 3348 sed
2462 3292 2651 3347 futura:
2682 3290 2903 3343 visionis
2940 3288 3221 3358 promissio
3247 3289 3485 3342 declara-

1908 3399 1992 3442 tur
2020 3407 2032 3441 :
2066 3386 2208 3441 Beati
2236 3385 2421 3439 mundo
2450 3383 2636 3447 corde;
2663 3381 2901 3454 quoniam
2927 3380 3025 3450 ipsi
3068 3379 3227 3433 Deum
3256 3378 3490 3433 videbunt

1908 3478 2116 3552 (Matth.
2150 3494 2214 3543 ν,
2242 3478 2320 3549 8).

1978 3569 2063 3623 10.
2099 3567 2441 3621 Beatissimus
2464 3578 2676 3634 quoque
2709 3561 3027 3617 Athanasius
3050 3601 3065 3625 ,
3098 3559 3487 3614 Alexandrinus

1904 3660 2220 3729 episcopus,
2262 3674 2381 3712 cum
2425 3667 2606 3727 ageret
2643 3654 2897 3708 adversus
2932 3653 3191 3717 Arianos,
3230 3652 3317 3722 qui
3364 3660 3486 3706 tan-

1908 3750 2180 3805 tummodo
2224 3750 2389 3804 Denm
2431 3747 2641 3801 Patrem
2674 3744 2994 3799 invisibilem
3037 3744 3256 3807 dicunt,
3293 3741 3488 3797 Filium

1907 3857 2033 3896 vero
2060 3851 2115 3896 et
2142 3840 2395 3910 Spiritum
2427 3848 2667 3893 sanctum
2708 3836 2943 3891 visibiles
2973 3844 3194 3905 putant,
3226 3834 3487 3903 {squalens

1904 3934 2181 3990 Trinitatis
2245 3932 2658 3986 invisibilimem
2726 3928 3119 3998 Scriptor-arum
3180 3934 3486 3980 sanctarum

1907 4024 2223 4080 testimoniis
2247 4065 2261 4089 ,
2294 4031 2349 4077 et
2376 4021 2646 4090 diligentia
2676 4035 2789 4073 sua:
2816 4018 3187 4087 disputatiOnis
3215 4018 3482 4081 asseruit,

1906 4115 2286 4170 instantissime
2333 4111 2565 4165 suadens
2597 4111 2761 4163 Deum
2794 4124 2896 4161 non
2926 4122 3044 4161 esse
3071 4107 3242 4159 visum
3273 4106 3373 4160 nisi
3397 4121 3486 4161 as-

1902 4203 2202 4274 smnptione
2243 4212 2502 4258 creatum:
2534 4219 2547 4256 :
2578 4198 2871 4254 secundum
2911 4196 3129 4251 Deitatis
3170 4205 3343 4250 autem
3371 4211 3484 4251 sua:

1903 4296 2278 4367 proprietatem
2316 4292 2535 4367 omnino
2572 4291 2735 4343 Deum
2778 4301 2898 4343 esse
2940 4285 3288 4351 invisibilem,
3321 4286 3372 4341 id
3399 4294 3484 4343 est

1903 4365 2135 4451 Datrem,
2168 4397 2220 4441 et
2246 4365 2471 4446 Filium.
2504 4391 2560 4438 et
2586 4382 2837 4452 Spiritum
2872 4387 3147 4448 sanctum,
3188 4379 3292 4435 nisi
3316 4396 3486 4451 quan-

1903 4489 2013 4534 tum
2056 4486 2234 4532 mente
2259 4492 2321 4530 ac
2349 4473 2538 4545 Spiritu
2562 4471 2710 4528 nosci
2741 4478 2934 4542 potest.
2969 4470 3256 4542 Gregorius
3279 4470 3439 4525 etiam
3463 4513 3480 4537 ,

1903 4581 2115 4629 sanctus
2161 4570 2442 4639 episcopus
2482 4565 2767 4621 Orientalis
2817 4562 2931 4633 (a),
2977 4563 3313 4634 apertissime
3352 4563 3484 4618 dicit

1903 4665 2070 4719 Deum
2101 4672 2284 4715 natura
2314 4658 2630 4713 invisibilem
2651 4698 2665 4719 ,
2692 4656 2905 4727 quando
2930 4654 3168 4726 patribus
3188 4654 3333 4707 visus
3358 4663 3442 4707 est
3459 4693 3475 4718 ,

1903 4755 2040 4809 sicut
2059 4752 2247 4823 Moysi,
2272 4764 2392 4804 cum
2423 4763 2529 4817 quo
2554 4746 2690 4801 facie
2714 4747 2781 4801 ad
2809 4746 2997 4801 faciem
3025 4744 3359 4815 loquebatur,
3382 4743 3485 4798 ali-

1904 4845 2054 4913 cujus
2090 4840 2462 4911 conspicabilis
2506 4839 2739 4893 materire
2780 4837 3126 4907 dispositione
3169 4844 3477 4905 assumpta,

1904 4936 2049 4990 salva
2073 4946 2167 4988 sua
2206 4930 2565 4986 invisibilitate
2606 4929 2774 4984 videri
2801 4928 3052 4998 potuisse.
3086 4926 3197 4981 [loc
3232 4935 3317 4982 est
3341 4926 3485 4998 quod

1905 5027 2064 5082 etiam
2094 5034 2274 5080 noster
2298 5024 2426 5079 dicit
2455 5022 2790 5087 Ambrosius,
2824 5030 2879 5074 et
2904 5020 3115 5075 Patrem
3141 5028 3197 5075 et
3215 5019 3407 5077 Filium
3429 5028 3489 5076 et

1907 5117 2159 5188 Spiritum
2185 5125 2424 5170 sanctum
2449 5128 2512 5169 ea
2534 5112 2712 5182 specie
2735 5108 2901 5165 videri
2922 5124 3082 5179 quam
3110 5110 3357 5165 voluntas
3375 5110 3489 5165 ele-

1906 5211 2074 5278 gerit,
2121 5223 2226 5262 non
2269 5216 2455 5261 natura
2487 5202 2791 5258 ieiunaverit
2829 5198 2918 5271 (In
2944 5199 3069 5255 Luc.
3096 5218 3143 5255 c.
3178 5216 3231 5267 ι,
3262 5200 3351 5270 11)
3385 5218 3399 5254 :
3429 5210 3492 5254 ut

1908 5314 1962 5357 et
2006 5301 2132 5356 illud
2174 5313 2356 5355 verum
2400 5297 2489 5359 sit,
2531 5292 2671 5365 quod
2715 5291 2882 5346 Deum
2928 5307 3070 5346 nemo
3108 5291 3229 5345 vidit
3265 5304 3489 5359 unquam

1911 5395 2090 5466 (Ioan.
2126 5410 2161 5459 ι,
2188 5388 2316 5462 18),
2344 5405 2463 5459 quia:
2492 5401 2591 5440 vox
2617 5384 2782 5456 ipsius
2810 5383 3021 5440 Domini
3046 5381 3242 5438 Christi
3273 5388 3387 5445 est;
3414 5387 3489 5444 et,

1973 5552 2045 5615 (α)
2064 5558 2114 5599 ιιι
2132 5548 2356 5615 timuit)“
2375 5542 2760 5615 terrebatur.
2784 5535 3496 5615 οηεηωιέεςρξιειξςρθξηξεεις

1911 5597 2119 5666 (11δᾶνύἶῆ
2138 5609 2315 5673 judicio
2338 5604 2633 5673 probabilius
2652 5611 2729 5652 est
2744 5597 3009 5673 orationem
3020 5597 3329 5673 immittitur!
3340 5608 3496 5673 ppgra
3585 5622 3592 5673 ἶ

1912 5656 3498 5740 EivésSFi'i'iéeieuieeimta¢e3.e¥¥*‘ittkﬁ9§‘£zﬂt‘§
3587 5666 3595 5725 ἐ

1914 5718 2143 5798 nisaee
2167 5718 2297 5798 iam
2317 5729 2426 5798 erit
2443 5718 2587 5798 φῖηίξς
2610 5718 3017 5798 larissaeus?!”
3035 5718 3249 5798 sese
3266 5718 3498 5798 iaetu:-

2034 5776 2599 5854 lijgco—ltiiﬁtlibdritaai',
2644 5784 2729 5849 qui
2772 5784 2967 5834 circiter
3007 5776 3220 5833 medium
3261 5776 3495 5834 semitam

1914 5870 2139 5923 quartum
2161 5856 2380 5905 llore'..at.
