4004 6380
239 536 331 610 bis.
361 544 503 606 Talis
522 560 621 620 ego
643 550 758 603 sum
788 546 841 602 in
864 545 1076 615 scriptis
1100 546 1320 601 aliarum
1346 562 1359 610 ;
1384 545 1517 602 tales
1535 546 1657 601 volo
1681 560 1801 623 esse

214 636 588 700 ‘int‘ellc‘ctoi‘c's
624 633 884 693 meorum.
936 630 1177 705 Denique
1211 635 1262 691 in
1304 632 1369 691 iis
1407 624 1655 701 omnibus
1683 652 1800 706 qua:

202 716 297 792 “de
324 728 592 804 apusculis
625 734 925 785 Sanctorum
964 736 1121 797 atque
1160 727 1435 781 doctorum
1475 738 1799 781 commemo-

214 806 357 891 ravi,
381 820 667 883 Ambrosiii,
698 816 1028 887 Hieronymi,
1053 808 1349 884 Athanasii,
1374 812 1640 887 Gregorii,
1673 818 1801 873 etsi

234 932 324 991 qua
365 913 593 968 aliorum
639 908 764 966 talia
806 906 984 980 legere
1030 907 1175 987 ροῐυί
1218 908 1339 979 quae
1379 906 1800 963 commemorare

232 1004 431 1080 iungam
465 1000 677 1076 putavi,
716 994 883 1057 Deum
918 1006 1027 1067 non
1064 1013 1184 1056 esse
1211 1012 1440 1070 corpus,
1488 998 1587 1054 nec
1616 997 1799 1057 formze

234 1098 463 1155 humanae
492 1094 691 1149 habere
716 1089 957 1147 membra
976 1132 991 1157 ,
1030 1104 1130 1145 nec
1153 1105 1276 1145 eum
1304 1100 1422 1145 esse
1448 1092 1541 1160 per
1561 1084 1797 1145 locorum

232 1192 382 1262 Spatia
411 1182 768 1253 divisibilem,
814 1192 868 1240 et
904 1198 1023 1239 esse
1060 1191 1249 1239 natura
1292 1174 1799 1237 incommutabiliter

234 1276 568 1345 larisibilem,
594 1291 692 1331 nec
720 1289 816 1345 per
841 1272 1081 1328 eamdem
1112 1282 1352 1327 naturam
1375 1280 1530 1343 atque
1555 1271 1799 1325 substan-

230 1371 379 1436 tiam,
420 1364 516 1424 sed
544 1374 812 1436 assumpta
850 1362 1043 1419 visibili
1071 1364 1249 1432 specie
1273 1362 1411 1416 sicut
1439 1360 1604 1415 voluit
1630 1368 1793 1430 appa-

228 1458 384 1519 i‘oisse
403 1461 471 1515 iis
495 1457 688 1530 quibus
712 1453 976 1535 apparuit,
1002 1452 1213 1525 quando
1237 1468 1331 1521 per
1358 1450 1595 1521 corporis
1615 1449 1798 1505 oculos

227 1552 274 1612 in
300 1550 594 1624 Scripturis
628 1549 826 1607 sanctis
862 1546 1006 1622 visus
1036 1558 1154 1601 esse
1196 1551 1473 1608 narratur,
1505 1543 1555 1596 in
1586 1539 1795 1609 adjuto-

226 1647 302 1704 rio
319 1642 531 1701 flamini
571 1644 883 1698 inconcusse
911 1638 1073 1695 credo
1096 1679 1111 1702 ,
1143 1644 1194 1691 et
1219 1644 1473 1706 quantum
1497 1633 1610 1703 ipse
1636 1630 1797 1686 donat

226 1736 463 1809 illiclligo.

248 1834 251 1837 λ
286 1820 505 1883 CAPUT
531 1820 683 1879 V.-—
700 1821 783 1877 16.
805 1820 881 1876 De
905 1816 1160 1889 spirituali
1188 1823 1363 1870 autem
1387 1825 1630 1884 corpore,
1658 1810 1797 1881 quod

224 1916 271 1975 in
290 1915 677 1974 resurrectione
702 1906 1033 1972 habebimus,
1057 1914 1303 1977 quantam
1331 1906 1501 1973 capiat
1530 1905 1581 1957 in
1609 1902 1798 1956 melius

219 2009 680 2067 commutationem
714 2022 730 2062 :
761 2013 935 2058 utrum
967 2002 1019 2056 in
1047 1985 1438 2069 simplicitatem
1467 1994 1684 2065 spiritus
1712 2009 1799 2048 ce-

222 2094 334 2169 dat,
361 2110 419 2155 ut
455 2108 603 2154 totus
646 2092 806 2151 homo
842 2093 944 2164 iam
987 2090 1203 2161 spiritus
1230 2089 1331 2154 sit;
1361 2104 1426 2142 an
1458 2086 1599 2158 quod
1631 2085 1800 2156 magis

223 2203 355 2262 puto,
377 2190 471 2245 sed
499 2188 735 2243 nondum
764 2185 916 2255 plena
946 2181 1135 2237 fiducia
1161 2179 1440 2243 conﬁrmo,
1469 2179 1537 2231 ita
1566 2172 1797 2231 futurum

224 2282 285 2339 sit
307 2278 583 2354 spirituaie
608 2291 819 2347 corpus,
854 2278 911 2329 ut
935 2281 1151 2343 prepter
1176 2268 1492 2323 ineffabilem
1518 2266 1799 2338 quamdam

158 2390 165 2398 ’
224 2372 513 2429 facilitatem
566 2366 837 2439 spirituale
876 2366 1111 2429 dicatur,
1141 2369 1316 2417 servet
1345 2370 1520 2415 tamen
1550 2360 1798 2414 substan-

224 2466 335 2520 tiam
368 2461 705 2532 corporalem
724 2500 738 2525 ,
768 2471 888 2527 quas
920 2471 1011 2524 per
1039 2454 1269 2522 seipsam
1308 2452 1487 2505 vivere
1514 2465 1577 2504 ac
1603 2450 1800 2503 sentire

224 2562 316 2609 non
356 2553 565 2623 possit,
609 2548 701 2603 sed
747 2563 842 2617 per
885 2546 1028 2599 illum
1074 2543 1163 2613 qui
1208 2557 1269 2598 ea
1314 2541 1477 2595 utitur
1519 2540 1797 2609 spiritum;

222 2659 379 2715 neque
407 2644 559 2697 enim
602 2650 655 2694 et
694 2652 866 2702 nunc,
914 2636 1034 2705 quia
1078 2648 1268 2703 corpus
1314 2630 1506 2686 dicitur
1548 2629 1797 2695 animale,

226 2738 393 2794 eadem
438 2743 525 2791 est
564 2733 751 2787 anima:
786 2736 969 2785 natura
1000 2742 1115 2797 quae
1142 2720 1383 2794 corporis
1414 2740 1429 2780 :
1458 2731 1513 2779 et
1554 2730 1726 2776 utrum
1758 2723 1802 2775 si

226 2830 480 2901 corporis,
534 2825 775 2896 quamvis
802 2824 907 2891 jam
950 2817 1259 2874 immortalis
1294 2823 1453 2885 atque
1482 2813 1801 2882 incorrupti-

225 2920 350 2987 bilis,
377 2927 572 2975 natura
600 2914 917 2975 servabitur,
947 2911 1156 2981 adjuvet
1185 2916 1309 2963 tunc
1339 2906 1533 2976 aliquid
1563 2905 1801 2975 spiritum

223 3014 281 3069 ad
320 3012 611 3067 videndum
659 3009 770 3077 ipsa
817 3005 1077 3070 visibilia,
1121 3002 1170 3056 id
1200 3008 1282 3056 est
1310 2999 1631 3070 corporalia,
1669 2999 1802 3052 sicut

224 3120 349 3162 nunc
387 3105 488 3158 tale
524 3098 721 3170 aliquid
764 3094 866 3152 nisi
903 3111 998 3165 per
1042 3104 1232 3162 corpus
1271 3090 1450 3145 videre
1479 3105 1582 3144 non
1614 3103 1800 3158 possu-

223 3210 362 3262 mus;
393 3213 459 3252 an
490 3208 625 3250 vero
650 3192 809 3249 etiam
843 3202 964 3245 tunc
990 3189 1102 3243 sine
1131 3201 1328 3257 organo
1366 3183 1605 3253 corporis
1635 3182 1803 3236 valeat

225 3291 423 3363 spiritus
453 3296 645 3345 noster
675 3300 830 3340 nosse
855 3281 1149 3352 corporalia
1194 3279 1386 3350 (neque
1415 3276 1554 3331 enim
1586 3284 1633 3329 et
1668 3275 1803 3328 Dens

225 3384 335 3439 talia
362 3399 454 3453 per
486 3393 681 3436 sensus
709 3375 946 3447 corporis
975 3370 1142 3441 novit)
1166 3388 1180 3437 ;
1209 3370 1262 3424 et
1290 3367 1452 3423 multa
1479 3365 1579 3419 alia
1607 3380 1724 3435 qua:
1752 3364 1802 3418 in

225 3472 315 3530 hac
350 3472 652 3545 qumstione
689 3482 903 3522 movere
945 3469 1201 3533 possunt,
1249 3460 1413 3513 fateor
1454 3472 1537 3511 me
1566 3455 1803 3511 nondum

225 3556 402 3621 alicubi
445 3562 676 3632 legisse,
712 3556 852 3628 quod
884 3553 1012 3608 mihi
1038 3550 1283 3606 sufﬁcere
1308 3547 1665 3603 exisﬁmarem
1694 3545 1805 3599 sive

226 3656 284 3711 ad
308 3654 623 3713 discendum
654 3651 765 3705 sive
794 3648 859 3702 ad
888 3644 1206 3701 docendum.

295 3748 377 3804 ΓΙ.
421 3749 509 3804 Ac
552 3761 645 3815 per
690 3741 794 3798 hoc
829 3740 874 3795 si
915 3753 1022 3792 non
1060 3735 1303 3806 displicet
1341 3731 1465 3786 huic
1503 3730 1649 3785 fratri
1686 3743 1800 3783 mea

234 3836 631 3909 qualiscumque
659 3830 885 3895 cautela,
916 3827 1127 3882 interim
1153 3833 1368 3895 propter
1386 3821 1525 3892 quod
1551 3823 1802 3890 scriptum

227 3932 327 3998 est,
360 3928 621 3997 Quoniam
649 3923 918 3978 videbimus
953 3935 1067 3974 eum
1095 3918 1239 3972 sicuti
1263 3923 1332 3969 est
1360 3914 1403 3983 (Ι
1430 3913 1585 3967 Joau.
1616 3929 1695 3977 Ill,
1722 3908 1800 3981 9),

226 4008 471 4093 quantum
516 4026 824 4086 possumus,
862 4026 956 4066 cor
982 4007 1230 4065 mundum
1262 4006 1326 4059 ad
1365 4003 1508 4059 illam
1547 4003 1802 4058 visionem

227 4092 333 4184 ipso
357 4112 647 4180 adjuvante
673 4116 1051 4175 prmparemus.
1086 4098 1163 4153 De
1192 4111 1414 4164 corpore
1443 4102 1618 4147 autem
1650 4092 1806 4184 spiri-

228 4181 343 4271 ὠβῐί
394 4199 642 4272 pacatius
690 4206 744 4251 et
788 4190 1091 4263 diligentius
1139 4188 1502 4257 inquiramus,
1556 4200 1622 4237 ne
1668 4181 1806 4237 forte

227 4288 409 4366 aliquid
455 4298 666 4347 certum
703 4300 766 4342 ac
803 4282 1060 4355 liquidum
1084 4321 1101 4347 ,
1142 4280 1187 4333 si
1230 4277 1384 4333 nobis
1412 4277 1511 4331 hoc
1538 4276 1661 4330 utile
1688 4291 1806 4331 esse

220 4362 399 4447 novit,
438 4380 739 4437 secundum
768 4374 1069 4445 Scripturas
1105 4386 1230 4427 suas
1266 4370 1405 4425 Deus
1441 4367 1687 4437 dignetur
1713 4366 1804 4421 de-

238 4462 557 4530 monstrare.
602 4458 659 4526 Si
684 4469 827 4524 enim
864 4466 967 4521 hoc
997 4462 1255 4518 invenerit
1282 4454 1550 4529 inquisitio
1579 4457 1803 4529 diligen-

233 4540 357 4633 ter,
390 4573 600 4621 tantam
626 4560 864 4632 corporis
892 4558 1116 4611 futuram
1144 4551 1485 4610 mutationem
1506 4593 1522 4617 ,
1552 4560 1611 4605 ut
1641 4550 1806 4619 possit

233 4659 402 4722 videre
428 4648 716 4711 invisibilia
743 4666 759 4715 ;
787 4664 893 4705 non
913 4689 927 4711 ,
962 4654 1018 4701 ut
1043 4647 1250 4715 opinor,
1281 4644 1401 4698 talis
1430 4643 1662 4712 potentia
1683 4654 1805 4694 cor-

231 4728 365 4822 peris
387 4734 560 4804 menti
586 4742 788 4798 auferet
815 4726 1096 4803 visionem,
1124 4743 1184 4791 ut
1198 4734 1428 4789 exterior
1448 4732 1609 4787 homo
1628 4731 1807 4786 videre

234 4828 391 4895 Deum
420 4848 553 4891 tunc
584 4832 773 4904 possit,
800 4847 905 4884 non
934 4827 1102 4898 possit
1127 4824 1350 4878 interior
1380 4840 1394 4878 :
1424 4822 1572 4891 quasi
1602 4830 1804 4875 tantum

234 4928 352 4985 foris
376 4927 448 4986 sit
471 4920 614 4981 Deus
635 4923 699 4976 ad
722 4920 1013 4986 hominem,
1038 4926 1096 4985 et
1121 4914 1261 4970 intus
1280 4927 1383 4967 non
1404 4912 1471 4965 sit
1495 4911 1546 4964 in
1570 4909 1802 4975 homine,

381 5008 733 5091 apertissime
757 5008 1009 5080 scriptum
1049 5008 1149 5071 sit,
1194 5000 1246 5058 ut
1284 5004 1347 5057 sit
1377 5001 1513 5056 Deus
1547 4994 1808 5091 omniain

488 5094 531 5179 (ἴ
552 5102 671 5160 Car.
697 5102 804 5169 xv,
832 5094 961 5171 28);
988 5107 1078 5153 aut
1104 5097 1174 5151 ita
1204 5090 1273 5151 sit
1301 5092 1443 5149 intus
1468 5090 1554 5147 ille
1578 5093 1666 5163 qui
1691 5090 1809 5148 sine

226 5180 351 5259 aliis
383 5196 623 5257 locorum
648 5192 833 5266 Spa'tiis
855 5186 1051 5261 ubique
1082 5197 1221 5244 totus
1246 5194 1348 5251 est,
1380 5193 1436 5240 ut
1455 5184 1582 5238 foris
1606 5180 1806 5238 tantum

222 5286 394 5348 eum
417 5284 487 5347 ab
512 5282 775 5346 exteriori
798 5276 1012 5338 homine
1030 5276 1237 5350 possit,
1269 5276 1413 5331 intus
1433 5284 1607 5329 autem
1629 5274 1695 5327 ab
1725 5274 1808 5327 in-

242 5376 413 5439 feriori
455 5396 561 5436 non
595 5377 784 5452 possit.
828 5370 957 5443 Quae
987 5369 1032 5425 si
1059 5367 1435 5423 absurdissima
1471 5365 1809 5420 sentiuntur:

244 5468 404 5546 magis
441 5472 581 5528 enim
614 5467 783 5524 sancti
814 5462 953 5535 pleni
989 5466 1145 5517 erunt
1171 5459 1318 5523 Deo;
1365 5472 1469 5511 non
1509 5455 1693 5509 inanes
1726 5455 1809 5509 in-

224 5543 370 5621 m
326 5543 500 5621 ;"&ljs
546 5562 615 5615 ab
658 5555 750 5616 il’lo
794 5550 1263 5611 circumdabuntur
1306 5545 1667 5610 extrinsecus;
1712 5547 1813 5600 nec

248 5634 366 5711 θεὲῖ
391 5644 708 5711 intrinsecus
731 5664 853 5705 eum
881 5661 989 5719 quo
1015 5641 1157 5717 pleni
1186 5648 1372 5705 erunt,
1409 5653 1512 5692 non
1541 5636 1810 5705 videbunt,

180 5734 211 5783 έ-
226 5729 234 5735 ’
248 5728 303 5803 et
318 5754 514 5803 tantum
541 5745 833 5802 forinsecus
851 5737 1045 5797 oculati
1068 5750 1188 5791 eum
1206 5749 1309 5804 quo
1326 5731 1813 5798 circumdabuntur,

194 5818 489 5903 J'videbmt
519 5858 535 5901 ε
564 5844 731 5903 restat
754 5844 810 5893 ut
834 5834 1045 5892 interim
1075 5831 1145 5890 de
1162 5831 1370 5888 visione
1397 5829 1492 5885 Dei
1518 5828 1807 5885 secundum

1407 429 1881 490 EPISTOLARUM
1918 426 2188 495 CLASSIS
2224 440 2310 496 Ill.

3378 450 3480 505 6'50

1906 546 2211 607 interiorem
2234 550 2500 625 hominem
2526 553 2805 610 certissimi
2826 552 3010 631 simus.
3041 555 3099 633 Si
3117 570 3289 613 autem
3313 560 3471 615 etiam

1906 640 2098 712 corpus
2128 640 2259 700 mira
2290 640 2703 711 commutatione
2737 640 2841 702 hoc
2872 645 3125 714 valuerit,
3152 647 3292 703 aliud
3319 660 3479 713 acce-

1905 720 2023 817 d‘ef‘,
2062 750 2166 787 non
2194 722 2321 817 illud
2346 730 2614 813 abScedet.
3051 802 3056 807 _

1978 810 2064 878 l8.
2092 811 2282 880 Melius
2311 841 2437 895 ergo
2466 810 2942 884 illud‘afﬁ'rmamus
2970 826 3108 889 unde
3138 831 3355 888 minime
3382 831 3483 899 duo

1904 901 2153 978 bitamus,
2182 914 2331 986 quod
2350 916 2509 971 homo
2538 916 2761 973 interior
2774 914 2975 976 videbit
2994 914 3179 989 Deum,
3209 923 3294 992 qui
3319 919 3479 979 modo

1905 994 2047 1058 solus
2076 1002 2251 1075 potest
2276 1002 2457 1063 videre
2484 1002 2793 1063 clia‘ritatem
2815 1051 2830 1075 ,
2872 1026 2990 1079 qua:
3015 1026 3134 1066 cum
3178 1012 3482 1069 laudaretur

1905 1084 2109 1153 dictum
2139 1100 2217 1150 est
2236 1137 2252 1162 ,
2294 1086 2432 1153 Deus
2459 1096 2674 1153 charitas
2706 1108 2779 1154 est
2817 1094 3054 1172 (IJoan.
3082 1117 3133 1155 IV
3153 1143 3168 1168 ,
3195 1092 3265 1173 8)
3292 1121 3304 1156 :
3334 1104 3479 1159 solus

1902 1178 2087 1263 petest'
2118 1184 2309 1242 videre
2335 1201 2523 1259 pacem
2562 1195 2616 1247 et
2662 1190 3131 1247 sanctiﬁcationem
3155 1234 3169 1257 ,
3215 1191 3331 1249 sine
3373 1210 3475 1265 qua

1904 1288 2059 1331 nemo
2084 1284 2256 1345 potest
2283 1276 2462 1333 videre
2479 1268 2643 1334 Deum
2661 1277 2842 1353 (Ηεὸν.
2865 1280 2961 1347 xu,
2995 1278 3105 1351 14).
3135 1270 3315 1354 Neque
3335 1285 3477 1339 enim

1902 1356 2213 1421 ciiaritatem
2233 1409 2249 1434 ,
2278 1382 2460 1438 pacem
2480 1412 2494 1436 ,
2538 1369 3036 1436 sanctiﬁcationem,
3078 1379 3134 1426 et
3162 1371 3204 1426 si
3231 1389 3330 1442 qua
3358 1384 3483 1429 sunt

1902 1454 2089 1510 similia
2110 1497 2126 1523 ,
2154 1456 2296 1512 videt
2326 1458 2484 1513 modo
2512 1456 2650 1513 ullus
2679 1460 2862 1514 oculus
2901 1460 3102 1525 carnis;
3145 1478 3261 1531 qua:
3303 1471 3481 1519 tamen

1902 1548 2078 1601 omnia
2117 1547 2226 1617 jam
2279 1548 2455 1615 videt,
2498 1560 2750 1619 quantum
2798 1561 3000 1620 potest,
3046 1553 3238 1609 mentis
3275 1555 3479 1625 oculus,

1905 1644 2053 1691 tanto
2079 1638 2261 1706 purius
2284 1649 2478 1708 quanto
2500 1640 2685 1710 purior
2714 1657 2725 1693 :
2751 1649 2809 1695 ut
2834 1641 2949 1696 sine
2976 1641 3301 1699 dubitatione
3318 1646 3482 1702 Deum

1905 1741 2003 1780 nos
2031 1724 2239 1783 visuros
2259 1743 2377 1784 esse
2405 1730 2706 1797 credamus,
2731 1734 2842 1785 sive
2869 1731 3217 1800 inveniamus,
3246 1734 3357 1790 sive
3379 1751 3480 1792 non

1904 1815 2234 1871 inveniamus
2262 1818 2402 1887 quod
2430 1817 2498 1875 de
2528 1820 2779 1889 qualitate
2820 1818 2983 1875 futuri
3024 1824 3264 1893 corporis
3289 1826 3482 1894 quaeri-

1903 1908 2051 1974 mus;
2090 1924 2209 1962 cum
2238 1918 2412 1965 tamen
2437 1922 2631 1980 corpus
2654 1922 3077 1969 resurrecturum
3106 1926 3157 1970 et
3189 1916 3484 1976 immortale

1902 2008 2061 2067 atque
2086 1997 2479 2071 incorruptibile
2502 1992 2729 2057 futurum
2747 2018 2850 2057 non
2868 2004 3217 2075 ambigamus,
3234 2011 3483 2079 quoniam

1904 2087 2029 2145 hinc
2066 2098 2367 2145 sanctarum
2392 2090 2782 2162 Scripturarum
2811 2095 3099 2149 sententias
3124 2098 3484 2166 apertissimas

1904 2166 2344 2251 ﬁrtnissimasque
2374 2183 2683 2238 retinemus.
2730 2176 2785 2237 Si
2815 2194 2989 2240 autem
3020 2186 3117 2239 iste
3157 2184 3321 2241 frater
3340 2190 3482 2258 quod

1904 2269 1973 2325 dc
1997 2270 2253 2340 spirituali
2280 2285 2505 2343 corpore
2536 2268 2711 2328 adhuc
2738 2274 2954 2343 requiro
2974 2317 2988 2341 ,
3022 2274 3132 2346 jam
3163 2277 3264 2331 sibi
3303 2279 3480 2334 ﬁrmat

1905 2376 2024 2420 esse
2050 2364 2423 2432 certissimum,
2457 2367 2556 2421 nisi
2583 2367 2817 2437 placidus
2842 2369 3058 2424 audiero
3084 2370 3383 2439 docentem,
3412 2374 3482 2431 ita

1907 2464 1962 2509 ut
1990 2455 2077 2510 ille
2098 2471 2308 2527 quoque
2325 2458 2559 2528 placidus
2578 2474 2664 2514 me
2677 2459 2855 2514 audiat
2876 2460 3250 2529 inquirentem,
3272 2462 3486 2521 habebit

1906 2546 2047 2603 unde
2092 2546 2212 2618 jure
2257 2558 2589 2606 succenseat.
2646 2551 2796 2606 Nunc
2842 2561 3021 2607 tamen
3068 2569 3166 2622 per
3214 2553 3483 2610 Christum

1908 2639 2129 2693 thecro
2158 2648 2215 2693 ut
2241 2641 2307 2693 de
2336 2640 2425 2694 illa
2453 2643 2737 2709 asperitate
2762 2641 3054 2697 litterarum
3082 2658 3316 2698 mearum
3335 2686 3350 2711 ,
3382 2660 3485 2715 qua

1907 2742 2026 2784 eum
2055 2744 2156 2783 non
2185 2730 2449 2785 immerito
2474 2730 2733 2787 offensum
2764 2748 2882 2787 esse
2906 2733 3093 2800 didici,
3122 2737 3326 2789 veniam
3358 2736 3483 2791 mihi

1906 2812 1974 2875 ab
1999 2818 2091 2875 illo
2118 2821 2372 2890 impetres
2390 2862 2406 2887 ,
2434 2830 2488 2877 et
2516 2832 2601 2877 me
2636 2823 2911 2893 rescriptis
2948 2824 3171 2879 Domino
3200 2825 3482 2894 adjuvante

1906 2909 2163 2966 fmtilices.

2326 3020 2653 3080 EPISTOLA
2693 3021 2939 3081 cxux-
2968 3024 3065 3100 (a).

1908 3129 2194 3199 Respondet
2222 3130 2291 3185 ad
2326 3132 2623 3201 quastione;
2646 3150 2708 3188 ea:
2734 3132 2959 3190 Psalmis
2979 3176 2995 3199 ,
3038 3152 3104 3191 ea:
3135 3135 3396 3206 Apostolo,
3436 3149 3483 3194 et

1978 3238 2042 3277 ea:
2062 3222 2336 3294 Evangelia
2364 3225 2648 3296 propositas
2673 3242 2706 3279 a
2731 3224 2953 3280 Paulino
2974 3228 3205 3297 superius
3229 3269 3242 3293 ,
3270 3229 3325 3283 in
3374 3230 3483 3300 epi-

1977 3315 2105 3371 stola
2134 3318 2399 3371 centesima
2424 3318 2653 3372 vicesima
2678 3318 2865 3387 prima.

1910 3405 2224 3460 Beatissimo
2248 3417 2303 3462 et
2333 3408 2707 3465 venerabiliter
2729 3409 3139 3477 desiderabilia
3161 3410 3487 3468 desiderabi.

1980 3499 2100 3554 liter
2127 3500 2443 3567 venerabili,
2465 3510 2651 3555 sancto
2680 3512 2968 3573 sancteque
2994 3503 3307 3558 charissima
3337 3505 3486 3561 fratri

1979 3596 2033 3645 et
2082 3590 2397 3660 coepiscopo
2418 3632 2437 3658 ,
2481 3591 2751 3670 homo,
2782 3594 3149 3660 Aucuswmus,
3180 3594 3231 3648 in
3262 3594 3487 3653 Domino

1979 3681 2225 3736 salutem.

1979 3789 2204 3847 CAPUT
2230 3791 2513 3847 PRIMUM.
2539 3821 2611 3834 —-
2643 3794 2693 3847 1.
2720 3794 2872 3861 Quod
2910 3796 2977 3851 de
3011 3799 3354 3869 peryentlone
3380 3806 3486 3854 tam

1911 3864 2163 3949 prOSpera
2192 3879 2371 3937 fratris
2390 3891 2446 3937 et
2463 3884 2881 3954 compresbyteri
2908 3864 3075 3940 nostri
3096 3864 3297 3955 Quinti,
3324 3900 3376 3944 et
3398 3889 3489 3959 qui

1910 3984 2029 4023 cum
2058 3985 2125 4024 eo
2152 3971 2561 4040 navigaverunt,
2592 3973 2699 4027 cito
2732 3989 2830 4028 nos
2874 3976 3127 4030 Dominus
3153 3978 3484 4045 exhilaravit,

1911 4063 2277 4118 nuntiantibus
2312 4064 2503 4118 litteris
2545 4063 2850 4119 Sanctitatis
2880 4074 3001 4129 tuae,
3026 4068 3221 4137 gratias
3247 4084 3409 4139 agens
3438 4072 3487 4125 ei

1909 4155 1997 4225 qui
2018 4164 2220 4209 recreat
2244 4154 2497 4222 afﬂictos,
2518 4165 2571 4210 et
2593 4155 2823 4210 lmmiles
2847 4147 3169 4221 consolatur,
3199 4159 3488 4215 sinceritati

1909 4245 2087 4301 cordis
2108 4245 2214 4310 tui,
2254 4246 2536 4301 occasione
2564 4246 2661 4300 lilii
2682 4255 2737 4300 et
2760 4245 3071 4302 condiaconi
3095 4249 3258 4302 nostri
3290 4249 3484 4306 Bullini

1908 4350 2031 4406 qua:
2053 4334 2295 4405 proxima
2324 4336 2587 4403 occurrit,
2628 4352 2768 4391 nunc
2810 4337 3064 4408 rescripta
3102 4340 3348 4409 persolvo
3380 4341 3486 4398 :de
3527 4372 3541 4383 -

1910 4426 2090 4484 littore
2129 4442 2358 4498 namque
2386 4426 2709 4497 Hipponensi
2739 4427 3005 4497 profectus
3032 4438 3131 4483 est.
3164 4431 3227 4484 Et
3250 4434 3484 4502 approbo

1909 4520 2287 4576 misericordiae
2316 4519 2593 4575 consilium
2618 4520 2761 4591 quod
2786 4520 2882 4575 tibi
2902 4521 3155 4576 Dominus
3188 4523 3478 4591 inspiravit,

1909 4611 2146 4681 mihique
2191 4612 2462 4667 insinuare
2504 4612 2751 4682 dignatus
2789 4625 2869 4667 es.
2902 4610 3019 4681 Ipse
3048 4621 3099 4666 et
3126 4616 3224 4665 hoc
3249 4612 3481 4682 adjuvet,

1910 4703 2028 4773 ipse
2063 4712 2371 4771 prosperet,
2414 4702 2505 4773 qui
2541 4703 2651 4772 jam
2683 4718 2863 4757 curam
2909 4713 3142 4757 nostram
3185 4716 3249 4755 ex
3295 4718 3487 4773 magna

1911 4803 2062 4864 parte
2090 4794 2296 4859 lenivit,
2323 4792 2444 4863 quia
2467 4802 2744 4862 pervectus
2763 4803 2815 4848 et
2834 4792 3231 4848 commendatus
3255 4803 3335 4848 est
3360 4793 3488 4848 cha-

1911 4885 2155 4940 rissimus
2180 4883 2363 4946 homo,
2406 4900 2512 4938 non
2536 4885 2709 4940 solum
2736 4884 2887 4939 bonis
2906 4884 3174 4953 operibus,
3203 4884 3298 4939 sed
3324 4886 3485 4940 etiam

1884 5026 1890 5031 .
1910 4978 2109 5034 sanctis
2133 4976 2460 5033 orationibus
2482 4976 2608 5032 tuis.

1924 5120 1929 5121 ,
1981 5070 2037 5123 2.
2077 5068 2288 5125 litterae
2312 5078 2443 5124 sane
2463 5068 2831 5124 Venerationis
2853 5075 2982 5134 tute,
3008 5067 3099 5122 ubi
3141 5069 3305 5123 multa
3335 5079 3484 5141 qure-

1912 5160 2072 5226 siisti,
2101 5169 2157 5217 et
2174 5159 2460 5232 querenda
2479 5157 2821 5226 admonuisti,
2840 5169 2896 5216 et
2919 5161 3211 5231 quaerendo
3236 5162 3482 5227 docuisti,

1914 5250 1982 5307 ad
2019 5267 2104 5305 me
2134 5258 2505 5321 pervenerunt.
2524 5248 2633 5306 Sed
2655 5264 2787 5319 quas
2811 5250 2927 5320 ipse
2952 5251 3208 5305 continuo
3236 5252 3481 5323 rescripsi

1913 5357 2012 5414 per
2041 5341 2282 5398 homines
2310 5340 2617 5397 earumdem
2671 5346 2973 5396 sanctarum
3024 5341 3335 5395 solatiorum
3383 5356 3482 5394 no-

1916 5440 2179 5497 atrorum,
2204 5433 2341 5487 sicut
2381 5430 2465 5485 his
2513 5431 2616 5484 tuis
2642 5431 3029 5486 recentioribus
3069 5429 3337 5499 comperi,
3379 5442 3487 5486 non

1980 5568 2001 5586 '
2023 5573 2151 5629 Hane
2169 5563 2603 5629 recensuimusad,
2619 5578 2667 5615 a.
2690 5565 2774 5629 δε.
2798 5562 2867 5614 bl.
2894 5574 2943 5614 ο.
2962 5572 3036 5614 ec.
3059 5560 3115 5613 ff.
3136 5574 3187 5629 ς.
3210 5574 3295 5629 εν.
3313 5562 3351 5628 j.
3374 5577 3426 5613 n.
3450 5577 3496 5629 ις.

1917 5626 3496 5738 ἒνῖοάυωὺαΛωεδὴΛυοεῐοῳιωακνοθῐωωΒω.

1980 5726 1993 5738 .
2082 5704 2128 5738 v.

1916 5697 2627 5886 Ξὲιῖζίῇὶδῦςᾳηωωιθω
2651 5768 2743 5820 149
2765 5768 3337 5839 erat,nnnc58.6cﬂptl
3356 5768 3500 5825 vide-
