4004 6380
601 368 698 426 651

603 495 729 540 sunt
776 484 996 541 reddita:
1017 486 1353 544 Veneratlonl
1402 497 1524 544 tute.
1570 488 1627 544 In
1679 490 1870 560 quibus
1919 493 2176 562 quidem,

600 587 859 647 quatenus
886 578 950 632 ad
982 579 1296 650 interrogata
1345 581 1730 651 responderim,
1779 585 2014 640 recolere
2066 600 2171 640 non

599 667 771 730 valui;
818 683 915 722 nec
955 683 1135 723 carum
1177 672 1476 740 exemplum
1507 688 1626 726 cmn
1654 676 2008 745 requisiissetn
2034 718 2050 742 ,
2083 677 2174 732 ubi

597 760 700 815 boc
729 777 934 830 possem
963 778 1357 832 recognoscere,
1389 764 1584 820 inveni.
1615 767 1692 820 Ad
1719 769 1966 822 nonnulla
1995 779 2171 825 tamen

596 869 684 908 me
721 855 1056 921 respnndisse
1080 866 1256 908 certus
1297 858 1516 911 omnino
1554 874 1669 912 smn
1696 900 1710 922 ,
1743 871 1796 915 et
1824 862 1944 915 ideo
1971 877 2073 916 non
2101 863 2168 917 ad

594 945 792 1006 omnia,
819 945 936 1012 quia
965 955 1018 998 ut
1041 945 1146 998 cito
1173 945 1399 1008 linirem,
1424 947 1688 1002 festinatio
1713 950 1990 1018 perlatoris
2015 968 2170 1022 urge-

592 1035 695 1089 bat.
732 1035 896 1090 Simul
937 1037 1093 1091 etiam
1145 1039 1426 1102 miseram,
1474 1042 1612 1094 sicut
1635 1041 1902 1108 jttsseras,
1935 1055 1988 1097 et
2029 1046 2168 1099 illius

589 1126 828 1191 epistola-
851 1127 1172 1195 exetnplnnt.
1199 1146 1354 1196 quam
1383 1131 1576 1186 ltt:eClt
1599 1133 1754 1186 iritziti
1779 1134 1914 1202 apud
1940 1133 2165 1188 Cartha-

586 1214 760 1284 ginem
783 1217 848 1270 de
868 1233 1148 1285 Corporum
1181 1223 1563 1279 reuirrectione
1594 1226 1967 1289 rescripseram
2007 1228 2043 1288 ',
2076 1229 2162 1284 ubi

586 1305 652 1360 de
681 1321 774 1361 usu
808 1310 1163 1364 membrorum
1190 1324 1372 1366 exorta
1421 1325 1528 1367 erat
1572 1318 1811 1383 quzestio.
1861 1316 2010 1372 Nunc
2033 1335 2162 1386 ergo

587 1407 636 1450 et
670 1397 769 1453 hoc
791 1401 928 1463 misi,
958 1411 1010 1454 et
1038 1403 1262 1455 alterum
1289 1405 1507 1459 alterius
1532 1447 1547 1470 ,
1598 1409 1716 1476 quia
1763 1423 1858 1462 nec
1904 1409 2068 1477 ipsam
2108 1411 2158 1465 in

582 1503 771 1544 manus
800 1500 913 1545 tuas
942 1493 1242 1559 pervenisse
1271 1496 1492 1561 conieci,
1525 1512 1589 1549 eo
1616 1498 1754 1566 quod
1780 1499 1972 1553 ilermn
1998 1501 2157 1554 inter-

582 1584 775 1648 rogasti
819 1584 1057 1652 quanlam
1102 1600 1217 1653 qua)
1241 1585 1350 1654 jam
1384 1603 1468 1642 me
1495 1587 1543 1641 in
1580 1604 1640 1642 ea
1674 1592 2009 1656 νρςιιειηιιίεςρ
2039 1593 2156 1662 lego

581 1680 635 1725 et
687 1688 933 1741 agno~co.
982 1675 1083 1729 Sed
1114 1676 1264 1729 istam
1297 1693 1388 1744 per
1429 1694 1584 1746 quem
1620 1679 1900 1735 direxi-rint
1950 1686 2152 1738 nescio.

579 1763 788 1834 Scripta
837 1769 1028 1835 quippe
1079 1768 1364 1823 Cbaritatis
1410 1780 1511 1823 tum
1537 1773 1726 1840 quibus
1755 1789 1871 1827 eam
1926 1775 2149 1838 reddidi,

582 1856 715 1909 sicut
749 1858 905 1910 etiam
931 1859 1037 1926 ipsa
1073 1859 1335 1920 indicat’,
1367 1862 1523 1916 missa
1574 1873 1691 1915 sunt
1736 1865 1863 1917 mibi
1911 1866 1977 1916 ab
2023 1866 2151 1931 Ilip-

578 1963 718 2019 p'me
757 1966 784 2000 a
832 1950 1045 2013 nostris,
1077 1966 1194 2005 cum
1225 1967 1396 2006 essmn
1424 1954 1562 2018 apud
1593 1964 1826 2008 sanetum
1852 1956 2065 2010 fratrem
2097 1966 2152 2011 ct

577 2042 944 2110 coepiscopum
979 2056 1215 2096 nostrum
1251 2045 1570 2099 lionilacium
1621 2051 1776 2112 (nam
1807 2064 1990 2102 eorum
2026 2065 2146 2117 per-

574 2131 796 2188 latorem
848 2150 950 2188 non
980 2135 1128 2204 vidi),
1160 2147 1212 2189 ct
1236 2140 1484 2190 continuo
1516 2143 1767 2208 rescripta
1801 2159 1904 2196 non
1939 2143 2140 2198 distuli.

643 2223 695 2277 5.
725 2224 854 2290 Quia
883 2241 1008 2287 ergo
1032 2236 1176 2289 tunc,
1208 2228 1344 2281 sicut
1379 2230 1600 2295 scripsi,
1631 2249 1732 2284 non
1766 2244 2036 2298 potueram
2065 2236 2145 2288 in-

570 2313 775 2381 spicere
803 2314 1014 2368 codices
1051 2332 1254 2384 grweos
1285 2330 1498 2386 propter
1527 2321 1765 2388 qumdasn
1815 2324 1998 2390 psalmi
2044 2325 2143 2380 de-

569 2404 691 2457 cimi
716 2407 874 2466 sexti,
902 2409 1102 2476 inspexi
1137 2419 1314 2476 postea
1344 2427 1474 2476 qttos
1504 2413 1694 2467 inveni.
1731 2415 1787 2468 Et
1819 2432 1952 2469 unus
1972 2416 2140 2472 babe-

567 2493 689 2560 bat,
719 2495 860 2565 quod
888 2509 940 2551 et
967 2499 1111 2551 latini
1141 2501 1332 2563 nostri,
1370 2501 1607 2566 Domine,
1662 2506 1873 2573 pet-dens
1907 2510 1968 2561 de
2005 2519 2138 2562 terra

565 2587 827 2641 dispertire
867 2605 951 2641 eos
981 2605 999 2642 :
1028 2589 1164 2644 alius
1207 2592 1344 2646 sicut
1373 2594 1483 2662 ipse
1512 2597 1727 2660 posuisti
1749 2639 1764 2662 ,
1799 2597 1836 2650 Α
1873 2600 2044 2666 paucis
2073 2600 2137 2655 de

584 2693 717 2730 erm.
769 2680 830 2731 Et
883 2679 1009 2733 illml
1055 2681 1265 2751 quidem
1293 2697 1531 2750 apertum
1565 2687 1982 2754 babetseusum,
2015 2709 2134 2762 per-

564 2767 685 2822 :lens
711 2767 774 2822 de
792 2779 922 2822 terra
947 2787 1103 2840 quam
1129 2772 1207 2826 eis
1237 2773 1458 2840 dedisti,
1488 2777 1752 2844 dispertire
1777 2797 1859 2832 cos
1887 2782 1936 2834 in
1964 2782 2136 2851 genti-

559 2856 658 2911 bus
691 2875 705 2911 :
732 2859 869 2928 quod
911 2870 964 2913 et
1010 2861 1200 2915 laetum
1229 2865 1304 2917 eis
1334 2875 1446 2930 est,
1478 2882 1596 2920 cum
1626 2871 1768 2937 gravi
1803 2871 1939 2924 bello
1963 2890 2132 2942 expu-

558 2948 701 3015 gnati
731 2957 888 3018 atque
916 2950 1154 3006 subversi
1202 2965 1344 3007 sunt.
1380 2955 1505 3008 lllud
1536 2969 1710 3011 autem
1737 2962 1960 3016 alterum
1990 2979 2127 3034 quo-

558 3037 716 3089 modo
739 3039 1100 3107 accipiendum
1129 3044 1227 3106 sit,
1278 3061 1379 3099 non
1412 3047 1540 3102 mihi
1580 3052 1845 3114 occurrit;
1879 3052 1978 3106 nisi
2008 3056 2127 3122 quia

555 3126 607 3180 in
635 3133 1027 3198 comparatione
1055 3136 1268 3202 perditae
1295 3140 1641 3196 multitudinis
1662 3157 1864 3202 eorum.
1892 3147 2126 3217 reliquias

554 3217 713 3271 salva:
731 3218 882 3273 factm
902 3232 1045 3286 sunt,
1077 3226 1255 3295 utique
1276 3230 1326 3282 in
1348 3233 1524 3298 paucis
1545 3249 1573 3285 a
1596 3236 1890 3303 quibuwos
1917 3239 2124 3308 disper-

551 3308 781 3370 tieudos.
804 3311 902 3366 boc
923 3323 1002 3368 est
1018 3316 1326 3374 dividendus
1345 3332 1500 3386 atque
1517 3327 1836 3391 separandos
1848 3328 2052 3399 Scripta
2067 3350 2120 3388 ra

548 3402 940 3468 prmnnntiavit,
963 3405 1162 3469 dicens,
1198 3407 1428 3475 Domine,
1447 3431 1478 3466 a
1506 3419 1698 3482 paucis,
1733 3418 1781 3471 id
1808 3431 1909 3483 est,
1937 3437 1965 3474 a
1995 3424 2120 3477 reli-

548 3491 684 3560 quiis
711 3510 839 3563 quas
865 3513 926 3549 ex
961 3497 1043 3550 illa
1070 3512 1226 3567 gente
1247 3502 1419 3558 salvas
1447 3507 1608 3560 fecisti
1629 3551 1645 3573 ,
1675 3511 1737 3562 de
1761 3523 1893 3565 terra
1919 3515 2116 3583 disper-

548 3581 643 3636 tire
671 3601 752 3638 eos
784 3602 803 3639 :
833 3597 886 3641 ut
915 3597 1107 3644 terram
1133 3594 1484 3663 intelligamus
1518 3599 1805 3658 Ecclesiam
1833 3605 2114 3662 barredita-

548 3680 761 3743 lemque
812 3678 1046 3733 lidelimn
1093 3693 1252 3750 alque
1299 3700 1634 3752 sanetorum,
1678 3710 1794 3759 qua:
1843 3695 2034 3750 dit-itur
2061 3710 2116 3756 et

548 3771 685 3817 terra
717 3767 1026 3831 viventium,
1063 3782 1114 3824 et
1141 3789 1259 3842 qum
1283 3776 1440 3830 etiam
1473 3779 1560 3834 illo
1588 3782 1702 3836 loro
1724 3797 1866 3840 recte
1896 3788 2113 3860 intelligi

541 3863 734 3923 potest,
785 3855 926 3910 Beati
967 3861 1140 3925 mites;
1187 3867 1423 3928 quoniam
1449 3870 1544 3937 ipsi
1571 3871 1859 3931 ltwredilate
1884 3882 2109 3948 posside-

540 3943 662 3997 bunt
686 3954 869 3999 terram
903 3949 1110 4018 (Muttlt.
1136 3969 1186 4018 v,
1219 3955 1295 4023 4).
1320 3956 1448 4011 Cum
1486 3971 1660 4016 autem
1705 3943 1900 4020 dictum
1943 3980 2105 4037 esset,

537 4034 581 4087 Α
610 4039 784 4104 paucis
809 4042 872 4092 de
896 4050 1027 4094 terra
1057 4044 1223 4099 divide
1251 4063 1364 4112 eos,
1410 4051 1643 4106 additum
1671 4065 1751 4109 est
1770 4097 1785 4121 ,
1817 4057 1867 4110 in
1898 4060 1997 4113 vita
2021 4078 2108 4116 eo-

537 4144 685 4193 rum;
741 4143 796 4185 ut
857 4134 907 4186 in
949 4138 1226 4192 manifesto
1266 4139 1495 4197 futurum
1539 4145 1938 4217 intelligeretur,
1981 4153 2105 4211 dum

537 4218 624 4271 hic
657 4221 855 4276 vivunt.
889 4224 1214 4295 Separantur
1240 4233 1380 4286 enim
1425 4238 1570 4289 tnnlti
1612 4241 1678 4290 ab
1711 4239 1941 4297 Ecclesia
1965 4287 1977 4307 .
2012 4250 2105 4304 sed

479 4351 488 4359 .
538 4322 657 4360 cum
703 4313 1016 4378 moriuntur,
1048 4320 1135 4386 qui
1182 4328 1354 4375 tamen
1399 4339 1517 4378 cum
1550 4329 1764 4393 vivunt,
1799 4351 1890 4399 per
1914 4336 2103 4393 Sacra-

537 4409 833 4454 mentorum
879 4410 1305 4464 communionem
1354 4416 1671 4487 unitatisque
1706 4423 1975 4481 catholica:
2023 4430 2101 4485 vi-

537 4487 730 4543 denlur
759 4491 1006 4547 Ecclesiae
1032 4498 1279 4564 copulati.
1323 4499 1412 4556 Isti
1437 4521 1564 4576 ergo
1591 4510 1740 4562 divi~i
1769 4525 1887 4569 smtl
1913 4533 1940 4567 a
1971 4534 2102 4586 pau-

534 4577 612 4633 cis
659 4581 746 4650 qui
794 4597 860 4636 ex
909 4583 1013 4639 illis
1061 4588 1428 4659 crediderunt,
1477 4597 1545 4651 de
1594 4610 1730 4655 terra
1771 4620 1927 4673 quam
1966 4577 2104 4668 sicut

533 4685 716 4740 agrum
761 4688 912 4729 suum
957 4676 1150 4733 excidit
1179 4690 1329 4749 pater
1351 4685 1579 4754 agricola
1608 4708 1621 4743 :
1653 4693 1804 4748 divisi
1841 4709 2016 4754 autem
2047 4701 2099 4758 in

530 4763 636 4815 vita
664 4780 778 4828 sua,
809 4765 857 4818 id
901 4777 982 4821 est
1010 4767 1094 4824 hic
1140 4770 1191 4825 in
1223 4774 1520 4838 manifesto.
1552 4781 1689 4837 sicut
1714 4785 1972 4845 videmus.
1996 4792 2098 4848 Se-

529 4853 707 4922 quitur
741 4867 940 4924 autcnt,
981 4857 1049 4912 Et
1091 4861 1155 4915 de
1200 4864 1502 4923 absconditis
1547 4873 1646 4926 tuis
1690 4877 1993 4948 adiinpletus
2021 4895 2097 4939 cst

527 4955 697 4998 venter
732 4966 939 5016 eorum;
982 4952 1031 5005 id
1054 4964 1170 5018 est,
1220 4961 1540 5030 prater-hoc
1567 4967 1704 5034 quod
1737 4969 1785 5022 iu
1817 4974 2096 5034 manifesto

526 5034 680 5090 divisi
706 5051 848 5105 smn,
867 5045 1022 5098 etiarn
1041 5048 1102 5100 de
1116 5049 1420 5106 absconditis
1435 5056 1664 5127 tuisquze
1680 5061 1728 5115 in
1750 5065 1959 5120 occulto
1986 5070 2096 5125 red-

526 5124 608 5178 dis
623 5131 955 5185 conscientia:
973 5134 994 5164 ³
1011 5138 1289 5204 malormn,
1311 5144 1613 5214 adimpletus
1636 5159 1707 5203 est
1723 5163 1888 5207 venter
1897 5173 2094 5216 eorum:

521 5230 762 5276 ventrem
794 5226 965 5292 posuit
991 5243 1084 5296 pro
1104 5231 1425 5291 interuorum
1452 5238 1828 5315 latentiumque
1851 5253 2087 5308 secretis.

591 5311 644 5364 4.
685 5313 836 5380 Quod
867 5331 994 5371 vero
1020 5321 1273 5388 sequitur.
1311 5329 1542 5382 Saturati
1569 5344 1684 5386 sunt
1732 5311 1940 5404 porcina
1979 5343 2087 5413 (a);

517 5403 626 5471 jam
658 5407 781 5476 quid
813 5408 939 5464 mibi
979 5426 1042 5466 ex
1066 5411 1164 5467 hoc
1191 5416 1453 5475 videretur
1476 5426 1678 5490 aperui.
1707 5403 1810 5482 Sed
1839 5403 2087 5499 quod‘alii

579 5536 598 5614 ξ
622 5543 722 5614 Mss.
750 5548 954 5614 quatuor
979 5545 1119 5594 Valle.
1147 5554 1195 5595 et
1216 5549 1372 5614 (fa'lie.
1400 5559 1516 5608 tres,
1541 5554 1841 5614 scripsemm.

578 5598 598 5628 ¹
623 5602 678 5646 Ν
700 5603 750 5656 ⁸-1
774 5598 1003 5689 ξ¹¹τ¹ί⁹ί¹¹ξίῖ
1039 5617 1081 5656 λι
1106 5616 1208 5657 Mss.
1239 5598 1433 5672 natu-at,
1457 5598 1663 5675 initiati:
1676 5598 1860 5675 scibcet
1883 5627 2087 5689 οε.ἰδιοι;1

514 5656 574 5706 ab
604 5662 850 5718 iugustiaa
873 5667 1074 5715 reddita.

579 5718 599 5792 ξ
625 5722 729 5792 uad.
759 5734 854 5792 11111ἰ
881 5730 1162 5792 Er.,_re_dtlic
1187 5731 1491 5784 retributione
1516 5739 1639 5788 :rnln
1658 5757 1683 5787 't
1701 5757 1766 5792 nt.

575 5777 649 5842 (α)
675 5787 761 5828 Pro
782 5782 912 5845 uit'm,
935 5777 1024 5836 111111
1573 5777 2005 5868 vertil'porcinam.

1829 373 1886 427 S.
1926 372 2287 429 AUGUSTINI
2328 374 2628 434 EPISCOPl

2286 491 2497 546 codices
2541 493 2760 560 habent,
2811 507 2866 554 et
2902 501 3079 558 verius
3106 505 3300 566 habere
3331 513 3667 590 perhibentur,
3690 531 3790 597 quia

2284 580 2612 652 diligentiora
2639 592 2982 658 exemplaria,
3012 613 3106 664 per
3126 580 3371 658 accentus
3397 619 3560 664 notam
3587 580 3791 683 ejusdem

2282 677 2426 730 verbi
2455 680 2610 747 μωοί
2637 684 3028 754 ambiguitatem
3071 706 3244 760 gr.rco
3270 699 3522 757 scribendi
3549 721 3680 764 ntere
3702 713 3793 767 dis-

2280 767 2526 830 solvunt,
2557 772 2835 828 obscurius
2866 785 2948 830 est
2975 779 3184 844 quidem
3204 824 3218 840 .
3248 785 3340 839 sed
3362 789 3582 848 electiori
3610 810 3790 857 sr'ttlen.

2279 856 2365 909 tia:
2392 858 2600 913 videtur
2638 865 2810 931 aptius
2835 870 3140 924 convenire.
3168 873 3296 940 Quia
3323 880 3460 934 enim
3483 882 3697 952 dixerat.
3738 893 3790 949 Et

2277 946 2339 999 de
2362 951 2664 1004 absconditis
2687 955 2784 1008 tuis
2808 955 3111 1026 adimpletus
3138 973 3208 1017 est
3235 977 3399 1022 center
3422 987 3602 1040 eorum,
3630 980 3788 1048 quibus

2273 1039 2452 1090 verbis
2495 1042 2697 1095 occulta
2747 1044 2834 1098 Dei
2879 1046 3076 1115 judicia
3129 1039 3596 1127 81311111111118111111
3620 1039 3791 1128 occulte

2273 1129 2466 1196 quippe
2486 1141 2607 1185 sur:
2629 1133 2802 1188 miseri
2830 1137 2865 1200 ',
2890 1139 3046 1194 etiam
3073 1145 3158 1212 qui
3186 1146 3414 1215 gaudent
3433 1167 3481 1205 111
3507 1157 3658 1217 malis.
3685 1177 3792 1230 quos

2273 1221 2485 1274 tradidit
2519 1223 2655 1278 Deus
2678 1227 2728 1279 in
2757 1233 3205 1299 concupiscentias
3225 1241 3401 1295 cordis
3428 1259 3598 1301 eorum
3636 1221 3784 1317 (1111111.

2270 1326 2307 1374 1,
2336 1312 2428 1381 24)
2454 1331 2469 1368 :
2499 1315 2641 1370 velut
2685 1333 3010 1386 quaereretur
3049 1328 3187 1380 tnule
3219 1333 3418 1398 possint.
3460 1312 3682 1407 cognosci
3717 1345 3789 1412 qui

2270 1400 2322 1454 in
2353 1404 2663 1460 abscondito
2703 1410 2775 1464 ira
2809 1411 2898 1468 Dei
2939 1415 3207 1485 adimpleti
3239 1433 3382 1488 sunt,
3411 1435 3463 1480 et
3492 1434 3789 1498 reslmndere-

2268 1495 2503 1560 turqnod
2523 1495 2572 1549 in
2592 1496 3082 1570 Evangeli'idictum
3125 1521 3224 1570 est.
3259 1511 3342 1567 Ea:
3386 1495 3615 1584 fructibus
3647 1541 3789 1582 eorum

2264 1590 2568 1653 cognoscetis
2611 1609 2696 1646 eos
2742 1595 2948 1663 (Matth.
2983 1600 3092 1662 vn',
3141 1602 3265 1675 16),
3314 1611 3556 1665 continuo
3603 1617 3787 1685 subjun-

2261 1682 2402 1728 ctum
2425 1691 2502 1732 est
2526 1721 2541 1742 ,
2575 1680 2803 1737 Suturttti
2826 1699 2940 1741 sunt
2965 1691 3106 1756 ﬁliis,
3141 1692 3241 1749 hoc
3271 1707 3348 1751 est
3381 1701 3649 1771 fructibus,
3671 1680 3784 1776 quOd

2260 1765 2560 1820 evidentius
2584 1772 2794 1834 dicitur,
2827 1779 3076 1842 operibus
3115 1784 3246 1836 suis.
3293 1784 3441 1844 Unde
3463 1793 3577 1847 alibi
3607 1795 3781 1864 legitur,

2258 1851 2391 1910 Ecce
2430 1863 2692 1927 parturivi!
2720 1866 3040 1935 injustitiam,
3085 1877 3315 1943 concepit
3339 1879 3571 1942 dolorem,
3595 1896 3636 1937 et
3660 1902 3785 1957 pepe-

2256 1947 2320 1998 rit
2343 1948 2832 2022 iniqnitatemU’sal.
2867 1973 2958 2023 vn,
2993 1959 3078 2030 15)
3111 1980 3124 2016 :
3153 1976 3204 2017 et
3240 1967 3396 2031 alibi,
3438 1969 3615 2026 Deinde
3633 1993 3782 2029 concu-

2255 2039 2516 2106 piscentia,
2545 2059 2657 2096 cuin
2676 2051 2981 2115 conceperit,
3004 2054 3137 2119 parit
3156 2068 3413 2123 peccatum
3436 2058 3621 2131 (Jacobi
3640 2081 3671 2126 1,
3692 2068 3778 2138 15).

2253 2129 2375 2184 Mali
2406 2150 2532 2203 ergo
2565 2136 2654 2187 lilii
2680 2179 2696 2199 ,
2745 2140 2875 2193 tnala
2904 2158 3086 2210 opera,
3113 2147 3306 2214 quibus
3331 2166 3711 2222 cognoscuntur,
3737 2169 3780 2214 ct

2249 2223 2336 2291 qui
2379 2224 2445 2278 de
2485 2227 2808 2285 absciinditis
2839 2233 2926 2287 Dei
2950 2236 3164 2304 jlltllCllS
3193 2239 3417 2299 internis
3443 2247 3776 2314 cogiuniouum

2248 2324 2460 2366 suarum
2513 2325 2755 2387 tanquam
2797 2321 2846 2376 in
2874 2335 3109 2381 ventrem
3162 2330 3437 2401 adimplcti
3485 2348 3616 2392 Sunt.
3660 2340 3776 2397 Bona

2246 2414 2438 2467 Opera,
2485 2404 2603 2459 boni
2638 2408 2729 2462 lilii
2781 2424 2922 2466 sunt.
2960 2414 3107 2471 Unde
3133 2419 3196 2472 ad
3226 2437 3472 2489 Sponsam
3521 2427 3774 2487 Ecclesiatn

2245 2490 2435 2546 dicitur
2461 2512 2474 2548 :
2503 2494 2684 2552 Dentes
2711 2501 2783 2552 tui
2807 2503 2934 2555 sicut
2959 2522 3082 2574 gica:
3112 2508 3433 2566 detonsarum
3461 2519 3708 2574 ascendens
3728 2521 3777 2576 de

2244 2582 2462 2651 lat'ttcro,
2480 2605 2591 2657 qum
2620 2607 2788 2644 omnes
2815 2597 3038 2665 geminos
3056 2612 3243 2666 creant,
3276 2614 3322 2656 t-t
3340 2607 3519 2661 sterilis
3546 2625 3637 2662 non
3653 2620 3713 2663 est
3733 2613 3773 2666 111

2241 2676 2342 2730 illis
2367 2677 2536 2747 (Cant.
2569 2697 2640 2744 tv,
2668 2683 2744 2751 Ξ).
2781 2685 2834 2738 111
2867 2704 2970 2754 quo
2994 2692 3207 2758 gemino
3239 2693 3347 2749 fetu
3389 2700 3640 2765 geminum
3665 2717 3772 2769 Opus

2239 2767 2540 2824 dilectionis
2581 2781 2916 2843 agnoscdnr,
2955 2780 3159 2835 Domini
3193 2784 3282 2838 Dei
3306 2786 3524 2850 scilicet,
3552 2800 3601 2844 et
3624 2795 3770 2859 prosi-

2239 2873 2308 2912 nn
2343 2876 2356 2911 :
2387 2861 2437 2915 111
2463 2865 2651 2931 quibus
2691 2868 2896 2924 duobus
2939 2877 3216 2944 praeceptis
3255 2887 3363 2932 tota
3392 2879 3496 2936 Lex
3526 2885 3696 2952 pendet
3727 2893 3770 2940 et

2236 2952 2514 3022 l'ropbete
2546 2958 2754 3030 (.llattlt.
2787 2978 2924 3027 χιιι,
2948 2964 3060 3034 40).

2304 3045 2356 3096 5.
2399 3045 2500 3101 Iste
2523 3059 2698 3103 autem
2738 3068 2946 3120 sensus,
2975 3073 3080 3124 quo
3111 3059 3178 3112 ita
3205 3064 3486 3132 exponitur
3511 3068 3638 3138 quod
3663 3068 3768 3123 scri-

2234 3143 2377 3202 pttun
2419 3148 2532 3202 est,
2581 3139 2810 3194 Snturati
2851 3157 2967 3197 sunt
2993 3146 3114 3214 ﬁliis
3135 3190 3149 3212 ,
3180 3166 3284 3206 noa
3313 3155 3441 3209 mihi
3466 3167 3761 3224 occurrerat,

2229 3240 2348 3279 cum
2409 3239 2530 3283 ante
2585 3233 2963 3299 rescriberem;
3018 3239 3112 3291 sed
3156 3245 3400 3298 recensui
3440 3246 3762 3302 breviSsituam

2227 3319 2506 3386 quamdam
2539 3321 2774 3390 ejusdem
2821 3328 3001 3394 psalmi
3048 3333 3470 3402 expositionem,
3509 3339 3760 3408 quamjsim

2226 3409 2350 3462 olim
2378 3411 2696 3467 dictaverunt
2723 3457 2737 3478 ,
2784 3427 2836 3470 et
2865 3418 2963 3471 ltoc
2985 3421 3113 3477 satis
3142 3424 3375 3480 breviter
3405 3443 3434 3482 a
3463 3447 3542 3484 tne
3566 3440 3760 3500 posuutn

2226 3503 2414 3570 rcpi-ri.
2451 3501 2654 3573 Inspexi
2694 3506 2852 3560 etiam
2876 3510 3088 3567 codices
3117 3532 3341 3582 gra-cos.
3388 3532 3557 3575 utrmn
3583 3523 3757 3577 dativus

2223 3603 2377 3643 Casus
2407 3603 2569 3656 esset,
2595 3596 2730 3663 quod
2760 3597 2955 3652 dictmn
2986 3611 3086 3659 est.
3118 3606 3260 3673 ﬁliis,
3295 3626 3362 3663 an
3383 3613 3647 3678 genitivus,
3672 3627 3757 3684 quo

2223 3678 2306 3733 illa
2337 3682 2506 3750 lingua
2539 3685 2699 3738 utitur
2741 3703 2834 3755 pro
2863 3692 3124 3760 ablativo,
3155 3707 3209 3752 et
3238 3701 3412 3756 inveni
3458 3706 3751 3773 genitivum:

2218 3773 2358 3839 quod
2404 3775 2445 3827 si
2491 3775 2556 3828 ad
2598 3778 2812 3832 verbum
2845 3781 3302 3856 interpretaretur,
3332 3795 3577 3864 scriptum
3614 3807 3750 3862 esst-l,

2218 3860 2446 3916 Saturati
2494 3874 2617 3921 sunt
2659 3870 2914 3936 lilioruni;
2963 3877 3053 3930 sed
3096 3891 3237 3935 recte
3275 3882 3532 3954 interpres
3565 3897 3750 3942 senten-

2219 3953 2341 4006 tiam
2370 3967 2579 4009 secutus
2603 3970 2680 4012 est
2703 4001 2719 4025 ,
2748 3972 2802 4014 et
2833 3963 2994 4018 lalitlo
3033 3984 3178 4024 more
3196 3971 3333 4028 dixit
3352 4016 3368 4040 ,
3403 3976 3617 4031 Saturati
3652 3987 3750 4034 sunt

2214 4043 2354 4111 ﬁliis.
2377 4045 2523 4112 Quod
2555 4064 2677 4101 vero
2698 4052 2951 4121 sequitur,
2982 4054 3047 4108 Et
3075 4059 3381 4129 reliquerunt
3407 4067 3629 4132 reliquias
3649 4085 3749 4136 par-

2214 4135 2340 4187 vulis
2364 4137 2493 4200 suis,
2523 4139 2770 4194 existimo
2811 4145 3055 4212 parvulos
3095 4151 3433 4220 accipiendos
3471 4159 3745 4214 manifestos

2211 4229 2386 4279 carnis
2435 4228 2590 4282 ﬁlios.
2641 4230 2972 4290 Uud--eti.nu
3017 4242 3307 4298 secundum
3354 4247 3537 4314 islattt,
3568 4267 3658 4303 111111
3688 4248 3743 4305 de

2210 4317 2445 4385 porcina.
2485 4320 2575 4372 sed
2611 4321 2677 4375 de
2713 4323 2831 4377 ﬁliis
2876 4331 3299 4400 expositionem,
3333 4347 3506 4393 manet
3537 4339 3614 4392 illa
3646 4353 3745 4393 sen-

2210 4409 2372 4459 tentia
2399 4424 2500 4478 qua
2532 4410 2799 4475 dixerunt,
2838 4416 3060 4488 Sanguis
3090 4422 3243 4493 hujus
3266 4443 3420 4493 super
3446 4446 3533 4483 nos
3554 4441 3595 4484 et
3619 4445 3744 4498 super

2207 4494 2342 4562 ﬁlios
2389 4511 2582 4553 nostros
2627 4499 2734 4570 (Id.
2769 4519 2941 4567 xxvii.
2971 4508 3066 4578 25)
3109 4514 3222 4566 :ita
3272 4518 3414 4572 enim
3458 4494 3743 4591 reliquerunt

2204 4601 2424 4655 operum
2453 4605 2666 4644 suorum
2690 4595 2942 4666 reliquias
2970 4605 3200 4669 parvulis
3226 4608 3356 4662 suis.

2275 4677 2326 4732 6.
2365 4677 2422 4734 lu
2453 4681 2635 4751 quinto
2655 4684 2863 4742 decimo
2900 4701 3074 4748 autem
3105 4698 3330 4764 psalmo,
3358 4701 3496 4772 quod
3520 4703 3737 4773 scriptum

2203 4780 2317 4835 est,
2352 4771 2673 4844 Miriﬁcavit,
2703 4783 2816 4848 vel,
2855 4783 3089 4855 Miriﬁcet
3133 4773 3305 4848 anates
3348 4771 3740 4854 voluntatssisuas

2202 4862 2332 4917 inter
2353 4864 2484 4932 illas,
2523 4869 2649 4926 nihil
2676 4873 2918 4941 prohibet
2944 4880 3194 4953 intelligi,
3228 4886 3335 4941 imo
3371 4902 3427 4946 et
3449 4893 3737 4948 convenien-

2204 4951 2306 5006 tius
2350 4957 2576 5023 videtur,
2624 4977 2750 5023 non.
2792 4965 2920 5019 inter
2962 4951 3244 5040 illos,'scd,
3275 4978 3328 5031 in
3358 4979 3476 5033 illis.
3505 4982 3585 5036 Sic
3619 4981 3733 5036 enim

2199 5047 2357 5114 grzcci
2395 5051 2605 5106 codices
2649 5055 2842 5112 habent
2879 5075 2893 5112 :
2933 5075 3076 5132 Stepe
3109 5078 3284 5122 autem
3327 5071 3467 5142 quod
3493 5072 3639 5128 habet
3665 5071 3733 5126 illa

2201 5134 2398 5205 lingua,
2432 5139 2483 5192 in
2513 5141 2646 5198 illis.
2678 5149 2841 5201 nostri
2878 5148 3312 5224 interpretantur,
3345 5134 3479 5216 inter
3511 5163 3633 5222 illos,
3661 5159 3743 5238 ubi

2196 5226 2404 5281 videtur
2427 5232 2703 5287 sententia:
2745 5241 3052 5296 convenire.
3086 5245 3418 5314 Accipiamus
3443 5267 3584 5319 ergo,
3613 5250 3752 5305 Sall-'-

2195 5320 2399 5402 ctis‘qui
2425 5333 2538 5376 sunt
2569 5324 2619 5376 in
2648 5336 2782 5380 terra
2809 5331 2922 5399 ejus
2941 5373 2956 5397 ,
2986 5333 3268 5403 miriﬁcavit
3289 5357 3457 5396 omnes
3482 5343 3725 5396 voluntates

2193 5392 2314 5466 διιαὲ
2336 5415 2386 5467 in
2415 5417 2539 5478 illis;
2566 5420 2704 5486 quod
2736 5392 2967 5494 plerique
2990 5392 3203 5486 codices
3229 5392 3465 5489 habent;
3493 5446 3542 5489 et
3561 5432 3726 5489 intelli-

2191 5519 2397 5571 gamus.
2442 5508 2722 5564 voluntates
2749 5513 2888 5582 ejus,
2928 5533 3145 5574 munera
3189 5524 3388 5592 grati»,
3434 5541 3544 5597 (pne
3584 5522 3725 5595 gratis

2193 5596 2309 5650 data
2336 5610 2437 5660 est,
2477 5599 2523 5652 id
2552 5612 2652 5662 est,
2683 5605 2798 5669 quin
2828 5607 3009 5672 voluit,
3042 5628 3144 5664 nim
3171 5615 3289 5683 quia
3318 5616 3591 5670 debebatur
3634 5613 3724 5670 Ullv

2190 5687 2256 5738 de
2282 5700 2379 5751 est,
2412 5691 2568 5745 Scuto
2589 5694 2731 5748 bona:
2755 5700 3020 5755 voluntatis
3059 5714 3160 5758 tua:
3196 5710 3443 5761 συνοπαδῐὶ
3467 5727 3549 5762 nos
3571 5705 3716 5777 (Psal.

2210 2007 2242 2044 1

2253 5821 2268 5852 ³
2296 5821 2400 5870 Bad.
2427 5831 2522 5872 Αω.
2548 5832 2621 5875 Er.
2649 5836 2699 5878 et
2714 5837 2819 5880 ass.
2838 5832 2958 5896 duo,
2983 5838 3168 5889 occulta
3199 5839 3368 5905 quippe
3387 5848 3490 5894 sum
3508 5838 3690 5893 miserit.
