4004 6400
691 406 795 463 655

694 526 949 575 amarent.
978 517 1047 571 Et
1074 524 1223 571 certe
1248 512 1325 568 illi
1363 510 1581 568 meum
1622 508 1679 563 in
1710 520 1933 561 numero
1962 519 2057 574 per
2081 502 2254 557 crucis

690 610 916 666 litteram
964 607 1319 662 sacratissimo
1364 616 1469 657 non
1515 602 1836 671 eligerentur
1875 596 1945 651 ad
1981 595 2252 649 victoriam

693 700 1019 759 faciendam,
1073 697 1162 766 qui
1212 704 1458 762 tanquam
1511 704 1669 746 canes
1718 688 2013 743 lamberent
2063 698 2254 753 aquam

691 792 887 862 (Judic.
913 806 1006 855 vn,
1031 788 1105 860 7),
1140 786 1240 841 nisi
1267 784 1461 854 aliquid
1481 798 1728 853 magnum
1761 780 2135 850 signiﬁcarent.
2170 776 2256 830 Vi-

688 882 854 952 gilant
878 880 1018 936 enim
1050 889 1102 933 et
1129 878 1322 931 latrant
1342 874 1466 929 boni
1491 888 1669 939 canes,
1691 884 1743 927 et
1775 886 1868 941 pro
1893 872 2053 925 domo
2075 876 2130 923 et
2160 882 2256 936 pro

687 974 921 1036 domino,
950 979 1002 1027 et
1032 986 1125 1039 pro
1161 980 1320 1038 grege
1352 975 1403 1022 et
1432 980 1529 1035 pro
1562 975 1792 1033 pastore.
1836 963 2066 1031 Denique
2094 968 2149 1014 et
2174 959 2259 1013 hic

689 1065 739 1118 in
769 1062 1017 1117 Ecclesiae
1046 1060 1288 1114 laudibus
1308 1100 1320 1119 ,
1352 1074 1470 1111 cum
1504 1056 1773 1125 prophetia
1802 1061 2125 1113 exereretur,
2152 1050 2254 1103 lin-

687 1170 785 1225 gua
826 1170 1013 1209 canum
1057 1162 1141 1208 est
1186 1158 1631 1212 commemorata,
1664 1162 1769 1201 non
1796 1147 1999 1200 dentes.
2029 1142 2255 1211 Taurum

686 1258 859 1303 autem
892 1262 1074 1301 canum
1092 1286 1108 1311 ,
1133 1245 1298 1308 dixit,
1322 1260 1383 1297 ex:
1409 1243 1624 1296 inimicis
1646 1284 1659 1305 ,
1686 1242 1734 1294 id
1765 1249 1872 1305 est,
1904 1249 1959 1292 ut
1987 1237 2075 1306 qui
2103 1242 2258 1291 erant

688 1337 885 1391 inimici
916 1337 989 1389 tui
1020 1334 1204 1389 ﬁerent
1233 1347 1391 1388 canes
1432 1334 1534 1395 tui,
1568 1342 1621 1386 et
1650 1331 1904 1385 latrarent
1935 1343 2029 1397 pro
2059 1338 2139 1391 te,
2168 1326 2257 1394 qui

688 1426 977 1483 szeviebant
1005 1425 1158 1479 inte.
1192 1423 1404 1477 Addidit
1443 1432 1652 1484 autem,
1696 1420 1759 1473 ab
1803 1420 1946 1489 ipso,
1977 1425 2035 1471 ut
2074 1429 2181 1469 non
2223 1429 2255 1468 a

687 1518 878 1587 seipsis
907 1517 1009 1571 hoc
1039 1516 1229 1569 factum
1261 1515 1645 1583 intelligerent,
1677 1512 1770 1567 sed
1806 1517 1867 1564 ab
1910 1511 2048 1579 ipso,
2087 1509 2136 1563 id
2176 1518 2257 1562 est

692 1606 1054 1662 misericordia
1085 1605 1197 1674 ejus
1222 1614 1275 1657 et
1301 1604 1485 1673 gratia.

757 1696 981 1751 CAPUT
1006 1694 1065 1749 ll.
1092 1720 1159 1735 ——
1180 1694 1265 1747 li.
1286 1694 1359 1747 De
1385 1693 1652 1761 pr0phctis
1679 1692 1818 1761 quod
1843 1692 1917 1745 ait
1938 1690 2218 1759 Apostolus
2238 1729 2253 1749 .

690 1786 949 1852 Quosdam
990 1785 1187 1855 quidem
1230 1784 1369 1837 dedit
1414 1783 1551 1839 Deus
1593 1784 1646 1836 in
1692 1782 1917 1835 Ecclesia
1964 1780 2248 1851 apostolos,

686 1878 929 1949 quosdam
954 1887 1121 1930 autem
1147 1876 1414 1945 prophetas
1438 1873 1459 1945 (
1475 1873 1610 1943 Eph.
1636 1890 1707 1937 tv,
1738 1875 1794 1927 il
1821 1871 1859 1942 ),
1894 1872 1995 1927 hoc
2024 1872 2256 1941 intelligo

686 1968 825 2039 quod
858 1970 968 2038 ipse
994 1967 1268 2037 scripsisti,
1301 1967 1582 2037 prophetas
1607 1980 1698 2019 eos
1718 1965 1885 2018 dictos
1909 1965 2009 2018 isto
2031 1964 2168 2025 loco,
2191 1979 2256 2018 ex

686 2060 877 2129 quibus
906 2059 1117 2129 Agabus
1145 2066 1260 2111 erat
1290 2056 1310 2129 (
1335 2058 1445 2110 Act.
1474 2073 1546 2121 ιι,
1576 2057 1665 2119 27,
1696 2056 1766 2111 98
1792 2055 1835 2124 ),
1865 2072 1967 2109 non
2012 2054 2130 2108 illos
2165 2055 2256 2122 qui

688 2157 964 2202 venturum
998 2148 1047 2200 in
1074 2161 1233 2200 carne
1265 2146 1541 2199 Dominum
1583 2144 2043 2214 prophetaverunt.
2078 2143 2253 2197 Evan-

685 2238 900 2309 gelistas
920 2252 1046 2290 vero
1074 2236 1389 2299 invenimus,
1413 2250 1544 2304 quos
1567 2235 1832 2303 apostolos
1856 2233 2022 2289 fuisse
2048 2250 2151 2286 non
2182 2233 2257 2287 le-

680 2328 888 2401 gimus;
918 2330 1052 2384 sicut
1076 2330 1284 2382 fuerunt
1307 2329 1473 2381 Lucas
1498 2338 1553 2381 et
1571 2326 1791 2380 Marcus.
1813 2328 2056 2379 Pastores
2079 2336 2253 2380 autem

686 2431 741 2476 et
760 2421 1037 2485 doctores,
1082 2434 1214 2487 quos
1257 2418 1484 2471 maxime
1525 2428 1581 2471 ut
1618 2417 1975 2470 discernerem
2011 2416 2251 2482 voluisti,

685 2512 901 2568 eosdem
926 2521 1052 2580 puto
1077 2525 1215 2575 esse,
1244 2510 1379 2563 sicut
1400 2518 1452 2563 et
1479 2508 1567 2561 tibi
1595 2510 1762 2561 visum
1788 2518 1887 2571 est,
1914 2516 1970 2560 ut
1997 2523 2098 2565 non
2124 2508 2255 2563 alios

686 2612 962 2673 pastores,
994 2602 1127 2655 alios
1155 2600 1399 2656 doctores
1438 2599 1822 2668 intelligamus;
1854 2598 1946 2652 sed
1988 2598 2105 2653 ideo
2133 2615 2252 2651 cum

682 2691 1012 2763 prtudixisset
1039 2699 1294 2761 pastores,
1323 2688 1657 2759 subjunxisse
1685 2689 1951 2752 doctores,
1976 2697 2031 2742 ut
2059 2689 2256 2743 intelli-

677 2794 867 2857 gerent
905 2793 1145 2855 pastores
1181 2783 1247 2837 ad
1288 2784 1518 2838 officium
1567 2798 1718 2838 suum
1759 2782 2027 2851 pertinere
2056 2781 2257 2835 doctri-

679 2892 821 2931 nam.
853 2875 976 2930 ldeo
1013 2876 1156 2930 enim
1196 2890 1301 2929 non
1341 2876 1448 2940 ait,
1479 2874 1742 2941 Quosdam
1772 2882 1947 2927 autem
1978 2881 2252 2941 pastores,

678 2968 932 3040 quosdam
960 2982 1089 3022 vero
1116 2968 1404 3034 doctores;
1436 2982 1554 3022 cum
1584 2968 1857 3037 superiora
1887 2968 2004 3035 ipso
2033 2966 2255 3019 locutio.

678 3061 762 3115 nis
807 3074 1002 3131 genere
1039 3060 1391 3131 distingueret
1439 3060 1692 3126 dicendo,
1744 3060 2002 3125 Quosdam
2052 3059 2255 3128 quidem

677 3151 931 3220 apostolos
952 3191 966 3213 ,
1008 3151 1249 3220 quosdam
1291 3161 1457 3204 autem
1496 3152 1763 3222 prophetas
1783 3193 1799 3217 ,
1847 3152 2093 3222 quaedam
2134 3168 2253 3206 vero

676 3242 1006 3313 euangelistas
1029 3258 1047 3295 :
1069 3242 1162 3297 sed
1193 3242 1295 3296 hoc
1331 3250 1577 3313 tanquam
1615 3259 1776 3297 unum
1812 3243 2007 3313 aliquid
2045 3242 2254 3299 duobus

676 3334 979 3388 nominibus
1006 3335 1281 3403 amplexus
1311 3342 1424 3398 est,
1458 3333 1701 3402 quosdam
1740 3345 1907 3387 autem
1943 3345 2167 3403 pastores
2202 3341 2253 3388 et

676 3425 923 3480 doctores.

748 3514 837 3570 12.
894 3515 984 3569 Illa
1032 3516 1187 3585 plane
1232 3514 1544 3569 difﬁcillime
1586 3515 1992 3582 discernuntur,
2049 3516 2140 3571 ubi
2183 3518 2251 3572 ad

676 3606 1012 3661 Timotheum
1075 3608 1311 3661 scribens
1365 3607 1477 3672 ait,
1534 3604 1750 3661 Obsecro
1811 3609 1980 3679 itaque
2034 3609 2251 3677 primum

676 3699 899 3753 mnium
928 3700 1041 3767 ﬁeri
1069 3698 1427 3753 obsecrationes
1446 3740 1459 3762 ,
1484 3700 1761 3767 orationes,
1790 3699 2215 3771 interpellatioues
2232 3741 2247 3767 ,

676 3790 956 3861 gratiarum
997 3794 1217 3843 actiones
1245 3789 1264 3861 (
1284 3790 1303 3844 l
1329 3787 1462 3843 Tim.
1488 3806 1545 3854 ιι,
1571 3792 1597 3844 l
1618 3788 1659 3862 ).
1687 3790 1985 3845 Secundum
2021 3807 2251 3861 grzecum

676 3881 817 3936 enim
856 3880 1121 3950 eloquium
1160 3881 1507 3937 discernenda
1542 3892 1665 3935 sunt
1694 3900 1707 3936 :
1740 3898 1863 3937 nam
1896 3886 2060 3937 nostri
2088 3884 2252 3939 inter-

675 3981 857 4045 pretes
882 3974 965 4028 vix
994 3973 1348 4042 reperiuntur,
1382 3975 1472 4043 qui
1508 3989 1572 4029 ea
1610 3974 1892 4043 diligenter
1932 3986 1985 4030 et
2020 3977 2253 4032 scienter

594 4138 596 4140 ν
678 4064 968 4121 transferre
992 4068 1311 4120 curaverint.
1328 4066 1463 4121 Ecce
1480 4066 1622 4121 enim
1643 4066 1779 4121 sicut
1797 4082 1856 4121 ea
1880 4067 1993 4135 ipse
2008 4069 2249 4136 posuisti,

679 4156 894 4211 Obsecro
925 4156 1033 4224 fieri
1062 4157 1455 4222 obsecrationes,
1493 4171 1599 4211 non
1627 4157 1819 4211 eodem
1846 4158 2011 4212 verbo
2045 4167 2252 4213 utrum-

675 4262 779 4315 que
801 4246 937 4300 dixit
962 4248 1281 4313 Apostolus,
1310 4248 1399 4316 qui
1436 4247 1617 4317 utique
1655 4262 1828 4316 graece
1864 4248 2009 4302 illam
2040 4248 2253 4316 scripsit

676 4335 986 4403 epistolam;
1014 4335 1107 4389 sed
1136 4352 1231 4405 pro
1250 4352 1315 4389 eo
1342 4336 1480 4405 quod
1506 4338 1559 4389 in
1593 4337 1755 4390 latino
1777 4347 1877 4397 est,
1900 4337 2137 4403 Obsecro,
2163 4340 2251 4396 ille

677 4436 850 4493 graece
873 4422 1028 4487 dixit,
1058 4435 1336 4493 παρακαλῶ.
1355 4426 1456 4478 Pro
1476 4441 1542 4479 eo
1557 4441 1685 4480 vero
1704 4428 1845 4495 quod
1865 4429 2059 4483 latinus
2076 4428 2253 4485 vester

678 4513 873 4580 habet,
898 4512 1287 4578 obsecrationes,
1318 4513 1406 4568 ille
1432 4516 1637 4582 posuit,
1669 4520 1865 4577 suae“.
1900 4518 2126 4572 Proinde
2161 4519 2251 4573 alii

677 4604 891 4660 codices
914 4602 968 4658 iu
994 4603 1187 4673 quibus
1209 4614 1262 4656 et
1286 4604 1452 4658 nostri
1477 4613 1620 4666 sunt,
1644 4620 1752 4659 non
1781 4607 1996 4672 habent,
2024 4608 2250 4662 obsecra-

677 4697 836 4751 tiones
852 4737 868 4756 .
897 4695 1011 4759 sed,
1040 4693 1426 4765 deprecatione.
1449 4694 1575 4752 Tria
1606 4712 1767 4765 porro
1793 4713 1912 4767 quise
1935 4708 2245 4767 sequuntur,

676 4789 948 4851 orationes,
974 4785 1415 4857 imerpellationes,
1440 4788 1719 4860 gratiarum
1744 4791 1985 4858 actiones,
2015 4790 2251 4862 plerique

673 4880 825 4935 latini
852 4880 1064 4934 codices
1085 4878 1165 4933 sic
1190 4879 1405 4933 habent.

750 4970 838 5025 l3.
878 4970 1032 5026 Unde
1058 4971 1102 5025 si
1125 4970 1347 5025 velimus
1376 4972 1668 5028 secundum
1699 4973 1876 5031 latina:
1903 4974 2097 5045 linguas
2123 4990 2251 5045 pro-

675 5060 929 5131 prietates
954 5060 1053 5117 ista
1082 5060 1385 5119 discernere
1416 5078 1565 5117 more
1592 5063 1871 5134 loquendi.
1899 5073 2133 5125 nostram
2162 5065 2249 5122 vel

673 5154 1113 5226 qualemcumque
1151 5158 1468 5213 sententiam
1512 5157 1736 5213 fortasse
1774 5158 2107 5223 tenebimus;
2154 5158 2249 5214 sed

674 5245 867 5299 mirum
887 5245 933 5299 si
955 5248 1268 5302 sententiam
1289 5247 1449 5319 graeci
1470 5248 1733 5303 sermOnis
1750 5248 1831 5302 vel
1853 5247 2249 5305 consuetudinis

568 5415 571 5417 q
671 5337 1053 5393 obtinebimus.
1084 5337 1479 5407 Precationem,
1516 5349 1569 5395 et
1608 5339 2068 5409 deprecationem,
2097 5340 2249 5396 multi

640 5429 840 5483 mostri
888 5428 991 5481 hoc
1031 5426 1172 5483 idem
1209 5438 1429 5500 putant,
1458 5438 1512 5484 et
1539 5429 1642 5483 hoc
1674 5430 1984 5499 quotidiano
2015 5446 2115 5485 usu
2135 5430 2245 5501 jam

669 5520 889 5575 omnino
915 5519 1213 5590 praevaluit.
1243 5519 1344 5589 Qui
1371 5531 1544 5577 autem
1574 5522 1874 5579 distinctius
1896 5524 2056 5580 latine
2084 5525 2245 5580 locuti

612 5656 615 5659 -
670 5624 828 5686 sunt,
856 5616 1250 5687 precationibus
1278 5618 1560 5672 utebantur
1586 5620 1640 5673 in
1669 5619 1915 5689 aptandis
1941 5620 2122 5685 bonis,
2149 5621 2248 5677 de-
2274 5624 2278 5628 “

671 5710 1063 5777 precationibus
1085 5724 1213 5765 vero
1251 5710 1308 5765 in
1345 5708 1640 5766 devitandis
1666 5712 1841 5768 malis.
1868 5712 2084 5768 Precari
2104 5713 2250 5770 enim
2296 5786 2301 5789 Α

670 5795 917 5852 dicebant
942 5814 1060 5854 esse
1082 5800 1349 5869 precando
1373 5802 1511 5856 bona
1538 5810 1751 5872 optare;
1777 5803 2056 5873 imprecari
2085 5808 2240 5872 mala,

3388 322 3424 331 unp—

1908 391 1964 449 s.
2005 384 2371 447 aucusruu
2406 389 2711 452 EPISCOP!
3446 423 3450 427 ›
3741 418 3813 477 οη

2358 506 2500 599 quod
2521 508 2676 576 vulgo
2697 507 2809 599 jam
2831 508 3047 599 dicitur,
3064 509 3367 570 tam
3381 514 3643 589 2W
3665 537 3808 599 sua“,

2356 594 2498 651 mla
2524 596 2789 665 precando
2810 598 3094 669 depellere.
3120 600 3233 658 Sed
3251 604 3481 679 usitatum
3499 609 3595 677 iam
3623 594 3809 684 ιονιωᾶ
3856 634 3867 674 ,ο

2359 687 2576 742 modum
2604 690 2778 758 potius
2805 704 3120 761 sequamur;
3145 701 3202 750 et
3224 672 3332 753 sive
3352 672 3624 767 malim:
3645 672 3730 765 sive
3850 672 3859 735 ί
3964 690 3965 709 ‘

2362 783 2669 848 precationes
2708 783 3097 851 invenerimus,
3136 796 3264 859 quas
3295 785 3453 850 (inci
3482 784 3633 856 δεῆσαι
3651 809 3810 868 vocant.

2360 882 2468 925 non
2499 879 2738 965 putemus
2765 872 3156 935 emendandum
3169 890 3303 937 ease.
3322 876 3563 938 Orationes
3583 900 3701 961 vero,
3718 904 3812 965 quas
3846 870 3847 873 η

2354 976 2562 1033 graces
2602 963 2760 1021 habet
2800 972 3085 1037 me...
3123 965 3431 1037 distinguere
3464 986 3492 1031 θ
3528 963 3815 1045 ymo

2362 1055 2752 1124 precationibus
2774 1056 2991 1115 omnino
3018 1056 3232 1135 difﬁcile
3258 1069 3356 1123 θει-
3377 1060 3515 1129 Ουοά
3534 1080 3643 1120 W0
3659 1070 3815 1138 ωίάιω

2360 1146 2573 1202 codices
2599 1162 2705 1202 non
2732 1147 2955 1214 habent,
2975 1149 3253 1215 orationes,-
3274 1151 3393 1216 sed,
3414 1152 3715 1226 adoratum,
3732 1162 3819 1230 quia

2361 1252 2468 1293 non
2494 1238 2693 1293 dictum
2714 1248 2800 1294 est
2824 1239 2876 1293 in
2898 1254 3076 1319 graeco
3097 1244 3261 1310 ὠχάἢ
3278 1242 3368 1298 sed
3390 1252 3615 1313 προσευχάς
3634 1265 3646 1299 ;
3665 1264 3746 1311 non
3763 1266 3823 1307 ιι.

2362 1326 2528 1381 hitror
2544 1328 2774 1382 scienter
2792 1327 3222 1398 interpretatum;
3243 1339 3483 1401 κροστνκύς
3500 1334 3622 1395 enim
3639 1338 3823 1394 orationes

2361 1415 2465 1471 dici
2491 1429 2522 1471 a
2550 1416 2751 1475 Grecis
2797 1420 3131 1481 notissiumm
3179 1430 3279 1478 est.
3320 1422 3387 1477 Et
3430 1425 3591 1493 utique
3621 1427 3734 1484 aliud
3770 1440 3826 1485 est

2360 1518 2534 1571 orare,
2562 1505 2971 1562 aliud'adorare.
2996 1508 3232 1579 Denique
3254 1525 3355 1565 non
3378 1510 3475 1566 isto
3492 1514 3649 1579 verbo,
3665 1516 3740 1573 sed
3754 1518 3829 1573 alio

2361 1593 2554 1664 legitur
2594 1595 2648 1649 in
2700 1611 2910 1666 graeco,
2954 1596 3233 1652 Dominum
3281 1598 3438 1655 Deum
3487 1611 3608 1657 tuum
3656 1605 3831 1662 durabit

2360 1684 2576 1761 (Matth.
2592 1702 2674 1761 tv,
2700 1687 2786 1757 10)
2804 1704 2821 1754 ;
2839 1697 2912 1755 et,
2930 1689 3161 1745 Δάοι-ιιὸο
3185 1690 3254 1755 ad
3279 1694 3505 1762 templum
3525 1705 3716 1751 canem
3732 1706 3829 1752 tutu

2362 1773 2532 1844 (Psal.
2562 1792 2619 1843 v,
2648 1777 2741 1847 8);
2770 1786 2824 1832 et
2847 1779 2891 1833 si
2918 1794 3020 1849 qua
3045 1780 3257 1835 similia.

2433 1866 2521 1921 14.
2544 1866 2648 1921 Pro
2666 1868 3151 1937 interpellationibus
3172 1880 3347 1926 autem
3366 1872 3497 1942 quod
3515 1876 3658 1929 nostri
3674 1875 3830 1941 habent,

2361 1958 2654 2013 secundum
2684 1959 2924 2025 codices,
2957 1961 3139 2028 credo,
3166 1972 3407 2033 vestros,
3444 1967 3748 2036 postulatth
3770 1983 3835 2038 po-

2359 2046 2535 2102 suisti.
2564 2047 2687 2104 Haec
2715 2049 2921 2104 interim
2946 2051 3073 2115 duo,
3096 2052 3145 2107 id
3172 2061 3256 2108 est
3277 2054 3413 2124 quod
3438 2055 3518 2111 alii
3537 2058 3833 2125 postulationes,

2361 2136 2451 2193 alii
2488 2136 2914 2209 interpellatioues
2960 2142 3288 2214 interpretati
3328 2155 3478 2211 sunt,
3516 2161 3656 2201 unum
3680 2148 3835 2201 verbum

2363 2228 2649 2283 transferre
2676 2231 2952 2286 voluerunt
2986 2233 3127 2302 quod
3164 2248 3367 2305 graecus
3391 2235 3557 2302 habet,
3580 2241 3772 2304 ἐντεύξεις.
3793 2237 3837 2291 Et

2360 2320 2599 2389 profecto
2638 2323 2908 2391 advortis,
2948 2334 3000 2379 et
3039 2327 3176 2383 uasti
3216 2327 3355 2382 aliud
3394 2345 3507 2384 esse
3549 2329 3837 2399 interpellare,

2360 2412 2501 2466 aliud
2530 2414 2815 2482 postulare.
2844 2415 2957 2470 Non
2986 2418 3127 2471 enim
3158 2419 3393 2473 solemus
3417 2420 3609 2487 dicere,
3634 2420 3840 2475 Postulat

2361 2502 2745 2574 interpellaturi
2768 2550 2782 2573 ,
2814 2507 2909 2561 sed
2928 2548 2942 2573 ,
2974 2508 3311 2577 lnterpellant
3336 2510 3662 2583 postulaturi:
3686 2526 3839 2565 verum-

2362 2604 2537 2650 tamen
2568 2613 2631 2652 ex
2658 2598 2925 2654 vicinitate
2952 2600 3165 2655 verbum
3210 2612 3545 2672 usurpatum,
3579 2603 3653 2657 cui
3687 2601 3840 2672 propin-

2361 2687 2535 2756 quitas
2578 2688 2690 2757 ipsa
2728 2688 2975 2757 impetrat
3010 2691 3365 2759 intellectum,
3395 2707 3496 2748 non
3526 2701 3604 2748 est
3622 2692 3738 2748 velut
3762 2705 3846 2746 oeti-

2361 2780 2499 2834 soria
2531 2781 2799 2835 notatione
2827 2783 3164 2852 culpandum.
3189 2784 3323 2840 Nam
3362 2795 3417 2841 et
3451 2784 3517 2841 de
3554 2786 3656 2855 ipso
3684 2784 3843 2839 Domino

2360 2869 2487 2924 Jesu
2524 2867 2734 2926 Christo
2774 2872 2973 2927 dictum
3022 2884 3105 2930 est
3144 2876 3289 2945 quod
3331 2877 3601 2946 interpellat
3638 2891 3713 2947 pro
3750 2873 3847 2927 nobis

2365 2960 2536 3039 (Rom.
2560 2978 2672 3028 vin,
2697 2964 2789 3032 54)
2806 2983 2818 3015 :
2835 2966 3214 3035 numquidnam
3244 2965 3545 3038 interpellat,
3563 2974 3613 3021 et
3629 2979 3714 3019 non
3735 2964 3846 3019 etiam

2361 3055 2626 3124 postulat?
2656 3057 2763 3109 lmo
2786 3074 2909 3111 vero
2935 3060 3055 3128 quia
3086 3060 3339 3129 postulat,
3370 3074 3462 3132 pro
3486 3076 3547 3116 eo
3569 3060 3761 3132 positum
3777 3068 3847 3121 est

2360 3145 2665 3217 interpellat.
2690 3147 2981 3211 Evidentcr
2999 3152 3194 3222 quippe
3218 3152 3341 3207 alibi
3369 3129 3436 3207 de
3461 3168 3524 3208 eo
3546 3129 3738 3206 dicitur:
3758 3148 3848 3202 Etsi

2359 3238 2469 3309 quis
2495 3239 2793 3308 peccaverit,
2821 3240 3116 3295 advocatum
3145 3242 3387 3298 habemus
3412 3236 3546 3319 apud
3573 3240 3768 3306 Patrem,
3786 3235 3852 3291 lc-

2358 3344 2471 3383 sum
2496 3328 2750 3383 Christum
2767 3330 2967 3404 justum
2988 3374 3002 3398 ,
3028 3343 3075 3388 et
3102 3333 3212 3405 ipse
3243 3346 3317 3389 est
3354 3336 3570 3390 exoratio
3596 3330 3674 3407 pro
3695 3330 3851 3407 peccatis

2360 3419 2541 3475 nostris
2572 3418 2808 3493 (IJoan.
2836 3438 2894 3491 ιι,
2922 3423 2977 3491 1,
3001 3425 3077 3493 2).
3100 3426 3414 3498 Quanquam
3451 3418 3671 3484 fortassis
3698 3423 3852 3480 codices

2358 3510 2498 3589 apud
2532 3526 2630 3566 vos
2669 3512 2829 3567 etiam
2860 3516 2911 3593 in
2941 3530 3005 3569 eo
3042 3516 3160 3572 loco
3200 3518 3270 3574 de
3308 3514 3530 3576 Domino
3562 3518 3674 3595 lesu
3701 3508 3852 3603 Christo

2360 3616 2463 3656 non
2496 3601 2725 3668 habent,
2759 3604 3047 3676 interpellat
3084 3626 3177 3679 pro
3205 3612 3384 3679 nobis,
3420 3610 3548 3679 sed,
3580 3607 3763 3683 postulat
3791 3620 3852 3676 pro

2359 3691 2501 3746 nobis
2529 3707 2550 3746 :
2578 3693 2629 3748 in
2652 3709 2827 3765 graeco
2847 3697 2989 3753 enim
3008 3739 3025 3765 ,
3051 3715 3155 3769 quo
3186 3702 3352 3759 verbo
3377 3702 3464 3757 hic
3493 3701 3663 3773 posita:
3686 3706 3779 3753 sunt
3798 3695 3854 3749 is-

2360 3764 2751 3855 terpellationes,
2780 3802 2912 3858 quas
2939 3764 3312 3863 ipse‘posuisti
3342 3764 3713 3869 postulationes,
3733 3788 3855 3859 ipsum

2359 3883 2411 3928 et
2442 3875 2547 3930 illic
2575 3876 2795 3932 verbum
2825 3888 2908 3934 cst
2926 3921 2942 3945 ,
2972 3881 3060 3936 ubi
3099 3884 3362 3955 scriptum
3387 3894 3502 3953 est,
3531 3875 3771 3954 interde
3792 3892 3855 3947 P"

2359 3966 2519 4023 nobis.

2431 4060 2517 4116 15.
2558 4058 2690 4114 Cum
2725 4061 2883 4131 igitur
2920 4070 2974 4118 et
3010 4065 3096 4136 qui
3139 4076 3390 4135 precatur
3428 4076 3566 4137 oret,
3604 4075 3652 4123 et
3684 4063 3755 4135 qui
3780 4068 3862 4114 ora!

2358 4159 2621 4219 precetur,
2661 4160 2715 4206 et
2753 4153 2841 4233 qui
2885 4155 3184 4224 interpellat
3224 4160 3417 4227 Deum,
3442 4159 3508 4217 ad
3551 4159 3646 4214 hoc
3677 4150 3863 4223 ἱιιιθτρει·

2360 4242 2429 4294 let
2466 4252 2522 4294 ut
2548 4251 2666 4296 oret
2704 4252 2756 4297 et
2796 4256 3077 4315 precetur;
3108 4248 3236 4317 quid
3277 4250 3379 4305 sibi
3409 4242 3522 4305 vult
3551 4245 3676 4320 quod
3704 4236 3862 4299 ista“!

2361 4333 2536 4407 posuit
2577 4335 2883 4401 Apostolus,
2916 4346 2971 4390 ut
3014 4353 3116 4391 non
3164 4340 3235 4403 sit
3278 4356 3466 4409 eorum
3500 4331 3862 4421 negligenda“

2358 4422 2577 4476 tinctio?
2601 4424 2834 4494 Excepto
2888 4426 3060 4496 itaque
3108 4430 3325 4486 nomine
3349 4414 3601 4503 generali,
3625 4414 3799 4503 etsaitﬁ
3817 4421 3866 4476 Ιο-

2357 4512 2549 4580 quendi
2580 4514 2983 4582 consuetudine,
3011 4519 3304 4587 secundum
3333 4500 3495 4592 quam
3523 4523 3630 4577 sive
3651 4500 3771 4585 dicas
3784 4526 3866 4585 ιπε-

2356 4603 2621 4668 rationem,
2647 4604 2757 4658 sive
2786 4608 3079 4675 orationem,
3106 4611 3217 4665 sive
3236 4612 3694 4684 interpellationem,
3718 4607 3780 4662 vel
3801 4619 3865 4675 ρο-
3964 4603 3965 4657 θ

2355 4695 2703 4761 stulationem,
2753 4714 2853 4751 una
2902 4700 3193 4772 eademque
3230 4719 3322 4767 res
3374 4702 3700 4777 intelligitur;
3734 4696 3861 4781 aliqua
3964 4702 3965 4705 “

2356 4789 2514 4843 etiam
2551 4790 2873 4860 singulorum
2903 4793 3122 4848 istorum
3152 4797 3456 4866 proprietas
3482 4790 3760 4869 inquirenda
3784 4794 3862 4867 βξιὶ

2356 4882 2448 4936 sed
2495 4882 2561 4937 ad
2615 4898 2732 4937 eam
2781 4884 2976 4954 liquido
3019 4864 3300 4961 pervenire
3354 4864 3572 4951 difliCile

2348 4975 2547 5055 quippe
2572 4975 2694 5028 hinc
2718 4975 2823 5030 dici
2842 4986 3065 5055 possunt
3082 4992 3199 5045 qua:
3226 4978 3576 5048 improbanda
3604 4972 3818 5037 nausiat-

2429 5068 2513 5122 ιδ.
2556 5068 2661 5125 Sed
2697 5054 2935 5140 eligo'in
2974 5068 3057 5123 his
3099 5070 3276 5126 verbis
3322 5072 3428 5128 hoc
3456 5058 3865 5155 tuteuqu
3964 5054 3965 5131 Ψ

2356 5158 2531 5225 omnis
2553 5159 2637 5216 vel
2672 5174 2806 5229 pene
2849 5161 3021 5225 omnis
3048 5160 3365 5235 frequentat
3394 5156 3644 5235 Ecclesia,
3671 5166 3869 5235 utW'
3964 5158 3965 5219 Υ

2316 5282 2317 5285 η
2356 5251 2513 5305 tiones
2540 5242 2860 5320 accipiamus
2880 5240 3069 5319 dictas,
3090 5230 3222 5321 quas
3244 5230 3559 5315 facimus
3577 5218 3869 5335 celebratione

2356 5341 2842 5408 Sacrameutorum,
2872 5352 3153 5410 antequam
3181 5341 3313 5396 illud
3342 5342 3488 5411 quod
3524 5350 3604 5396 est
3628 5338 3676 5394 iu
3696 5328 3870 5391 Domini

2356 5450 2541 5491 mensa
2578 5432 2794 5506 incipiat
2822 5430 3067 5489 benedici
3093 5451 3107 5487 :
3136 5433 3415 5500 orationes,
3461 5449 3579 5489 cum
3607 5420 3873 5515 benedide

2355 5535 2411 5585 et
2448 5526 2827 5593 sanctiticatur,
2864 5535 2919 5581 et
2952 5522 3021 5579 ad
3062 5524 3491 5581 distribuendum
3531 5516 3871 5595 comminuitur;

2354 5637 2510 5693 quam
2534 5629 2696 5675 totam
2725 5619 3028 5688 petitionem
3058 5616 3168 5674 fere
3198 5620 3377 5673 omnis
3412 5614 3640 5673 Ecclesia
3664 5606 3874 5693 dominica

2354 5692 2593 5767 oratione
2621 5708 2902 5763 concludit.
2942 5708 3025 5763 Ad
3052 5723 3209 5779 quem
3242 5706 3577 5764 intellectum
3600 5705 3743 5762 etiam
3765 5692 3876 5753 verbi

2353 5808 2511 5877 graci
2537 5806 2685 5877 origo
2710 5820 2808 5863 nos
2832 5801 3064 5874 adjuvat.
3091 5805 3218 5861 Nam
3237 5817 3362 5858 eam
3390 5817 3549 5875 quam
3569 5799 3737 5857 dicunt
3750 5794 3877 5860 ὐιάνι

3952 396 3959 481 ξ

3952 496 3959 571 1

3948 1404 3959 1567 ἕ
