4004 6378
130 454 229 513 €51

141 584 243 623 raro
258 567 314 621 ita
337 564 603 636 Scriptura
627 566 778 635 ponit
797 574 853 619 ut
879 562 1199 632 intelligatur
1220 562 1379 615 oratio
1404 578 1421 614 :
1447 563 1537 616 sed
1562 562 1671 631 ple-

142 673 324 727 rumque
340 666 391 711 et
407 657 573 711 multo
586 657 833 711 usitatius
847 665 1025 706 votum
1045 651 1272 721 appellat
1287 656 1446 719 ιῦχήν,
1474 674 1668 722 προσευ-

144 764 348 817 pprero.
367 748 502 817 quod
526 748 744 802 verbum
765 747 836 800 ita
863 745 1087 814 positum
1105 753 1187 797 est
1208 744 1343 796 unde
1362 754 1668 808 tractamus,

141 854 314 908 semper
347 840 619 892 orationem
645 845 817 892 vocat.
849 834 1001 892 Unde
1031 832 1168 888 hanc
1207 834 1356 889 verbi
1387 833 1665 904 originem,

139 933 253 987 sicin
271 932 498 999 superius
526 929 635 983 dixi
652 971 667 995 ,
690 928 924 983 nonnulli
948 925 1121 981 minus
1144 926 1347 980 erudite
1370 926 1637 980 intuentes
1654 969 1667 992 ,

140 1038 356 1093 προσινχήν
373 1036 478 1079 non
500 1025 795 1089 orationan,
820 1023 912 1077 sed
933 1022 1275 1076 adorationem
1294 1021 1476 1076 dicere
1496 1021 1672 1075 volue-

139 1125 258 1175 runt.
277 1132 378 1185 qum
399 1118 571 1184 potius
592 1120 892 1184 προσκΰνησις
912 1113 1137 1167 dicitur:
1159 1111 1251 1167 sed
1271 1112 1391 1181 quia
1415 1114 1575 1165 oratio
1597 1112 1668 1167 in-

139 1205 308 1259 terdum
322 1216 529 1259 vocatur
543 1209 682 1273 εὐχή,
699 1205 927 1257 ndoratio
940 1210 1119 1273 putata
1132 1211 1213 1256 est
1229 1214 1482 1273 προθευχὴ.
1502 1200 1667 1255 Porro

139 1298 177 1351 si
188 1299 414 1359 usitatius,
435 1296 629 1362 ntdixi,
648 1298 701 1349 in
721 1296 1006 1364 Scripturis
1022 1302 1199 1349 votum
1217 1293 1510 1363 appellatur
1526 1297 1664 1359 copi,

138 1398 321 1458 excepto
344 1388 557 1443 nomine
585 1389 817 1458 generali
843 1387 1104 1453 orationis,
1132 1401 1194 1441 ea
1226 1387 1437 1455 proprie
1467 1386 1664 1439 intelli-

135 1478 276 1547 genda
297 1487 370 1532 est
399 1479 586 1542 oratio,
616 1492 773 1548 quam
803 1478 1022 1533 iacimus
1048 1477 1115 1531 ad
1134 1488 1334 1540 votum,
1363 1477 1414 1530 id
1444 1484 1527 1529 est
1554 1486 1666 1545 πρὸς

134 1573 264 1636 αὐχήν.
306 1568 573 1623 Voventur
609 1579 785 1623 autem
825 1568 997 1622 omnia
1042 1581 1161 1637 qua:
1203 1567 1493 1621 offeruntur
1537 1568 1662 1632 Deo,

133 1660 326 1713 maxime
350 1660 514 1713 sancti
555 1659 737 1713 altaris
761 1659 989 1723 oblatio;
1024 1673 1128 1728 quo
1161 1656 1504 1713 Sacramento
1533 1670 1668 1721 prte-

132 1751 304 1804 dicatur
326 1759 563 1805 nostrum
599 1750 727 1804 illud
754 1758 934 1804 votum
977 1748 1282 1810 maximum,
1318 1763 1424 1817 quo
1452 1762 1549 1801 nos
1571 1761 1665 1801 vo-

132 1842 275 1894 vimus
310 1842 358 1894 in
386 1841 599 1894 Christo
625 1855 743 1895 esse
773 1854 1069 1904 mansuros,
1108 1840 1287 1908 utique
1314 1839 1368 1892 in
1410 1852 1665 1908 compage

131 1932 335 1999 corporis
371 1929 587 1985 Christi.
630 1930 794 1999 Cujus
834 1931 910 1984 rei
957 1939 1341 1983 sacramentum
1381 1937 1483 1995 est,
1525 1928 1664 1998 quod

131 2038 241 2076 unus
257 2023 419 2092 panis,
452 2037 613 2075 unum
647 2036 837 2091 corpus
867 2021 1015 2074 multi
1047 2035 1228 2075 sumus
1256 2019 1297 2091 (Ι
1322 2017 1440 2073 Cor.
1471 2034 1527 2084 κ,
1554 2019 1661 2089 17).

130 2110 230 2166 ideo
261 2118 306 2165 in
344 2112 496 2181 hujus
529 2112 956 2166 sanctiﬁcationis
989 2112 1385 2181 prmparatione,
1422 2112 1666 2165 existimo

128 2203 404 2270 Apostolum
416 2202 639 2271 iussisse
662 2201 869 2270 proprie
887 2201 997 2254 ﬁeri
1017 2208 1288 2271 προσευχάς,
1312 2200 1362 2255 id
1378 2208 1459 2255 est
1474 2202 1664 2254 oratio—

129 2306 213 2353 nes,
242 2292 335 2355 vel,
367 2300 427 2345 ut
464 2291 701 2345 nonnulli
751 2291 925 2343 minus
950 2290 1117 2359 perite
1154 2290 1477 2358 interpretati
1520 2302 1661 2355 sunt,

127 2381 449 2445 devotiones;
489 2382 590 2436 hoc
618 2391 697 2436 est
727 2380 869 2435 enim
910 2380 974 2434 ad
1005 2389 1203 2447 votum,
1246 2380 1389 2449 quod
1424 2381 1667 2435 usitatius

127 2473 169 2527 in
189 2472 464 2543 Scripturis
484 2482 818 2541 nuncupatur
837 2477 972 2539 εὐχή.
1005 2471 1438 2542 lnterpellationes
1463 2482 1661 2538 autem,

125 2564 233 2630 sive,
259 2574 313 2617 ut
330 2564 494 2618 vestri
514 2564 727 2618 codices
745 2563 957 2625 habent,
983 2563 1360 2633 postulationes,
1388 2563 1520 2616 ﬁunt
1543 2577 1663 2616 cum

125 2655 317 2723 populus
342 2654 677 2709 benedicitur
704 2671 717 2705 :
751 2664 880 2709 tune
908 2654 1047 2705 enim
1082 2654 1365 2719 antistites,
1396 2654 1539 2708 velut
1566 2653 1665 2707 ad-

124 2745 288 2811 vocati,
312 2754 588 2813 susceptos
614 2758 739 2798 suos
769 2759 860 2811 per
885 2757 1072 2797 manus
1092 2744 1480 2810 impositionem
1507 2745 1665 2797 misc-

122 2836 467 2891 ricordissimas
506 2836 733 2890 oﬂ'erunt
778 2835 1044 2904 potestati.
1086 2836 1286 2902 Quibus
1331 2837 1575 2905 peractis,
1610 2849 1661 2892 et

124 2928 406 2997 participato
432 2936 579 2982 tanto
621 2928 983 2991 Sacramento,
1014 2928 1285 2996 gratiarum
1320 2930 1451 2982 actio
1476 2939 1665 2985 cuncta

123 3021 377 3085 concludit,
422 3036 582 3090 quam
624 3022 677 3074 in
703 3021 797 3090 [his
840 3020 997 3074 etiam
1026 3020 1203 3075 verbis
1244 3021 1480 3076 ultimam
1516 3037 1662 3076 com-

123 3111 360 3165 maidavit
379 3111 681 3180 Apostolus.

177 3201 252 3254 t7.
290 3201 415 3256 [hac
455 3210 633 3255 autem
673 3215 829 3255 causa
864 3202 1127 3269 praecipua
1158 3200 1256 3254 iuit
1294 3201 1391 3255 ista
1430 3200 1658 3266 dicendi,

125 3299 168 3342 ut
189 3290 258 3345 his
282 3291 517 3346 breviter
543 3292 831 3359 perstrictis
861 3299 1015 3360 atque
1044 3290 1367 3360 signiﬁcatis,
1390 3307 1493 3346 non
1518 3301 1666 3361 puta-

124 3390 242 3434 retur
273 3381 647 3452 negligendum
686 3396 803 3435 esse
838 3381 979 3451 quod
1020 3383 1277 3451 sequitur,
1319 3398 1411 3453 pro
1440 3383 1667 3437 omnibus

126 3469 396 3536 ﬁctionibus,
439 3489 531 3542 pro
556 3471 772 3542 regibus,
813 3481 859 3525 et
887 3472 963 3525 Itis
986 3472 1072 3541 qui
1109 3473 1165 3525 in
1191 3474 1494 3527 sublimitate
1526 3485 1660 3539 sunt,

126 3568 165 3610 Il
182 3562 382 3628 quietam
403 3571 453 3615 et
490 3563 812 3629 tranquillam
837 3563 986 3615 vitam
1010 3578 1218 3632 agamus
1244 3563 1299 3616 in
1323 3564 1456 3616 omni
1485 3565 1668 3633 pietate

124 3659 158 3701 et
176 3652 404 3707 rear-itote
425 3668 445 3705 :
466 3668 535 3708 ne
556 3654 851 3723 quisquam,
876 3654 1011 3708 sicut
1033 3668 1092 3709 se
1122 3654 1280 3709 habet
1305 3654 1548 3710 humanae
1571 3672 1665 3711 co-

123 3742 359 3809 gitationis
381 3746 681 3811 inﬁrmitas,
706 3745 1032 3800 existimaret
1048 3761 1150 3801 non
1171 3762 1290 3800 esse
1310 3748 1406 3801 ista
1428 3747 1663 3803 facienda

122 3845 197 3899 pro
226 3833 306 3889 his
345 3850 375 3888 a
412 3835 604 3904 quibus
626 3836 1045 3902 persecutionem
1082 3837 1377 3904 patiebatur
1405 3837 1661 3903 Ecclesia,

121 3934 215 3975 cum
241 3925 478 3979 membra
499 3924 694 3978 Christi
722 3941 786 3979 ex
812 3925 956 3979 omni
975 3934 1154 3980 essent
1179 3926 1447 3981 hominum
1471 3944 1668 3998 genere

120 4013 404 4084 colligenda.
440 4014 592 4070 Unde
610 4014 844 4084 adjungit
866 4024 921 4071 et
943 4014 1105 4071 dicit:
1124 4014 1238 4070 Hoc
1260 4017 1391 4070 enim
1409 4017 1594 4070 bonum
1618 4027 1666 4071 et

119 4120 344 4176 acceptum
380 4118 457 4162 est
490 4124 662 4161 coram
704 4106 969 4163 Saluatore
1002 4117 1172 4161 nostro
1214 4106 1337 4169 Deo,
1377 4108 1463 4177 qui
1496 4124 1664 4163 omnes

120 4194 308 4254 homines
339 4199 449 4253 vult
476 4199 638 4252 salvos
666 4198 794 4265 ﬁeri,
837 4207 885 4251 et
917 4197 972 4251 in
1005 4198 1310 4267 agnitionem
1336 4198 1555 4251 veritatis
1578 4214 1661 4252 re-

120 4288 218 4341 nire.
244 4290 309 4344 Et
335 4307 406 4346 ne
434 4290 708 4359 quisquam
738 4289 939 4344 diceret
968 4303 1124 4358 posse
1158 4304 1279 4344 esse
1312 4289 1495 4343 salutis
1524 4291 1661 4345 viam

119 4375 159 4430 in
175 4380 295 4435 bona
310 4382 717 4436 conversatione
731 4388 784 4435 et
808 4380 962 4434 unius
985 4380 1078 4435 Dei
1099 4381 1475 4449 omnipotentis
1494 4380 1661 4448 cultu,

118 4470 211 4526 sine
228 4472 625 4541 participatione
648 4471 886 4539 corporis
906 4478 960 4525 et
979 4471 1248 4539 sanguinis
1262 4469 1459 4526 Christi
1477 4488 1491 4535 ;
1519 4470 1662 4527 Unus

118 4561 226 4616 alia
248 4561 406 4628 Deus,
449 4562 637 4630 inquit,
683 4571 731 4615 et
764 4577 897 4615 unus
932 4561 1176 4616 mediator
1205 4561 1300 4615 Dei
1333 4572 1379 4616 et
1404 4562 1662 4616 hominum

118 4649 239 4706 bolo
256 4653 485 4709 Christus
507 4650 699 4707 Iesus:
726 4660 781 4706 ut
806 4650 933 4705 illud
961 4651 1102 4720 quod
1131 4652 1356 4714 dixerat,
1388 4668 1555 4707 omnes
1579 4654 1662 4705 Ito-

117 4739 245 4797 tlt'ttes
281 4743 385 4799 vult
424 4742 591 4796 salvos
638 4741 769 4809 ﬁeri,
809 4741 955 4797 nullo
997 4741 1102 4796 alio
1138 4742 1299 4796 modo
1344 4742 1662 4811 intelligatur

116 4836 345 4899 praetori,
370 4833 476 4889 nisi
501 4848 595 4903 per
613 4832 981 4899 mediatorem,
1010 4849 1114 4897 non
1141 4832 1327 4898 Deum,
1354 4834 1494 4903 quod
1516 4850 1661 4889 seui-

114 4934 191 4989 por
227 4925 455 4982 Verbum
502 4934 637 4991 erat,
690 4924 783 4983 sed
835 4925 1101 4981 hominem
1142 4925 1407 4981 Christum
1455 4924 1657 4992 Iesum,

106 5023 213 5087 cum
241 5014 468 5075 Verbum
498 5030 622 5073 curo
660 5015 859 5071 factum
894 5022 995 5081 est,
1034 5024 1090 5071 et
1122 5014 1377 5075 habitavit
1413 5015 1468 5072 in
1507 5016 1660 5077 nobis

117 5099 263 5167 (to...
284 5122 322 5173 ι,
350 5106 466 5176 ιι).

172 5195 247 5253 l8.
281 5197 437 5257 Unde
455 5213 553 5253 nec
575 5196 701 5252 illud
726 5206 931 5253 moveat
959 5204 1029 5262 te,
1050 5198 1191 5268 quod
1210 5197 1279 5255 de
1300 5197 1497 5254 Judteis
1519 5200 1655 5257 idem

110 5280 353 5353 inpostolus
394 5291 467 5343 ait
496 5308 508 5341 :
539 5289 824 5343 Secundum
869 5288 1197 5359 Evangelium
1236 5291 1435 5360 quidem
1468 5294 1657 5347 inimici

117 5389 290 5448 mittar
310 5397 427 5449 ros;
457 5382 728 5436 secundum
753 5381 1041 5434 electionem
1073 5392 1238 5439 autem
1260 5382 1429 5437 dilecti
1456 5394 1656 5453 prapter

117 5476 256 5535 pum
276 5471 449 5543 (Rom.
489 5487 565 5538 ιι,
587 5471 699 5542 28).
733 5472 969 5525 Altitudo
1000 5472 1194 5540 quippe
1236 5473 1322 5527 illa
1348 5474 1651 5529 divitiarum

117 5559 355 5627 sapientia:
383 5571 437 5617 et
460 5563 692 5625 scientiae
720 5562 831 5625 Dei,
862 5570 915 5616 et
950 5561 1033 5616 illa
1066 5562 1420 5617 inscrutabilia
1453 5564 1653 5632 judicia

116 5647 228 5716 eius,
250 5662 303 5708 et
328 5653 716 5724 investigabiles
743 5653 841 5708 viae
865 5652 1002 5722 ejus.
1031 5654 1166 5708 hanc
1192 5652 1436 5709 ﬁdelibus
1471 5656 1650 5710 cordi-

118 5740 201 5801 bus
218 5762 449 5820 magnam
477 5750 723 5819 ingerunt
744 5748 1167 5814 admirationem,
1195 5748 1286 5817 qui
1310 5748 1378 5803 de
1396 5748 1538 5804 illius
1559 5764 1646 5805 sa-

118 5837 287 5903 Ρθιιὶι
316 5840 657 5911 ostendente
677 5854 707 5893 θ
732 5836 839 5894 ﬁne
863 5852 1033 5909 usque
1054 5836 1124 5895 Id
1145 5836 1308 5896 linem
1335 5836 1559 5909 fortiter,
1590 5850 1646 5897 et

1283 449 1755 506 EPISTOLARUM
1793 448 2064 508 CLASSIS
2090 451 2174 509 lli.

3250 466 3351 527 638

1781 564 1953 616 omnia
1978 566 2208 620 suaviter
2232 567 2543 635 disponente
2566 568 2720 639 (Sap.
2746 588 2859 639 πη,
2888 572 2941 644 l)
2964 589 3068 629 non
3089 574 3350 643 dubitant,

1780 656 1905 722 quid
1936 658 2006 710 sit
2031 657 2167 724 quod
2194 658 2241 711 ei
2264 659 2431 726 placet
2461 668 2513 711 ut
2541 670 2842 726 nascantur,
2869 673 3109 717 crescant
3129 676 3193 719 ac
3218 667 3351 720 mul-

1774 744 2079 813 tiplicemur
2122 746 2193 809 hi,
2224 762 2357 817 quos
2386 749 2483 802 etsi
2515 750 2683 803 malos
2724 752 2834 820 ipse
2861 768 2965 807 non
2998 752 3142 821 fecit,
3174 763 3349 811 tamen

1770 835 1946 889 malos
1987 836 2191 891 futuros
2228 851 2347 893 esse
2378 841 2654 907 przescivit.
2688 838 2854 896 Nimis
2887 844 3028 898 enim
3068 845 3347 900 consilium

1775 924 1890 992 ejus
1912 927 1963 979 in
1985 926 2162 981 abdito
2183 938 2284 995 est,
2311 940 2417 999 quo
2444 930 2602 984 etiam
2630 931 2782 985 malis
2803 932 2938 988 bene
2961 933 3124 988 utitur
3139 935 3205 989 ad
3226 950 3347 1004 pro-

1773 1024 1980 1069 vectum
2000 1018 2278 1086 bonorum,
2304 1021 2463 1074 etiam
2488 1022 2538 1074 in
2568 1021 2668 1075 hoc
2696 1022 2984 1078 miriﬁcans
3008 1025 3344 1096 omnipoten-

1774 1103 1898 1157 tiam
1936 1106 2184 1161 bonitatis
2218 1111 2505 1179 sum:quia
2551 1111 2686 1165 sicut
2719 1111 2930 1167 illorum
2974 1115 3220 1183 nequitia:
3262 1126 3345 1171 est

1772 1198 1912 1253 male
1951 1201 2023 1253 uti
2054 1200 2207 1254 bonis
2238 1204 2488 1271 operibus
2514 1206 2649 1273 ejus,
2690 1204 2766 1259 sic
2796 1205 2934 1259 illius
2961 1206 3237 1275 sapientia
3261 1216 3343 1261 est

1772 1288 1909 1344 bene
1931 1292 2004 1344 uti
2029 1292 2182 1345 malis
2208 1295 2459 1361 operibus
2483 1309 2691 1350 eorum.

1845 1380 1929 1435 l9.
1976 1381 2121 1435 lianc
2157 1382 2314 1451 igitur
2354 1383 2685 1439 altitudinem
2725 1386 3038 1440 sacramenti
3081 1387 3160 1441 sic
3196 1400 3340 1441 com-

1771 1472 1985 1526 mendat
2013 1474 2293 1541 Apostolus
2319 1492 2334 1528 :
2365 1474 2499 1529 Nolo
2524 1491 2610 1530 vos
2637 1478 2885 1547 ignorare,
2909 1480 3110 1548 fratres,
3137 1478 3230 1533 hoc
3252 1494 3338 1533 sa-

1770 1572 2099 1627 cramentum,
2126 1574 2182 1617 ut
2206 1580 2306 1617 non
2332 1566 2441 1620 sitis
2461 1568 2595 1620 vobis
2621 1568 2890 1638 sapientes,
2906 1570 3021 1637 quia
3051 1570 3249 1623 caritas
3278 1582 3339 1626 επ

1773 1662 1915 1722 parte
1949 1654 2004 1707 in
2047 1653 2208 1708 Israel
2246 1659 2381 1724 facta
2416 1665 2506 1721 est,
2534 1656 2689 1709 donec
2713 1657 2968 1727 plenitudo
2998 1656 3233 1713 Gentius!
3255 1659 3337 1713 isto

1771 1750 1943 1809 taret,
1967 1753 2015 1797 et
2035 1746 2107 1797 sie
2126 1746 2287 1821 omnis
2304 1745 2467 1799 Israel
2479 1747 2647 1801 salvus
2662 1748 2801 1813 ﬁeret
2821 1747 2993 1818 (Rom.
3016 1763 3093 1815 ιι,
3114 1749 3206 1815 Ξὸ,
3220 1750 3336 1819 96).

1770 1833 1856 1888 Ea:
1881 1846 2040 1904 parte,
2070 1837 2236 1903 dixit,
2257 1839 2379 1907 quia
2400 1854 2503 1892 non
2528 1854 2713 1894 omnes
2736 1841 2983 1895 excaeati
3013 1850 3167 1896 sunt:
3188 1851 3341 1898 erant

1771 1928 1912 1981 enim
1925 1944 1988 1982 ex
2004 1928 2197 1998 illisqui
2210 1930 2475 1984 Christum
2485 1939 2859 2001 cognoverunt.
2876 1931 3150 1987 Plenitudo
3161 1941 3337 1988 autem

1770 2017 2017 2072 Gentium
2034 2019 2087 2070 in
2104 2018 2186 2072 his
2206 2021 2380 2083 intrat,
2404 2021 2491 2090 qui
2509 2020 2796 2075 secundum
2822 2020 3149 2089 propositum
3164 2021 3337 2075 vocati

1766 2115 1920 2173 sunt;
1939 2117 1996 2163 et
2013 2110 2089 2163 sic
2103 2109 2277 2165 ornnh
2293 2110 2452 2163 Israel
2472 2112 2646 2164 salvus
2663 2112 2767 2174 ﬁet,
2793 2113 2913 2181 quia
2926 2120 2979 2165 et
2992 2126 3056 2166 ex
3071 2110 3269 2167 ludatis
3283 2122 3339 2166 et

1769 2198 2119 2261 exGentibus,
2139 2200 2228 2269 qui
2249 2200 2535 2255 secundum
2550 2201 2873 2270 propositum
2890 2204 3057 2256 vocati
3080 2210 3222 2264 sunt,
3239 2200 3335 2269 ipsi

1772 2305 1932 2345 verus
1949 2293 1966 2323 ι
1988 2301 2111 2345 sunt
2131 2292 2311 2358 Israel,
2331 2293 2515 2362 dequo
2536 2292 2661 2347 dicit
2683 2292 2821 2347 idem
2840 2293 3142 2361 Apostolus,
3166 2292 3237 2348 Et
3256 2310 3337 2347 ευρ

1770 2397 1858 2451 ρει-
1875 2380 2037 2436 Israel
2063 2381 2159 2435 Dei
2179 2381 2366 2449 (Galat.
2394 2398 2467 2449 Vt,
2501 2383 2590 2451 16)
2620 2400 2631 2434 :
2662 2382 2782 2437 illos
2820 2392 2997 2437 autem
3021 2383 3149 2439 dicit
3173 2381 3335 2440 Israel

1768 2470 2057 2529 secundum
2084 2486 2325 2537 carnem;
2350 2471 2539 2539 Videte,
2553 2472 2738 2542 inquit,
2758 2469 2919 2527 Israel
2934 2472 3207 2529 secundum
3224 2488 3337 2526 car-

1770 2576 1880 2614 nem
1923 2560 1978 2630 (1
2006 2561 2124 2615 Cor.
2165 2576 2221 2628 ι,
2263 2563 2373 2630 18).
2422 2563 2619 2618 Deinde
2659 2564 2945 2631 interponit
2980 2564 3335 2619 testimonium

1770 2653 2059 2721 prophetae,
2102 2653 2269 2707 Veniet
2302 2670 2361 2708 ex
2384 2652 2533 2721 Sion,
2559 2656 2643 2725 qui
2670 2655 2849 2725 eripiat
2870 2664 2917 2710 et
2941 2664 3127 2708 euertat
3156 2655 3335 2723 impie-

1768 2748 1917 2797 tatem
1937 2744 1998 2797 ab
2014 2742 2211 2807 Iacob;
2236 2753 2283 2797 et
2311 2745 2403 2797 hoc
2422 2745 2522 2798 illis
2539 2761 2573 2798 a
2596 2761 2675 2799 me
2693 2753 3055 2810 testamentum,
3078 2761 3192 2797 cum
3210 2746 3297 2798 abs
3312 2774 3332 2785 -

1771 2832 1930 2887 tulero
1969 2842 2169 2902 peccata
2206 2849 2372 2887 eorum
2409 2831 2557 2905 (Isai.
2587 2848 2693 2897 ιιι,
2723 2831 2853 2905 9.0):
2880 2849 2983 2895 non
3014 2834 3190 2903 utique
3218 2846 3332 2888 orn-

1769 2923 1919 2979 nium
1942 2921 2266 2987 Judazorum,
2293 2924 2385 2979 sed
2403 2923 2716 2981 dilectarum
2728 2925 2769 2979 ι.

1839 3012 1928 3069 ει).
1970 3012 2104 3068 Hinc
2128 3013 2363 3084 adiungit
2388 3030 2471 3079 ea,
2497 3030 2617 3084 quae
2644 3014 2955 3083 inquirenda
2984 3014 3228 3083 posuisti,
3250 3014 3335 3073 Se-

1769 3103 1988 3158 cundum
2020 3103 2345 3174 Evangelia»:
2377 3105 2577 3175 quidem
2612 3105 2805 3160 inimici
2842 3114 3040 3176 propter
3069 3120 3176 3159 vos.
3203 3105 3335 3169 Pre-

1772 3197 1899 3251 tium
1920 3197 2114 3266 quippe
2152 3196 2527 3266 redemptionis
2554 3208 2746 3255 nostne
2776 3198 2987 3268 sanguis
3015 3206 3096 3251 est
3119 3197 3330 3263 Christi,

1768 3291 1859 3358 qui
1886 3288 2068 3357 utique
2108 3290 2314 3344 nonnisi
2351 3289 2417 3345 ab
2454 3289 2683 3344 inimicis
2706 3290 2875 3358 putuit
2912 3290 3101 3348 occidi.
3132 3289 3230 3349 Hie
3255 3300 3337 3349 ea

1770 3376 1860 3435 ille
1881 3392 2007 3433 usus
2031 3378 2290 3433 malorum
2316 3379 2368 3432 in
2396 3388 2697 3448 provectum
2726 3381 3001 3437 bonorum.
3027 3380 3176 3449 Quod
3211 3396 3336 3437 vero

1768 3466 2027 3537 adiungit,
2051 3468 2321 3522 secundum
2340 3469 2629 3527 electionem
2649 3480 2819 3524 autem
2836 3472 2999 3531 diioui
3023 3482 3223 3541 propter
3244 3489 3335 3543 pa-

1769 3566 1889 3625 tres,
1915 3557 2040 3615 binc
2062 3560 2296 3615 ostendit
2318 3578 2422 3616 non
2449 3562 2566 3618 illos
2585 3563 2847 3629 inimicos,
2877 3564 2968 3619 sed
2994 3566 3191 3621 electos
3218 3582 3335 3621 esse

2034 3646 2139 3706 Sed
2161 3649 2449 3720 Scriptura
2476 3666 2592 3707 mos
2610 3662 2691 3707 est
2710 3652 2779 3707 ita
2806 3654 2946 3723 loqui
2966 3653 3034 3710 de
3056 3664 3200 3723 parte
3221 3665 3334 3710 tan-

1769 3754 1927 3809 quam
1967 3739 2033 3795 de
2070 3748 2219 3796 toto:
2248 3742 2385 3797 sicut
2425 3741 2733 3799 Corinthios
2772 3744 2829 3797 in,
2868 3744 3048 3812 primis
3090 3746 3334 3815 Iipistolae

1769 3844 1880 3885 sua:
1921 3831 2176 3899 partibus,
2216 3832 2286 3887 ita
2318 3832 2494 3888 laudat
2535 3842 2779 3903 tanquam
2821 3849 3007 3891 omnes
3026 3835 3159 3891 tales
3200 3838 3329 3902 sint,

1769 3935 1890 3976 cum
1928 3930 2110 3977 essent
2143 3922 2434 3977 laudabiles
2467 3924 2683 3991 quidam
2720 3940 2937 3987 eorum;
2977 3936 3029 3980 et
3062 3936 3241 3995 postea
3281 3928 3332 3982 in

1770 4009 2039 4069 nonnullis
2062 4010 2314 4079 Epistula:
2349 4012 2514 4079 ipsius
2542 4014 2691 4076 locis,
2737 4013 2809 4067 ita
2852 4015 3187 4082 reprehendit
3215 4025 3331 4069 tan-

1769 4112 1926 4167 quam
1958 4114 2142 4153 omnes
2172 4099 2458 4169 culpabiles
2493 4110 2690 4175 essent,
2723 4112 2935 4171 propter
2959 4103 3213 4173 quosdam
3237 4107 3329 4174 qui

1769 4189 1904 4243 tales
1926 4199 2095 4244 erant.
2124 4189 2280 4246 Istam
2306 4191 2603 4249 divinarum
2628 4193 3017 4263 Scriptorum
3048 4208 3332 4252 consuetu-

1768 4279 1946 4336 dinem
1977 4296 2071 4349 per
2097 4296 2253 4336 omne
2286 4295 2481 4350 corpus
2522 4283 2839 4341 Litterarum
2869 4285 2986 4355 ejus
3010 4289 3333 4345 creberrime

1769 4385 2027 4439 sparsam,
2045 4372 2281 4441 quisquis
2296 4371 2580 4442 diligenter
2593 4374 2897 4440 adverterit,
2918 4377 3079 4435 multa
3094 4378 3334 4436 dissolvit

1768 4478 1887 4531 qua:
1920 4463 2057 4518 inter
2093 4479 2151 4517 se
2187 4464 2429 4520 videntur
2461 4480 2582 4520 esse
2616 4468 2900 4521 contraria.
2924 4468 3167 4527 Inimicos
3206 4486 3334 4542 ergo

1766 4554 2056 4620 aliosdicit,
2075 4556 2209 4612 alios
2223 4556 2471 4617 dilectos:
2491 4558 2583 4614 sed
2603 4560 2725 4628 quia
2744 4560 2796 4614 in
2821 4574 2927 4616 uno
2944 4564 3136 4632 populo
3160 4574 3329 4629 erant,

1766 4645 1911 4704 velut
1921 4647 2133 4703 eosdem
2154 4648 2295 4715 ipsos
2308 4647 2486 4704 dicere
2499 4649 2724 4705 videtur.
2739 4650 3043 4723 Quanquam
3057 4662 3110 4708 et
3124 4669 3187 4708 ex
3202 4656 3331 4723 ipsis

1766 4734 1995 4791 inimicis
2008 4738 2096 4805 qui
2118 4737 2488 4799 cruciﬁxerunt
2512 4740 2809 4809 Dominum,
2834 4742 3069 4813 plerique
3087 4748 3330 4801 conversi

1766 4836 1910 4890 sunt,
1941 4836 1994 4881 et
2016 4836 2372 4894 apparuerunt
2394 4829 2569 4889 electi.
2597 4832 2744 4887 Tunc
2771 4833 2944 4900 electi,
2967 4834 3175 4903 quando
3201 4850 3329 4891 con-

1764 4916 1938 4979 versi,
1987 4924 2236 4985 quantum
2288 4918 2354 4975 ad
2402 4920 2587 4975 salutis
2630 4921 2872 4977 initium:
2900 4932 3151 4992 quantum
3198 4940 3331 4984 vero

1764 5007 1831 5067 ad
1862 5007 1953 5061 Dei
1984 5008 2391 5075 przescientiam,
2429 5025 2538 5066 non
2565 5021 2688 5067 tunc
2714 5012 2889 5079 eiecti,
2916 5013 3007 5068 sed
3038 5026 3163 5071 ante
3200 5034 3331 5075 con-

1764 5088 2088 5157 stitutionem
2130 5099 2332 5164 mundi,
2373 5101 2511 5157 sicut
2547 5102 2684 5163 idem
2709 5102 2837 5159 dicit
2868 5107 3161 5175 apostolus,
3188 5114 3329 5181 quod

1764 5187 1983 5258 elegerit
2013 5204 2109 5242 nos
2147 5202 2272 5245 ante
2314 5192 2492 5246 nmndi
2530 5193 2956 5251 constitutionem
2992 5198 3155 5270 (Eph.
3180 5216 3218 5267 I,
3248 5203 3326 5275 ι).

1764 5279 1975 5333 Duobus
2014 5282 2185 5351 itaque
2223 5283 2411 5346 modis,
2455 5282 2551 5352 ipsi
2596 5284 2790 5339 inimici
2848 5287 2945 5358 qui
2976 5290 3189 5347 dilecti:
3219 5294 3329 5349 sive

1762 5370 1881 5439 quia
1918 5370 1967 5422 in
1996 5388 2100 5425 uno
2129 5374 2321 5441 p0pulo
2350 5374 2556 5442 utrique
2580 5372 2817 5443 fuerant;
2846 5380 2962 5434 sive
2987 5382 3106 5451 quia
3131 5397 3195 5437 ex
3227 5384 3326 5437 ini-

1761 5460 1913 5531 micis
1950 5463 2283 5518 smvicntibns
2322 5479 2485 5531 usque
2524 5465 2590 5520 ad
2627 5470 2931 5537 sanguinem
2962 5471 3175 5535 Christi,
3207 5475 3323 5542 qui-

1757 5547 1879 5603 dam
1908 5566 2090 5604 eorum
2130 5552 2305 5606 dilecti
2336 5553 2453 5607 facti
2493 5565 2644 5609 erant
2681 5560 2966 5614 secundum
3008 5561 3322 5619 electionem

1757 5656 1873 5709 quae
1902 5642 2099 5695 latebat
2124 5642 2176 5695 in
2205 5644 2530 5711 praiscientia
2555 5647 2669 5702 Dei.
2698 5648 2776 5701 Ad
2804 5648 2904 5704 hoc
2930 5650 3071 5705 enim
3098 5652 3322 5721 addidit,

1819 5790 1835 5857 ξ
1859 5793 1991 5857 ltain
2007 5798 2115 5857 Mss.
2133 5792 2214 5840 ubi
2239 5794 2287 5841 in
2309 5793 2417 5841 Edd.
2442 5794 2714 5857 legebatur,
2732 5798 2905 5849 verius.

1815 5853 1835 5882 ι
1856 5853 1987 5911 ald,
2010 5853 2281 5904 electorum.
2310 5863 2362 5905 Ai.
2387 5853 2716 5911 \tssfhabont;
2736 5860 2822 5911 sed
2848 5859 3150 5918 (illum.
