4004 6386
683 668 883 733 propter
910 665 1107 729 patres;
1135 652 1254 723 quia
1285 648 1337 705 id
1364 645 1503 716 quod
1532 642 1772 714 patribus
1802 641 2120 733 promissum
2142 642 2245 733 Aest

680 728 959 823 oportebat
996 746 1221 818 impleri,
1252 744 1391 797 sicut
1418 740 1557 794 circa
1585 736 1742 791 linem
1769 732 2019 803 Epistula:
2044 728 2110 783 ad
2142 728 2249 782 Ro-

681 820 866 899 manos
902 841 1015 895 ait:
1042 837 1167 890 Dico
1195 834 1327 887 enim
1361 830 1615 886 Christum
1644 827 1926 880 ministrum
1956 823 2110 893 fuisse
2142 820 2245 873 cir-

677 932 995 991 cumcisionis
1036 936 1239 999 propter
1283 924 1535 978 veritatem
1585 918 1713 982 Dei,
1762 918 1829 971 ad
1874 911 2248 983 conﬁrmanda:

679 1026 1030 1095 promissiones
1057 1030 1279 1090 patrum.
1324 1014 1504 1070 Gentes
1530 1021 1696 1066 autem
1729 1024 1881 1078 super
1905 1004 2248 1060 misericordia

675 1116 959 1187 gloriﬁcare
1004 1110 1161 1164 Deum
1199 1107 1375 1178 (Rom.
1410 1119 1501 1167 xv,
1536 1103 1590 1168 8,
1618 1101 1694 1172 9).
1743 1097 2042 1154 Secundum
2090 1096 2244 1187 istam

676 1185 1088 1263 misericordiam
1110 1201 1309 1256 dictum
1331 1207 1432 1257 est.
1451 1194 1640 1249 inimici
1662 1201 1866 1263 propter
1888 1206 1972 1243 vos
1995 1185 2170 1258 :quod
2191 1194 2246 1241 et

671 1314 829 1369 supra
856 1297 1079 1358 dixerat,
1110 1291 1326 1346 Illorum
1351 1289 1530 1342 delicto
1556 1286 1695 1340 salus
1726 1281 1986 1337 Gentibus.

740 1392 830 1446 2i.
871 1387 1004 1443 Ctnu
1028 1395 1201 1439 autem
1230 1383 1471 1443 dixisset,
1502 1377 1775 1432 secundant
1806 1374 2091 1428 electionem
2116 1370 2245 1424 dile-

671 1486 738 1539 cti
766 1491 969 1556 propter
996 1488 1182 1550 patres.
1214 1474 1433 1535 addidit,
1481 1471 1607 1526 Sine
1634 1468 1922 1540 poenitentia
1964 1465 2095 1519 enim
2128 1470 2245 1516 sunt

671 1553 805 1631 dona
838 1583 884 1627 et
917 1571 1108 1625 vocutio
1143 1567 1259 1622 Dei.
1293 1564 1451 1620 Vides
1483 1572 1626 1617 certe
1656 1560 1774 1615 illos
1812 1555 2113 1627 signilietri,
2152 1553 2243 1623 qui

669 1666 937 1737 pertinent
968 1661 1032 1715 ad
1077 1672 1349 1714 tnunerum
1386 1653 1893 1723 prmdestiuatonnn.
1941 1648 2012 1701 lie
2052 1645 2245 1715 quibus

669 1758 773 1813 alio
800 1757 916 1811 loco
944 1754 1089 1816 dicit,
1135 1750 1336 1806 Scimus
1364 1748 1480 1817 quia
1509 1743 1829 1815 diligentibus
1875 1738 2037 1793 Deum
2073 1738 2242 1791 omnia

668 1856 998 1918 cooperantur
1038 1845 1090 1896 in
1126 1842 1331 1904 boumn,
1364 1840 1441 1892 his
1482 1837 1568 1906 qui
1613 1834 1885 1888 secundum
1933 1830 2241 1902 propositum

668 1943 827 1994 uocati
859 1937 1031 1992 simt‘.
1074 1933 1216 1988 Multi
1244 1930 1385 1985 enim
1417 1936 1540 1982 sunt
1564 1926 1755 1985 vocati,
1789 1924 1937 1992 pauci
1962 1937 2090 1976 vero
2124 1919 2238 1975 ele-

666 2034 736 2088 cti
760 2029 968 2101 (Matth.
997 2042 1129 2087 usu,
1167 2025 1247 2096 14)
1278 2041 1291 2076 :
1318 2022 1407 2093 qui
1428 2036 1553 2075 vero
1573 2018 1747 2081 electi,
1778 2016 1874 2082 ipsi
1902 2022 2021 2068 sunt
2049 2029 2242 2067 serun-

665 2122 790 2178 dum
822 2118 1146 2190 propositum
1176 2114 1375 2175 vocati;
1414 2112 1465 2165 in
1500 2110 1690 2179 quibus
1733 2108 1821 2161 Dei
1862 2106 2038 2173 procul
2078 2103 2239 2156 dubio

664 2212 995 2284 praiscientia
1025 2208 1129 2262 falli
1158 2222 1261 2260 non
1290 2212 1481 2275 pote~t.
1519 2200 1626 2254 llos
1646 2199 1888 2266 pra'scivit
1912 2207 1958 2251 et
1985 2195 2239 2263 pra'desti-

665 2305 798 2360 navit
826 2304 1107 2372 conformes
1132 2298 1363 2365 imaginis
1393 2294 1511 2347 Filii
1543 2294 1642 2357 sui,
1682 2304 1735 2344 nt
1770 2292 1831 2342 sit
1858 2291 1963 2359 ipse
1991 2289 2238 2358 primoge-

665 2397 798 2449 nitus
826 2395 876 2445 in
913 2389 1082 2444 multis
1107 2388 1362 2459 fratribus.
1394 2385 1532 2450 Quos
1560 2393 1724 2436 autem
1751 2382 2137 2450 prardestmnrit,
2168 2378 2236 2431 il-

666 2485 741 2539 los
767 2493 812 2538 et
841 2481 1046 2536 vocavit.
1080 2478 1202 2532 llzee
1223 2476 1429 2530 vocaIiu
1453 2482 1535 2528 est
1559 2472 1848 2528 secundum
1874 2470 2231 2538 prepositum;

669 2576 784 2630 hmc
815 2582 898 2626 est
936 2572 1050 2625 sine
1078 2568 1408 2640 pmnitcntia.
1443 2564 1580 2628 Quos
1614 2573 1777 2615 autem
1808 2562 2016 2622 vocarit,
2050 2560 2164 2612 illos
2189 2568 2236 2611 et

654 2665 987 2740 justiﬁcavit:
1014 2679 1135 2731 quos
1163 2670 1329 2713 autem
1352 2656 1667 2727 justiﬁeavit,
1696 2656 1808 2708 illos
1843 2664 1887 2706 et
1918 2652 2232 2723 gloriﬁcuoit.

666 2756 727 2813 Si
759 2756 891 2809 Deus
929 2770 1020 2825 pro
1048 2752 1206 2813 nobis,
1238 2748 1350 2821 quis
1391 2757 1567 2801 contra
1599 2762 1690 2799 nos
1718 2745 1888 2815 (Rom.
1920 2759 1975 2804 γ.
2004 2742 2236 2801 28-51)?

734 2848 821 2903 22.
863 2846 976 2901 Non
1002 2854 1125 2899 sunt
1151 2844 1201 2897 in
1231 2844 1327 2897 ista
1354 2841 1648 2903 vm-ationc,
1671 2839 1759 2908 qui
1791 2838 1840 2892 in
1872 2836 1972 2890 title
1998 2853 2115 2905 qua:
2144 2851 2236 2903 per

662 2938 997 2996 dilectionem
1019 2944 1267 3005 operatur
1291 2932 1482 3005 (Colat.
1506 2946 1560 2993 γ,
1583 2930 1661 2996 6),
1680 2929 1884 2983 etiamsi
1910 2928 2233 2996 aliquantum

663 3031 952 3091 ambulant,
976 3043 1079 3082 non
1110 3034 1450 3098 Perseverant
1478 3038 1641 3093 usque
1671 3022 1722 3074 in
1756 3020 1933 3074 linem.
1965 3020 2025 3072 Et
2057 3020 2235 3089 utique

663 3130 944 3191 potuerunt
973 3119 1102 3188 rapi,
1131 3134 1195 3172 ne
1220 3117 1414 3170 malitia
1442 3124 1663 3168 mutaret
1694 3113 2019 3167 intellectum
2050 3126 2233 3166 eorum

665 3209 819 3280 (Sep.
850 3224 922 3273 tv,
954 3209 1065 3276 ll).
1093 3208 1135 3260 si
1165 3208 1229 3260 ad
1270 3206 1411 3260 illam
1446 3203 1957 3273 pr.edestinationem
2000 3211 2054 3254 et
2081 3216 2238 3254 voea-

666 3300 883 3361 tionem,
910 3314 1027 3367 qua:
1067 3296 1353 3350 secundum
1380 3294 1708 3365 propositum
1748 3302 1802 3346 et
1834 3292 1949 3346 sine
1976 3292 2235 3360 pwniten-

666 3392 734 3447 tia
761 3401 858 3453 est,
894 3389 1238 3457 pertinerent.
1272 3391 1338 3441 At
1368 3403 1434 3441 tte
1473 3385 1748 3457 quisquam
1778 3392 2127 3453 prmsnniptur
2165 3381 2234 3435 ita

664 3483 733 3539 de
770 3482 993 3536 occultis
1023 3480 1224 3550 jutlieet
1261 3479 1466 3541 alienis,
1515 3487 1572 3531 ut
1596 3477 1755 3535 dicat,
1788 3475 1909 3528 lileu
1951 3490 2054 3528 nan
2101 3473 2233 3541 rapti

663 3583 785 3628 sunt
822 3588 887 3626 ex
930 3571 1025 3624 hac
1062 3570 1185 3633 vita,
1228 3579 1506 3637 antequam
1542 3576 1715 3620 essent
1764 3563 1882 3617 lidei
1912 3563 2230 3626 desertores,

663 3665 784 3736 quia
814 3665 863 3717 in
906 3663 1089 3717 eadem
1131 3661 1233 3714 vita
1268 3676 1372 3713 non
1403 3658 1626 3713 ﬁdeliter
1663 3656 2018 3716 ambulabant,
2049 3664 2103 3709 et
2136 3656 2236 3711 hoc

665 3754 924 3807 ineorum
956 3749 1201 3805 cordibus
1243 3756 1461 3802 noverat
1489 3748 1761 3807 Dominus,
1797 3748 2036 3814 quamvis
2066 3746 2233 3800 homi-

664 3843 819 3899 nibus
843 3842 994 3897 aliter
1012 3849 1290 3910 appareret
1317 3857 1331 3893 :
1358 3838 1484 3909 quid
1509 3836 1743 3891 dicturus
1762 3848 1844 3892 est
1875 3838 1940 3891 de
1970 3838 2235 3893 iul'antulis

663 3932 916 4003 parvulis,
935 3932 1021 4000 qui
1054 3931 1285 4000 plerique
1312 3938 1531 3997 accepto
1559 3927 1609 3981 in
1643 3927 1729 3981 illa
1760 3935 1915 3982 artute
1934 3950 1945 3976 ι
1967 3928 2233 3982 bristiatne

661 4024 843 4094 gratia:
887 4021 1249 4085 Sacramcuto,
1294 4034 1413 4072 cum
1457 4019 1573 4073 sine
1616 4018 1777 4072 dubio
1814 4020 2133 4087 pertulereut
2165 4020 2233 4074 ad

660 4116 822 4168 vitam
848 4123 1100 4169 aeternam
1138 4127 1463 4182 regnumque
1496 4111 1776 4176 cmlorum,
1806 4112 1849 4165 si
1887 4112 2137 4167 continuo
2165 4128 2229 4165 ex

660 4206 762 4261 hac
799 4214 903 4259 rita
941 4204 1277 4274 cmigrarcnt,
1321 4205 1568 4257 sinuntur
1602 4219 1864 4266 crescere,
1908 4213 1962 4257 et
1998 4204 2231 4257 nonnulli

661 4296 820 4349 etiam
860 4304 1111 4362 apostata:
1141 4294 1307 4347 fiunt?
1334 4293 1503 4359 Unde,
1537 4294 1636 4348 nisi
1673 4295 1792 4361 quia
1836 4310 1937 4347 non
1969 4297 2233 4364 pertinent

661 4384 727 4438 ad
761 4384 902 4438 illam
934 4384 1469 4452 praedestinationem,
1497 4393 1552 4437 et
1591 4383 1878 4438 secundum
1906 4385 2229 4453 propositum

662 4489 727 4529 ac
767 4474 883 4529 sine
919 4474 1222 4542 pmnitcntia
1253 4474 1622 4529 vocationem?
1659 4474 1766 4529 Cur
1797 4484 1974 4529 autem
2012 4475 2077 4529 ad
2113 4491 2230 4530 eam

661 4567 749 4621 alii
781 4566 1098 4635 pertineant,
1120 4567 1205 4621 alii
1235 4581 1338 4619 non
1364 4566 1678 4634 pertineant,
1702 4568 1904 4621 occulta
1934 4582 2090 4622 eiusa
2111 4584 2231 4624 esse

660 4666 855 4727 potest,
894 4654 1084 4725 injusta
1123 4669 1241 4710 esse
1283 4672 1385 4709 non
1419 4665 1607 4725 potest.
1640 4656 1900 4725 Numquid
1947 4658 2086 4712 enim
2127 4659 2229 4713 ini-

660 4749 832 4819 quitus
860 4747 996 4818 aptnl
1031 4746 1231 4801 Deum?
1253 4748 1405 4802 Absit
1426 4748 1599 4814 (Rom.
1629 4764 1707 4810 Ix,
1740 4749 1851 4819 Η).
1887 4748 2016 4803 Nam
2045 4760 2098 4805 et
2131 4752 2231 4807 hoc

660 4840 727 4894 ad
768 4839 909 4901 illam
940 4839 1167 4909 pertinet
1210 4838 1539 4893 altitudinem
1564 4839 1903 4907 jndicinrutn,
1933 4858 2088 4911 qnam
2133 4843 2232 4896 ιιιί-

661 4946 787 4987 rans
813 4939 1060 5000 tanquam
1088 4930 1301 5000 expavit
1325 4929 1626 4999 Apostolus.
1657 4929 1779 4985 Ideo
1812 4932 2006 5001 quippe
2030 4932 2115 4988 illa
2137 4932 2229 5002 ju-

661 5024 796 5078 dicia
822 5034 995 5085 vocat,
1024 5038 1090 5076 ne
1115 5022 1391 5092 quisquam
1420 5022 1541 5075 talia
1568 5022 1678 5077 fieri
1705 5032 1870 5093 putet,
1893 5024 2006 5079 sive
2037 5025 2229 5095 iniqui-

663 5123 771 5168 tate
795 5114 905 5167 sive
934 5114 1226 5168 temeritate
1254 5113 1513 5174 facientis,
1546 5113 1657 5166 sive
1683 5128 1805 5167 casn
1827 5123 1881 5168 et
1906 5113 2122 5169 fortuito
2151 5116 2229 5169 la-

661 5202 909 5259 bentibus
949 5202 1068 5255 ullis
1108 5203 1342 5271 partibus
1390 5212 1493 5256 tam
1535 5202 1909 5271 dispositorum
1947 5204 2047 5258 sub
2087 5213 2230 5259 tanta

663 5294 921 5364 sapientia
952 5292 1041 5346 Dei
1071 5294 1401 5346 saeculorum.

731 5384 820 5440 25.
852 5385 905 5438 ln
932 5382 1165 5453 Epistula
1189 5399 1345 5451 porro
1364 5383 1429 5437 ad
1455 5382 1797 5440 Colossenscs
1816 5385 1953 5455 quod
1976 5388 2229 5457 scriptum

661 5486 764 5543 est,
798 5475 960 5530 Nemo
986 5491 1070 5529 uos
1098 5474 1302 5529 seducat
1330 5476 1496 5531 volens
1521 5478 1573 5531 in
1605 5478 1885 5532 humilitate
1917 5478 2132 5549 (Coloss.
2160 5496 2230 5545 ll,

664 5571 777 5639 18).
802 5580 857 5625 et
882 5579 1073 5626 cetera
1094 5583 1212 5638 qua:
1240 5579 1552 5639 sequuntur,
1587 5585 1859 5641 quousque
1888 5572 1981 5625 tibi
2006 5573 2231 5628 obscura

664 5675 783 5715 esse
808 5660 1005 5722 dixisti.
1034 5674 1132 5715 nec
1158 5673 1256 5729 ego
1276 5658 1448 5712 adlmc
1467 5660 1580 5714 sine
1605 5662 1829 5731 caligine
1855 5662 2111 5733 intelligo.
2142 5665 2234 5717 At-

666 5765 769 5817 que
813 5750 1009 5802 utinam
1053 5765 1287 5817 prmseus
1327 5749 1393 5803 de
1437 5766 1520 5804 mc
1558 5752 1653 5805 ista
1701 5753 2001 5823 qmcsiisses
2036 5774 2047 5809 :
2080 5758 2130 5808 in
2170 5770 2234 5810 co

731 5882 745 5913 ⁸
772 5881 938 5948 Excusi
973 5888 1078 5941 pmt
1113 5881 1262 5931 vocati
1282 5888 1407 5941 sunt,
1431 5883 1607 5931 addunt
1627 5884 1813 5948 sancti;
1842 5900 1951 5948 qum
1983 5900 2077 5938 vox
2099 5890 2238 5939 abest

662 5942 731 5989 ab
751 5942 969 5991 omnibus
990 5949 1095 5992 mss.
1124 5951 1175 5991 et
1197 5956 1223 5989 a
1244 5956 1402 6005 grteco
1426 5952 1563 5993 textu
1587 5942 1806 6006 Apos'oli.

1885 529 1946 585 S.
1987 516 2352 588 AUGUSTINI
2386 519 2686 582 EPISCOPI
3766 532 3843 589 om

2354 641 2548 712 quippe
2572 655 2753 706 sensu,
2774 654 2933 711 quem
2960 639 3087 694 mihi
3114 639 3166 693 in
3193 636 3275 694 his
3292 628 3464 695 verbis
3480 620 3659 698 habere
3678 643 3834 712 videor,

2353 731 2650 786 adhibenda
2681 741 2762 785 est
2780 730 3022 802 quadam
3051 729 3403 800 pronuntiatio
3430 729 3480 784 in
3504 733 3635 785 vultu
3658 742 3704 787 et
3722 735 3841 792 modo

2354 821 2529 886 vocis,
2559 822 2650 891 qui
2682 821 2904 889 exprimi
2945 819 3134 874 litteris
3170 835 3274 874 non
3317 828 3512 889 potest,
3551 830 3604 873 ut
3623 837 3678 875 ex
3709 824 3840 893 aliqua

2354 923 2502 982 parte
2527 914 2826 983 aperiatur;
2867 910 3009 982 quod
3058 912 3177 966 ideo
3218 913 3275 965 lit
3299 911 3594 977 obscurius,
3632 912 3731 981 quia
3763 931 3839 971 non

2353 1014 2516 1067 recte,
2548 1004 2687 1059 sicut
2711 1004 2981 1067 existimo,
3017 1003 3397 1073 pronuntiatur.
3431 1001 3572 1069 Quod
3595 1003 3717 1058 enim
3741 1007 3840 1059 scri-

2351 1105 2498 1168 ptttm
2527 1105 2629 1163 est,
2661 1095 2743 1151 Ne
2770 1096 3056 1167 tetigeritis,
3084 1112 3146 1150 ne
3172 1096 3481 1167 gustaveritis
3498 1136 3515 1162 ,
3538 1112 3597 1148 ne
3626 1098 3840 1151 attamina-

2349 1188 2553 1250 oeritis;
2584 1198 2826 1256 tanquam
2857 1194 3172 1256 pr.cceptunt
3206 1194 3415 1255 putatur
3437 1185 3675 1254 Apostoli,
3706 1188 3842 1242 nescio

2350 1277 2472 1348 quid
2498 1286 2731 1347 tangere,
2758 1284 2991 1345 gustare,
3016 1275 3329 1331 attaminare
3355 1273 3675 1345 prohibentis.
3691 1276 3842 1331 (Ξυιιιη

2348 1381 2431 1426 est
2454 1380 2651 1432 autem,
2679 1370 2722 1423 si
2751 1380 2924 1425 tamen
2956 1369 3006 1423 in
3034 1377 3174 1423 tanta
3196 1368 3514 1423 obscuritate
3538 1369 3625 1423 ista
3651 1384 3738 1424 non
3768 1369 3841 1423 l‘al-

2350 1461 2449 1516 lor.
2483 1462 2584 1517 Per
2608 1460 2906 1516 irrisionem
2926 1461 3119 1532 quippe
3140 1461 3297 1515 verba
3319 1458 3491 1528 posuit
3512 1473 3692 1521 eorum,
3713 1474 3737 1512 a
3757 1461 3843 1531 qui-

2348 1552 2447 1607 bus
2471 1568 2564 1608 eos
2589 1552 2799 1607 nolebat
2824 1552 2994 1621 decipi
3021 1561 3179 1623 atque
3204 1550 3415 1615 seduci,
3441 1548 3527 1620 qui
3550 1548 3842 1605 discementes

2346 1644 2494 1698 cibos
2532 1644 2819 1699 secundum
2862 1643 3119 1697 culturam
3160 1640 3511 1712 Angelornm.
3546 1650 3686 1710 atque
3719 1640 3773 1694 ita
3793 1641 3842 1696 de

2348 1735 2447 1791 hoc
2477 1736 2673 1790 tnundo
2696 1735 3062 1797 decernentes,
3093 1734 3295 1798 dicunt,
3326 1731 3408 1786 Ne
3431 1732 3684 1803 tetigeritis,
3708 1748 3757 1786 ne
3773 1749 3843 1802 gs-

2345 1827 2619 1891 staveritis,
2659 1843 2721 1880 ne
2752 1826 3189 1889 attaminaveritis;
3216 1840 3337 1878 cum
3368 1824 3471 1877 sint
3497 1824 3656 1877 omnia
3694 1824 3840 1877 munda

2343 1917 2556 1971 mundis
2595 1916 2717 1985 (Tit.
2750 1918 2929 1987 1,15),
2975 1924 3029 1970 et
3068 1916 3243 1970 omnis
3280 1923 3514 1970 creatiua
3554 1914 3635 1969 Dei
3663 1913 3770 1968 bona
3791 1915 3840 1969 sit

2345 2007 2399 2078 (Ι
2427 2007 2555 2062 Tim.
2583 2023 2659 2074 iv,
2680 2006 2736 2079 4)
2761 2029 2774 2062 :
2803 2008 2942 2079 quod
2969 2006 3021 2062 in
3045 2008 3149 2062 alio
3180 2007 3299 2062 loco
3325 2006 3441 2075 ipse
3458 2004 3706 2061 evidenter
3727 2020 3836 2060 coui-

2343 2097 2574 2153 mendat.

2412 2189 2501 2243 ﬁt.
2545 2188 2729 2242 Totam
2769 2203 2899 2260 ergo
2937 2188 3099 2260 ipsius
3145 2187 3424 2244 sententia:
3462 2187 3837 2243 circumstantiam

2341 2280 2657 2333 videamus:
2701 2279 2771 2333 ita
2811 2280 2951 2333 enim
2999 2280 3237 2348 Apostoli
3282 2279 3565 2337 intentione
3596 2289 3835 2349 perspecta,

2340 2385 2553 2425 sensum
2579 2370 2697 2439 ejus
2715 2411 2729 2431 ,
2760 2382 3011 2441 quantum
3039 2371 3310 2435 valemus,
3342 2372 3557 2425 fortasse
3584 2369 3832 2425 tenebimus.

2339 2461 2542 2526 Quibus
2559 2462 2700 2515 enim
2732 2462 2829 2515 ista
2852 2462 3054 2527 scribit,
3077 2463 3353 2518 metuebat
3377 2477 3469 2516 eos
3496 2462 3657 2517 seduci
3684 2460 3833 2516 umbris

2340 2568 2541 2616 rermu,
2567 2553 2706 2607 dulci
2735 2553 2945 2607 nomine
2960 2553 3216 2617 scientiae,
3233 2561 3291 2608 et
3303 2552 3466 2607 averti
3488 2568 3517 2606 a
3544 2552 3645 2605 lucc.
3657 2553 3834 2604 veritatis

2338 2662 2456 2712 qua:
2492 2657 2569 2700 est
2601 2646 2651 2699 in
2676 2644 2888 2699 Christo
2909 2646 3033 2701 Jesu
3078 2646 3304 2701 Domino
3331 2655 3526 2699 nostro.
3557 2643 3685 2697 lianc
3704 2650 3832 2695 autem

2339 2740 2438 2793 sub
2476 2739 2687 2793 nomine
2724 2739 2993 2807 sapientia:
3024 2738 3108 2793 vel
3156 2738 3393 2792 scientiae
3426 2752 3596 2791 curam
3644 2746 3833 2787 \‘anarttttt

2338 2830 2790 2896 supei-lluarumve
2832 2831 3255 2886 nbservationum
3280 2871 3294 2893 ,
3336 2839 3390 2884 et
3431 2827 3496 2883 de
3531 2825 3833 2896 supetstitioae

2336 2921 2679 2985 gentilitatis.
2725 2922 3053 2991 maximeque
3093 2920 3160 2975 ab
3196 2919 3281 2975 eis
3315 2920 3402 2987 qui
3448 2916 3717 2985 Philosophi
3747 2922 3835 2969 sunt

2339 3028 2461 3066 nun:
2482 3012 2654 3080 upati,
2686 3024 2739 3066 et
2767 3028 2796 3064 a
2822 3011 3115 3075 Jntlaistno,
3145 3010 3436 3064 cavendam
3473 3023 3583 3063 esse
3616 3004 3832 3066 cernebat,

2341 3103 2428 3157 ubi
2456 3111 2610 3158 erant
2636 3103 2834 3156 umbne
2859 3103 3151 3156 futurorum
3175 3099 3527 3163 retnovendze,
3554 3100 3759 3169 quoniam
3780 3094 3835 3147 lu-

2338 3211 2458 3250 men
2492 3211 2672 3249 earum
2693 3194 2801 3263 jam
2838 3194 3079 3248 Christus
3102 3192 3413 3247 advenerat.
3440 3190 3566 3245 Ctttu
3602 3204 3708 3258 ergo
3727 3201 3833 3241 com-

2339 3294 2685 3340 memorasset
2709 3294 2764 3341 et
2787 3284 3205 3339 connuendasset
3232 3295 3487 3351 quantum
3514 3291 3744 3335 certamen
3764 3289 3833 3345 pro

2337 3376 2417 3431 eis
2442 3376 2679 3441 haberet,
2705 3383 2760 3429 et
2796 3389 2891 3443 pro
2918 3373 2998 3427 Itis
3022 3374 3109 3443 qtti
3137 3372 3416 3427 Laudicea:
3438 3369 3657 3431 iactant,
3685 3364 3831 3433 etqui-

2337 3484 2563 3539 cumque
2588 3482 2691 3522 non
2724 3466 2963 3521 viderant
2998 3466 3182 3520 faciem
3210 3464 3328 3533 cjns
3357 3464 3408 3519 in
3436 3477 3607 3527 carne,
3635 3467 3682 3512 nt
3702 3455 3830 3510 cordi-

2338 3559 2436 3613 bus
2460 3558 2859 3612 consolarentnr
2877 3556 3103 3623 copulati
3131 3555 3181 3608 in
3206 3554 3486 3618 cbaritate,
3512 3561 3563 3607 et
3581 3551 3626 3605 in
3649 3546 3832 3602 omnibus

2336 3648 2532 3703 divitiis
2580 3646 2918 3718 plenitudinis
2972 3646 3309 3712 intellectus,
3365 3645 3430 3699 ad
3481 3637 3829 3714 Cognosccudum

2337 3741 2644 3812 mysterium
2676 3739 2787 3801 Dei,
2814 3736 2954 3809 quod
2973 3748 3055 3793 est
3076 3737 3340 3801 Christus,
3369 3736 3418 3790 itt
3448 3751 3547 3806 quo
3566 3742 3676 3788 sunt
3695 3736 3831 3783 euntes

2338 3832 2570 3888 theSauri
2611 3830 2880 3900 sapientiae
2905 3839 2959 3885 et
2986 3830 3219 3883 scicntia:
3254 3825 3579 3888 abseouditi;
3605 3819 3701 3876 Hoc
3722 3818 3829 3878 dico.

2336 3924 2526 3993 inquit,
2559 3932 2610 3975 ut
2638 3938 2780 3976 nemo
2803 3938 2886 3975 vos
2908 3920 3258 3975 circunweniut
3280 3921 3335 3973 in
3356 3920 3455 3973 veri
3473 3915 3614 3973 simili
3631 3920 3830 3969 scrutare:

2336 4018 2455 4085 quia
2485 4018 2721 4069 veritatis
2759 4030 2941 4068 amore
2967 4014 3319 4078 ducebantur,
3358 4012 3467 4066 veri
3507 4001 3829 4065 similitudinem

2338 4109 2439 4163 illis
2462 4108 2665 4172 timuit,
2695 4122 2761 4162 ne
2781 4107 3168 4176 deciperentur.
3202 4104 3263 4159 Et
3294 4106 3414 4159 ideo
3437 4096 3773 4159 commendavit
3793 4093 3829 4143 in

2337 4197 2548 4253 Christo
2574 4197 2713 4267 quod
2741 4196 3100 4252 dulcissimum
3141 4195 3407 4249 habebant
3432 4194 3733 4249 thesaurum,
3758 4182 3830 4237 sci-

2335 4290 2457 4344 licet
2482 4287 2751 4357 sapieutia:
2774 4297 2828 4341 et
2866 4288 3099 4343 scientiae
3121 4327 3135 4349 ,
3166 4285 3320 4356 cujus
3348 4285 3554 4340 nomine
3586 4290 3635 4337 et
3657 4272 3825 4349 promis-

2336 4380 2485 4435 sione
2507 4378 2679 4433 induci
2708 4388 2949 4447 poterant
2978 4379 3030 4431 in
3056 4393 3314 4432 errorem.

2403 4472 2493 4526 25.
2525 4469 2663 4525 Nam
2683 4472 2773 4524 etsi
2797 4486 3024 4539 corpore,
3048 4470 3231 4539 inquit,
3259 4468 3438 4524 absens
3459 4483 3583 4533 sum,
3605 4461 3751 4534 spiritu
3768 4470 3828 4509 tto-

2336 4562 2523 4616 biscum
2545 4578 2692 4626 sum;
2718 4561 2942 4630 gaudens
2958 4601 2973 4624 ,
3006 4570 3050 4614 et
3075 4560 3243 4613 videns
3264 4569 3472 4613 vestram
3500 4554 3823 4611 ordinationem.

2335 4665 2381 4709 et
2408 4655 2461 4708 id
2486 4655 2620 4726 quod
2648 4654 2781 4709 deest
2810 4653 2929 4723 ﬁdei
2951 4662 3122 4707 vestrm
3147 4654 3199 4706 in
3225 4649 3445 4707 Christo.
3474 4651 3587 4704 Ideo
3606 4642 3825 4700 illistitne-

2334 4744 2425 4801 bili.
2446 4785 2463 4811 ,
2487 4746 2734 4817 quoniam
2770 4744 2894 4815 quid
2920 4744 2997 4798 eis
3028 4742 3198 4797 adhuc
3224 4743 3466 4802 deesset,
3498 4736 3696 4794 videbat.
3724 4729 3827 4785 Sicut

2334 4854 2451 4907 ergo
2475 4838 2762 4906 accepistis,
2796 4834 2995 4906 inquit,
3022 4833 3195 4890 Jrsum
3234 4834 3485 4889 Christum
3510 4830 3741 4886 Dominum
3757 4835 3823 4872 που

2333 4939 2520 4992 strum,
2550 4928 2603 4981 in
2629 4928 2739 4997 ipso
2767 4926 3053 4990 ambulate;
3090 4926 3301 4980 radicati
3341 4936 3386 4979 et
3421 4912 3763 4995 superadiﬁmﬂ'
3787 4908 3824 4960 ξπ

2333 5022 2464 5092 ipso,
2486 5032 2533 5074 et
2556 5020 2835 5089 conﬁrmati
2855 5020 2906 5073 in
2932 5020 3053 5088 ﬁde,
3078 5019 3203 5072 sicut
3229 5027 3273 5071 et
3292 5018 3556 5078 didicistis,
3581 5008 3823 5067 abstrudam

2333 5113 2385 5164 in
2405 5128 2465 5166 ea
2491 5112 2768 5182 gratiarum
2787 5111 2998 5164 actione.
3030 5108 3153 5164 Vult
3175 5125 3268 5164 eos
3288 5110 3391 5164 [ide
3420 5106 3612 5166 nutriri,
3640 5112 3686 5156 ut
3708 5107 3822 5167 ωρε·

2334 5218 2425 5258 ccs
2468 5202 2595 5256 [lant
2623 5202 3099 5272 participandorum
3144 5201 3506 5255 thesaurorum
3532 5190 3760 5265 sapientia:
3785 5192 3823 5236 et

2334 5295 2589 5357 scientiae,
2617 5294 2708 5364 qui
2735 5302 2858 5348 sunt
2876 5291 3166 5349 absconditi
3187 5292 3237 5346 in
3263 5290 3500 5353 Christo;
3528 5302 3587 5341 ne
3603 5287 3820 5347 antequam

2336 5388 2442 5442 sint
2464 5386 2530 5440 ad
2560 5385 2677 5441 [nec
2703 5385 2898 5451 idonei,
2926 5384 3040 5440 veri
3065 5384 3225 5439 simili
3254 5396 3492 5438 sermone
3512 5376 3756 5461 capiantur,
3785 5370 3823 5461 et

2336 5493 2368 5532 a
2391 5475 2627 5531 veritatis
2655 5476 2842 5531 itinere
2871 5474 3099 5530 devient.
3130 5473 3327 5529 Deinde
3360 5470 3604 5542 apertius,
3637 5457 3737 5532 quid
3768 5457 3822 5506 eis

2339 5568 2521 5623 timeat
2549 5565 2869 5622 ostendens:
2907 5563 3098 5629 Videte,
3128 5564 3314 5634 inquit,
3346 5578 3406 5615 ne
3430 5560 3533 5631 quis
3554 5573 3627 5610 vos
3656 5544 3822 5614 decipiat

2340 5678 2429 5734 per
2469 5658 2837 5730 pliilowphiam
2856 5700 2869 5722 ,
2911 5666 2955 5711 et
2999 5658 3197 5711 inanem
3222 5654 3566 5714 seductionem,
3610 5635 3821 5734 seruitium

2342 5752 2655 5806 traditionem
2686 5750 2973 5813 hominum,
3017 5748 3287 5803 secundum
3329 5744 3554 5799 elementa
3588 5729 3752 5789 mundi.
3789 5732 3823 5773 tl

2342 5864 2440 5901 non
2465 5846 2733 5900 secundum
2754 5843 3004 5898 Christum
3030 5860 3045 5895 .'
3070 5842 3185 5903 quia
3206 5841 3255 5893 in
3278 5841 3382 5906 ipso
3402 5834 3576 5888 ltubitut
3595 5818 3821 5916 munis-pls“

2344 5939 2517 5993 uitudo
2545 5937 2814 5992 divinitatis
2850 5934 3193 6005 corporaliter.
3227 5931 3352 5986 Ideo
3383 5921 3676 5995 corporaliter
3693 5911 3821 5972 dixit,
