4004 6386
157 269 236 327 cu
1276 254 1754 315 EPISTOLARUM
1792 255 2065 318 CLASSIS
2098 258 2185 318 Ill.

155 384 251 455 quia
302 379 372 437 illi
412 375 763 433 umbratiliter
804 371 1165 439 seducebant;
1218 372 1478 427 translato
1527 371 1689 425 verbo

157 490 272 535 usus,
303 471 433 528 sicut
461 469 624 525 etiam
652 466 846 521 umbra:
872 481 1064 520 nomen
1093 465 1144 518 in
1174 462 1255 516 his
1285 464 1444 518 rebus
1474 476 1577 515 non
1605 470 1691 515 est

156 548 301 637 utique
329 564 542 618 verbum
590 561 892 632 proprium,
925 557 1019 613 scd
1059 556 1286 628 quadam
1330 552 1688 609 similitudinis

154 660 320 715 minae
348 654 682 709 translatum.
716 650 781 705 Et
808 651 924 705 estis
948 649 1000 703 in
1024 650 1135 709 illo,
1168 648 1355 717 inquit,
1380 646 1577 715 repleti,
1600 645 1688 715 qui

154 760 205 805 est
219 759 350 817 caput
369 744 531 800 onmis
552 743 864 813 principatus
878 751 923 794 ct
946 740 1221 810 potestatis.
1241 738 1342 793 Per
1365 738 1687 806 principatus

152 842 261 895 enim
276 848 323 891 rt
343 846 630 906 potestates
647 832 955 902 superstitio
974 830 1258 886 Gentilium
1281 829 1361 883 vel
1378 826 1687 895 Philosophi

151 934 457 995 adnectunt,
491 928 840 998 pnedicatttes
884 926 1028 980 illam
1060 939 1218 994 quam
1250 932 1442 976 vocant
1482 920 1689 974 theolo-

150 1042 256 1096 giam
294 1038 378 1093 per
418 1022 685 1075 elementa
729 1016 885 1087 hujus
928 1014 1133 1071 mundi.
1163 1016 1331 1084 Caput
1365 1023 1542 1067 autem
1570 1025 1686 1064 om-

152 1119 264 1172 nium
282 1114 545 1168 Christum
566 1151 584 1178 ,
614 1109 925 1181 principium
958 1106 1194 1161 otnniutn
1224 1105 1391 1159 voluit
1426 1101 1683 1172 intelligi,

151 1212 250 1262 sit-ui
273 1206 395 1275 ipse,
411 1218 534 1258 cum
557 1203 608 1257 ei
628 1201 826 1257 dictum
844 1210 1005 1255 essot.
1033 1197 1106 1252 Tu
1128 1199 1239 1269 quis
1259 1197 1347 1250 es?
1373 1195 1682 1265 respondit:

153 1296 441 1366 Principium,
466 1293 558 1364 qui
582 1303 628 1347 et
654 1293 831 1362 loquor
858 1290 994 1344 vobis
1018 1287 1194 1359 (Joan.
1219 1304 1330 1353 vin,
1495 1285 1684 1340 Omnia

151 1398 259 1448 enim
285 1407 368 1459 per
409 1391 585 1457 ipsum
629 1386 765 1440 facta
803 1393 958 1449 sunt,
1001 1390 1057 1437 ct
1096 1382 1213 1437 sine
1238 1382 1352 1450 ipso
1379 1381 1572 1434 factum
1600 1384 1684 1431 est

149 1484 249 1540 nihil
275 1481 371 1555 (ld.
404 1495 442 1541 ι.
469 1480 548 1550 5).
579 1476 886 1533 Mirabiliter
904 1486 1083 1529 autem
1109 1472 1223 1527 vult
1241 1486 1335 1527 eos
1354 1486 1471 1526 esse
1493 1470 1681 1523 horum

149 1576 259 1629 velut
297 1571 613 1627 uiraliilium
661 1575 1090 1637 contemptores,
1140 1579 1260 1619 cum
1309 1578 1406 1617 eos
1450 1559 1684 1616 ostendit

149 1682 299 1736 corpus
326 1666 485 1717 laetos
509 1663 652 1716 illius
670 1660 877 1729 capitis,
906 1658 1132 1713 dicendo
1156 1674 1169 1708 :
1195 1654 1261 1709 Et
1286 1656 1403 1709 estis
1423 1654 1475 1707 in
1495 1654 1586 1707 illo
1604 1668 1685 1707 re-

147 1759 254 1827 pleti.
277 1756 352 1824 qui
371 1764 441 1809 est
467 1763 624 1823 caput
652 1751 814 1805 onmis
841 1749 1153 1820 principatus
1176 1757 1222 1800 et
1245 1746 1520 1817 potestatis.

197 1848 268 1902 26.
300 1848 421 1900 ltinc
441 1846 553 1914 jam
590 1860 656 1898 uc
686 1842 884 1896 umbris
906 1838 1163 1895 Judaismi
1206 1837 1542 1899 seducantur,
1583 1833 1683 1889 ad-

145 1941 308 2010 iungit:
339 1936 363 1990 1
370 1955 400 1990 ιι
420 1953 521 2006 quo
540 1936 694 1990 etiam
720 1932 1002 1986 circumcisi
1027 1930 1165 1993 estis,
1187 1928 1562 1981 circumcisione
1580 1940 1681 1979 non

148 2034 389 2100 ιιιαιιιιιὶιτια
412 2032 464 2079 in
498 2024 867 2095 exspoliatione
893 2022 1119 2092 corporis
1153 2022 1353 2082 carnis;
1397 2017 1514 2081 vel,
1545 2017 1684 2070 sicut

147 2122 267 2189 aliqui
307 2118 535 2178 habent,
590 2116 642 2168 in
690 2113 1052 2184 exspoliutione
1096 2109 1320 2181 corporis
1365 2120 1683 2177 peccatorum

148 2212 300 2275 carnis,
342 2211 390 2262 in
418 2207 802 2262 circumcisione
828 2204 1051 2268 Christi;
1096 2202 1372 2273 consepulti
1408 2202 1455 2255 ei
1494 2203 1547 2253 in
1573 2197 1681 2253 Ba-

150 2304 314 2371 ptinno,
358 2303 408 2355 in
445 2317 548 2371 quo
580 2310 628 2353 et
661 2299 1041 2353 consurrexistis
1080 2313 1169 2365 per
1193 2297 1345 2364 [idem
1379 2292 1684 2364 operationis

150 2395 242 2457 bri,
265 2395 342 2464 qui
380 2392 646 2448 suscitavit
687 2391 831 2444 illum
856 2407 887 2443 a
914 2390 1140 2443 mortuis.
1183 2388 1311 2441 Vide
1339 2386 1685 2456 quemadmo-

148 2489 240 2540 dum
269 2496 316 2541 ct
349 2486 430 2540 hic
454 2498 659 2554 corpus
681 2483 875 2538 Clu-isti
915 2497 1007 2536 eos
1032 2481 1261 2537 ostendit
1283 2519 1297 2544 ,
1326 2492 1379 2533 ut
1410 2481 1507 2532 ista
1545 2491 1681 2533 con-

149 2589 366 2645 temnant,
391 2584 731 2634 coharreutcs
760 2585 909 2630 tanto
932 2575 1091 2643 capiti
1131 2588 1249 2638 suo,
1287 2572 1562 2626 mediatori
1591 2569 1685 2625 Dei

148 2682 187 2725 et
206 2670 447 2725 hominum
478 2670 700 2724 Christo
718 2666 865 2730 Jesn,
893 2673 948 2719 et
975 2665 1172 2717 nullum
1208 2662 1402 2716 falsum
1430 2663 1509 2716 vel
1538 2661 1686 2714 inva-

148 2765 273 2818 lidum
299 2765 521 2819 medium
554 2776 652 2833 per
677 2759 818 2831 quod
844 2760 950 2813 Deo
970 2759 1294 2821 cohatreaut,
1331 2753 1682 2823 requirentes.

148 2853 199 2907 Et
222 2870 311 2921 vos,
340 2854 526 2923 inquit,
558 2868 674 2905 cum
696 2849 866 2904 essetis
892 2846 1075 2900 mortui
1102 2845 1154 2899 in
1179 2844 1374 2898 delictis
1398 2851 1443 2896 et
1478 2857 1685 2912 prwpu-

145 2948 197 2999 tio
218 2947 362 2999 carnis
386 2954 600 3008 vestra;
630 2943 943 3013 pra-putiqu
972 2937 1177 2991 vocavit
1200 2935 1341 3006 quod
1363 2933 1689 3003 signiﬁcatur

146 3042 373 3109 prmputio,
402 3043 517 3093 huc
544 3046 625 3091 est
651 3036 840 3091 delicta
871 3031 1103 3087 carnalia
1145 3030 1337 3099 quibus
1360 3025 1687 3096 exspoliaudi

146 3148 317 3187 smnus:
346 3130 641 3201 vivifiravit,
666 3128 855 3198 inquit,
881 3141 995 3179 cum
1016 3123 1127 3187 illo,
1150 3121 1347 3174 donans
1364 3118 1501 3173 vobis
1520 3117 1691 3171 omnia

147 3225 287 3279 deiicta
304 3267 316 3291 ,
340 3222 522 3278 deletis
547 3221 679 3291 quod
700 3219 939 3272 adversus
965 3231 1057 3268 nos
1080 3223 1189 3269 erat
1216 3208 1610 3281 chirographum
1637 3207 1691 3260 in

148 3318 329 3380 decretis,
353 3314 496 3387 quod
520 3323 625 3369 erat
650 3310 958 3365 contrarium
978 3306 1154 3368 nobis;
1183 3302 1307 3373 quia
1334 3316 1455 3357 reus
1477 3300 1584 3355 Lex
1612 3300 1693 3352 fa-

149 3408 308 3474 ciebat,
352 3422 481 3479 quae
524 3404 915 3459 subintraverat
962 3406 1018 3451 ut
1069 3394 1363 3450 abundaret
1411 3391 1685 3445 delictum.

152 3497 337 3562 Totiens,
367 3496 579 3568 inquit,
607 3493 735 3548 illud
760 3491 823 3544 de
860 3488 1024 3542 medio
1049 3496 1095 3541 et
1122 3485 1325 3556 aﬂigens
1349 3481 1479 3536 illud
1515 3480 1653 3534 cruci
1668 3520 1685 3546 ,

150 3608 289 3646 arens
322 3607 370 3646 se
396 3604 586 3649 carne,
632 3586 939 3657 principatus
976 3590 1021 3635 et
1063 3587 1329 3648 potestates
1357 3574 1684 3644 exeniptavit,

148 3683 400 3750 ﬁduciuliter
427 3679 754 3746 triumphans
795 3691 879 3729 eos
916 3673 970 3726 in
1006 3668 1270 3739 semetipso
1293 3682 1312 3721 :
1352 3684 1458 3720 non
1507 3665 1688 3735 utique

150 3776 303 3840 bonos,
348 3774 444 3830 sed
493 3769 661 3827 malos
705 3765 1033 3838 principatus
1062 3772 1118 3818 et
1158 3760 1322 3815 malas
1364 3766 1683 3828 potestates,

147 3870 386 3924 diabolicae.
410 3864 624 3922 scilicet
659 3870 714 3917 et
750 3858 1102 3914 dieninniacas
1135 3852 1455 3923 exeinplavit
1489 3850 1599 3922 (a);
1632 3847 1685 3903 id

147 3968 232 4023 est,
261 3959 561 4030 exemplum
581 3954 647 4009 de
676 3952 779 4006 illis
812 3948 989 4012 dedit,
1019 3956 1076 4001 ut
1101 3940 1545 4015 quemadmodum
1573 3939 1687 4008 ipse

146 4066 187 4105 se
205 4063 330 4106 exuit
357 4066 543 4110 ian-ne,
569 4048 646 4101 sic
671 4058 797 4098 suos
833 4058 886 4096 οε
897 4041 1139 4094 tenderet
1162 4034 1433 4092 exuendos
1458 4031 1687 4087 carnali-

146 4140 218 4195 bus
241 4146 383 4208 vitiis,
418 4156 518 4213 per
542 4154 658 4209 qua:
695 4136 768 4190 illi
796 4134 875 4188 eis
902 4128 1330 4186 dominabantur.

193 4234 267 4287 27.
302 4236 415 4289 iam
450 4233 535 4286 hic
560 4228 842 4299 diligenter
875 4221 1092 4277 attende
1129 4214 1573 4289 quamadmodum
1604 4214 1685 4267 in-

146 4322 250 4379 iciat
290 4336 504 4398 propter
554 4320 693 4392 qtiod
738 4324 925 4373 cuncta
983 4314 1082 4367 ista
1127 4306 1680 4365 commemoravimus.

147 4417 277 4475 Nono
299 4438 413 4492 ergo
449 4434 555 4482 vos,
582 4413 770 4484 inquit,
791 4408 987 4480 judicet
1025 4406 1080 4459 in
1103 4402 1210 4457 cibo
1235 4417 1253 4457 :
1283 4410 1532 4470 tanquam
1561 4412 1685 4467 pro-

148 4524 290 4581 pterea
326 4489 507 4567 munia
547 4508 632 4563 ιιι..
674 4503 901 4564 dixerit,
946 4498 1065 4570 quia
1114 4495 1198 4551 isti
1246 4509 1342 4564 pz-r
1383 4489 1683 4559 hnjusmodi

145 4606 504 4661 observationes
530 4596 917 4654 scducebantnr
939 4607 968 4644 a
999 4588 1239 4648 veritate,
1276 4598 1377 4654 qua
1409 4582 1557 4637 liberi
1586 4582 1683 4636 lie-

146 4694 272 4762 baut;
298 4698 360 4751 de
384 4710 489 4767 qua
513 4692 712 4745 dictum
734 4694 815 4741 est
839 4685 891 4739 in
922 4679 1227 4749 Evangelia,
1349 4674 1531 4727 veritas
1560 4672 1684 4726 libe-

145 4790 244 4843 rabit
265 4806 343 4844 vos
377 4763 486 4861 (id.
514 4798 628 4847 vin,
655 4778 744 4849 δὲ)
766 4820 782 4840 ,
818 4774 877 4830 id
921 4782 1035 4838 est,
1078 4771 1271 4824 liberos
1302 4765 1475 4819 faciet.
1520 4763 1684 4818 Nemo

146 4896 235 4951 ergo
265 4854 398 4941 vos,‘
420 4877 623 4945 inquit,
658 4869 855 4941 Judicet
883 4865 936 4918 in
976 4864 1106 4926 cibo,
1136 4858 1299 4912 autin
1325 4865 1472 4928 potu,
1518 4864 1604 4907 aut
1632 4854 1686 4909 in

146 4946 260 5039 parte
287 4971 382 5025 diei
410 4968 523 5041 {esti
542 5007 559 5031 ,
586 4973 674 5016 aut
704 4957 1007 5014 neomeniae,
1053 4961 1140 5006 aut
1168 4950 1517 5012 sabbatorum;
1551 4946 1684 5017 quod

147 5072 201 5114 est
225 5062 381 5115 umbra
405 5038 690 5132 futurorum
712 5069 729 5106 :
750 5052 850 5105 hoc
871 5056 1085 5119 propter
1104 5043 1452 5099 Judaismum.
1486 5038 1684 5093 Deinde

147 5154 346 5221 sequitur
364 5160 579 5225 propter
600 5143 1002 5217 superstitiones
1022 5135 1306 5193 Gentilium
1326 5174 1340 5198 ,
1376 5132 1569 5202 Corpus
1589 5146 1684 5183 au-

148 5253 224 5295 tem
245 5221 433 5311 Clu-iui,
466 5245 521 5297 iit
544 5241 657 5311 piit,
691 5251 835 5291 nemo
857 5248 942 5286 vos
962 5229 1218 5283 convincat
1246 5242 1264 5279 :
1296 5235 1448 5292 turpe
1472 5228 1573 5284 est,
1603 5221 1683 5274 iit-

148 5337 263 5404 Quit,
295 5349 347 5394 et
370 5339 524 5392 nimis
553 5336 928 5402 incongruum,
957 5335 1005 5379 et
1047 5339 1076 5377 a
1111 5320 1464 5393 generositate
1491 5326 1681 5370 vestra:

152 5429 637 5491 hbertatisalieuum,
666 5433 724 5478 ut
750 5435 871 5475 eum
893 5418 1008 5472 sitis
1031 5428 1225 5484 corpus
1250 5409 1444 5464 Christi
1469 5451 1483 5471 ,
1523 5407 1681 5461 scdu-

150 5522 310 5575 etnuni
328 5522 541 5585 uinhr.s,
566 5528 618 5573 et
636 5511 877 5571 convinci
897 5506 1179 5563 videamini
1200 5503 1358 5558 veluti
1381 5510 1678 5570 pet-cantes,

151 5611 185 5665 si
206 5616 305 5668 hac
328 5614 603 5670 observare
630 5602 914 5678 negligitis.
942 5598 1139 5674 Corpus
1158 5612 1275 5671 ergo
1295 5592 1511 5662 Christi,
1535 5606 1679 5647 nemo

198 5728 263 5797 (α)

1792 388 1879 426 vos
1913 377 2173 430 convincat
2214 377 2383 432 volens
2422 376 2476 434 in
2505 379 2786 435 humilitate
2822 383 3008 439 cordis.
3043 383 3154 441 Hoc
3192 387 3237 442 si
3274 403 3371 459 per

1790 465 2009 520 verbum
2050 482 2280 538 graecum
2317 470 2603 539 diceretur,
2640 473 2798 528 etiam
2835 474 2887 528 in
2938 476 3095 530 latina
3138 491 3369 535 consue-

1793 556 1973 612 tudine
2005 561 2241 629 populari
2272 573 2485 617 sonaret
2522 564 2782 619 usitatius.
2811 565 2899 621 Sic
2937 567 3077 621 enim
3112 577 3167 622 et
3213 568 3366 639 vulgo

1790 645 1985 702 dicitur
2002 651 2089 719 qui
2114 652 2328 706 divitem
2355 652 2583 719 all‘ectat,
2605 655 2914 721 theloilives,
2951 666 3006 712 et
3034 658 3121 728 qui
3159 659 3370 726 sapien-

1792 745 1918 799 tem,
1949 738 2333 809 tliclosapicus,
2362 753 2417 798 ct
2449 752 2638 799 catlera
2668 745 3007 814 lttijusmodi:
3036 764 3163 818 ergo
3191 757 3248 803 el
3284 750 3370 806 hic

1792 826 2178 895 theloliumilis,
2205 832 2344 901 quod
2374 833 2581 902 plenius
2600 834 2793 889 dicitur
2820 836 2998 890 thelon
3034 837 3282 905 humilis,
3311 838 3365 895 id

1788 927 1890 983 est,
1914 919 2093 974 volens
2122 921 2365 988 humilis,
2396 922 2651 980 affectans
2689 926 3073 993 humilitatem;
3116 930 3255 998 quod
3287 930 3368 985 iii-

1791 1009 2058 1078 telligitur,
2089 1012 2271 1066 volens
2308 1012 2472 1068 videri
2504 1014 2750 1079 humilis,
2796 1016 3050 1071 allectaus
3098 1019 3387 1077 humilitas

1791 1107 1915 1153 tem.
1942 1102 2050 1158 lloc
2075 1104 2215 1158 enim
2247 1106 2440 1160 talibus
2476 1108 2932 1163 observationibus
2955 1111 3147 1179 agitur,
3181 1122 3236 1165 ut
3271 1127 3367 1167 cor

1791 1189 2020 1246 hominis
2036 1194 2179 1248 velut
2194 1194 2444 1265 religione
2462 1196 2658 1252 humile
2676 1198 2939 1252 reddatur.
2956 1199 3165 1253 Addidit
3184 1211 3360 1255 autem

1787 1292 1841 1336 et
1868 1282 2120 1338 culturam
2144 1286 2481 1357 Angelorum,
2532 1288 2615 1341 vel
2646 1289 2783 1342 sicut
2819 1291 2979 1343 vestri
3013 1291 3224 1345 codices
3261 1290 3360 1347 ha-

1787 1371 1933 1439 bent,
1959 1375 2245 1445 religionem
2276 1378 2598 1447 Angelorum,
2621 1395 2741 1449 qua:
2777 1395 2947 1450 gnece
2974 1392 3191 1451 θρησκεία
3229 1382 3361 1437 dici-

1790 1474 1892 1529 tur;
1915 1468 2143 1535 Angelos
2165 1467 2348 1523 volens
2370 1470 2582 1538 intelligi
2607 1470 2954 1539 Principatus,
2983 1487 3117 1541 quos
3134 1473 3360 1528 elemen-

1788 1563 1959 1611 torum
1982 1558 2160 1611 mundi
2192 1557 2346 1627 hujus
2371 1561 2703 1630 praepositos,
2727 1560 2779 1615 in
2802 1561 2882 1616 his
2902 1563 3360 1621 observationibus

1784 1647 2037 1701 coleitdos
2060 1663 2178 1703 eSse
2202 1649 2543 1704 arbitrantur.

1854 1738 1945 1792 28.
1977 1738 2142 1792 Nemo
2171 1754 2297 1809 ergo
2322 1754 2436 1806 vos,
2465 1740 2651 1810 inquit,
2673 1742 2949 1797 convincat
2969 1759 3091 1798 cum
3112 1744 3227 1798 sitis
3242 1759 3361 1800 cor-

1785 1843 1883 1898 pus
1919 1827 2153 1895 Cbristi,
2188 1830 2368 1884 volens
2404 1830 2567 1884 videri
2601 1832 2813 1886 humilis
2853 1834 3013 1888 corde
3053 1836 3103 1888 iti
3147 1836 3350 1890 cultura

1784 1922 2134 1989 Angelorum,
2162 1936 2275 1989 quia
2310 1938 2410 1975 non
2450 1922 2571 1975 vidit
2612 1924 2867 1978 inculcatis
2906 1925 2978 1997 (ιι)
3010 1943 3023 1978 :
3058 1928 3172 1993 vel,
3221 1927 3359 1982 sicut

1784 2012 1996 2082 quidam
2017 2012 2227 2067 codices
2257 2012 2472 2073 habent,
2500 2028 2612 2083 quae
2632 2014 2751 2066 vidit
2779 2015 3060 2069 inculcatis.
3092 2018 3192 2070 Aut
3213 2017 3355 2072 enim

1785 2104 1863 2157 sic
1886 2104 2065 2157 dicere
2088 2105 2273 2169 voluit,
2297 2118 2409 2171 quat
2428 2120 2527 2156 non
2559 2104 2676 2156 tidit
2699 2105 2959 2158 inculcatis
2981 2121 3000 2158 :
3042 2107 3163 2176 quia
3190 2107 3361 2161 homi-

1787 2209 1883 2250 nes
1909 2194 2005 2248 ista
2031 2193 2420 2263 suSpicionibus
2439 2202 2494 2246 et
2513 2194 2847 2263 Opinionib-is
2872 2204 3061 2264 agunt;
3092 2212 3195 2248 non
3217 2194 3357 2265 quod

1786 2285 2012 2340 viderint
2039 2286 2136 2339 ista
2157 2299 2276 2339 esse
2297 2283 2553 2338 iacienda.
2583 2287 2685 2338 Aut
2710 2296 2873 2352 certe,
2904 2302 3016 2356 qua:
3044 2288 3163 2340 vidit
3192 2288 3361 2342 incul-

1785 2391 1945 2430 cans:
1977 2377 2027 2431 id
2063 2387 2145 2431 est
2171 2391 2358 2446 magna
2396 2377 2734 2440 existimans,
2774 2378 2892 2446 quia
2922 2376 3050 2432 vidit
3086 2394 3147 2433 ea
3173 2378 3361 2449 quibu-

1786 2467 1936 2522 sdam
1964 2468 2093 2522 locis
2118 2467 2387 2521 observari
2423 2468 2547 2522 alibi
2578 2469 2645 2522 ab
2671 2467 2971 2522 hominibus
2999 2486 3223 2539 quorum
3265 2485 3362 2525 au-

1787 2559 2019 2615 Ctoritati
2051 2559 2269 2613 haberet
2293 2559 2448 2613 tidem
2488 2560 2645 2614 etiam
2676 2560 2879 2614 mitione
2908 2575 3014 2615 non
3042 2559 3277 2626 reddita;
3307 2570 3365 2616 et

1787 2649 1908 2704 ideo
1931 2649 2029 2703 sibi
2056 2664 2278 2719 magnus
2302 2649 2526 2714 videtur,
2553 2649 2673 2719 quia
2696 2650 2743 2703 ei
2770 2649 2991 2718 contigit
3011 2650 3361 2719 quorumdam

1788 2754 2057 2794 sacrorum
2088 2742 2267 2793 videre
2295 2748 2517 2793 secreta.
2548 2738 2652 2793 Sed
2677 2740 2882 2807 plenior
2906 2754 3093 2793 sensus
3121 2748 3221 2803 est,
3253 2754 3366 2810 quae

1789 2847 1890 2884 non
1925 2830 2046 2883 vidit
2078 2828 2365 2894 inculcatis,
2394 2830 2584 2899 [rustra
2614 2830 2821 2900 inﬂatus
2860 2841 3021 2883 mente
3043 2831 3209 2883 carnis
3236 2846 3362 2885 sua.

1789 2923 2101 2978 Mirabiliter
2127 2923 2199 2977 ibi
2236 2939 2356 2977 eum
2386 2922 2519 2995 dixit
2546 2923 2780 2975 inllatum
2808 2931 2983 2975 mento
3012 2923 3186 2975 carnis
3215 2936 3326 2977 sua!
3344 2962 3362 2988 ,

1794 3017 1880 3070 ubi
1907 3016 2300 3069 thelohuinilem
2326 3028 2484 3084 supra
2506 3014 2709 3068 dixerat
2734 3030 2747 3066 :
2778 3012 2833 3065 [it
2855 3013 2995 3066 enim
3021 3014 3173 3066 miris
3194 3012 3366 3066 modis

1794 3104 1846 3158 in
1872 3105 2047 3159 anima
2080 3106 2329 3171 hominis,
2359 3115 2416 3159 ut
2442 3105 2508 3160 de
2536 3106 2663 3159 falsa
2694 3104 2989 3159 humilitate
3015 3105 3183 3175 magis
3210 3103 3364 3160 inﬂe-

1796 3207 1898 3259 tur,
1929 3212 2086 3265 quatu
2112 3197 2156 3250 si
2184 3198 2420 3265 apertius
2459 3196 2774 3265 superbiret.
2816 3194 2883 3248 Et
2909 3212 3009 3249 non
3037 3206 3204 3251 tenens
3223 3236 3239 3263 ,
3285 3196 3368 3249 in-

1793 3290 1925 3358 quit,
1947 3299 2118 3359 caput,
2147 3288 2287 3358 quod
2308 3289 2420 3342 vult
2438 3288 2706 3342 Christum
2734 3287 2950 3356 intelligi
2968 3327 2982 3351 ,
3012 3302 3075 3341 ea:
3096 3303 3194 3357 quo
3221 3302 3368 3340 omne

1794 3398 1977 3453 corpus
2005 3392 2316 3450 compactum
2343 3389 2391 3435 et
2418 3395 2720 3444 connexum,
2751 3377 3183 3433 snbministratum
3208 3390 3255 3430 ct
3281 3394 3367 3431 co-

1794 3474 2023 3541 palatum
2046 3473 2219 3526 crescit
2239 3472 2290 3524 in
2311 3472 2667 3525 incrementum
2687 3468 2802 3522 Dei.
2830 3469 2890 3523 Si
2909 3484 3026 3539 ergo
3047 3468 3226 3521 mortui
3246 3467 3365 3522 estis

1793 3578 1906 3616 cum
1928 3561 2124 3617 Christo
2144 3562 2205 3615 ab
2229 3562 2481 3616 elementis
2499 3561 2650 3633 hujus
2669 3560 2875 3614 mundi:
2908 3559 3028 3629 quid
3048 3559 3215 3611 adhuc
3236 3557 3366 3613 velut

1791 3656 2003 3709 viventes
2028 3654 2091 3709 de
2117 3655 2209 3707 hoc
2233 3654 2420 3707 mundo
2445 3652 2705 3707 decernitis
2722 3653 2748 3705 ?

1859 3747 1947 3802 29.
1979 3745 2069 3799 llis
2089 3744 2244 3800 dictis
2268 3745 2451 3799 inserit
2479 3746 2636 3799 verba
2665 3758 2848 3797 eorum
2876 3741 2967 3812 qui
2995 3740 3287 3797 decernunt
3300 3739 3369 3797 de

1791 3836 1894 3893 hoc
1920 3836 2117 3891 mundo
2145 3851 2239 3904 per
2268 3836 2361 3891 has
2385 3836 2782 3889 observationes
2818 3832 2968 3904 quasi
3010 3833 3365 3902 tationabiles,

1790 3929 2028 3983 allectata
2053 3929 2279 3980 vanitate
2302 3927 2611 3980 humilitatis
2639 3927 2799 3979 inﬂati
2832 3942 2845 3977 :
2882 3923 2963 3978 Ne
2996 3925 3271 3996 tetigeritis,
3307 3943 3370 3979 ne

1787 4020 2119 4092 gustaveritis,
2148 4034 2210 4070 ne
2233 4018 2662 4071 attaminareritis.
2682 4017 2997 4071 lieenlamus
3011 4022 3150 4087 quod
3167 4018 3366 4071 dictum

1787 4122 1871 4169 est
1897 4110 2159 4182 superius,
2193 4117 2250 4163 ut
2274 4110 2372 4163 hoc
2396 4108 2764 4176 intelligamus.
2808 4106 2922 4160 Non
2952 4108 3059 4161 vult
3086 4108 3228 4161 enim
3273 4122 3367 4162 eos

1788 4207 1841 4261 in
1870 4206 1951 4259 his
1971 4202 2425 4258 observationibus
2443 4200 2691 4270 judieai'i,
2724 4199 2811 4252 ubi
2837 4198 3050 4261 dicitur,
3080 4197 3162 4252 Ne
3195 4199 3361 4269 tetige-

1788 4299 1916 4362 ritis,
1949 4314 2012 4351 ne
2034 4295 2369 4367 gustaveritis,
2402 4309 2462 4346 ne
2492 4290 2900 4344 attamiuaceritis
2933 4304 2951 4343 :
2979 4307 3091 4361 qua:
3116 4302 3231 4344 sunt
3256 4306 3367 4344 om-

1788 4394 1892 4458 nia,
1922 4391 2109 4461 inquit,
2126 4387 2561 4457 incorruptionem
2590 4402 2677 4454 per
2691 4385 2997 4438 abusionem.
3022 4384 3210 4439 Omnia
3230 4385 3365 4451 haec,

1789 4484 1976 4555 inquit,
2008 4482 2173 4552 magis
2208 4480 2274 4534 ad
2304 4489 2696 4547 corruptionem
2742 4478 2936 4542 valent,
2964 4492 3082 4532 cum
3112 4478 3368 4548 supersti~

1789 4576 1922 4631 tiosc
1943 4574 2010 4629 ab
2036 4574 2115 4629 eis
2136 4573 2446 4630 abstinetur,
2477 4579 2532 4622 ut
2559 4570 2636 4623 eis
2677 4567 2833 4622 homo
2875 4571 3140 4632 abutatur,
3174 4567 3222 4621 id
3259 4576 3363 4633 est,

1788 4683 1893 4723 non
1929 4668 2007 4722 eis
2048 4674 2223 4719 utatur
2257 4663 2526 4717 secundum
2561 4671 2806 4731 prwcepta
2835 4669 2879 4713 et
2908 4660 3158 4713 doctrinas
3204 4659 3364 4712 homi-

1788 4774 1925 4811 num.
1956 4756 2068 4810 llne
2092 4755 2302 4823 planum
2320 4762 2427 4817 est;
2454 4751 2545 4805 sed
2572 4753 2711 4820 quod
2740 4750 2975 4818 sequitur
3020 4749 3238 4801 multum
3282 4764 3364 4800 re-

1788 4849 1954 4919 quiris
1983 4864 1996 4902 :
2029 4847 2156 4911 Qua:
2199 4853 2311 4899 sunt
2338 4842 2538 4914 quidem
2566 4845 2804 4895 rationein
2834 4839 3066 4893 habentia
3107 4840 3365 4908 sapientiae

1788 4942 1839 4996 in
1864 4941 2222 5005 observatione,
2254 4948 2299 4991 et
2315 4936 2594 4990 humilitate
2613 4936 2798 4999 cordis,
2838 4943 2883 4987 et
2912 4933 3168 4986 vexatione
3193 4948 3365 5001 corro-

1787 5038 1890 5101 ris;
1918 5034 2019 5099 vel,
2044 5034 2179 5087 sicut
2199 5032 2287 5085 alii
2317 5030 2645 5101 interpretati
2666 5038 2806 5091 sunt,
2837 5029 2903 5080 ad
2929 5043 3029 5080 non
3057 5026 3363 5097 parcendum

1788 5128 2008 5198 corpori,
2034 5143 2132 5179 non
2161 5126 2213 5179 in
2234 5125 2421 5177 honore
2434 5124 2602 5193 aliqua
2618 5121 2685 5173 ad
2703 5121 3013 5173 saturitatem
3029 5121 3214 5173 carnis.
3234 5119 3360 5184 Cur,

1790 5209 1980 5289 inquis,
2014 5218 2129 5271 luec
2168 5217 2294 5270 dicit
2323 5216 2577 5270 rationem
2606 5212 2801 5267 habere
2820 5212 3114 5281 sapientiae,
3145 5227 3263 5282 qua:
3296 5214 3363 5267 ita

1786 5310 2160 5381 reprehendit?

1853 5406 1942 5462 30.
1978 5406 2176 5467 Dicam,
2198 5400 2335 5471 quod
2355 5408 2410 5454 et
2435 5398 2547 5467 ipse
2575 5397 2627 5451 in
2655 5396 2938 5469 Scripturis
2980 5406 3130 5469 putes
3168 5394 3360 5449 adver»

1788 5511 1920 5564 tere,
1951 5511 2092 5569 stt-pe
2119 5492 2426 5563 sapientiam
2455 5490 2677 5562 positam
2703 5499 2864 5544 etiam
2894 5491 2943 5543 in
2974 5488 3185 5541 sedibus
3206 5501 3361 5541 uiuu-

1785 5591 1837 5649 di
1865 5591 2038 5661 hujus,
2059 5606 2215 5661 quam
2242 5588 2366 5642 dicit
2384 5588 2682 5657 expressius
2696 5584 3004 5655 sapientiam
3029 5580 3187 5653 hujus
3209 5594 3360 5641 mune

1873 5720 1943 5795 (ὁ)
1976 5718 2280 5775 ειηῡαῐειιὸη.
