4004 6378
660 244 767 311 645

659 352 735 413 di.
765 352 873 409 Nec
888 361 1096 409 moveat
1118 353 1259 424 quod
1274 352 1361 409 hic
1381 370 1485 409 non
1504 353 1724 420 addidit,
1747 354 1947 411 Mundi.
1968 356 2085 412 Non
2100 358 2242 413 enim

662 456 717 501 et
737 446 843 500 alio
868 446 1004 507 loco,
1023 461 1144 500 cum
1170 446 1262 512 ait,
1292 444 1390 501 Ubi
1414 446 1652 515 sapiens?
1679 446 1762 503 ubi
1788 448 1950 502 scriba
1973 450 2029 521 (l
2057 449 2174 505 Cor.
2204 467 2239 517 t,

660 534 800 604 20)?
828 536 1047 601 addidit,
1077 535 1242 604 Hujus
1268 535 1484 600 mundi;
1525 545 1581 589 ut
1618 536 1839 602 diceret,
1889 537 1988 593 Ubi
2034 541 2244 609 sapiens

661 626 818 696 hujus
847 627 1067 683 mundi:
1098 637 1150 681 et
1194 636 1367 681 tamen
1416 625 1517 682 hoc
1566 628 1894 697 intelligitur.
1940 631 2027 686 Sic
2053 642 2107 686 et
2146 633 2243 688 ista

660 719 798 781 ratio
821 717 1110 787 sapientia.
1142 716 1284 773 Nihil
1309 717 1454 771 enim
1478 717 1546 773 ab
1570 718 1650 772 eis
1666 718 1859 774 dicitur
1883 720 1936 775 in
1966 720 2243 789 hujusmo-

660 809 713 871 di
742 808 1121 879 superstitiosis
1157 808 1635 873 observationibus,
1677 810 1765 866 ubi
1795 826 1899 865 non
1929 813 2109 867 mundi
2141 814 2243 867 hn-

653 901 742 973 jus
768 904 1149 963 elementorum
1175 909 1590 970 naturarumque
1619 918 1821 968 rerum,
1842 903 1978 958 ratio
2002 906 2241 973 quaedam

659 993 931 1063 sapientia:
960 990 1110 1047 reddi
1145 991 1405 1046 videatur.
1434 990 1567 1046 Nam
1593 1000 1648 1046 et
1672 1006 1792 1047 cum
1819 992 1966 1059 dicit,
1988 992 2165 1048 Cauete
2182 1010 2244 1048 ne

614 1070 617 1073 λ
659 1084 767 1151 quis
804 1099 887 1143 nos
929 1082 1146 1152 decipiat
1193 1098 1283 1151 per
1334 1082 1737 1153 plu'lowplu'am;
1776 1099 1883 1139 non
1931 1086 2025 1151 ait,
2075 1086 2242 1155 llujns

658 1174 839 1231 mundi
860 1190 875 1227 ε
894 1183 946 1233 et
965 1173 1088 1243 quid
1108 1182 1189 1228 est
1213 1174 1543 1242 philosophia
1568 1173 1751 1239 latine,
1773 1175 1873 1230 nisi
1896 1176 2125 1229 studium
2151 1192 2239 1231 sa-

658 1264 899 1336 pientim?
929 1264 1061 1319 Sunt
1085 1279 1231 1335 ergo,
1272 1264 1459 1334 inquit,
1508 1263 1608 1319 ista
1643 1264 1890 1320 rationem
1913 1266 2115 1336 quidem
2142 1267 2239 1319 Ita-

657 1360 822 1414 bcntia
834 1357 1115 1427 sapientiae,
1136 1357 1188 1412 id
1206 1365 1308 1423 est,
1337 1357 1406 1414 de
1431 1357 1623 1428 quibus
1636 1357 1813 1428 aliqua
1834 1360 1970 1414 ratio
1990 1360 2241 1416 reddatur

654 1451 943 1509 secundum
972 1451 1233 1506 elementa
1253 1449 1433 1505 mundi
1455 1448 1630 1518 hujus,
1650 1458 1703 1504 et
1722 1450 2046 1519 principatus
2064 1466 2126 1505 ac
2148 1466 2244 1521 po-

655 1554 891 1601 testates.
925 1542 992 1597 In
1027 1541 1367 1597 obseruatione
1401 1549 1446 1596 et
1469 1541 1751 1595 humilitate
1778 1542 1944 1597 cordis
1972 1557 1991 1595 :
2018 1542 2068 1595 id
2096 1543 2238 1596 enim

654 1646 815 1708 agunt
841 1637 961 1701 ista,
988 1643 1043 1688 ut
1070 1634 1461 1703 superstitionis
1505 1634 1632 1688 vitio
1667 1648 1761 1688 cor
1802 1634 2125 1689 humilietur.
2159 1636 2241 1689 Ad

654 1742 756 1780 non
774 1723 1078 1794 parcendum
1097 1722 1295 1794 corpori
1324 1736 1343 1776 ξ
1374 1722 1500 1779 dum
1525 1722 1799 1778 fraudatur
1827 1724 1942 1778 istis
1965 1725 2103 1778 escis
2124 1727 2241 1794 qui-

654 1817 755 1872 bus
794 1816 1129 1886 compellitur
1163 1814 1447 1869 abstinere.
1498 1813 1622 1868 Non
1658 1817 1714 1869 in
1752 1816 1943 1870 honore
1978 1817 2146 1887 aliqua
2171 1817 2239 1870 ad

652 1910 963 1964 saturitatem
1005 1908 1172 1962 carnis
1201 1921 1221 1961 :
1248 1921 1352 1961 non
1390 1905 1532 1977 quod
1573 1905 1883 1961 honoratius
1928 1907 2021 1963 illo
2068 1910 2239 1979 magis

652 2016 810 2070 quam
840 1999 931 2052 illo
947 1998 1065 2052 cibo
1085 2012 1210 2052 caro
1234 2005 1518 2064 saturetur,
1549 2012 1670 2052 cum
1689 1997 1758 2052 ad
1797 1998 1915 2068 ejus
1946 2001 2236 2054 necessita-

653 2104 758 2148 tem
786 2107 888 2147 non
918 2092 1177 2161 pertineat
1196 2090 1295 2144 nisi
1310 2089 1547 2160 quolibet
1558 2088 1845 2147 valetudini
1865 2100 1991 2161 apto
2009 2090 2236 2146 alimen-

651 2185 709 2237 to
730 2184 873 2237 reﬁci
899 2190 1059 2251 atque
1083 2180 1277 2235 fulciri.

720 2272 946 2327 CAPUT
970 2271 1056 2326 lll.
1078 2300 1151 2311 —
1169 2272 1257 2326 '51.
1282 2271 1358 2326 De
1376 2271 1666 2342 Evangelio
1689 2271 1960 2341 inquisitio
1983 2280 2072 2327 tua
2100 2274 2235 2329 solet

650 2362 847 2418 multos
891 2376 1126 2428 movere,
1168 2361 1433 2431 quomodo
1454 2361 1714 2416 Dominus
1741 2370 1859 2432 post
1885 2365 2233 2418 resurrectio-

649 2468 794 2518 nem,
815 2432 939 2508 cum
965 2452 1019 2506 in
1039 2454 1225 2506 eodem
1245 2466 1468 2521 corpore
1491 2454 1842 2520 surrexerit‘,
1865 2469 1897 2507 a
1919 2454 2231 2524 quibusdam

648 2545 740 2614 qui
787 2559 910 2599 eum
948 2552 1228 2610 noverant,
1279 2544 1552 2613 utriusque
1599 2559 1758 2599 sexus
1804 2545 2125 2613 hominibus,
2179 2557 2233 2602 et

648 2635 859 2705 agnitus
880 2649 987 2688 non
1008 2634 1096 2701 sit,
1126 2642 1179 2688 et
1201 2635 1412 2703 agnitus
1429 2636 1517 2690 sit.
1548 2634 1647 2690 Ubi
1688 2637 1912 2705 primum
1940 2639 2105 2707 quaeri
2144 2652 2233 2693 so-

648 2726 721 2781 let
746 2736 923 2781 utrum
951 2726 1002 2780 in
1041 2726 1157 2795 ejus
1184 2740 1429 2796 corpore,
1454 2742 1521 2780 an
1544 2727 1716 2796 potius
1744 2728 1793 2780 in
1826 2728 2034 2782 illorum
2062 2730 2230 2784 oculis

650 2816 851 2887 aliquid
881 2818 1071 2871 factum
1088 2817 1162 2871 sit
1181 2832 1285 2886 quo
1311 2831 1417 2870 non
1448 2826 1631 2887 posset
1656 2819 1891 2888 agnosci.
1930 2820 2062 2873 Cum
2087 2822 2227 2875 enim

646 2908 861 2979 legitur,
900 2906 1218 2963 Tenebantur
1258 2906 1391 2961 oculi
1435 2924 1607 2961 eorum
1644 2925 1707 2962 ne
1752 2920 2077 2979 agnoscerent
2116 2927 2228 2965 eum

645 2998 797 3070 (Luc.
826 3014 980 3066 xxiv,
1003 2996 1126 3069 ‘16);
1154 2997 1587 3068 impedimentum
1617 2998 1881 3068 quoddam
1902 3001 2225 3068 agnoscendi

644 3092 853 3147 videtur
890 3092 942 3146 in
984 3090 1273 3145 luminibus
1313 3091 1506 3145 factum
1545 3104 1666 3145 esse
1702 3090 2029 3145 cernentium
2062 3108 2076 3143 :
2105 3107 2223 3146 cum

643 3197 771 3236 vero
797 3190 978 3250 aperte
1007 3181 1128 3235 alibi
1157 3180 1383 3245 dicitur,
1425 3179 1675 3250 Apparuit
1706 3181 1779 3234 eis
1822 3182 1875 3233 in
1917 3179 2022 3234 alia
2070 3181 2226 3252 eﬁigie

642 3272 661 3341 (
686 3271 848 3325 Marc.
872 3285 945 3336 vt,
969 3270 1090 3341 12),
1123 3269 1302 3340 utique
1328 3270 1380 3324 in
1410 3270 1524 3339 ipso
1547 3284 1773 3338 corpore
1798 3270 1949 3339 cujus
1970 3271 2072 3325 alia
2110 3280 2224 3326 erat

642 3363 864 3433 efﬁgies,
889 3362 1086 3431 aliquid
1114 3360 1311 3416 factum
1333 3359 1516 3425 fuisse,
1544 3375 1651 3430 quo
1666 3362 2046 3430 impedimento
2076 3375 2223 3418 tene-

639 3464 851 3519 rentur,
863 3453 913 3507 id
940 3460 1043 3518 est,
1071 3466 1276 3506 moram
1306 3451 1626 3519 agnoscendi
1655 3460 1960 3520 paterentur
1986 3454 2122 3507 oculi
2154 3455 2219 3507 il-

640 3539 835 3595 lorum.
860 3539 965 3595 Sed
990 3552 1089 3608 ego
1104 3538 1288 3601 miror,
1306 3551 1427 3592 cum
1443 3536 1548 3590 duo
1568 3537 1675 3591 sint
1700 3537 1752 3591 in
1780 3551 2001 3606 corpore
2026 3540 2217 3607 quibus

638 3632 893 3700 cujusque
914 3628 1116 3699 Species
1148 3634 1480 3697 agnoscatur,
1509 3626 1825 3683 lineamenta
1846 3634 1901 3681 et
1928 3628 2096 3695 color,
2124 3644 2219 3684 cur

638 3730 763 3776 ante
789 3719 1247 3783 resurrectionem,
1270 3717 1411 3788 quod
1436 3718 1491 3771 in
1517 3728 1697 3777 monte
1727 3717 1796 3773 ita
1823 3718 2218 3788 translignratus

635 3820 720 3868 est
743 3821 799 3867 ut
825 3812 974 3871 ﬁeret
998 3819 1054 3865 et
1074 3809 1249 3865 vultus
1294 3808 1410 3879 ejus
1454 3808 1911 3877 splendidissimus
1954 3810 2093 3865 sicut
2134 3810 2217 3875 sol

635 3906 861 3980 (Matth.
885 3919 1014 3970 xvtt,
1038 3902 1132 3974 2),
1157 3902 1424 3958 neminem
1454 3910 1633 3961 movet
1659 3917 1780 3956 eum
1813 3916 1981 3972 usque
2005 3902 2071 3957 ad
2100 3914 2216 3959 tan-

635 4011 740 4057 tam
769 3998 1139 4056 excellentiam
1166 3996 1382 4066 fulgoris
1400 4004 1456 4052 et
1477 3995 1608 4050 lucis
1636 3994 1871 4050 colorem
1915 3996 1996 4055 sui
2027 4011 2214 4065 corpo-

629 4094 705 4149 ris
746 4100 952 4147 mutare
1001 4089 1268 4159 potuisse;
1308 4096 1361 4142 et
1404 4097 1522 4156 post
1563 4087 2006 4147 resurrectionem
2040 4097 2214 4143 movet

630 4185 961 4254 aliquatenus
990 4180 1311 4238 lineamenta
1353 4188 1549 4239 mutata
1589 4194 1728 4244 esse,
1778 4187 1838 4233 ut
1882 4195 1986 4235 non
2034 4187 2214 4248 posset

630 4274 865 4343 agnosci,
906 4282 960 4328 et
989 4286 1197 4326 rursum
1240 4270 1423 4326 eadem
1476 4271 1723 4338 potentia!)
1760 4268 2030 4335 facultate,
2075 4270 2211 4324 sicut

633 4374 757 4419 tunc
786 4365 1062 4434 pristinum
1106 4364 1356 4425 colorem,
1400 4364 1477 4417 sic
1507 4372 1561 4417 et
1600 4371 1721 4431 post
1766 4360 2209 4417 resurrectionem

632 4455 856 4524 pristina
894 4453 1209 4507 lineamenta
1252 4467 1549 4511 revocasse.
1592 4451 1722 4507 Nam
1754 4452 1901 4506 etilli
1928 4462 2035 4506 tres
2061 4452 2211 4506 disci-

631 4545 763 4617 puli,
785 4555 908 4601 ante
932 4558 1157 4615 quorum
1185 4544 1368 4599 oculos
1397 4544 1449 4597 in
1474 4552 1652 4597 monte
1679 4544 2080 4612 transliguratus
2104 4553 2206 4612 est,

631 4650 738 4689 non
764 4650 886 4691 eum
912 4642 1281 4703 agnoscerent,
1299 4633 1342 4687 si
1367 4633 1431 4686 ad
1461 4648 1552 4686 eos
1574 4634 1690 4693 talis
1709 4632 1919 4687 aliunde
1944 4633 2202 4690 venisset:

631 4725 725 4781 sed
769 4726 888 4795 quia
928 4741 1047 4778 cum
1079 4724 1170 4779 illo
1197 4733 1365 4786 erant,
1396 4724 1566 4794 ipsum
1593 4738 1712 4778 esse
1746 4723 2042 4778 certissime
2082 4726 2207 4780 reti-

629 4818 844 4874 nebant.
872 4820 939 4872 At
962 4818 1105 4873 enim
1131 4830 1323 4883 corpus
1350 4816 1519 4883 ipsum
1546 4824 1677 4879 erat,
1696 4818 1745 4869 in
1764 4831 1867 4884 quo
1886 4818 2200 4874 resurrexit.

628 4909 763 4977 Quid
789 4909 889 4965 hoc
916 4908 982 4962 ad
1012 4907 1159 4971 rem?
1185 4906 1317 4961 Nam
1345 4906 1472 4959 illud
1494 4908 1672 4976 utique
1687 4908 1857 4975 ipsum
1877 4923 2070 4977 corpus
2088 4918 2203 4963 erat

629 5000 685 5055 in
713 5015 817 5070 quo
842 5001 894 5054 in
917 5009 1098 5054 monte
1123 4998 1521 5067 transﬁguratus
1547 5006 1657 5061 est;
1690 5005 1743 5050 et
1772 4998 1944 5066 ipsum
1970 5008 2085 5052 erat
2103 5000 2192 5066 ju-

630 5091 786 5145 venis
809 5090 861 5146 iu
889 5105 993 5160 quo
1017 5100 1171 5145 natus
1198 5100 1281 5144 est
1310 5106 1321 5140 :
1351 5096 1405 5142 et
1425 5097 1595 5141 tamen
1621 5088 1665 5141 si
1694 5088 1813 5157 quis
1837 5104 1956 5142 eum
1986 5100 2201 5160 repente

623 5180 876 5253 juvenem
902 5179 1138 5243 vidisset,
1164 5181 1252 5250 qui
1279 5178 1488 5233 nonnisi
1516 5177 1825 5232 infantulum
1856 5188 2054 5247 nosset,
2095 5195 2197 5236 non

626 5274 809 5342 utique
850 5281 1180 5342 agnosceret.
1222 5273 1300 5324 An
1326 5287 1453 5325 vero
1489 5271 1553 5324 ad
1591 5271 1907 5325 lineamenta
1952 5273 2198 5330 mutanda

626 5378 735 5421 non
764 5372 936 5433 potest
957 5363 1203 5418 celeriter
1232 5362 1323 5417 Dei
1345 5368 1595 5431 potestas,
1623 5360 1765 5432 quod
1795 5371 1967 5431 potest
1994 5378 2087 5433 per
2104 5379 2197 5419 an-

626 5467 816 5510 norum
842 5468 1018 5510 moras
1042 5452 1271 5509 hominis
1299 5454 1462 5507 tetas?

695 5545 786 5605 52.
818 5547 971 5616 Quod
989 5556 1163 5602 autem
1189 5544 1365 5601 Maria:
1393 5544 1543 5612 dixit,
1576 5543 1625 5597 Ν
1631 5545 1700 5599 oti
1726 5562 1801 5598 me
1827 5556 2046 5621 tangere,
2070 5563 2196 5602 non-

688 5658 712 5694 ⁸
739 5661 813 5711 Sic
826 5661 964 5723 juxta
984 5674 1154 5712 omnes
1178 5660 1347 5710 editos.
1368 5666 1416 5708 tu
1440 5665 1509 5714 Β..
1532 5664 1760 5709 surrepat.
1827 5666 1883 5707 tt.

1850 244 1907 299 S.
1948 238 2311 302 AUGUSTINI
2349 246 2652 311 EPISCOPI
3800 278 3883 342 οη

2353 366 2474 419 dum
2490 370 2620 422 enim
2633 374 2835 426 ascendi
2849 376 2919 427 ad
2941 374 3145 431 Patrem
3169 376 3341 451 (Joan.
3370 399 3464 450 xx,
3492 384 3600 460 i7),
3631 380 3747 447 nihil
3770 398 3879 457 aliud

2354 468 2439 508 me
2465 456 2784 514 intellexisse
2813 467 3041 530 noveris,
3076 484 3231 536 quam
3254 480 3329 524 tu.
3366 473 3437 527 lta
3463 456 3602 531 enim
3630 481 3877 551 signiﬁcare

2353 548 2515 603 voluit
2540 562 2731 607 tactum
2757 557 3105 625 spiritualem,
3138 563 3189 617 id
3218 575 3317 629 est,
3339 581 3605 624 accessum
3627 548 3732 629 ﬁdei
3752 592 3876 635 sere-

2352 641 2582 709 quirere,
2617 661 2715 714 qua
2743 648 2976 703 creditur
2994 664 3114 705 eum
3142 657 3407 711 excelsum
3449 675 3568 716 esse
3599 678 3709 718 cum
3735 667 3875 727 Patre.

2353 729 2417 783 Et
2442 735 2580 800 quod
2606 736 2801 793 abillis
2824 739 3030 797 duobus
3063 743 3398 803 infractione
3433 753 3581 817 panis
3613 766 3689 809 est
3712 762 3876 829 agnitus

2355 820 2502 889 (Luc.
2530 840 2677 891 xxtv,
2704 829 2792 895 50,
2828 831 2939 901 51),
2969 832 3369 891 Sacramentum
3398 855 3517 895 esse
3541 845 3673 913 quod
3695 847 3712 879 ³
3735 820 3814 904 tios
3836 854 3874 907 in

2350 916 2672 983 agnitionem
2702 933 2852 974 suam
2879 938 3184 995 ωηεν-θεαί,
3216 929 3391 982 nullus
3421 930 3581 987 debet
3604 936 3847 1009 ambigere.

2420 1005 2508 1059 53.
2534 1006 2608 1060 De
2636 1010 2810 1065 verbis
2833 1011 3115 1082 Simeouis,
3140 1017 3228 1072 ubi
3248 1018 3320 1074 ait
3342 1020 3542 1091 Virgini
3568 1026 3710 1079 matri
3736 1005 3871 1085 Domi-

2350 1093 2423 1154 ni,
2458 1093 2524 1147 Et
2546 1105 2686 1151 tuam
2720 1099 2880 1171 ipsius
2908 1105 3133 1159 muriam
3168 1111 3488 1178 pertransibit
3510 1112 3712 1184 fratrea,
3736 1118 3781 1173 in
3796 1121 3872 1175 alia

2349 1184 2571 1280 epistola
2609 1190 2762 1257 cujus
2797 1196 3099 1263 exetnplum
3125 1201 3285 1253 etiam
3310 1203 3473 1257 modo
3495 1205 3636 1272 misi,
3662 1208 3756 1263 dixi
3781 1214 3872 1280 quid

2349 1274 2478 1328 mihi
2506 1278 2775 1347 videatur;
2804 1285 2945 1352 quod
2970 1285 3129 1340 etiam
3148 1290 3237 1343 tibi
3263 1292 3399 1347 inter
3417 1302 3609 1349 cetera
3630 1298 3775 1353 visum
3794 1274 3871 1357 est.

2347 1364 2417 1418 Et
2452 1369 2592 1436 quod
2624 1371 2881 1440 adjunxit,
2932 1375 3002 1430 Ut
3043 1378 3358 1435 denudent»
3394 1385 3663 1439 multorum
3691 1390 3873 1445 cordium

2346 1459 2670 1552 cogitationes
2699 1463 2717 1533 (
2746 1463 2834 1518 Id.
2878 1482 2935 1532 ll,
2955 1470 3067 1539 35),
3093 1472 3192 1526 hoc
3212 1473 3613 1545 intelligendum
3632 1488 3760 1547 puto,
3781 1484 3871 1552 quis

2346 1563 2441 1619 per
2471 1551 2678 1608 Domini
2721 1558 3042 1627 passionem,
3081 1573 3136 1618 et
3161 1566 3365 1621 insidia
3390 1567 3705 1639 Judtcorum,
3740 1551 3872 1629 etrdi~

2346 1641 2665 1733 scipulorum
2713 1647 2994 1706 inﬁrmitas
3046 1656 3231 1722 patuit.
3281 1656 3689 1715 Tribulationem
3732 1664 3869 1733 igitur,

2342 1732 2502 1800 gladii
2544 1737 2761 1793 nomine
2799 1741 3140 1810 signiﬁcatam
3180 1761 3316 1810 esse,
3357 1750 3613 1805 credibile
3654 1732 3763 1819 est,
3793 1770 3871 1823 quo

2342 1832 2579 1880 materna
2604 1828 2778 1883 anima
2821 1833 3089 1889 vulnerata
3111 1846 3191 1890 est
3214 1837 3412 1893 doloris
3436 1840 3649 1897 affectu.
3676 1843 3778 1913 ipse
3800 1843 3868 1899 fuit

2342 1916 2545 1983 gladius
2569 1918 2621 1971 in
2646 1934 2739 1974 ore
2765 1932 3178 1993 persecuturum,
3204 1928 3270 1982 de
3297 1931 3487 1999 quibus
3519 1932 3572 1986 in
3597 1934 3783 1988 Psalmo
3808 1935 3868 1989 di-

2341 2006 2480 2060 citur
2510 2025 2524 2060 :
2556 2007 2624 2062 Et
2652 2010 2852 2081 gladius
2893 2015 2947 2067 in
2986 2032 3073 2071 ore
3094 2020 3311 2090 corum(
3340 2017 3483 2074 Psat.
3518 2038 3662 2088 cvm,
3689 2025 3765 2095 8).
3793 2024 3867 2093 Ipsi

2340 2102 2481 2154 enim
2505 2112 2654 2157 erant
2681 2103 2769 2158 ﬁlii
2801 2108 3091 2175 hominum,
3124 2125 3346 2179 quorum
3373 2114 3558 2169 dentes
3585 2131 3723 2171 arma
3740 2128 3781 2171 et
3803 2132 3867 2172 sa-

2339 2192 2503 2260 gittae,
2536 2203 2589 2247 et
2609 2194 2783 2264 lingua
2818 2212 3001 2252 eorum
3026 2201 3228 2269 gladius
3257 2215 3440 2257 acutus
3470 2204 3653 2274 (Ρεαι.
3684 2223 3773 2271 tvt,
3795 2208 3864 2279 5).

2339 2281 2470 2337 Nam
2498 2294 2553 2338 et
2576 2284 2774 2341 ferrum
2800 2290 2940 2358 quod
2968 2295 3269 2359 pertransiit
3303 2297 3531 2352 animam
3572 2299 3769 2369 Joseph,
3797 2317 3866 2370 pro

2338 2373 2470 2428 dura
2488 2376 2821 2435 tribulatione
2849 2384 3073 2449 positum
3094 2386 3221 2439 mihi
3246 2388 3488 2443 videtur:
3519 2403 3701 2460 aperte
3716 2396 3865 2463 quippe

2338 2464 2550 2534 dicitur,
2580 2468 2792 2523 Ferrum
2825 2476 3110 2543 pertransiit
3142 2479 3362 2531 animum
3389 2482 3518 2551 ejus,
3552 2483 3703 2536 donec
3724 2485 3863 2536 reuirat

2334 2558 2539 2611 verbum
2575 2561 2719 2629 ejus;
2748 2563 2799 2616 id
2836 2574 2935 2630 est,
2966 2566 3161 2620 tamdiu
3191 2568 3287 2622 fuit
3319 2571 3369 2623 in
3394 2570 3526 2626 dura
3554 2574 3857 2639 tribulatione,

2336 2646 2505 2702 donec
2532 2648 2682 2704 ﬁeret
2700 2653 2836 2722 quod
2861 2657 3120 2723 praedixit.
3154 2658 3284 2713 Hinc
3308 2663 3447 2715 enim
3470 2679 3691 2734 magnus
3707 2675 3775 2719 est
3794 2667 3862 2720 ha-
3964 2656 3965 2663 “

2333 2738 2498 2807 bitus,
2524 2751 2579 2795 et
2608 2744 2674 2798 ab
2694 2744 2780 2800 illa
2811 2747 3147 2804 tribulatione
3176 2752 3447 2808 liberatus.
3480 2756 3585 2811 Sed
3616 2774 3681 2811 ne
3716 2760 3858 2812 huma-

2334 2845 2417 2884 nae
2438 2833 2708 2900 sapientia:
2742 2837 3081 2906 tribueretur,
3107 2844 3248 2909 quod
3281 2846 3424 2898 venit
3454 2846 3668 2901 verbum
3690 2848 3800 2917 ejus,
3822 2847 3859 2901 id

2332 2928 2434 2987 est,
2456 2922 2647 2977 factum
2667 2935 2747 2979 est
2766 2928 2903 2995 quod
2922 2930 3180 2998 pratdixit,
3207 2949 3351 2988 more
3376 2949 3475 2989 suo
3494 2936 3749 3005 Scriptura
3769 2953 3859 2992 sau-

2328 3022 2412 3067 cta
2438 3014 2545 3069 Deo
2570 3016 2691 3071 inde
2711 3018 2802 3072 dat
2822 3020 3065 3089 gloriam,
3092 3032 3149 3078 et
3165 3027 3416 3081 continuo
3437 3029 3700 3101 subjungit
3728 3048 3738 3083 :
3762 3029 3858 3085 Elo-

2328 3108 2503 3177 quium
2523 3108 2725 3164 Domini
2742 3113 2916 3183 ignioit
2939 3131 3051 3167 eum
3073 3114 3242 3189 (Psal.
3268 3132 3373 3183 etv,
3399 3120 3485 3183 i8,
3510 3122 3619 3192 i9).

2401 3201 2488 3254 54.
2518 3200 2586 3256 Ut
2608 3204 2749 3271 potui
2779 3221 2885 3260 non
2923 3207 3061 3263 defui
3092 3210 3591 3281 interrogationibus
3616 3216 3709 3271 tuis
3738 3216 3854 3285 adju-

2329 3298 2415 3344 tus
2434 3294 2761 3351 orationibus
2787 3299 2909 3364 tuis,
2937 3308 2990 3353 et
3031 3300 3157 3370 ipsis
3195 3319 3326 3373 quas
3347 3305 3558 3371 misisti,
3588 3307 3854 3377 disputatio-

2327 3382 2481 3436 nibus
2499 3386 2618 3439 tuis.
2638 3384 2771 3440 Cum
2791 3390 2934 3443 enim
2959 3391 3329 3462 interrogando
3354 3396 3608 3465 disputas,
3635 3407 3682 3453 et
3699 3400 3853 3469 quartis

2325 3473 2518 3527 acriter
2536 3486 2586 3528 et
2611 3476 2772 3531 doces
2809 3478 3094 3537 humiliter.
3130 3483 3268 3540 Utile
3309 3496 3394 3541 est
3434 3496 3609 3544 autem
3631 3500 3682 3544 ut
3703 3491 3758 3546 de
3773 3490 3847 3543 0i!-

2325 3564 2660 3620 scuritatibus
2685 3568 2975 3624 divinarum
3020 3572 3428 3644 Scripturarum,
3473 3595 3601 3648 quas
3636 3581 3847 3637 exercita-

2324 3656 2483 3719 tionis
2512 3668 2704 3716 nostrae
2734 3677 2893 3719 causa
2913 3664 3051 3719 Deus
3076 3682 3197 3722 esse
3217 3671 3397 3737 voluit,
3418 3674 3595 3729 multa:
3618 3676 3845 3729 invenian-

2323 3758 2411 3804 tur
2447 3756 2744 3821 sentcntiae,
2792 3770 2912 3812 cum
2966 3760 3104 3813 aliud
3148 3761 3235 3815 alii
3283 3764 3509 3831 videtur,
3558 3784 3666 3836 qua:
3706 3778 3843 3822 tamen

2321 3854 2506 3897 omnes
2530 3859 2675 3899 sanie
2696 3845 2815 3899 ﬁdei
2840 3848 3199 3920 doctrinaeque
3213 3855 3551 3910 concordent.
3581 3858 3724 3911 Dabis
3744 3872 3843 3910 sane

2320 3935 2526 3989 veniam
2571 3938 2693 3990 stilo
2719 3952 2837 3992 meo
2875 3941 3091 3994 multum
3138 3942 3423 4010 festinanti,
3458 3954 3514 3999 ut
3533 3948 3635 4015 jam
3672 3949 3714 4001 iu
3750 3949 3841 4000 nari

2318 4025 2607 4078 constituto
2618 4042 2950 4084 occurrerem
2968 4031 3229 4100 perlatori.
3252 4033 3436 4087 Filium
3460 4046 3628 4090 autem
3651 4045 3841 4089 nostrum

2319 4111 2614 4178 Paulinum,
2661 4118 2713 4170 in
2754 4119 2949 4172 Christi
2995 4121 3251 4176 charitute
3293 4123 3665 4189 dulcissimunt,
3694 4126 3736 4178 in
3761 4126 3838 4177 hac

2317 4203 2490 4271 potius
2510 4206 2729 4273 epistola
2759 4210 2988 4263 resaluto
3014 4212 3057 4275 ',
3078 4220 3134 4266 et
3160 4213 3338 4280 paucis
3359 4225 3415 4267 ut
3444 4214 3655 4269 festinus
3676 4214 3836 4269 exhor-

2318 4300 2420 4357 tor,
2442 4292 2508 4346 'ut
2536 4294 2905 4351 misericordiae
2943 4300 3145 4356 Domini
3176 4304 3261 4371 qui
3287 4305 3461 4360 sciens
3489 4307 3610 4362 dare
3631 4306 3835 4360 auxilium

2313 4384 2381 4438 de
2410 4387 2764 4452 tribulatione,
2797 4406 2916 4443 eum
2940 4394 3383 4450 turbulentissima
3412 4406 3704 4467 tempestate
3726 4396 3835 4450 misit

2314 4475 2366 4529 in
2390 4487 2614 4544 portum,
2646 4494 2750 4546 quo
2778 4487 2832 4532 tu
2856 4482 3036 4551 pelago
3062 4485 3421 4554 tranquilliora
3452 4489 3731 4556 permeasti,
3755 4486 3830 4553 ipsi

2313 4566 2529 4618 marinae
2569 4570 2930 4637 tranquillitati
2959 4573 3177 4627 minime
3199 4576 3440 4641 credens,
3469 4587 3519 4631 et
3543 4580 3624 4647 qui
3644 4578 3740 4647 cjus
3761 4591 3829 4629 ru-

2311 4655 2559 4711 dimentis
2584 4660 2907 4727 excipiendis
2930 4672 3088 4732 atque
3112 4667 3403 4721 nutriendis
3422 4677 3474 4723 te
3498 4670 3653 4737 dedit,
3676 4667 3828 4739 gratias

2310 4762 2434 4817 agas
2462 4756 2686 4817 quantas
2719 4759 2912 4818 potest,
2943 4762 2995 4807 et
3027 4756 3213 4808 omnia.
3228 4757 3342 4823 ejus
3366 4773 3486 4813 ossa
3522 4760 3684 4814 dicant
3709 4776 3719 4811 :
3745 4756 3826 4810 Do-

2309 4840 2462 4903 mine,
2490 4841 2600 4908 quis
2626 4841 2801 4894 similt's
2825 4843 2912 4896 tibi
2942 4843 2959 4912 (
2987 4842 3131 4897 Psat.
3163 4861 3352 4909 xxxiv,
3397 4848 3466 4903 l0
3494 4849 3549 4916 )‘l
3581 4849 3683 4903 Neu
3717 4846 3827 4903 enim

2308 4929 2553 4983 uberiore
2578 4931 2746 4984 fructu
2774 4932 2900 5001 legit
2920 4935 3000 4989 vel
3027 4935 3171 4988 audit
3201 4952 3285 4991 me
3314 4936 3591 4993 docentem
3616 4955 3671 4993 ac
3694 4938 3829 4993 disse-

2306 5028 2535 5085 rentem,
2561 5022 2644 5075 vel
2666 5022 2982 5089 quibuslibet
3006 5024 3459 5087 exhortationibus
3484 5030 3829 5091 accendentetn,

2306 5124 2460 5177 quam
2482 5109 2693 5179 inspicit
2720 5120 2771 5165 te
2792 5112 3073 5167 viventem.
3093 5114 3400 5172 Resalutant
3425 5130 3651 5175 sanctam
3677 5127 3725 5173 et
3747 5116 3831 5172 sin-

2304 5202 2631 5257 cerissimam
2646 5205 3028 5274 Benignitatem
3042 5214 3182 5261 tuam
3196 5214 3442 5265 conservi
3459 5214 3559 5269 mei
3570 5212 3651 5283 qui
3661 5221 3828 5264 mecum

2303 5301 2447 5347 sunt.
2478 5293 2846 5349 Condiaconus
2864 5305 3039 5350 autem
3063 5306 3240 5352 noster
3265 5300 3597 5371 Peregrinus,
3617 5317 3673 5357 ex
3700 5313 3785 5369 quo
3804 5311 3826 5350 a

2302 5398 2391 5440 me
2426 5385 2691 5454 profectus
2735 5394 2817 5441 est
2858 5402 2977 5440 cum
3012 5398 3192 5443 sancto
3220 5390 3381 5445 fratre
3420 5404 3598 5450 nostro
3633 5392 3823 5453 Urbani),

2364 5538 2377 5569 ί
2408 5538 2521 5613 ead.
2543 5528 2640 5613 Ani.
2664 5549 2714 5588 et
2738 5547 2831 5613 Er._,
2850 5554 2941 5613 quo
2963 5555 3063 5613 nos,
3086 5544 3260 5608 quibus
3282 5548 3599 5613 suﬂragantu'r
3617 5555 3712 5599 Mss.
3731 5554 3825 5609 qm-

2297 5606 2409 5650 tuor
2424 5602 2570 5649 \‘atic.
2596 5608 2647 5650 et
2670 5615 2697 5648 c
2723 5602 2897 5652 nostris
2919 5602 3134 5655 toudeni.

2359 5667 2378 5697 '
2404 5674 2503 5713 Mss.
2528 5662 2725 5724 aliquot,
2748 5677 3041 5727 recognosco.
