4004 6376
665 289 766 348 647

736 405 788 458 5.
815 400 868 455 Si
888 399 1012 470 quid
1037 406 1212 453 autem
1230 396 1297 451 de
1325 404 1377 449 te
1393 393 1515 448 mali
1543 393 1917 453 existimarem,
1947 389 2238 460 praesertim

663 497 715 550 in
761 512 821 550 ea
865 490 1293 563 causa(a)qnam
1336 489 1492 542 etiam
1546 501 1647 538 non
1695 499 2024 553 expressam,
2055 494 2234 535 tamen

665 588 791 642 mibi
823 598 906 639 tua
927 585 1147 655 epistula
1177 581 1467 640 redolebat;
1495 579 1632 632 absit
1661 587 1715 629 ut
1745 577 1808 629 ad
1843 586 1892 630 te
1924 577 2023 630 tale
2040 573 2232 643 aliquid

662 679 972 738 scribi-rem,
1002 676 1085 728 ubi
1109 675 1266 725 ullum
1290 671 1368 724 vel
1397 668 1523 722 mibi
1556 669 1634 721 vel
1659 669 1900 736 cuiquam
1925 668 2233 721 beneﬁcium

662 767 1001 838 postularent.
1046 766 1146 818 Aut
1172 763 1310 818 enim
1333 763 1767 824 eonticcsceretn,
1791 760 2075 813 observans
2099 772 2233 813 tem-

661 876 759 929 pus
786 861 870 912 ubi
917 867 966 912 te
1016 870 1222 927 possem
1275 853 1467 907 habere
1521 861 1863 920 prmsentem;
1899 861 1989 904 aut
2018 851 2060 902 si
2094 851 2231 904 litte-

660 953 732 1009 ris
761 951 1017 1022 agendum
1047 957 1303 1018 putarem,
1331 945 1452 998 illud
1481 945 1654 1012 potius
1677 960 1905 1012 agerent,
1936 953 1988 996 et
2015 959 2040 996 s
2062 958 2230 1011 coge-

658 1062 792 1109 rem,
827 1056 881 1097 ttt
921 1043 1156 1098 dolorem
1205 1037 1541 1093 manifestare
1571 1039 1652 1090 vix
1683 1051 1884 1106 posses.
1935 1035 2066 1089 Nam
2113 1035 2232 1088 ideo

659 1145 775 1207 post
806 1135 940 1188 illius
968 1134 1178 1210 impiam
1223 1131 1595 1198 crudeleuupte
1634 1129 1904 1196 perﬁdiam
1932 1128 2035 1196 (cui
2073 1128 2228 1181 etiam

657 1243 750 1296 per
780 1235 919 1278 tuam
949 1224 1220 1276 nobiscum
1263 1220 1620 1287 participatam
1673 1218 2077 1271 sollicitudinem
2124 1216 2229 1269 fru-

654 1331 763 1376 atra
789 1319 1126 1372 vehementer
1148 1313 1454 1375 institimus,
1480 1327 1546 1364 ne
1564 1311 1654 1364 illo
1669 1326 1761 1363 cor
1786 1319 2022 1362 nostrum
2047 1307 2230 1362 dolore

654 1410 998 1482 pcrn-llerct,
1041 1420 1188 1457 suam
1242 1416 1365 1456 vero
1417 1401 1810 1470 conscientiam.
1841 1407 1985 1451 tanto
2030 1399 2230 1452 scelere

652 1501 977 1563 trucidaret),
999 1495 1371 1550 continuosum
1390 1509 1416 1543 ιι
1435 1491 1747 1560 Carthagine
1766 1491 2047 1560 profectus,
2063 1488 2232 1543 occul-

653 1603 762 1648 tato
787 1593 1033 1646 abscessu
1059 1601 1197 1646 meo,
1233 1602 1295 1638 ne
1327 1594 1399 1637 tot
1423 1599 1484 1636 ac
1515 1583 1642 1635 tanti
1664 1582 1750 1650 qui
1772 1581 1888 1647 ejus
1911 1581 2042 1632 intra
2062 1580 2228 1634 eccle-

662 1687 792 1740 siam
827 1683 1056 1754 gladium
1097 1677 1465 1735 lbrmidabant,
1510 1674 1750 1727 violentis
1785 1674 1991 1726 fletibus
2032 1683 2084 1726 ct
2136 1689 2225 1742 ge-

651 1777 866 1831 mitibus
891 1789 974 1826 nte
1001 1778 1258 1829 tenerent,
1284 1775 1524 1837 putantes
1547 1780 1718 1818 meam
1741 1765 1838 1818 sibi
1862 1763 2053 1832 aliquid
2076 1779 2228 1832 posse

651 1866 899 1937 prodesse
926 1861 1281 1934 prmsentiam,
1322 1867 1377 1910 ut
1411 1873 1566 1924 quem
1609 1856 1738 1909 satis
1780 1856 1935 1924 digne
1983 1871 2074 1923 pro
2115 1854 2228 1922 ejus

649 1959 824 2011 anima
850 1955 1127 2022 objurgare
1162 1964 1263 2003 non
1305 1963 1535 2016 possem,
1567 1962 1659 2015 pro
1687 1945 1889 1999 illorum
1918 1945 2228 2014 corporibus

648 2050 806 2103 etiam
838 2060 1022 2113 rogare
1047 2040 1410 2108 compellerer.
1445 2039 1611 2102 Quam
1637 2047 1809 2089 tamen
1833 2050 2013 2088 eorum
2041 2049 2223 2102 corpo-

649 2141 813 2193 ralem
834 2137 1057 2191 s;dutem
1082 2133 1208 2187 satis
1231 2130 1457 2200 parietes
1483 2127 1719 2182 ecclesia:
1746 2128 2066 2179 muniebant.
2117 2125 2226 2195 Ego

647 2239 824 2285 autem
851 2227 998 2280 duris
1031 2223 1338 2279 coarctabar
1362 2221 1636 2289 angintiis,
1669 2218 1807 2287 quod
1833 2232 2000 2286 tn-qne
2032 2217 2114 2270 ille
2140 2231 2224 2270 me

645 2329 935 2393 pateretur,
968 2315 1176 2385 qualem
1204 2322 1502 2381 oporteret;
1533 2320 1585 2363 et
1616 2310 1833 2378 insuper
1877 2310 2046 2362 facere
2071 2323 2226 2376 coge-

618 2429 735 2467 .rer
755 2410 892 2480 quod
926 2426 1028 2463 non
1059 2408 1290 2462 deceret.
1340 2404 1586 2458 Dolebam
1611 2403 1771 2456 etiam
1799 2400 2027 2470 graviter
2057 2400 2222 2455 vicem

646 2501 968 2557 venerabilis
992 2495 1288 2567 coepiscopi
1323 2494 1423 2548 tnci
1445 2503 1601 2546 tanta:
1625 2493 1844 2547 rectoris
1869 2491 2133 2555 Ecclesia‘,
2157 2489 2222 2543 ad

645 2597 795 2665 cujus
819 2595 1079 2664 pertinere
1119 2591 1392 2646 dicebatur
1421 2585 1670 2648 ofﬁcium,
1720 2595 1836 2650 post
1864 2583 2087 2637 bominis
2115 2591 2221 2635 tam

644 2689 897 2743 nefariam
925 2685 1180 2740 fallaciam
1206 2682 1380 2735 adhuc
1413 2695 1470 2734 se
1511 2678 1745 2748 praebere
1796 2675 2074 2740 bumilcm,
2117 2689 2223 2743 quo

643 2779 851 2837 castoris
877 2785 1197 2846 parceretur.
1230 2772 1448 2834 Fateor;
1477 2785 1596 2823 cum
1629 2777 1826 2822 tantum
1850 2767 2045 2820 malum
2077 2764 2223 2819 nullo

645 2868 875 2939 pectoris
899 2867 1090 2920 robore
1120 2862 1404 2932 potuissem
1430 2860 1674 2922 tolerare,
1706 2856 1945 2910 discessi.

714 2961 768 3012 4.
793 2958 913 3012 Hice
939 2963 1080 3010 esset
1097 2962 1150 3007 et
1167 2966 1304 3006 nunc
1320 2949 1510 3003 silentii
1539 2947 1639 3001 mei
1661 2963 1817 3001 causa
1839 2945 1975 3012 apud
2003 2953 2074 3011 te,
2103 2959 2222 3014 qnze

645 3049 741 3105 fuit
786 3059 909 3101 tunc
954 3042 1290 3100 discessionis
1329 3056 1477 3101 mete,
1510 3039 1554 3093 si
1597 3047 1649 3092 te
1681 3039 1816 3106 apud
1864 3038 2006 3091 illnnt
2049 3036 2222 3107 egisse

644 3139 936 3200 crederem,
967 3148 1022 3191 ut
1051 3145 1154 3189 tam
1182 3131 1406 3187 nefarias
1434 3131 1780 3185 ulcisceretur
1819 3128 2057 3199 injurias.
2091 3128 2222 3183 Cre-

645 3229 771 3284 dunt
806 3228 902 3281 ista
929 3226 1015 3295 qui
1045 3225 1283 3279 nesciunt
1326 3223 1610 3290 quomodo,
1642 3231 1695 3275 et
1733 3225 1956 3290 quoties,
2008 3229 2062 3275 et
2102 3237 2219 3289 qua:

646 3320 797 3374 nobis
822 3317 1038 3383 dixeris,
1065 3331 1184 3369 cum
1210 3314 1363 3367 anxia
1392 3330 1513 3366 cura
1542 3327 1915 3382 perageretnus
1941 3322 1995 3365 ut
2021 3321 2220 3380 quanto

647 3413 738 3468 tibi
779 3410 1083 3465 familiarius
1127 3405 1435 3470 inlncrebat,
1475 3412 1674 3474 qumto
1710 3404 1776 3457 ad
1817 3419 1937 3457 eum
1981 3403 2220 3458 crebrius

647 3502 960 3568 ventitabas,
998 3507 1196 3570 quanto
1243 3499 1436 3567 sa-pius
1487 3512 1604 3549 cmn
1650 3495 1765 3548 solo
1811 3495 2216 3565 colloqnebaris,

646 3603 791 3649 tanto
821 3591 984 3661 magis
1011 3598 1219 3645 curaret
1247 3585 1687 3642 existimationem
1711 3595 1880 3648 tuam;
1916 3603 1980 3640 ne
2007 3586 2090 3640 his
2128 3587 2218 3655 qui

647 3687 718 3738 tui
766 3682 1072 3737 dicebantur
1110 3679 1308 3734 inimici
1347 3678 1501 3732 talem
1538 3677 1734 3731 exitum
1777 3677 1948 3741 daret,
1989 3686 2045 3730 ut
2088 3676 2216 3731 nibil

646 3790 766 3829 cum
797 3774 885 3828 illo
911 3772 1049 3827 aliud
1077 3771 1250 3842 egisse
1278 3769 1557 3839 pntarcris.
1579 3768 1728 3836 Quod
1751 3769 1962 3839 quidem
1993 3785 2090 3825 nec
2117 3785 2217 3840 ego

708 3928 1034 3992 (a),t.o_quitur
1059 3926 1294 3992 de_eansa
1338 3925 1624 3992 Marcellini,
1658 3926 1768 3990 qui,
1793 3926 1862 3992 uti
1903 3927 2216 3992 Hieronymus

646 3988 818 4041 versus
839 3990 867 4038 ﬁ
884 3988 982 4038 tem
1009 3989 1091 4036 lin.
1115 3990 1147 4039 3
1167 3990 1400 4050 adversus
1423 3988 1698 4050 Pelagianos
1719 3988 1901 4045 scribit,
1934 4008 1954 4033 ιι
1977 3988 2214 4039 subinvi-

654 4071 676 4098 α
699 4053 776 4101 dia
815 4051 1077 4115 tyrannidis
1119 4049 1410 4098 tteraclauze
1430 4050 1515 4115 ab
1539 4049 1778 4115 ba-retit-is
1803 4049 2030 4115 innocens
2060 4063 2214 4115 cafsus

647 4122 751 4164 est:
779 4132 799 4156 ν
830 4108 934 4161 Sive
967 4127 1132 4174 quem,
1160 4120 1287 4174 teste
1311 4111 1474 4174 ()rosio
1500 4111 1544 4158 in
1592 4108 1672 4157 lin.
1701 4112 1748 4168 7,
1767 4126 1808 4158 e.
1834 4110 1909 4174 42,
1950 4133 1971 4155 α
1992 4173 1997 4174 γ
2017 4121 2031 4150 \
2051 4113 2214 4174 arinus

652 4193 675 4219 ι
697 4188 860 4224 comes
903 4171 1027 4234 apud
1065 4173 1398 4234 Carthaginem
1423 4172 1681 4234 (incertum
1720 4179 1795 4220 est
1816 4172 1921 4220 zelo
1943 4171 2212 4223 stimulatus

653 4255 675 4280 ι
697 4248 755 4283 aa
781 4249 895 4284 auro
913 4233 1069 4294 curru;
1090 4237 1187 4294 tus)
1211 4233 1380 4282 occidit
1405 4248 1416 4280 :
1442 4251 1461 4275 ι
1495 4233 1855 4293 impellentibus
1879 4234 2041 4294 procul
2065 4235 2211 4284 duoio

647 4298 918 4352 Donazistts,
942 4309 1143 4355 quorum
1169 4296 1328 4342 otium
1351 4295 1628 4355 incurrerat
1669 4295 2013 4355 integerrimus
2057 4297 2208 4355 judex

646 4359 886 4405 sententia
925 4354 1158 4422 adversus
1178 4355 1308 4422 ipsos
1329 4354 1451 4422 dicta
1477 4356 1523 4402 in
1545 4354 1902 4416 Cartltaginensi
1921 4354 2208 4422 collatione;

650 4430 788 4479 quam
811 4417 1100 4464 sententiam
1147 4414 1370 4463 videlicet
1405 4415 1516 4462 dum
1542 4414 1879 4521 ttnpe‘a'torum
1901 4417 2100 4467 decreto
2135 4414 2212 4470 ι·οὲ

650 4479 902 4521 [xu-andam
945 4486 1098 4521 curat.
1124 4483 1324 4521 mortem
1364 4476 1512 4521 iusius
1533 4489 1610 4521 mo
1633 4477 1792 4521 iuutur
1828 4478 2038 4521 haeretici
2065 4481 2210 4521 [Imm

646 4476 902 4528 but-auitam
945 4486 1098 4533 curat,
1124 4483 1324 4536 mortem
1364 4476 1512 4536 ipsius
1533 4476 1792 4536 moliuntur
1828 4478 2038 4527 haeretici
2064 4481 2210 4532 haece

645 4540 805 4587 oblata
847 4539 1113 4587 occasione.
1157 4535 1462 4585 Heracliaaus
1507 4535 1667 4585 Arriae
1690 4549 1855 4587 comes
1884 4537 2114 4590 deﬁciens
2147 4546 2210 4594 ab

651 4602 876 4656 ttouorio,
925 4599 1162 4659 navigavit
1209 4598 1255 4645 in
1305 4595 1479 4645 Italiam
1523 4609 1632 4645 cum
1681 4599 1864 4656 ingenti
1888 4598 2060 4658 classe,
2085 4614 2210 4655 anno

644 4661 706 4710 ('b
726 4662 814 4710 isti
839 4662 943 4708 tl3:
959 4661 1038 4721 qui
1055 4661 1112 4706 ad
1130 4659 1531 4721 :‘rbemdelmsito
1555 4659 1773 4708 exercitu
1791 4661 2105 4721 contendens,
2118 4672 2207 4716 ata-

647 4724 736 4772 riui
762 4723 949 4772 cernitis
971 4719 1170 4770 occursu
1216 4720 1273 4785 ad
1321 4719 1574 4785 ttrienlum
1619 4729 1875 4785 superatus
1907 4719 2208 4785 tngamarri-

647 4786 766 4848 puit,
793 4785 1031 4848 rediitque
1053 4781 1410 4848 t‘artbagiaem;
1439 4783 1518 4848 ubi
1542 4781 2032 4848 capttts_det_nunt,'et
2052 4801 2118 4848 ca,
2142 4790 2208 4839 ite

647 4842 841 4906 i-ttttitus
864 4842 966 4909 luit.
992 4854 1094 4891 tum
1121 4842 1236 4891 vero
1260 4842 1601 4909 [scl'tittcliiottis
1622 4846 1777 4909 socios
1801 4845 1846 4892 ia
1875 4858 1899 4892 Α
1922 4847 2015 4895 τίω
2043 4842 2210 4909 perse-

645 4905 827 4976 gnente
853 4906 1040 4976 Marino,
1066 4905 1528 4976 c._nnpreltenditur.t
1549 4905 1806 4976 arcelltans
1831 4921 1922 4955 una
1967 4905 2207 4976 cum__suo

650 4964 814 5021 t'ralre.
862 4975 913 5015 et
955 4969 1111 5015 securi
1139 4964 1428 5027 teri-utitur,
1454 4964 1568 5013 falsi
1614 4966 1911 5018 insimulatus
1935 4971 2210 5023 Iterat-lianc

648 5029 837 5085 favisse,
867 5029 932 5076 uti
957 5027 1390 5094 satisiateiligitttu
1424 5041 1484 5074 ex
1510 5028 1793 5094 ttierouyam
1814 5043 1886 5094 su,
1906 5045 1956 5078 ra
1982 5031 2168 5083 laudato
2191 5069 2206 5094 ,

650 5103 740 5137 nec
787 5103 847 5136 no
925 5103 984 5137 ex
1022 5090 1125 5137 is.is
1154 5089 1392 5151 augustini
1419 5090 1581 5136 verbis
1615 5089 1707 5145 bis,
1734 5105 1780 5138 n.
1807 5091 1837 5137 4
1860 5089 1884 5139 ;“
1909 5113 1929 5136 υ
1953 5094 2114 5140 omnia
2161 5089 2208 5145 in

655 5167 676 5195 α
701 5158 917 5211 tempore
943 5152 1033 5198 isto
1077 5151 1472 5211 sttlli°a.-,a;a.t_tur,
1519 5157 1569 5197 ut
1617 5151 1759 5197 etiam
1805 5164 1899 5201 uno
1931 5162 2078 5211 teste,
2104 5163 2206 5204 tan-

655 5229 677 5255 α
700 5209 842 5272 quam
869 5211 1098 5272 invidioso
1123 5220 1172 5259 et
1194 5209 1407 5258 credi.,ili
1433 5213 1652 5266 crimine,
1678 5211 1783 5258 sine
1808 5214 2019 5270 iubentis
2041 5209 2208 5268 discri-

654 5291 676 5316 ι
700 5270 827 5320 tuine
852 5270 1050 5334 quill.th
1077 5272 1139 5320 de
1185 5273 1341 5320 medio
1385 5271 1654 5321 tolleretur.
1683 5290 1703 5312 υ
1732 5281 1966 5322 tzctertnn
2013 5278 2211 5329 tarintts

646 5335 872 5397 continuo
895 5341 1148 5397 revocatus
1171 5334 1420 5397 exptl'rica,
1447 5346 1648 5397 munere
1671 5335 1796 5381 omni
1826 5344 2005 5385 exutus
2025 5339 2131 5397 luit,
2158 5348 2210 5391 et

648 5396 790 5444 vi.a.n
817 5398 944 5456 triva
969 5409 1044 5443 a.n
1088 5393 1287 5455 iaglorie
1329 5408 1479 5455 agere
1498 5396 1660 5456 jussus
1681 5404 1775 5451 est,
1802 5410 1862 5444 ex
1887 5399 2064 5446 UI‘USiU.
2089 5393 2208 5450 Con-

649 5465 860 5524 ttavero
887 5458 963 5505 lex
992 5469 1018 5505 a
1039 5476 1050 5501 ι
1076 5459 1274 5524 Honorio
1296 5456 1402 5505 data
1427 5466 1503 5524 est
1524 5459 1604 5524 die
1626 5458 1688 5524 ξι)
1711 5471 1820 5519 aug.
1847 5460 2060 5524 ante”,
2086 5475 2209 5524 pra.

647 5518 833 5582 cipieas
857 5529 907 5568 nt
929 5534 1037 5581 qua-
1068 5538 1088 5562 ι
1113 5525 1140 5582 ἒξ
1172 5517 1306 5582 tione
1331 5527 1378 5566 et
1403 5517 1721 5582 s:,l|icitudine
1755 5517 1996 5568 taret-lliui
2020 5517 2210 5582 sizecta-

656 5598 677 5624 ι
697 5579 806 5627 tilis
831 5579 1196 5646 ltttettiorizt'__\‘iri_
1227 5589 1389 5626 ωηιιύ
1415 5581 1853 5646 lxioat'tslasgesta
1876 5591 2015 5646 sunt.
2036 5579 2210 5646 {erpe-

657 5659 678 5705 ε
702 5650 828 5689 tuant
853 5645 1056 5705 habent
1081 5641 1351 5705 ﬁrmitatem
1373 5655 1386 5690 :
1413 5660 1434 5686 1
1464 5642 1514 5689 iu
1535 5640 1617 5689 lio.
1648 5644 1704 5691 16
1859 5640 2056 5705 “at:on
2178 5648 2213 5700 ὃ

651 5701 712 5756 (lc
737 5705 1000 5764 ttazreticis,
1026 5704 1123 5766 leg.

1830 281 1885 335 s.
1927 273 2288 336 AUGUSTINI
2327 273 2624 334 EPISGOPI
3766 292 3844 350 ω

2343 389 2523 453 credo,
2554 404 2650 444 nec
2680 388 2869 444 fratres
2897 391 3000 445 mei
3029 392 3119 462 qui
3145 399 3197 447 te
3226 392 3276 447 in
3301 392 3512 465 loquelis
3530 396 3843 466 andiernnt,et

2342 479 2521 534 auditu
2552 493 2710 551 atque
2739 483 2878 535 ontni
2913 495 3036 536 ntttu
3059 485 3298 539 viderunt
3324 489 3465 556 signa
3486 488 3670 559 benigni
3699 504 3835 560 pecto-

2343 571 2416 625 ris
2447 575 2538 625 tui.
2568 574 2692 637 Sed,
2724 574 2944 627 obsecro
2971 584 3038 637 te,
3087 575 3296 646 ignosce
3331 577 3680 634 credentibus:
3707 580 3842 640 hami.

2342 678 2437 718 nes
2461 666 2600 717 enim
2632 674 2772 727 sunt,
2805 675 2854 719 ct
2901 666 2951 718 in
2978 665 3170 720 animis
3206 666 3468 722 hominum
3506 678 3650 724 tanta:
3675 672 3840 731 Iaurbrz

2340 767 2481 822 sunt,
2511 768 2559 810 et
2591 759 2715 812 taati
2745 773 3004 820 recessus,
3045 767 3101 813 ut
3133 775 3316 815 omnes
3341 763 3605 830 sn~piciosi
3630 779 3731 819 cunt
3764 783 3846 823 me-

2340 849 2442 901 rito
2467 849 2764 916 culpentnr,
2801 851 2957 904 etiam
3002 850 3200 904 laudari
3244 852 3552 907 arbitrentur
3585 869 3638 908 sc
3672 855 3843 925 debere,

2337 941 2477 1007 quod
2503 941 2641 993 cauti
2682 941 2805 995 sint.
2834 941 3020 995 Causa:
3062 943 3300 1005 stabant;
3331 944 3397 995 ab
3424 959 3522 997 nni)
3549 960 3710 999 eorum
3744 963 3844 1018 quos

2338 1034 2506 1086 teneri
2541 1032 2626 1085 ille
2652 1043 2868 1099 repente
2912 1045 3229 1103 praeceperat
3262 1076 3278 1100 ,
3325 1037 3668 1105 gravissimam
3695 1049 3737 1093 te
3758 1055 3846 1110 pis-

2338 1135 2454 1174 snm
2483 1121 2644 1176 fuisse
2671 1123 2912 1189 injuriam
2953 1140 3282 1178 noveramus.
3318 1124 3498 1179 Frater
3536 1143 3719 1197 quoquc
3741 1130 3843 1199 ejus,

2339 1213 2510 1282 inquo
2540 1214 2826 1268 Ecclesiam
2855 1216 3082 1270 maxime
3105 1226 3408 1285 persecutus
3427 1225 3524 1281 est,
3577 1219 3731 1273 nescio
3753 1221 3847 1289 quid

2334 1303 2538 1360 duriter
2582 1305 2732 1374 quasi
2780 1321 2854 1374 pr.
2879 1305 3054 1361 ferens
3094 1307 3186 1360 tibi
3231 1307 3561 1374 reSpondissc
3606 1309 3843 1366 dicebatur.

2338 1396 2661 1449 l’utabantur
2688 1397 2780 1451 tibi
2823 1399 2980 1451 ambo
3019 1413 3139 1452 esse
3181 1400 3434 1468 suspecti.
3485 1400 3711 1454 Postulati
3750 1418 3843 1456 cum

2333 1490 2606 1553 abiissenl,
2641 1500 2691 1543 te
2713 1491 2816 1544 illic
2843 1501 3170 1554 remanente,
3202 1501 3255 1544 et
3284 1507 3404 1544 cum
3435 1489 3524 1544 illo
3542 1494 3778 1557 secretius,
3802 1501 3844 1547 ut

2335 1580 2617 1640 ferebatur,
2643 1581 2906 1650 loquente,
2937 1581 3114 1634 subito
3136 1581 3266 1650 jussi
3289 1591 3410 1634 sunt
3432 1582 3658 1636 detineri.
3688 1583 3844 1637 Amici-

2336 1671 2458 1724 tiam
2491 1681 2716 1725 vcstram
2758 1688 2863 1726 non
2912 1684 3196 1736 recentem,
3248 1673 3614 1735 Sedivetercm,
3657 1674 3844 1730 homines

2335 1761 2698 1830 loquebmttnr.
2737 1762 2947 1817 Famam
2970 1765 3316 1819 conﬁrmabat
3345 1776 3488 1818 tanta
3517 1765 3846 1834 conjunctio,et

2334 1861 2438 1906 tam
2475 1855 2577 1905 assi
2603 1857 2681 1906 tua
2732 1855 2895 1908 solius
2923 1872 3041 1908 cum
3082 1856 3198 1909 solo
3239 1856 3621 1910 sermocinatio.
3655 1855 3843 1910 Potestas

2333 1943 2470 1996 illius
2505 1961 2688 2014 magna
2732 1955 2854 1999 tunc
2892 1955 3025 1999 crat.
3072 1946 3362 2001 Caluumia:
3391 1947 3601 2000 facultas
3635 1946 3838 2000 radiabat.

2329 2031 2442 2086 Non
2467 2044 2573 2087 erat
2605 2035 2803 2102 grande
2833 2036 3098 2102 negotium
3132 2035 3405 2104 procurari
3429 2036 3660 2101 aliquem,
3686 2037 3758 2105 qui
3781 2034 3839 2088 ιΙίο

2329 2135 2473 2179 ceret
2501 2128 2638 2194 qnod
2665 2127 2833 2182 salute
2860 2128 3114 2197 promissa
3140 2129 3422 2183 dicendum
3461 2128 3544 2183 ille
3575 2129 3838 2183 mandasset.

2329 2217 2515 2268 Omnia
2549 2217 2599 2270 in
2635 2228 2870 2285 tempore
2911 2220 3013 2273 isto
3055 2220 3499 2289 suﬁrzigztlmttlur,
3530 2220 3841 2273 utetiamqu

2331 2316 2485 2372 teste,
2515 2319 2760 2379 tanquam
2792 2311 3124 2367 imidioso‘ct
3149 2313 3392 2366 credibili
3423 2314 3650 2379 crimine,
3674 2313 3840 2383 sineju.

2328 2397 2499 2454 bentis
2524 2400 2828 2457 discrimine
2849 2403 3070 2471 quilibet
3091 2403 3158 2457 de
3184 2405 3361 2465 medio
3388 2406 3666 2459 tolleretur.

2398 2492 2451 2546 5.
2481 2493 2586 2547 Nos
2616 2497 2835 2562 interea,
2861 2497 3109 2568 quoniam
3141 2512 3321 2551 rumor
3350 2507 3464 2552 crat
3484 2498 3614 2567 quod
3634 2497 3837 2553 ecclesia-

2327 2585 2455 2638 stica
2484 2601 2669 2638 manus
2699 2597 2872 2654 posset
2910 2588 3259 2654 eerripere,
3289 2587 3440 2642 falsis
3466 2588 3836 2657 promissionilms

2327 2672 2668 2737 lndebamnr;
2701 2687 2752 2728 nt
2772 2677 2860 2728 illo
2880 2691 2980 2730 non
3008 2679 3176 2730 solum
3197 2677 3354 2746 quasi
3373 2680 3594 2739 volente,
3622 2677 3702 2732 sed
3722 2678 3838 2731 etiam

2327 2766 2575 2831 instante,
2609 2782 2704 2834 pro
2739 2768 2818 2821 eis
2846 2767 2909 2820 ad
2937 2766 3253 2821 Comitatum
3281 2770 3560 2838 episcopus
3584 2768 3837 2830 mitteretur,

2325 2873 2385 2912 ea
2435 2859 2810 2926 pollicitatione
2858 2860 3163 2928 interposita
3206 2861 3593 2930 episcopalibus
3639 2859 3834 2920 auribus.

2325 2948 2462 3017 quod
2480 2946 2648 3002 donec
2671 2949 2864 3018 aliquid
2895 2950 3080 3018 procis
3102 2950 3209 3004 illic
3231 2963 3498 3023 ageretur,
3539 2950 3715 3004 nullutn
3743 2963 3836 3002 cau-

2325 3053 2397 3092 sa:
2441 3039 2648 3092 illorum
2696 3038 3013 3094 excitaretur
3069 3056 3308 3094 examen.
3369 3042 3661 3104 Postremo,
3711 3037 3837 3108 pridie

2323 3144 2478 3198 quam
2529 3131 2828 3194 lerircntur,
2878 3130 3018 3183 venit
3046 3130 3111 3183 ad
3134 3145 3230 3184 nos
3259 3130 3567 3185 Praestantia
3597 3141 3702 3191 tua;
3725 3142 3835 3196 spem

2322 3219 2535 3284 dedisti,
2568 3222 2776 3290 qnaleut
2823 3237 3086 3291 nunquam
3140 3232 3292 3277 antea
3335 3223 3577 3285 dedi-ras,
3620 3219 3735 3292 quod
3769 3232 3838 3275 eos

2325 3313 2415 3366 tibi
2463 3321 2640 3379 posset
2685 3313 2974 3368 concedere
3013 3313 3311 3383 profecturo
3334 3356 3354 3377 ,
3404 3331 3521 3369 cum
3561 3314 3624 3367 illi
3661 3311 3840 3382 graviter

2323 3403 2713 3472 prudenterque
2733 3403 2977 3468 dixisses,
3011 3413 3175 3458 totum
3198 3403 3344 3472 qttml
3378 3413 3546 3459 tecnttt
3567 3399 3836 3458 tatttassiduc

2321 3490 2633 3546 familiarius
2669 3495 3027 3564 sccretinsquc
3069 3494 3404 3563 loqueretur,
3437 3512 3537 3549 non
3561 3505 3607 3549 te
3633 3493 3835 3547 honorare

2323 3585 2495 3651 potius
2522 3599 2678 3652 quam
2703 3599 2922 3653 gravare
2952 3585 2990 3644 ',
3020 3593 3177 3654 atque
3205 3584 3270 3638 ad
3299 3585 3354 3638 id
3381 3585 3569 3647 valere,
3593 3583 3712 3653 quod
3733 3595 3835 3636 com-

2319 3676 2583 3728 municato
2612 3683 2665 3728 et
2703 3683 3022 3745 pet-tractato
3051 3677 3191 3729 inter
3215 3691 3307 3728 vos
3335 3678 3522 3731 mortis
3549 3691 3708 3729 eorum
3738 3686 3833 3726 cou-

2317 3763 2456 3824 silio,
2485 3778 2640 3818 nemo
2663 3764 2927 3820 dubitaret
2946 3765 3068 3833 quid
3090 3774 3205 3834 post
3229 3765 3346 3821 haec
3369 3766 3542 3820 omnia
3560 3770 3829 3834 sequeretur.

2317 3854 2446 3921 Qua:
2485 3871 2603 3910 cum
2631 3865 2682 3910 te
2715 3855 2911 3910 dixisse
2932 3856 3081 3910 nobis
3107 3857 3388 3919 indicares,
3415 3858 3548 3911 inter
3569 3852 3828 3910 narrandum

2319 3962 2545 4016 namque
2574 3947 2795 4002 tendens
2818 3948 2868 4002 in
2899 3961 3019 4001 eum
3047 3947 3217 4001 locum
3249 3949 3337 4002 tibi
3367 3948 3684 4003 celebrantur
3697 3955 3830 3997 sacra-

2317 4051 2489 4091 menta
2536 4038 2787 4101 ﬁdelium,
2832 4039 3162 4106 stupentibus
3189 4038 3342 4092 nobis
3369 4040 3436 4092 ita
3472 4037 3646 4108 jumsti
3686 4045 3728 4087 te
3757 4033 3829 4085 ista

2314 4130 2531 4191 dixisse,
2562 4143 2740 4184 utnon
2781 4132 2950 4183 solum
2978 4139 3120 4193 tunc,
3151 4143 3332 4183 verum
3383 4130 3537 4183 etiam
3583 4139 3703 4179 nunc
3740 4126 3827 4190 post

2315 4229 2420 4275 tam
2450 4220 2769 4274 horrendum
2801 4221 3121 4288 inopinattnn
3151 4220 3372 4284 cxittnn,
3402 4234 3521 4272 cum
3549 4227 3655 4270 tuos
3688 4220 3829 4266 onmel

2315 4323 2472 4366 nutus
2523 4311 2720 4371 recolo.
2773 4311 2931 4365 nimis
2961 4311 3089 4364 mibi
3126 4310 3402 4378 impudens
3428 4309 3616 4370 videar,
3643 4306 3680 4358 si
3711 4303 3763 4356 de
3787 4307 3826 4352 te

2311 4395 2506 4474 aliquid
2540 4405 2661 4456 mali
2703 4403 2934 4457 credam.
2957 4402 3156 4470 Quibus
3188 4403 3290 4456 tuis
3321 4402 3495 4457 verbis
3515 4401 3588 4456 sic
3607 4412 3712 4453 eum
3739 4407 3828 4463 pcr-

2313 4505 2513 4549 motnm
2559 4494 2719 4549 fuisse
2745 4493 2978 4560 dicebas,
3023 4495 3162 4564 quod
3189 4495 3332 4549 velut
3358 4493 3606 4548 familiare
3633 4487 3824 4542 viaticum

2313 4587 2402 4640 tibi
2429 4600 2610 4638 eorum
2635 4585 2927 4639 donaturus
2945 4594 3086 4640 esset
3109 4585 3352 4640 salutem.

2382 4679 2414 4729 ϐ
2465 4673 2611 4730 Unde
2639 4685 2804 4730 testor
2845 4676 3116 4730 Dilectioni
3144 4684 3268 4740 tum,
3302 4685 3516 4745 postero
3551 4673 3649 4733 die,
3675 4681 3761 4736 quo
3778 4663 3824 4717 il-

2313 4766 2414 4821 lius
2439 4767 2799 4835 parturitionis
2845 4768 3080 4822 nefarius
3105 4767 3244 4821 fetus
3267 4777 3348 4822 est
3377 4778 3524 4820 ortus
3545 4808 3558 4827 ,
3583 4777 3689 4819 cum
3713 4763 3820 4813 esset

2311 4859 2463 4912 nobis
2490 4869 2705 4928 tepente
2734 4861 3024 4913 nuntiatum
3055 4859 3170 4913 illos
3197 4876 3227 4910 e
3248 4874 3464 4915 carcere
3491 4857 3552 4911 ad
3577 4872 3685 4911 eum
3713 4848 3822 4919 judi~

2311 4967 2426 5005 cent
2470 4952 2690 5015 ductos,
2722 4969 3018 5022 quanquam
3050 4952 3333 5020 perturbati
3379 4949 3645 5011 fueritnns,
3687 4953 3821 4998 tamen

2311 5061 2408 5112 ego
2434 5045 2776 5099 considerans
2815 5057 2869 5099 et
2912 5062 3029 5113 qua:
3059 5046 3208 5099 nobis
3237 5046 3406 5113 pridie
3445 5045 3669 5101 dixeras,
3691 5048 3731 5089 ει
3755 5028 3821 5099 ιιιι

2311 5143 2451 5188 esset
2501 5144 2617 5202 post
2661 5135 2805 5188 illmn
2835 5146 3114 5189 exorturus
3141 5135 3256 5188 dies
3279 5176 3295 5198 ,
3327 5134 3569 5204 quoniam
3610 5127 3723 5184 ιιωιί
3743 5121 3820 5190 ει·

2315 5223 2479 5292 priani
2502 5236 2611 5278 erat
2656 5225 2889 5294 pridiana
2928 5225 3233 5279 solemnitas
3260 5224 3332 5296 (ιι)
3354 5264 3371 5291 ,
3403 5218 3678 5279 existimavi
3709 5206 3817 5283 ιιυοά

2377 5383 2394 5416 ί
2429 5389 2558 5439 ιον..
2575 5391 2903 5446 ωφιενεηιιιτ,
2927 5395 3018 5432 non
3040 5391 3086 5433 te
3105 5382 3330 5434 honorari
3351 5380 3634 5445 potiusth
3651 5362 3815 5439 θωπί·

2373 5465 2446 5574 (τι)
2469 5474 2511 5515 S.
2539 5466 2790 5516 ttarcelliai
2813 5469 2974 5518 aedes
2995 5469 3053 5516 ad
3075 5469 3207 5516 diem
3227 5470 3258 5516 6
3278 5466 3439 5516 auritis
3460 5469 3654 5515 relertur
3673 5459 3712 5506 iu
3735 5461 3818 5501 ω’·

2373 5542 2418 5574 ro
2436 5528 2560 5574 atriis
2585 5543 2596 5553 ‘
2623 5542 2764 5574 u'tam
2791 5539 2952 5574 tamen
2977 5531 3066 5574 hoc
3089 5543 3150 5574 ex
3179 5530 3280 5574 lum
3304 5502 3454 5574 iiuuet
3497 5533 3648 5574 tactam
3685 5523 3818 5566 ωέυεε

2315 5502 2596 5596 ῑδτδυίυξςίἰδς
2623 5542 2764 5591 quam
2791 5502 2952 5596 ιξιῖξῖςιι
2977 5531 3066 5596 hoc
3089 5543 3150 5579 ex
3179 5530 3280 5579 loco
3304 5502 3473 5596 iiquet_
3497 5533 3653 5596 lactant

2312 5581 2517 5650 septem.
2540 5589 2598 5646 ri,
2623 5581 2822 5654 tiuoaut
2844 5590 2998 5654 altero
3019 5592 3100 5639 die
3122 5599 3236 5654 ante
3259 5600 3321 5654 5.,
3343 5581 3420 5649 Cyl
3438 5588 3550 5654 ιςξωὶ
3591 5581 3818 5654 soleant}:

2314 5639 2447 5714 tein,
2464 5671 2486 5694 ι
2510 5639 2699 5714 t-;t_s:tne
2722 5650 2849 5714 illius
2870 5652 3073 5714 obitum,
3095 5653 3164 5702 ait
3185 5639 3492 5714 Henricus-de

2326 5692 2854 5775 ξ’ῖ,
2873 5692 3086 5763 nam;
3095 5692 3488 5775 Emittam;
3505 5692 3535 5758 ὁ
3551 5692 3712 5767 armis.
3730 5692 3816 5747 in“
