4004 6378
166 474 244 534 tu
1247 465 1668 525 Epts'romnu

1776 465 2027 527 ZLASSIS
2063 464 2147 527 Ill.

164 592 283 648 etiam
304 583 501 656 elegerit
521 579 675 648 diem,
706 595 813 650 quo
834 591 887 638 et
911 580 1003 637 tibi
1033 582 1292 653 postulata
1318 584 1655 651 concederet,

163 693 203 739 et
221 680 472 735 universam
501 676 688 731 Christi
716 675 1004 730 Ecclesiam
1032 687 1252 744 repente
1277 675 1569 741 lielllicans,
1592 675 1659 729 ad

162 775 294 831 locum
332 768 445 824 tanti
490 766 730 838 martyris
775 765 1065 822 ascendere
1112 767 1373 831 voluerit,
1405 766 1658 837 parcendi

162 862 419 931 benignitate
442 874 588 928 quam
612 856 887 913 occidendi
912 867 1170 926 potcsutte
1199 857 1504 920 sublimior;
1535 874 1656 913 cum

160 967 252 1010 ecce
282 949 413 1005 nobis
439 949 643 1002 nuntius
677 947 827 1002 irrttit
850 989 864 1010 ,
894 962 999 1018 quo
1044 949 1189 1017 prius
1227 962 1505 1018 percussos
1541 963 1661 1003 esse

160 1056 394 1100 scissemus.
418 1055 566 1106 quam
586 1038 853 1109 quomodo
896 1040 1205 1096 audirentur
1251 1055 1492 1110 quzcrcre
1520 1041 1662 1096 vale-

160 1147 307 1190 remus.
348 1131 578 1187 l‘r0visns
610 1132 752 1187 enim
795 1143 909 1186 erat
945 1141 999 1186 et
1040 1133 1309 1202 prosimus
1340 1133 1522 1195 locus,
1554 1149 1657 1187 non

158 1224 368 1294 suppliriis
392 1223 650 1276 hominum
678 1222 991 1289 dcrulatus,
1014 1223 1107 1279 sed
1134 1236 1451 1279 ornamento
1487 1227 1659 1294 potius

158 1316 343 1372 civitatis.
372 1315 449 1368 ubi
481 1314 664 1368 interitu
682 1314 917 1369 creditur
942 1324 1216 1382 propterea
1244 1314 1502 1384 quosdam
1534 1325 1660 1371 ante

158 1410 304 1476 aliquot
319 1408 421 1461 dies
442 1406 658 1476 jussisse
684 1406 928 1469 utactari,
964 1423 1029 1461 ne
1058 1407 1109 1461 in
1139 1408 1252 1460 istis
1282 1407 1536 1461 invidiosa
1566 1421 1661 1461 no-

157 1504 251 1556 vitas
270 1512 391 1556 esset
419 1519 432 1554 :
456 1515 586 1571 quos
614 1500 892 1555 consilium
923 1494 1020 1553 fuit
1045 1500 1121 1554 sic
1148 1514 1302 1569 posse
1328 1497 1532 1569 subripi
1564 1500 1661 1553 lic-

154 1596 298 1654 clesim.
324 1595 361 1649 si
389 1608 486 1648 non
511 1595 679 1648 solum
706 1594 883 1649 subito
923 1593 1063 1649 feriri
1086 1593 1403 1661 jnbercntur
1424 1633 1439 1654 .
1474 1608 1658 1649 verum

152 1686 268 1742 etiam
309 1685 352 1738 iu
390 1686 501 1739 loco
541 1685 783 1755 proximo
829 1683 1129 1739 ferirentnr.
1177 1683 1317 1740 Satis
1360 1685 1535 1753 itaque
1583 1684 1663 1739 in-

152 1775 297 1831 dicarit
326 1775 367 1830 ei
414 1785 560 1833 matri
607 1790 664 1831 se
692 1774 888 1830 inferre
931 1792 1033 1829 non
1066 1774 1304 1830 timuisse
1331 1775 1617 1829 cruciatum
1639 1814 1658 1842 ,

150 1866 261 1936 cujus
278 1867 429 1920 timuit
450 1868 797 1921 interventum
817 1884 831 1928 ;
858 1865 1106 1921 Ecclesia:
1126 1866 1327 1921 scilicet
1347 1874 1567 1929 sanctzc,
1589 1865 1662 1918 in-

154 1968 209 2013 ter
226 1959 351 2027 cujus
385 1959 557 2012 lideh-s
605 1960 656 2013 in
687 1958 804 2027 ejus
843 1957 1049 2029 gremio
1079 1957 1368 2029 baptizatos
1396 1969 1447 2013 et
1487 1959 1659 2027 ipsum

153 2053 285 2119 utique
320 2066 641 2105 noveramus.
697 2052 820 2105 Post
866 2052 1004 2106 hunc
1039 2051 1196 2121 igitur
1220 2050 1346 2104 tanti
1376 2049 1662 2106 moliminis

151 2144 316 2203 exitum.
342 2159 450 2198 cum
479 2154 582 2198 tam
605 2142 891 2212 diligenter
914 2141 1187 2197 nobiscum
1213 2152 1388 2197 actum
1414 2149 1575 2207 esset,
1606 2150 1663 2196 ut

151 2232 266 2286 eti-un
287 2249 366 2302 per
389 2245 437 2289 te
459 2274 473 2299 ,
500 2232 601 2289 etsi
628 2233 897 2288 nesciente
923 2243 975 2287 te
998 2274 1015 2299 ,
1065 2248 1200 2303 pene
1237 2233 1407 2287 securi
1438 2242 1491 2287 et
1529 2247 1662 2301 pene

148 2324 317 2379 certide
339 2325 494 2380 salute
534 2326 745 2380 illorum
791 2325 960 2392 pridie
992 2326 1269 2388 heremus;
1302 2326 1421 2395 quis
1450 2338 1551 2378 non
1579 2334 1661 2380 ta-

150 2414 257 2477 lutnt,
279 2419 426 2487 qualis
447 2417 717 2472 hominum
748 2417 1027 2472 multitudo
1046 2425 1149 2481 est,
1180 2417 1528 2471 imlubitalutn
1559 2416 1660 2472 lla-

149 2506 286 2569 berrl,
308 2508 448 2563 rti:un
474 2524 502 2563 a
543 2518 598 2563 te
631 2508 782 2563 nobis
813 2509 971 2564 terba
1002 2508 1145 2571 data,
1176 2508 1282 2562 illis
1309 2509 1540 2562 animam
1569 2508 1663 2561 ab—

148 2596 297 2651 latam?
321 2598 445 2661 Iden,
467 2599 609 2654 sicut
631 2600 763 2660 dixi.
785 2600 863 2653 vir
892 2599 1049 2665 hom,
1073 2599 1282 2653 etiamsi
1313 2614 1410 2654 nos
1435 2600 1535 2654 hoc
1556 2615 1661 2654 non

146 2686 372 2747 credimus.
402 2688 618 2760 ignosce
642 2688 1001 2745 credentibus.

197 2778 237 2831 7.
263 2778 388 2834 Absit
411 2791 585 2834 autem
616 2795 645 2832 a
673 2779 856 2845 corde,
883 2789 940 2834 et
965 2779 1336 2850 qualicumque
1362 2780 1465 2834 vita
1504 2794 1620 2835 mea
1643 2821 1659 2846 ,

145 2872 187 2918 ut
204 2869 314 2935 apud
340 2882 383 2925 te
410 2886 501 2941 pro
527 2872 711 2941 aliqum
732 2870 1136 2931 intercederent,
1167 2872 1247 2923 vel
1277 2886 1307 2922 a
1331 2881 1382 2924 te
1406 2872 1656 2940 cuiquam

146 2956 397 3016 beneﬁcum
440 2964 766 3032 postularem
791 3002 808 3029 ,
854 2962 901 3017 si
945 2970 997 3017 te
1041 2960 1316 3017 crederem
1349 2963 1477 3015 tanti
1511 2963 1665 3030 hujus

146 3048 255 3114 mali,
280 3061 322 3106 et
352 3062 448 3107 tam
472 3054 855 3109 conscelerata:
880 3051 1209 3107 crudelitatis
1237 3062 1527 3107 auctorem.
1558 3051 1665 3108 Sed

146 3138 261 3207 plane
284 3143 446 3205 tatem,
474 3146 518 3199 si
548 3143 714 3200 etiam
748 3144 966 3214 posthac
995 3143 1045 3197 in
1071 3158 1135 3199 ea
1167 3142 1520 3198 familiaritate
1536 3143 1666 3198 estis

144 3233 281 3304 inqua
306 3247 446 3293 antea
476 3238 677 3305 fuistis,
712 3253 843 3310 pace
863 3248 947 3292 tua
978 3236 1047 3292 sit
1066 3236 1201 3292 liber
1228 3236 1414 3301 dolor;
1442 3236 1666 3291 multum

148 3338 218 3380 nos
252 3329 372 3399 quod
402 3330 718 3384 nolebamus
745 3328 1060 3400 compellitis
1086 3328 1325 3384 credere.
1361 3327 1456 3384 Est
1489 3338 1666 3383 autem

143 3429 494 3478 consentaneum
538 3433 603 3476 ut
652 3437 825 3492 neque
865 3421 964 3476 hoc
992 3422 1228 3486 credam,
1257 3420 1347 3492 qui
1376 3421 1444 3476 de
1489 3431 1540 3475 te
1579 3420 1668 3477 illa

145 3522 219 3563 non
264 3512 427 3567 credo.
483 3513 709 3568 Amicus
770 3524 890 3568 tuus
958 3513 1227 3583 itwpinato
1276 3527 1527 3569 successu
1579 3527 1668 3569 re-

144 3603 321 3667 penl'nc
359 3605 637 3674 potestatis
664 3620 768 3658 non
810 3606 976 3675 magis
1011 3613 1317 3673 persecutus
1343 3614 1425 3661 est
1461 3605 1667 3661 illorum

143 3695 281 3760 vitam,
303 3712 449 3766 quam
474 3710 625 3751 tuam
655 3696 868 3749 famam.
896 3696 1001 3750 Nec
1027 3695 1126 3750 ista
1155 3697 1401 3765 loquens,
1430 3681 1548 3749 odia
1577 3706 1665 3751 tua

143 3778 181 3833 in
201 3784 340 3847 illum,
360 3787 459 3841 mei
481 3787 651 3841 animi
674 3801 737 3841 ac
759 3786 1100 3856 professionis
1118 3787 1331 3849 oblitus,
1364 3786 1667 3852 inllammo;

140 3874 279 3930 scdnd
304 3878 591 3934 ﬁdeliorem
639 3894 867 3948 provoco
901 3878 1261 3934 dilectionem.
1287 3879 1387 3947 Qui
1415 3880 1556 3933 enim
1593 3879 1674 3935 sic

140 3966 219 4033 agit
246 3984 351 4022 cum
375 3971 526 4026 malis
550 4012 566 4036 ,
603 3979 657 4024 ut
683 3986 776 4023 eos
805 3969 1016 4024 malitia:
1047 3970 1315 4037 lzmiiiteat,
1349 3971 1492 4023 novit
1514 3970 1672 4025 eziam

140 4052 445 4125 indignatione
487 4062 781 4118 Consulere
812 4079 825 4115 :
860 4076 981 4115 nam
1026 4062 1161 4116 sicut
1208 4060 1333 4115 mali
1360 4063 1554 4115 obsunt
1584 4078 1673 4117 as-

139 4149 372 4217 wtuttdo,
396 4153 465 4208 ita
491 4153 622 4207 Itoni
647 4151 980 4209 adversando
1008 4162 1245 4222 prosunt.
1278 4152 1439 4206 Suam
1480 4154 1675 4223 quippe

140 4238 328 4295 animam
342 4245 528 4298 eodem
556 4243 725 4304 ferro.
750 4257 859 4313 quo
877 4244 1009 4299 alios
1034 4243 1442 4298 ittSolentissime
1460 4244 1673 4313 occidit,

138 4333 308 4397 [larius
327 4335 597 4407 altiusque
626 4336 884 4404 percussit
912 4354 923 4389 :
947 4335 1086 4405 quod
1116 4346 1233 4404 post
1253 4333 1387 4389 hanc
1401 4335 1559 4390 vitam
1590 4376 1606 4401 ,
1629 4336 1675 4392 si

140 4437 329 4482 ηοιιιιιιιιι
340 4429 970 4500 pu-nitendoeorrexerit.
983 4439 1036 4484 et
1046 4430 1289 4499 patientia
1305 4430 1394 4485 Dei
1408 4429 1540 4484 bene
1551 4445 1679 4487 usus

143 4512 287 4584 fuerit,
326 4523 566 4580 invenire
595 4538 658 4578 ac
684 4524 885 4579 sentire
907 4534 1143 4590 cogetur.
1185 4523 1340 4593 Sche
1367 4536 1544 4579 autem
1571 4528 1676 4580 vita

143 4620 335 4675 presens
360 4616 519 4669 etiam
554 4615 838 4679 bonorum,
879 4612 968 4666 Dei
994 4612 1195 4681 judicio
1228 4615 1378 4669 matis
1403 4614 1676 4685 eripienda

142 4703 356 4764 permissa
382 4716 484 4769 est,
509 4721 581 4761 ne
609 4705 732 4760 talia
765 4704 967 4774 perpeti
992 4713 1262 4772 putaretur
1293 4706 1511 4759 malum.
1546 4706 1675 4761 Mori

139 4790 297 4861 quippe
322 4795 371 4849 in
389 4811 558 4851 carne
578 4795 705 4865 quid
725 4804 895 4865 potest
920 4793 1111 4849 obesse
1125 4795 1427 4848 morituris?
1442 4805 1533 4850 aut
1552 4796 1677 4865 quid

140 4888 269 4947 aguut
306 4886 391 4954 qui
430 4887 570 4941 mori
602 4885 810 4950 timent,
843 4883 942 4939 nisi
973 4893 1029 4938 ut
1069 4886 1226 4954 patdo
1271 4885 1529 4953 posterius
1560 4902 1677 4941 mo-

140 4971 347 5031 riantur?
386 4977 657 5047 Quidquid
701 4978 856 5033 obest
900 4977 1282 5039 morientibus,
1310 4991 1376 5031 ex
1404 4978 1541 5041 vita,
1572 4993 1677 5034 non

142 5076 191 5116 ex
210 5078 361 5123 anule
382 5070 679 5139 contingit;
708 5067 761 5124 in
784 5085 888 5139 qua
918 5069 962 5123 si
994 5069 1125 5124 tales
1150 5069 1355 5122 animas
1377 5068 1674 5135 habuerint,

140 5154 343 5218 Qualibus
375 5148 669 5214 cltrisiiana
697 5158 864 5229 gratia
893 5158 1231 5226 subvenitur,
1258 5176 1364 5214 non
1392 5174 1519 5215 sane
1536 5175 1679 5216 mors

141 5256 291 5301 cunno
316 5251 433 5305 vitze
465 5252 622 5306 bona:
649 5264 873 5306 occasus
915 5250 1031 5312 fuit.
1057 5250 1153 5306 sed
1185 5251 1423 5307 melioris
1448 5252 1675 5306 occasio.

194 5336 240 5391 8.
268 5339 329 5395 Et
370 5342 593 5413 majoris
615 5340 692 5413 (ιι)
729 5340 942 5412 quidem
989 5356 1166 5397 mores
1194 5343 1517 5414 apparebant
1559 5340 1682 5397 huic

144 5511 157 5533 ι
175 5494 284 5545 satis
301 5497 558 5561 evincitur,
599 5497 726 5561 quod
750 5497 842 5548 boc
861 5508 988 5547 anno
1009 5496 1102 5547 415
1122 5497 1431 5548 lteraclianus
1459 5510 1568 5547 cum
1592 5512 1681 5548 nu-

145 5574 155 5589 ~
178 5567 349 5622 mortis:
370 5560 494 5609 aleo
516 5559 673 5609 eiusat:
695 5566 867 5621 aperto
891 5561 1027 5614 mari.
1056 5573 1205 5609 verno
1229 5570 1413 5610 taatum
1459 5571 1681 5622 tempore

144 5638 157 5651 ι
178 5615 357 5682 solvere
379 5622 533 5682 potuit
557 5634 621 5670 ex
668 5615 840 5682 Atrica,
864 5624 1036 5669 urbem
1062 5623 1338 5682 iavasurus;
1363 5634 1472 5670 cum
1519 5615 1683 5673 tamen

146 5693 159 5713 ι
182 5678 425 5746 _Ircel_lini
467 5694 617 5739 unus,
640 5681 901 5746 ﬂet-achaei
925 5684 972 5746 ia
996 5680 1124 5730 Italia
1148 5682 1396 5746 exercitus
1424 5692 1639 5746 stragem
1662 5720 1677 5746 ,

146 5752 160 5776 ο
180 5742 345 5805 tyranni
375 5755 534 5805 ugan
557 5754 613 5792 ac
633 5744 825 5793 tandem
846 5745 1031 5792 caedem
1052 5752 1308 5793 wnsecuta
1332 5745 1494 5793 fuerit.
1523 5742 1543 5787 ἦ

207 5803 496 5867 «nescitam
515 5816 581 5852 an
602 5804 921 5867 bic_desigttet
943 5805 1215 5867 .giringium
1231 5808 1461 5867 judicent,
1486 5808 1682 5855 fratrem

190 5818 496 5860 waesctmus
515 5818 581 5852 an
602 5818 674 5853 me
694 5818 921 5854 aestimet
943 5818 973 5850 ,ι
993 5818 1215 5865 .rmgnnu
1231 5818 1461 5867 judicent,
1486 5818 1681 5855 tratrem

142 5859 388 5922 Marcellini,
411 5877 474 5913 es
524 5863 724 5927 epistola
753 5842 855 5923 ιδῖ,
879 5879 928 5915 ιι.
953 5818 1002 5921 δ.
1027 5875 1079 5916 et
1101 5864 1436 5930 proconsulem
1458 5868 1509 5919 iu
1531 5868 1681 5919 Africa

354 5944 583 6016 Sane-1'.
615 5950 888 6033 Auavs'r.
939 5948 1011 6011 '1.

3235 486 3343 546 ϐω

1766 581 1962 634 sacculo
2010 583 2288 641 amiciores
2330 600 2448 642 esse
2479 602 2635 657 quam
2661 588 2905 657 Christo;
2950 606 3249 665 quanquam
3284 613 3341 655 et

1766 670 1879 742 ipse
1893 673 2178 742 jurenilem
2198 678 2345 747 prius
2365 680 2776 752 saecularemque
2796 684 2955 740 vitam
2968 700 3133 742 uxore
3152 688 3333 759 ducta,

1767 777 1873 817 non
1904 780 2061 834 parva
2103 783 2166 822 ex
2196 778 2343 838 parte
2381 782 2705 827 correxerat.
2734 772 2847 829 Non
2891 786 3065 832 tamen
3108 778 3336 839 fertasse

1768 856 2073 913 misericors
2105 861 2242 916 Deus
2284 861 2459 918 fratris
2498 880 2619 919 eum
2644 880 2763 921 esse
2801 868 2851 921 in
2880 879 3049 925 morte
3083 875 3333 930 comitem

1770 947 1868 1001 nisi
1896 950 2154 1006 miserans
2179 953 2362 1007 voluit.
2399 954 2489 1008 ille
2516 971 2641 1010 vero
2672 958 2804 1011 alius
2830 959 3073 1032 religiose
3100 964 3246 1025 vivit.
3286 976 3341 1023 et

1769 1039 1988 1093 multum
2016 1042 2177 1097 corde
2194 1044 2399 1115 vitaque
2417 1046 2721 1101 christiana.
2751 1049 2873 1106 llarc
2898 1068 3018 1107 eum
3043 1054 3177 1109 fama
3206 1073 3338 1127 prr-

1767 1131 1948 1194 ccssit,
1980 1142 2035 1184 nt
2061 1133 2111 1187 in
2141 1150 2297 1189 causa
2329 1135 2581 1191 Ecclesim
2609 1140 2683 1209 (a)
2705 1141 2781 1196 sic
2800 1144 3033 1203 veniret:
3067 1145 3099 1199 il
3120 1162 3180 1201 re
3208 1166 3335 1203 cou-

1767 1230 1948 1274 sccnta
1989 1233 2070 1277 est
2114 1239 2235 1280 cmn
2278 1230 2525 1283 venisset.
2567 1229 2695 1299 Qu.e
2726 1234 2796 1288 illi
2847 1251 2971 1290 vero
3017 1241 3251 1306 probitas
3282 1242 3334 1297 in

1768 1312 2026 1376 moribus,
2060 1314 2110 1368 in
2152 1317 2381 1372 amicitia
2413 1320 2541 1375 lides
2565 1362 2579 1384 ,
2609 1322 2659 1376 itt
2703 1322 2941 1378 doctrina
2983 1331 3211 1383 studium
3234 1372 3249 1394 ,
3283 1332 3336 1387 in

1768 1402 2026 1473 religione
2053 1407 2353 1472 sinceritas,
2384 1411 2436 1464 in
2475 1412 2718 1482 conjugio
2743 1416 2987 1482 pudicitia
3013 1460 3028 1483 ,
3061 1419 3110 1471 ia
3137 1422 3337 1488 judicio

1766 1495 2122 1558 continentia;
2150 1513 2271 1568 erga
2303 1500 2543 1555 inimicos
2567 1506 2813 1571 patientia
2841 1548 2855 1569 ,
2883 1523 3005 1578 erga
3034 1514 3233 1566 amicos
3259 1514 3339 1569 af-

1769 1579 2014 1647 fabilitas,
2033 1602 2154 1657 erga
2180 1598 2392 1646 Sanctus
2413 1592 2695 1657 humilitas,
2715 1610 2836 1664 erga
2863 1614 3050 1654 omnes
3070 1602 3333 1670 charitas;

1768 1670 1821 1725 in
1871 1673 2137 1729 beneﬂciis
2155 1681 2466 1746 prmstamlis
2504 1683 2745 1744 facilitas.
2779 1687 2829 1740 itt
2859 1691 3095 1755 petendis
3143 1693 3334 1761 pudor,

1769 1762 1822 1817 in
1851 1774 1991 1819 recte
2020 1764 2351 1831 fartisatnor,
2384 1774 2433 1825 in
2466 1776 2693 1841 pereatis
2719 1778 2908 1833 dolor!
2939 1781 3201 1846 Quantum
3233 1784 3334 1840 tle-

1766 1867 1863 1908 eus
1890 1855 2199 1921 honestatis,
2231 1860 2318 1928 qui
2344 1862 2593 1929 splendor
2616 1867 2797 1935 gratiae
2817 1908 2832 1931 ,
2865 1886 2981 1938 qua:
3018 1888 3141 1925 cura
3174 1874 3341 1940 picta-

1768 1944 1864 2007 tis;
1892 1962 2008 2013 qna:
2033 1947 2083 2001 in
2105 1950 2463 2007 subveniendo
2491 1955 2851 2011 mia-ricordia
2880 2003 2892 2015 .
2925 1962 2974 2014 in
3010 1963 3334 2031 ignoscendo

1768 2034 2156 2102 benevolcmia,
2181 2040 2231 2093 in
2258 2042 2459 2096 orando
2478 2046 2691 2101 [idm-ia!
2721 2049 2868 2115 Quod
2892 2054 3175 2109 sa'nhriter
3196 2059 3335 2114 scie—

1770 2124 1878 2191 bat,
1911 2142 2011 2197 qua
2038 2131 2289 2186 modestia
2317 2132 2656 2203 loquebitur!
2685 2140 2823 2209 quod
2848 2142 3098 2199 inutiliter
3124 2148 3332 2202 nescie-

1769 2216 1876 2282 bat,
1903 2235 2005 2289 qua
2031 2221 2301 2291 diligentia
2340 2228 2709 2283 scrutabatur!
2749 2234 2986 2298 Quantus
3017 2238 3066 2288 in
3109 2253 3175 2292 eo
3203 2254 3336 2293 con-

1770 2319 1999 2380 temptus
2017 2329 2189 2368 rerum
2208 2331 2344 2386 prars
2364 2318 2572 2374 'lllilllll!
2592 2332 2781 2390 quanta
2800 2338 2922 2391 Spes
2939 2335 2989 2399 ιιι
3019 2327 3337 2387 desiderittm

1768 2402 2026 2459 bonormn
2048 2411 2392 2463 mternorum!
2424 2410 2496 2466 Ne
2520 2413 2718 2468 relictis
2735 2416 2979 2471 onuiiluts
2999 2422 3341 2477 Sa-cttlaribus

1769 2495 2063 2552 actionibus
2106 2500 2398 2568 suseiperct
2434 2503 2699 2571 cingulum
2750 2506 2949 2560 militi:e
2990 2508 3331 2579 christiana},

1770 2584 2033 2640 vinculum
2075 2590 2431 2658 pra'pcdiebat
2478 2594 2718 2647 uxorium
2738 2637 2752 2659 ,
2784 2612 2890 2665 quo
2923 2598 3031 2665 jam
3061 2600 3342 2659 innudatus

1769 2685 2003 2742 coeperat
2028 2680 2405 2747 Concupiscere
2434 2684 2674 2748 meliora,
2706 2687 2918 2754 quando
2942 2690 3053 2757 jam
3075 2708 3178 2745 non
3211 2694 3340 2750 lice-

1769 2763 1860 2819 bat
1890 2766 1995 2833 illa,
2021 2771 2263 2837 quamvis
2295 2773 2564 2837 inferiora,
2590 2775 2941 2845 disrumpere.

1840 2854 1893 2910 9.
1925 2857 2163 2924 Quodam
2191 2859 2278 2915 die
2305 2862 2466 2916 frater
2485 2863 2600 2933 ejus
2624 2904 2639 2928 ,
2673 2880 2794 2919 cum
2822 2867 2931 2936 jam
2952 2871 3149 2938 pariter
3172 2872 3224 2926 in
3246 2888 3339 2929 cu-

1771 2949 1940 3002 stodia
1994 2960 2330 3020 tenerentur,
2373 2956 2446 3009 ait
2495 2956 2566 3009 illi
2622 2973 2634 3011 :
2668 2957 2730 3013 Si
2771 2976 2863 3030 ego
2888 2963 2995 3015 Itwc
3022 2981 3115 3033 pro
3154 2967 3345 3022 meritis

1773 3040 1940 3108 patior
1984 3054 2297 3109 peccatorum
2325 3061 2588 3111 meorum;
2627 3057 2677 3099 tu
2698 3088 2714 3113 ,
2755 3052 2898 3122 cujus
2923 3054 3068 3106 vitam
3094 3057 3342 3122 novimus,

1774 3138 1875 3183 tant
1919 3141 2103 3188 attente
2147 3134 2483 3207 [cruentaque
2521 3140 2537 3169 ¹
2566 3140 2910 3205 christianum,
2965 3145 3142 3213 quibus
3193 3150 3341 3204 malis

1774 3222 1963 3277 meritis
1980 3226 2047 3276 at!
2071 3225 2170 3278 ista
2182 3228 2451 3296 perductas
2474 3230 2563 3283 es?
2591 3234 2655 3284 Αι
2675 3233 2762 3286 ille
2787 3251 2799 3286 :
2830 3232 3130 3301 Parrattme,
3161 3239 3346 3309 inquit,

1774 3313 1899 3367 mihi
1942 3316 2199 3370 existimas
2241 3321 2462 3390 conferri
2488 3321 2725 3378 divinitus
2756 3323 3077 3395 bene/icium,
3103 3332 3145 3383 si
3182 3340 3350 3387 tamen

1776 3404 1871 3458 hoc
1915 3408 2253 3461 testimonium
2299 3419 2439 3462 tuum
2480 3412 2542 3465 de
2571 3414 2669 3465 rita
2697 3430 2805 3467 mea
2850 3431 3017 3471 verum
3044 3430 3135 3483 (st,
3167 3430 3221 3473 ut
3254 3422 3350 3475 hoc

1774 3499 1911 3572 quod
1932 3501 2117 3569 patior,
2146 3500 2343 3559 etiamsi
2372 3520 2525 3576 usque
2557 3506 2625 3563 ad
2646 3505 2938 3577 effusionem
2966 3513 3227 3588 sanguinis
3252 3530 3348 3584 pa-

1777 3591 1895 3657 tiar,
1924 3594 1993 3647 ibi
2025 3608 2226 3666 peccata
2255 3614 2364 3652 mea
2399 3602 2673 3668 puniantur
2697 3645 2712 3670 ,
2744 3622 2833 3658 nec
2860 3607 2980 3661 mihi
3015 3610 3081 3662 ad
3118 3615 3349 3682 futurum

1767 3684 2022 3755 judicium
2065 3702 2392 3744 reserventur.
2445 3692 2539 3749 llic
2585 3694 2717 3751 forte
2759 3698 2951 3768 aliquis
2992 3702 3171 3756 credat
3221 3719 3345 3759 eum

1780 3775 1943 3832 fuisse
1967 3778 2065 3832 sibi
2086 3784 2359 3836 conscium
2383 3783 2677 3852 aliquorum
2702 3792 3028 3846 occultorum
3072 3794 3352 3864 impudici.

1781 3866 1866 3920 tim
1891 3880 2248 3936 peccatorum.
2283 3874 2458 3927 Dicam
2491 3878 2758 3946 engoquid
2796 3895 2881 3933 me
2909 3881 3160 3937 llo.i.inus
3188 3885 3348 3955 Deus,

1779 3956 1844 4009 ad
1877 3973 2116 4027 magnam
2138 3978 2307 4014 meam
2335 3965 2768 4028 consolationem,
2795 3985 2856 4023 ex
2879 3970 2994 4038 ejus
3022 3988 3117 4027 ore
3139 3976 3342 4042 audire,

1781 4057 1831 4100 et
1859 4047 2012 4115 plane
2042 4049 2180 4104 Scire
2207 4050 2448 4105 voluerit.
2490 4053 2621 4107 Cum
2644 4056 2708 4108 de
2738 4057 2835 4109 hoc
2862 4059 2996 4126 ipso,
3026 4071 3079 4113 ttt
3106 4076 3229 4116 sunt
3263 4066 3353 4120 ltu-

1781 4152 1958 4201 mana,
1988 4139 2247 4195 sollicitus
2272 4183 2286 4206 ,
2324 4142 2467 4197 stilus
2496 4160 2613 4197 cum
2640 4146 2755 4200 solo
2790 4163 3030 4216 agerem,
3058 4152 3164 4220 jam
3193 4153 3241 4207 in
3272 4171 3354 4210 οτι·

1781 4230 1901 4284 dem
1930 4231 2167 4286 custodia
2196 4234 2481 4287 constituto
2500 4278 2515 4300 ,
2544 4252 2610 4291 ne
2652 4237 2775 4305 quid
2804 4250 2945 4295 esset
2975 4242 3115 4298 unde
3154 4245 3355 4317 majore

1782 4330 1835 4374 et
1860 4320 2146 4391 insigniore
2177 4324 2483 4393 pmnitentia
2528 4327 2690 4381 Deum
2722 4329 2820 4383 sibi
2854 4331 3058 4399 placare
3084 4332 3340 4402 deberet;

1786 4409 1874 4465 ille
1904 4421 1959 4464 ut
1998 4421 2115 4466 erat
2141 4414 2471 4469 verecundae
2502 4418 2561 4469 Sil
2583 4417 2780 4487 gularis
2804 4460 2818 4483 ,
2847 4434 2965 4475 cum
3009 4423 3196 4492 ipsam,
3228 4426 3352 4484 licet

1786 4499 1970 4553 falsam
2008 4517 2176 4556 meam
2206 4504 2560 4572 suspicionem
2593 4508 2946 4575 erubesceret,
2994 4515 3085 4568 sed
3113 4517 3345 4574 admoni-

1785 4590 1980 4645 tionem
2028 4594 2331 4661 gratissime
2381 4597 2680 4666 accipcret,
2726 4602 2963 4658 modeste
3010 4608 3343 4680 graviterque

1783 4681 2083 4745 subridens,
2116 4694 2168 4738 ct
2200 4697 2421 4755 utraque
2466 4704 2622 4741 mamt
2652 4707 2821 4746 meam
2862 4694 3131 4749 dexteram
3162 4714 3349 4769 appre-

1785 4770 2064 4828 ltendens:
2098 4772 2304 4840 Testor,
2344 4777 2530 4848 inquit,
2587 4782 2917 4838 Sacramenta
2952 4804 3063 4857 qua:
3104 4807 3193 4858 per
3216 4792 3349 4847 hanc

1783 4862 2100 4929 a/Teruntar’
2125 4881 2349 4931 manant,
2382 4884 2459 4921 me
2481 4869 2676 4924 uallum
2705 4890 2809 4928 esse
2836 4886 3090 4944 expertum
3114 4882 3351 4937 concubi-

1784 4965 1890 5009 tum
1912 4967 2093 5023 praeter
2112 4974 2334 5023 uxorem,
2360 4977 2448 5014 nec
2468 4973 2598 5024 aute,
2626 4982 2711 5018 nec
2736 4978 2923 5035 11081011.

1858 5046 1942 5101 l0.
1974 5047 2108 5114 Quid
2134 5064 2259 5119 ergo
2289 5052 2409 5105 huic
2437 5053 2487 5107 in
2532 5064 2699 5110 morte
2737 5059 2924 5112 accidit
2962 5062 3081 5117 mali
3107 5106 3121 5131 ,
3154 5082 3214 5121 ac
3244 5085 3350 5126 non

1786 5137 1960 5206 potius
2009 5138 2288 5205 plurimum
2332 5142 2487 5208 boni,
2528 5158 2645 5197 cum
2686 5144 2801 5201 lucc
2856 5149 3054 5207 habens
3104 5155 3242 5213 dona
3281 5162 3347 5217 ad

1784 5250 2457 5333 EiT.°.ilf°’.-'.'=°‘?..E°"‘I‘“sz..‘P}.i
2503 5268 2566 5305 εκ
2614 5257 2817 5333 sese“
2847 5260 2948 5319 ’δδο
2972 5277 3020 5313 ιι-
3046 5265 3094 5324 δν
3121 5267 3349 5333 lmenta-

1784 5326 1894 5392 mtts
1915 5326 1928 5361 :
1955 5314 2036 5376 qui
2061 5315 2204 5386 etiaai
2226 5317 2491 5392 mutatistis,
2506 5316 2630 5379 quod
2642 5314 2713 5392 de
2735 5320 2795 5370 iis
2816 5314 3014 5386 propter
3034 5314 3352 5392 socia-asin}.

1786 5375 2001 5439 ptigium,
2022 5389 2145 5439 suun
2163 5376 2327 5433 sisset.
2353 5375 2537 5427 exosus
2553 5387 2677 5429 erat.

1851 5437 1867 5501 ξ
1904 5442 2032 5501 ιρι,
2053 5435 2434 5501 Ῑνᾳὶιιιριιιειηιιε.

1850 5499 1871 5561 ξ
1906 5496 2163 5561 filiasue/7251
2184 5496 2351 5548 untur;
2409 5507 2460 5548 at.

1848 5558 1922 5619 (ιι)
1945 5558 2181 5631 ριιειΙιειιιι
2204 5561 2308 5631 haec
2330 5573 2561 5631 perquam
2586 5565 2791 5626 egregie
2814 5568 2862 5631 ia
2887 5567 3224 5631 stercellinum,
3270 5578 3355 5623 tri-

1787 5620 1969 5670 bunum
1993 5630 2042 5669 et
2064 5634 2186 5670 nuta
2204 5620 2538 5688 ii_t_m,_’miss_tun
2580 5620 2643 5672 εὖ
2662 5620 2866 5688 Honorio
2888 5629 2933 5675 ia
2960 5630 3172 5688 Atricam,
3199 5620 3250 5683 tit
3270 5620 3353 5685 se.

1787 5691 1990 5754 quenter
2014 5691 2149 5731 esset
2169 5681 2433 5759 imitationis
2456 5684 2581 5759 inter
2602 5687 2863 5759 callidius
2886 5698 2937 5737 et
2959 5681 3247 5759 ponatist'asi
3260 5681 3355 5759 qua

1790 5744 1837 5814 in
1861 5755 2141 5814 causa
2162 5751 2366 5814 strenue
2387 5746 2563 5814 gessit,
2582 5754 2729 5807 atque
2761 5748 2936 5798 idcirco
2980 5753 3131 5814 ipsius
3155 5744 3355 5807 ἱιιιιειοῖιὲΙ

1786 5813 1990 5869 ctorem,
2015 5804 2267 5853 hec-Iesum
2292 5805 2337 5869 in
2359 5804 2419 5854 eo
2440 5804 2973 5869 tuaxiine',,ersecutum
3129 5804 3245 5869 dicit
3259 5804 3356 5868 au.

1787 5868 2027 5931 gustinus,
2049 5878 2194 5930 supra
2217 5878 2267 5914 ιι.
2290 5865 2338 5915 4.

2632 5953 3079 6034 th'ngt-uue.)
