4004 6392
570 517 724 566 ευμεν
745 501 971 575 justam
987 499 1202 570 injustas
1228 496 1247 563 t
1269 494 1453 550 Matth.
1477 465 1536 558 ἑ,
1557 492 1646 552 ιι.
1677 490 1749 546 ts
1781 490 1821 560 ι.
1851 489 1960 544 llac
1979 486 2159 542 indul-

571 607 752 670 gentia
780 607 830 652 et
861 593 1078 652 lenitate.
1119 590 1295 646 divina
1347 586 1543 641 mullos
1588 582 1732 638 abuti
1776 581 1841 635 ad
1871 580 2161 651 perniciem

571 704 726 745 suam
753 688 876 758 quis
898 684 1140 740 nesciat?
1165 683 1310 750 Quos
1332 693 1560 750 arguens
1589 675 1871 746 Apostolus
1899 683 1956 730 et
1980 672 2162 743 gravi-

574 791 655 835 ter
688 781 968 847 increpans
1007 775 1136 830 dicit
1164 791 1178 826 :
1208 771 1487 826 Existimas
1523 780 1709 830 autem.
1753 783 1783 822 ο
1821 766 1971 820 Immo
1999 763 2164 819 omnis

574 872 662 943 qui
683 871 887 941 iudicas
913 885 996 922 eos
1033 864 1118 935 qui
1162 864 1283 918 talia
1306 871 1484 932 agunt,
1511 872 1558 914 et
1585 860 1713 928 facis
1736 875 1817 921 ea.
1845 858 2084 925 quoniam
2108 865 2164 909 tu

583 961 796 1034 eﬂ'ngies
809 959 1062 1032 judicium
1104 956 1241 1010 Dei?
1272 955 1347 1008 An
1374 954 1575 1007 divitias
1603 951 1924 1023 benignitatis
1951 949 2082 1020 ejus,
2114 957 2164 1002 et

577 1055 856 1126 patientur,
883 1065 930 1106 et
972 1050 1370 1120 longanimitatis
1414 1046 1691 1101 contemnis
1712 1047 1738 1099 Ρ
1784 1045 1987 1114 ignoras
2031 1057 2162 1111 quo-

576 1147 713 1201 niam
738 1143 1020 1215 benignitas
1051 1140 1145 1196 Dei
1164 1140 1232 1194 ad
1255 1138 1593 1210 pamitentiam
1628 1146 1675 1189 te
1703 1134 1944 1188 adducit?
1963 1131 2159 1187 Secun-

574 1237 697 1292 dum
719 1245 884 1290 autem
903 1233 1143 1287 duritiam
1159 1242 1300 1285 tuam
1317 1241 1365 1284 et
1394 1246 1480 1284 σοι’
1509 1228 1825 1296 impaenitens
1851 1224 2164 1280 thesauris”

573 1326 661 1381 tibi
680 1326 808 1381 iram
838 1326 890 1379 in
918 1325 1000 1378 die
1033 1323 1125 1378 irte
1142 1331 1190 1376 et
1215 1319 1533 1376 reuelationis
1555 1318 1682 1385 justi
1717 1316 1902 1387 judicii
1937 1313 2050 1378 Dei,
2078 1311 2164 1381 qui

569 1418 747 1475 reddet
775 1417 1048 1485 unicuique
1069 1413 1347 1469 secundum
1376 1427 1529 1482 opera
1554 1411 1665 1481 ejus
1685 1416 1702 1475 (
1726 1407 1878 1462 Rom.
1911 1422 1968 1470 tt,
1995 1403 2096 1461 3—6
2117 1403 2162 1475 ).

573 1507 843 1578 Numquid
874 1510 1126 1574 quoniam
1160 1504 1243 1558 isti
1285 1503 1336 1557 in
1390 1517 1484 1556 sua
1536 1500 1769 1569 nequitia
1801 1504 2163 1567 perseverant,

572 1599 696 1656 ideo
725 1600 863 1654 Deus
884 1598 935 1652 in
964 1612 1058 1650 sua
1083 1596 1332 1666 patientia
1365 1609 1470 1647 non
1503 1600 1809 1662 perseverat
1835 1606 1850 1654 ;
1883 1604 1979 1659 per
2000 1601 2165 1656 pauca

573 1694 628 1748 In
652 1691 752 1745 hoc
781 1689 978 1746 sa-culo
1009 1689 1252 1758 puniens,
1277 1702 1342 1741 ne
1361 1686 1538 1741 divina
1569 1683 1898 1755 providentia
1925 1698 2028 1734 non
2047 1692 2168 1735 esse

574 1782 846 1844 credatur,
865 1791 918 1836 et
942 1781 1106 1835 tuulta
1124 1793 1345 1833 servans
1365 1777 1554 1831 ultimo
1574 1773 1828 1839 exatitiui,
1852 1781 1908 1826 ut
1935 1771 2166 1826 futurum

567 1873 828 1945 judicium
857 1871 1260 1928 commendetur
1276 1871 1302 1923 ?

641 1967 697 2022 5.
726 1965 862 2028 Non,
891 1973 947 2018 ut
969 1963 1177 2034 opinor.
1206 1960 1456 2030 magister
1475 1958 1564 2013 ille
1583 1955 1815 2012 caelestis
1843 1952 2168 2023 impietatem

570 2072 672 2113 nos
695 2057 917 2127 diligere
945 2054 1204 2124 przccipit,
1235 2067 1357 2106 cum
1393 2049 1631 2120 praecipit
1656 2056 1712 2102 ιιι
1732 2057 1944 2101 nostras
1973 2043 2168 2113 diliga-

569 2165 690 2204 mus
719 2147 983 2207 iuitnieos.
1015 2143 1409 2198 benefaciamus
1426 2141 1506 2196 eis
1525 2140 1615 2210 qui
1635 2154 1733 2193 nos
1758 2136 2006 2198 oderunt,
2041 2147 2168 2190 ore-

569 2255 690 2295 mus
715 2255 811 2309 pro
834 2237 914 2293 eis
939 2237 1030 2308 qui
1053 2251 1150 2290 nos
1173 2243 1599 2306 persequuntur;
1630 2247 1750 2285 cum
1775 2227 1956 2298 procul
1981 2226 2165 2291 dubio,

569 2332 616 2387 si
647 2330 733 2401 pie
765 2331 929 2385 Deum
960 2329 1210 2393 colimus,
1243 2325 1494 2380 inimicos
1531 2333 1691 2392 atque
1720 2321 1858 2376 odiis
1883 2319 2167 2375 adversum

569 2438 670 2477 nos
697 2421 976 2476 acerrimis
1017 2419 1265 2473 incitatos
1293 2432 1357 2471 ac
1407 2424 1800 2486 persecutores,
1834 2413 1932 2466 nisi
1975 2409 2170 2480 impios

575 2512 778 2567 habere
810 2529 916 2565 non
947 2509 1232 2581 possimus.
1266 2508 1399 2562 Num
1451 2507 1609 2576 igitur
1637 2503 1889 2574 diligendi
1914 2512 2039 2559 sunt
2065 2502 2169 2556 im-

570 2604 690 2675 pii?
718 2620 842 2658 tmm
873 2602 1048 2671 impiis
1081 2597 1515 2656 benefaciendum
1548 2597 1668 2652 est?
1699 2612 1824 2651 num
1859 2610 1956 2666 pro
1982 2592 2168 2664 impiis

569 2698 730 2752 etiam
760 2695 1020 2751 orandum
1045 2694 1169 2750 est?
1194 2693 1264 2747 Ita
1297 2692 1469 2762 plane.
1489 2691 1590 2758 Qui
1608 2689 1753 2744 enim
1781 2690 1881 2743 hoc
1904 2686 2166 2758 praecipit,

571 2787 712 2843 Deus
745 2796 865 2850 est;
907 2801 1008 2842 nec
1037 2797 1214 2839 tamen
1248 2798 1344 2838 uos
1376 2781 1478 2836 hoc
1515 2791 1668 2850 pacto
1698 2778 1942 2834 societati
1977 2777 2169 2847 adjun-

570 2879 646 2950 git
679 2879 980 2949 impiorum,
1012 2877 1206 2947 quibus
1229 2885 1281 2928 et
1311 2874 1424 2943 ipse
1450 2870 1738 2941 parcendo,
1767 2878 1822 2925 et
1838 2870 1998 2924 vitam
2025 2867 2170 2922 salu-

570 2981 784 3043 temque
833 2971 1125 3042 largiendo,
1175 2985 1281 3024 non
1338 2969 1519 3038 utique
1572 2967 1826 3022 sociatur.
1875 2964 2166 3020 Consilium

568 3065 765 3134 quippe
789 3063 924 3133 ejus,
948 3076 1202 3133 quantum
1239 3060 1438 3114 homini
1476 3059 1560 3127 pio
1591 3071 1749 3112 nosse
1774 3057 2028 3111 donatum
2059 3063 2164 3121 est,

570 3173 636 3212 cx
645 3159 790 3225 potiit
811 3156 1095 3225 Apostolus
1118 3155 1324 3214 dicens.
1343 3152 1562 3223 Ignoras
1581 3153 1700 3222 quia
1717 3151 1958 3221 patientia
1977 3148 2074 3203 Dei
2097 3148 2167 3202 ad

574 3247 919 3319 pcenitentiam
966 3256 1012 3300 te
1044 3246 1291 3299 adducit?
1318 3244 1396 3298 Ad
1425 3246 1563 3300 hanc
1589 3244 1832 3298 volumus
1852 3241 2040 3297 adduci
2071 3255 2166 3310 pro

571 3339 765 3411 quibus
796 3336 1216 3401 intervenimus;
1248 3351 1355 3390 non
1383 3350 1571 3390 eorum
1615 3334 1850 3404 peccatis
1877 3332 1961 3388 vel
1987 3331 2165 3403 parci-

570 3447 711 3498 mus,
741 3431 818 3486 vel
847 3429 1104 3484 favemus.

648 3521 876 3578 CAPUT
917 3520 1005 3576 lll.
1034 3550 1101 3561 -ο
1131 3519 1184 3574 6.
1214 3517 1348 3574 Nam
1382 3515 1637 3588 quosdam
1669 3529 1894 3586 quorum
1939 3514 2164 3570 crimina

570 3613 850 3668 manifesta
878 3619 1024 3678 sunt,
1050 3625 1081 3664 a
1118 3617 1296 3664 vestra
1325 3607 1608 3662 severitate
1634 3605 1908 3670 liberatos,
1926 3620 1956 3658 a
1986 3604 2163 3660 socie-

568 3713 680 3760 tate
711 3715 886 3758 tamen
916 3714 1254 3757 removemus
1289 3698 1497 3758 altaris.
1527 3707 1580 3750 ιιι
1622 3695 1928 3766 paenitendo
1951 3695 2164 3766 placare

571 3794 776 3866 possint
805 3794 821 3825 ¹
853 3808 1010 3864 quem
1039 3789 1306 3862 peccando
1332 3796 1790 3858 contempserant,
1823 3801 1988 3856 seque
2017 3785 2162 3856 ipsos

568 3885 862 3957 puniendo.
881 3885 1012 3940 Nam
1032 3883 1158 3938 nihil
1181 3881 1320 3936 aliud
1337 3882 1442 3952 agit
1458 3895 1613 3950 quem
1637 3879 1896 3934 veraciter
1913 3878 2158 3947 pmnitet,

568 3979 671 4034 nisi
695 3988 752 4033 ut
775 3977 826 4033 id
852 3977 992 4048 quod
1014 3977 1133 4031 mali
1163 3973 1364 4034 fecerit.
1391 3972 1703 4042 impunitum
1723 3985 1965 4026 essenon
1987 3970 2161 4026 sinat:

568 4083 636 4126 eo
660 4069 858 4141 quippe
884 4068 1041 4124 tnodo
1067 4066 1166 4122 sibi
1197 4080 1299 4120 non
1329 4064 1562 4135 parcenti
1585 4063 1871 4132 illeparcit,
1899 4062 2050 4133 cujus
2079 4061 2160 4118 al-

569 4171 682 4216 tutn
710 4161 1017 4232 iustumque
1054 4159 1309 4232 judicium
1359 4157 1532 4212 nullus
1579 4166 1913 4228 contemptor
1964 4155 2158 4211 evadit.

570 4251 723 4321 Quod
754 4253 799 4308 si
821 4253 1014 4323 iniquis
1042 4263 1094 4308 et
1110 4249 1351 4306 scelestis
1381 4249 1470 4305 ille
1491 4248 1776 4319 parcendo,
1797 4249 1980 4318 eisque
2000 4246 2160 4300 vitam

583 4345 920 4413 salutemque
972 4343 1266 4413 largiendo.
1291 4342 1452 4397 etiam
1503 4340 1774 4411 plerisque
1803 4354 1988 4393 eorum
2029 4352 2164 4408 quos

574 4435 730 4491 ttovit
750 4448 854 4489 non
871 4441 1083 4488 acturos
1103 4433 1492 4503 pmnitcntiam,
1515 4440 1690 4485 tamen
1716 4430 1933 4484 exhibet
1949 4431 2158 4499 patien-

571 4527 737 4592 tiam;
765 4537 963 4597 quanto
980 4527 1149 4597 magis
1176 4540 1273 4579 nos
1302 4526 1353 4580 in
1373 4540 1468 4580 eos
1493 4525 1582 4593 qui
1608 4524 2004 4578 correctionem
2036 4538 2161 4594 pro-

575 4621 809 4685 mittunt,
843 4627 897 4674 et
928 4628 1101 4672 utrum
1131 4616 1326 4672 facia‘nt
1342 4615 1482 4687 quod
1513 4615 1827 4686 promittunt
1853 4615 2041 4671 incerti
2063 4630 2156 4671 su-

574 4728 712 4778 ums,
741 4709 1114 4767 mlsericordes
1137 4724 1259 4766 esse
1280 4709 1557 4775 debemus,
1582 4718 1636 4762 ut
1667 4709 1894 4779 rigorem
1922 4717 2157 4763 vestrum

572 4820 670 4876 pro
694 4805 772 4860 eis
796 4803 1177 4860 intercedendo
1202 4803 1498 4865 ﬂectamus,
1549 4816 1645 4871 pro
1679 4800 1809 4872 quib
1832 4815 1875 4855 ts
1900 4811 1955 4856 et
1981 4801 2161 4856 Domi-

573 4912 720 4962 num,
752 4911 908 4967 quem
934 4895 1063 4951 nihil
1089 4895 1158 4951 de
1187 4894 1423 4950 moribus
1449 4908 1633 4949 eorum
1662 4893 1819 4948 etiam
1856 4891 2047 4948 futuris
2079 4893 2158 4949 la-

574 4999 669 5055 tet,
703 5005 807 5043 non
850 4998 1028 5045 tamen
1057 4987 1416 5061 impudenter,
1447 4987 1568 5059 quia
1598 4985 1702 5044 hoc
1739 4987 1854 5058 ipse
1879 4986 2154 5058 praecepit,

566 5095 779 5136 oramus
806 5082 820 5134 l

645 5171 698 5224 7.
743 5169 797 5225 In
831 5177 1035 5226 tantum
1073 5181 1249 5228 autem
1276 5172 1549 5226 hominum
1587 5171 1875 5242 aliquando
1908 5171 2158 5242 iniquitas

578 5262 936 5335 progreditur,
969 5273 1025 5317 ut
1061 5265 1220 5318 etiam
1265 5273 1382 5335 post
1413 5273 1586 5318 actam
1617 5263 2004 5334 pmniteu'iam,
2037 5274 2156 5332 post

570 5356 756 5412 altaris
779 5353 1286 5420 reconciliationem,
1311 5355 1390 5409 vel
1422 5356 1610 5409 similia
1637 5355 1716 5408 vel
1744 5355 1979 5421 graviora
2008 5368 2157 5408 com-

571 5452 780 5506 mittant
816 5465 830 5503 :
859 5456 911 5504 et
936 5458 1111 5503 tamen
1142 5447 1278 5502 Deus
1327 5447 1452 5502 facit
1481 5448 1641 5501 etiam
1680 5459 1840 5516 super
1886 5444 2018 5500 tales
2048 5445 2157 5499 ori-

570 5541 618 5597 ri
661 5542 828 5597 solem
857 5555 1044 5604 sumu;
1071 5554 1168 5594 nec
1196 5540 1369 5594 minus
1401 5539 1584 5593 tribuit
1607 5553 1764 5605 quam
1793 5547 1917 5592 aute
1956 5537 2157 5596 triliues

569 5635 654 5688 hat
686 5632 982 5704 largissime
1015 5647 1232 5688 munera
1260 5633 1379 5686 vita»
1407 5646 1468 5686 ac
1497 5631 1698 5684 salutis.
1719 5627 1782 5683 Et
1807 5631 2052 5700 quamvis
2077 5630 2154 5684 eis

632 5768 645 5796 ι
681 5772 785 5817 Mss.
812 5769 950 5817 ωτι).
973 5775 1132 5819 Germ.
1159 5778 1222 5832 et
1233 5769 1320 5832 alii
1336 5777 1541 5832 quatuor
1577 5768 1741 5831 probae
1765 5778 1892 5820 noue
1917 5782 1930 5819 :
1958 5769 2155 5822 Placere

569 5834 759 5890 μοδενιι,
795 5833 1156 5890 contemplanda
1175 5830 1280 5891 ejus
1292 5828 1557 5892 judicium,
1578 5828 1743 5890 'qumt
1763 5841 2024 5890 peccando.
2053 5843 2146 5884 etc.

1837 375 1896 434 S.
1938 369 2303 434 AUGUSTINI
2344 363 2648 433 EPlSCOPi

3672 381 3795 449 058i

2271 485 2322 540 in
2357 486 2586 542 Ecclesia
2617 487 2763 541 locus
2785 485 3096 543 humillima:
3121 487 3429 558 poenitentia:
3451 493 3467 528 '
3493 511 3582 552 non
3610 465 3792 561 conca-J1

2267 575 2450 642 datur;
2481 578 2616 632 Deus
2647 589 2820 634 tatueu
2846 595 3007 649 super
3035 596 3128 636 eos
3159 597 3269 636 suie
3292 586 3528 654 patientia
3541 605 3630 646 non
3651 583 3781 650 obii.

2268 668 2505 723 viscitur.
2549 669 2622 723 Ex
2652 684 2878 740 quorum
2906 686 3130 727 numero
3150 673 3194 726 si
3221 673 3336 744 quis
3361 676 3497 732 nobis
3521 679 3656 750 dicat,
3679 684 3760 742 Aut

2268 760 2390 816 date
2412 761 2539 816 mihi
2569 761 2816 818 eumdem
2849 763 3038 820 iterum
3065 765 3352 838 pernitendi
3403 769 3572 836 locum,
3595 786 3672 830 aut
3685 775 3762 834 de-

2278 865 2556 923 speratmn
2591 870 2677 909 me
2702 856 3008 925 permittite,
3038 867 3093 912 ut
3113 856 3297 912 iaciam
3321 859 3546 932 quidquid
3581 865 3764 937 libuerit,

2268 954 2520 1014 quantutn
2545 944 2677 999 meis
2691 945 2882 1014 opibus
2900 946 3143 1017 adjuvor,
3165 959 3221 1004 et
3253 949 3479 1007 humanis
3493 952 3665 1024 legibus
3685 973 3767 1014 non

2270 1032 2573 1102 prohibeor,
2600 1034 2652 1090 in
2675 1036 2886 1105 scortis,
2913 1037 3163 1109 omnique
3185 1038 3404 1106 luxuria,
3420 1041 3663 1102 damnabili
3681 1051 3773 1120 qui-

2267 1122 2390 1180 dem
2442 1125 2582 1194 apud
2621 1127 2924 1193 Dominum,
2970 1129 3067 1187 sed
3108 1131 3247 1202 apud
3293 1132 3517 1192 luuuiues
3548 1137 3773 1212 plerosque

2269 1219 2431 1273 etiam
2464 1219 2712 1275 laudabili
2741 1240 2756 1275 :
2783 1231 2876 1277 aut
2903 1223 2949 1278 si
2978 1239 3066 1279 me
3089 1223 3159 1280 ab
3185 1223 3284 1281 hac
3311 1228 3522 1298 nequitia
3547 1233 3771 1300 revocatis,

2270 1309 2432 1364 dicite
2459 1321 2633 1366 utrum
2662 1311 2790 1367 tuihi
2817 1313 3014 1385 aliquid
3059 1319 3227 1388 prosit
3249 1315 3317 1372 ad
3353 1318 3500 1374 vitam
3521 1320 3775 1392 l'uturam,si

2273 1401 2324 1456 iu
2373 1403 2472 1457 ista
2515 1404 2621 1458 vita
2650 1404 3131 1463 illecebrosissimm
3171 1407 3446 1479 voluptatis
3487 1411 3778 1472 blandimenta

2269 1505 2663 1564 contempsero,
2691 1497 2736 1550 si
2781 1497 3056 1552 libidinum
3101 1498 3432 1555 incitamenta
3459 1500 3715 1570 l'renavero,
3744 1505 3780 1560 ti

2270 1584 2337 1640 ad
2351 1587 2715 1656 castigandum
2736 1603 2929 1658 corpus
2956 1605 3132 1646 meum
3163 1592 3326 1647 multa
3353 1592 3475 1646 mihi
3505 1594 3644 1649 etiam
3665 1595 3774 1651 licita

2271 1688 2327 1734 et
2349 1694 2606 1736 concessa
2627 1680 2960 1745 subtraxero,
2978 1684 3021 1737 si
3049 1698 3134 1738 me
3157 1683 3454 1753 paenitendo
3481 1683 3784 1743 vehementius

2271 1785 2430 1841 quam
2462 1772 2605 1840 prius
2629 1777 3030 1840 excruciavero,
3057 1777 3100 1830 si
3131 1777 3474 1833 miserabilius
3509 1776 3782 1846 ingemuere;

2273 1862 2318 1917 si
2353 1861 2552 1919 ﬂevero
2592 1865 2826 1928 uberius.
2855 1868 2900 1921 si
2928 1868 3107 1923 vixero
3137 1868 3346 1934 melius,
3375 1869 3418 1924 si
3457 1885 3684 1941 pauperes
3714 1886 3784 1928 su-

2272 1965 2580 2013 stentavero
2603 1959 2820 2030 largius,
2847 1959 2892 2015 si
2912 1960 3190 2027 charitate,
3221 1979 3341 2032 qua:
3362 1963 3523 2033 Operit
3549 1963 3789 2020 multitudi-

2272 2061 2395 2102 nem
2436 2058 2776 2118 peccatorum
2802 2050 2855 2120 (l
2896 2048 3039 2107 Petr.
3080 2067 3192 2117 vut,
3221 2053 3317 2122 4),
3350 2053 3620 2122 ﬂagravere
3638 2054 3790 2110 arden-

2274 2138 2407 2204 tius;
2433 2141 2553 2210 quis
2588 2151 2826 2196 nostrum
2854 2141 2924 2197 ita
2971 2142 3184 2214 desipit,
3219 2153 3277 2198 ut
3309 2144 3428 2200 huic
3461 2145 3640 2201 homini
3661 2145 3789 2214 dicat,

2271 2227 2413 2284 Nihil
2446 2231 2537 2285 tibi
2586 2231 2684 2287 ista
2716 2232 3006 2302 proderunt
3042 2235 3094 2288 in
3127 2245 3436 2304 posterum;
3466 2237 3607 2302 vade,
3635 2235 3788 2292 saltem

2271 2319 2396 2377 vitae
2444 2321 2602 2393 huius
2645 2325 2906 2380 suavitate
2958 2323 3502 2396 perfruere?Avertat
3548 2327 3669 2384 Deus
3713 2339 3793 2384 tam

2273 2411 2561 2469 immanem
2606 2416 3025 2487 sacrilegamque
3063 2416 3420 2473 dementiam!
3451 2418 3675 2486 Quamvis
3697 2434 3794 2490 ergo

2275 2514 2431 2560 eunte
2457 2505 2846 2578 salubriterque
2866 2508 3130 2577 provisum
3153 2509 3220 2563 sit
3249 2517 3309 2563 ul.
3327 2510 3470 2566 locus
3488 2510 3621 2564 illius
3641 2510 3795 2564 humil-

2272 2594 2412 2649 lima:
2445 2598 2768 2666 pwuiteutizc
2797 2599 2962 2654 semel
3010 2599 3061 2654 in
3105 2599 3348 2655 Ecclesia
3391 2601 3711 2666 concedatur,
3747 2615 3796 2656 ne

2272 2685 2533 2742 medicina
2565 2687 2683 2742 vilis
2712 2689 2887 2744 minus
2922 2690 3063 2745 utilis
3091 2701 3236 2747 esset
3276 2694 3503 2764 regrotis,
3547 2710 3654 2764 qure
3685 2701 3797 2749 tanto

2276 2776 2446 2848 magis
2474 2778 2704 2834 salubris
2725 2790 2826 2843 est,
2853 2790 3052 2851 quanto
3083 2782 3262 2839 minus
3295 2784 3682 2854 contemptibilis
3705 2782 3794 2838 fue-

2270 2868 2337 2923 rit
2363 2883 2380 2933 ;
2409 2870 2528 2940 quis
2547 2881 2721 2926 tamen
2748 2871 2940 2927 audeat
2965 2872 3145 2930 dicere
3168 2874 3279 2930 Deo
3305 2893 3317 2928 :
3345 2875 3516 2944 Quare
3535 2877 3645 2930 huic
3667 2875 3799 2930 humi-

2271 2959 2348 3026 ni,
2369 2961 2459 3030 qui
2483 2971 2601 3031 post
2621 2962 2845 3033 primam
2869 2965 3235 3034 pumileutiam
3259 2983 3443 3023 rursus
3459 2983 3516 3022 se
3535 2967 3712 3035 laqueis
3733 2966 3800 3020 ini-

2270 3055 2488 3125 quitatis
2514 3055 2814 3128 obstringit,
2841 3057 3014 3113 adhuc
3043 3060 3232 3114 iterant
3263 3061 3478 3131 parcis?
3513 3062 3630 3128 Quis
3650 3059 3802 3115 audeat

2269 3146 2447 3204 dicere
2471 3164 2593 3220 erga
2623 3151 2754 3205 istos
2781 3166 2885 3206 non
2913 3152 2994 3222 agi
3033 3152 3173 3221 quod
3207 3155 3496 3223 Apostolus
3513 3153 3599 3212 ait.
3625 3150 3800 3224 [ginem

2245 3241 2388 3310 'quia
2409 3243 2651 3311 patientia
2679 3241 2775 3297 Dei
2801 3245 2870 3296 ad
2906 3246 3248 3314 ptenitentiam
3284 3256 3333 3300 te
3361 3245 3561 3300 adducit
3579 3247 3602 3300 ἵ
3619 3257 3695 3298 aut
3715 3243 3803 3298 istis

2268 3333 2509 3404 exceptis
2529 3349 2647 3390 esse
2669 3333 2945 3391 deﬁnitum
2963 3337 3101 3406 quod
3118 3339 3380 3406 scriptum
3400 3349 3500 3401 est.
3523 3338 3655 3392 Beati
3668 3353 3800 3392 οιιιια

2267 3425 2355 3495 qui
2394 3425 2655 3495 conﬁdunt
2683 3426 2735 3480 in
2761 3442 2877 3480 eum
2900 3429 2920 3500 (
2945 3425 3088 3481 l’sal.
3112 3444 3168 3490 ιι.
3202 3431 3308 3499 l3)
3337 3430 3362 3484 2
3387 3440 3475 3484 aut
3498 3430 3562 3484 ad
3583 3430 3698 3485 istos
3721 3441 3803 3482 non

2268 3516 2538 3584 pertinere
2563 3515 2704 3587 quod
2745 3516 2958 3585 dicitur,
3023 3514 3248 3573 Virtltter
3273 3521 3432 3590 agite,
3461 3531 3509 3575 et
3542 3523 3802 3592 confertam

2266 3620 2356 3660 cor
2393 3614 2627 3672 vestrum,
2673 3623 2843 3662 omnes
2859 3608 2946 3678 qui
2985 3611 3202 3679 speratis
3252 3611 3308 3666 in
3352 3610 3616 3668 Dominum
3649 3607 3802 3682 (Ρωι.

2269 3711 2405 3761 xxx,
2426 3695 2500 3754 25
2525 3696 2586 3766 )2

2339 3787 2393 3843 8.
2422 3789 2553 3842 Cum
2582 3788 2742 3858 igitur
2765 3799 2928 3858 super
2956 3800 3267 3861 peceatores
3297 3801 3443 3848 tanta
3471 3793 3541 3849 sit
3579 3790 3803 3863 patientia,

2269 3886 2412 3932 tanta
2456 3879 2816 3934 misericordia
2851 3880 2963 3946 Dei,
2988 3891 3046 3936 ut
3073 3880 3124 3936 in
3161 3883 3264 3939 hac
3295 3884 3568 3954 temporali
3599 3884 3690 3938 vita
3713 3894 3805 3936 mo-

2267 3969 2415 4026 ribus
2433 3970 2753 4036 emendatis,
2772 3987 2878 4026 non
2903 3971 3224 4028 damnentur
3237 3976 3292 4030 iu
3317 3986 3600 4039 aeternum;
3618 3973 3696 4046 qui
3717 3971 3808 4029 nul-

2269 4061 2372 4117 lius
2388 4076 2505 4132 qua:
2526 4062 2624 4118 sibi
2648 4062 2948 4135 przebeatur
2967 4075 3242 4136 exspectat.
3263 4067 3688 4131 misericordiam.
3704 4079 3809 4136 quo-

2267 4153 2409 4208 niam
2433 4168 2590 4208 nemo
2639 4163 2723 4209 est
2768 4154 2858 4208 illo
2904 4153 3128 4222 beatior,
3169 4172 3334 4214 nemo
3373 4157 3646 4229 potentior,
3676 4166 3804 4210 nemo

2261 4245 2456 4316 justior
2477 4267 2489 4301 :
2513 4247 2697 4316 quales
2709 4262 2815 4303 non
2835 4263 2954 4304 esse
2967 4259 3175 4319 Oportet
3194 4253 3572 4323 hutuineserga
3589 4248 3807 4312 hominen

2266 4339 2356 4410 qui
2387 4338 2526 4396 hanc
2552 4339 2713 4396 vitam
2737 4353 2972 4397 nostram
2997 4353 3429 4417 quantacumque
3446 4343 3595 4400 laude
3611 4337 3809 4398 cumule-

2267 4447 2406 4496 mus,
2433 4449 2550 4488 eam
2577 4434 2695 4489 sine
2727 4441 2946 4504 peccato
2966 4449 3086 4490 esse
3117 4451 3220 4491 non
3246 4438 3515 4495 dicimus?
3537 4436 3666 4510 quod
3685 4434 3726 4489 si
3741 4431 3807 4486 di-

2263 4524 2509 4590 xerimus,
2552 4540 2644 4579 nos
2685 4525 2844 4595 ipsos,
2891 4527 3026 4582 sicut
3050 4528 3308 4598 scriptum
3347 4539 3456 4596 est,
3488 4527 3808 4598 deripiam“

2266 4617 2448 4670 veritas
2495 4616 2547 4670 in
2587 4616 2729 4670 nobis
2757 4633 2858 4670 non
2899 4615 3045 4687 est”
3071 4617 3227 4674 Joan.
3267 4635 3307 4682 ι.
3334 4620 3426 4693 8).
3477 4617 3810 4676 Proindelit'el

2263 4707 2592 4763 accusatoris
2616 4708 2716 4762 alia
2742 4723 2966 4778 persona
2983 4709 3072 4775 sit,
3103 4710 3203 4765 alia
3218 4710 3540 4773 defensoris.
3562 4711 3654 4765 alia
3675 4709 3807 4763 inter-

2264 4800 2515 4866 cessoris,
2570 4801 2672 4854 alia
2729 4799 2946 4871 judicis,
2992 4800 3062 4857 de
3114 4818 3343 4872 quorum
3396 4802 3622 4875 propriis
3655 4795 3809 4854 indiciis

2265 4891 2425 4947 nimis
2457 4891 2670 4963 longum
2713 4903 2815 4958 est,
2837 4903 2894 4949 et
2937 4907 3042 4948 non
3065 4895 3430 4951 necessarium
3483 4895 3582 4950 hoc
3602 4900 3811 4951 set-itione

2265 4984 2563 5053 disserere;
2605 4987 2685 5041 sic
2722 4994 2898 5042 tamen
2928 4987 3088 5042 etiam
3121 4989 3266 5058 ipsos
3289 4989 3583 5044 criminum
3619 4986 3804 5041 ultam.

2264 5086 2422 5149 atque
2448 5078 2500 5132 in
2530 5077 2633 5133 hoc
2658 5076 2834 5134 oflicio
2869 5093 2973 5133 non
3029 5079 3104 5133 ira
3135 5080 3348 5151 propria
3388 5081 3690 5136 concitatus.
3734 5069 3809 5128 sci

2265 5168 2435 5240 legum
2458 5170 2754 5236 ministros,
2779 5185 2877 5227 nec
2897 5185 3133 5234 suarum,
3152 5171 3245 5228 sed
3263 5173 3560 5227 alienarum
3581 5168 3810 5226 examina

2264 5273 2436 5319 tarum
2459 5265 2765 5334 injuriartnu
2792 5263 3050 5329 vindices,
3068 5267 3253 5337 qu-des
3265 5266 3482 5335 judices
3501 5281 3616 5321 esse
3628 5265 3810 5321 debent.

2263 5357 2448 5410 terruit
2478 5370 2698 5409 censura
2739 5354 2934 5419 divina,
2971 5367 3024 5410 ut
3053 5357 3346 5426 cogitarent
3375 5357 3480 5411 sibi
3511 5365 3715 5426 pmpter
3737 5363 3811 5404 sua

2263 5459 2478 5519 percita
2503 5447 2594 5502 Dei
2620 5447 3036 5503 misericordiam
3075 5463 3455 5514 necessariam,
3485 5464 3578 5500 nec
3606 5448 3813 5516 putarent

2263 5542 2326 5594 ad
2349 5541 2558 5608 culpam
2587 5541 2665 5594 sui
2688 5541 2849 5595 ol'iit-ii
2882 5545 3165 5611 pertinere.
3202 5543 3242 5596 si
3264 5543 3395 5612 quid
3417 5559 3539 5612 erga
3577 5556 3664 5595 eos
3683 5540 3814 5591 lltia'e'

2264 5636 2544 5690 ricordtter
2586 5648 2826 5704 agerent.
2872 5652 3094 5705 quorum
3136 5637 3253 5687 vitm
3307 5638 3560 5703 net-isqui-
3593 5632 3812 5686 Italuerrnt

2327 5772 2343 5803 ι
2380 5775 2429 5820 ιιι
2453 5776 2557 5841 Mss.
2585 5767 2806 5841 pluribus
2831 5784 2842 5819 :
2873 5779 3014 5822 locus
3051 5769 3132 5822 ille
3155 5769 3434 5836 postulandi.
3464 5770 3664 5822 maliis:
3690 5774 3811 5828 Ιωιι

2261 5830 2344 5881 ille
2364 5830 2654 5893 ptenttctuite
2676 5846 2769 5884 non
2790 5841 3095 5885 concedatur.

3941 2441 3953 2720 ἰ

3943 2873 3955 3116 ἰ

3943 3127 3956 3256 l
