4004 6378
237 525 495 599 legitimam
524 529 854 593 potestatem.

295 613 499 673 C.\PUT
537 611 618 668 IV.
633 641 705 653 —
728 611 784 668 9.
805 609 936 666 Nam
962 623 1081 665 cum
1102 608 1168 663 ad
1194 606 1474 663 Dominum
1503 598 1772 661 Christum

236 706 380 764 Judaei
404 703 741 757 adduxissent
760 700 1038 755 mulierem
1070 699 1123 753 in
1139 698 1400 753 adulterio
1424 699 1778 765 comprehen-

238 811 355 857 sant,
383 806 599 861 eumque
628 800 893 845 tentantes
915 788 1155 844 dicerent
1179 786 1319 857 quod
1344 787 1490 852 jussu
1517 794 1658 840 esset
1676 782 1778 839 Le—

237 900 288 955 ge
308 882 529 952 lapidari,
550 896 610 934 ac
639 879 831 935 deinde
852 886 1156 950 quererent
1172 876 1296 947 quid
1316 876 1383 930 de
1401 875 1485 929 illa
1510 875 1622 944 ipse
1642 888 1778 943 pne-

236 975 443 1042 ciperet;
478 970 743 1039 respondit
770 969 848 1024 eis
877 986 891 1024 :
922 966 1022 1034 Qui
1058 969 1167 1022 sine
1194 977 1395 1039 peccato
1423 974 1494 1021 est
1532 975 1773 1032 vestrum,

236 1063 353 1134 ptiar
391 1063 441 1115 in
488 1078 596 1115 eam
639 1059 859 1129 lapidem
878 1059 1040 1130 juciat
1065 1058 1086 1129 (
1108 1057 1265 1112 Joan.
1296 1073 1411 1122 vut,
1453 1056 1545 1127 7).
1578 1057 1649 1111 Ita
1678 1070 1776 1111 nec

235 1154 398 1223 Legem
428 1151 761 1219 improbavit,
788 1166 906 1219 qua:
929 1148 1228 1216 hujusmodi
1247 1162 1365 1203 reas
1385 1147 1543 1217 jussit
1566 1146 1771 1212 occidi;

233 1253 279 1300 et
299 1245 403 1297 illos
429 1241 670 1296 terrendo
692 1242 757 1294 ad
787 1239 1200 1294 misericordiam
1228 1239 1515 1303 revocavit,
1545 1252 1773 1308 quorum

231 1335 524 1407 judiciuba'c
553 1340 733 1403 posset
760 1331 949 1387 occidi.
1002 1330 1134 1384 Puto
1175 1329 1317 1399 quod
1372 1329 1470 1384 hac
1514 1327 1775 1382 sententia

234 1430 409 1485 Domini
432 1426 634 1491 aud.ta,
666 1426 709 1479 si
741 1439 976 1493 pnrsens
1004 1422 1099 1476 fuit
1120 1423 1277 1477 etiam
1306 1423 1525 1475 maritus
1551 1420 1662 1488 ipse
1685 1419 1775 1490 qui

231 1520 443 1575 violatam
466 1516 546 1571 sui
585 1517 685 1571 tori
714 1515 871 1570 ﬁdem
894 1514 1147 1569 vindicari
1180 1514 1496 1583 postulabat,
1545 1511 1774 1566 exterri-

234 1620 300 1663 tus
318 1612 540 1661 amtnum
567 1605 633 1659 ad
661 1604 979 1658 voluntatem
1009 1602 1255 1672 parcendi
1285 1601 1352 1655 ab
1374 1600 1654 1655 ulciscendi
1676 1614 1773 1653 cu-

231 1702 417 1773 piditate
456 1697 691 1752 deﬂexit.
732 1695 863 1751 Nam
907 1694 1173 1766 quomodo
1224 1708 1328 1747 non
1369 1703 1450 1747 est
1478 1692 1775 1746 admonitus

230 1802 473 1845 accusator
524 1802 593 1843 ne
642 1801 768 1842 suas
815 1794 1224 1858 persequeretur
1266 1782 1516 1851 injurias,
1563 1780 1775 1852 quando

230 1880 309 1953 ipsi
361 1879 563 1946 judircs
590 1878 657 1931 ita
682 1886 808 1931 sunt
848 1892 877 1928 a
923 1874 1236 1930 vindicando
1276 1873 1542 1943 prohibiti,
1593 1873 1681 1941 qui
1722 1872 1774 1926 itt

228 1971 432 2025 adultera
459 1967 749 2039 punienda,
772 1982 875 2021 non
896 1966 1100 2036 privato
1124 1964 1292 2019 dolori
1320 1962 1776 2031 eompellebantur

227 2060 421 2125 senile,
446 2059 541 2112 std
567 2058 729 2128 Legi?
761 2055 1143 2125 UndeJoseph,
1173 2054 1257 2107 cui
1288 2054 1435 2123 virgo
1457 2052 1637 2117 Maria,
1664 2052 1770 2106 Do.

226 2152 333 2207 mini
352 2161 552 2214 mater,
580 2149 751 2202 fuerat
772 2147 1115 2215 desponsata,
1146 2160 1264 2197 cum
1290 2158 1406 2198 cani
1432 2142 1778 2211 comperisset

223 2258 321 2299 esse
358 2250 737 2312 pm-gnautem,
764 2240 850 2293 cui
872 2254 931 2294 se
973 2246 1192 2292 noverat
1239 2251 1342 2290 non
1371 2249 1489 2290 esse
1516 2235 1776 2290 cmnmix-

222 2345 332 2399 tum,
376 2345 429 2389 et
458 2335 527 2387 ob
557 2334 657 2387 ltoc
684 2330 811 2386 nihil
836 2329 982 2385 aliud
1005 2343 1164 2399 quam
1195 2327 1485 2381 adulteram
1517 2325 1779 2380 credidis—

224 2434 308 2488 set,
335 2422 508 2493 puniri
556 2433 732 2476 tamen
759 2435 874 2474 eam
906 2418 1111 2484 uoluit;
1144 2432 1241 2472 nec
1260 2416 1577 2485 approbatur
1598 2413 1779 2484 ﬂagitii

224 2515 313 2571 iuit.
336 2515 468 2571 Nam
491 2514 604 2568 haec
630 2514 873 2567 voluntas
900 2510 1015 2579 ejus
1044 2509 1202 2565 etiam
1226 2507 1443 2578 justitiae
1468 2508 1775 2575 deputatur:

221 2606 282 2663 ita
305 2606 495 2678 quippe
521 2606 588 2660 de
605 2605 697 2659 illo
740 2604 995 2673 scriptum
1021 2610 1122 2665 est,
1151 2599 1218 2653 Et
1243 2616 1356 2653 cum
1382 2608 1506 2653 esset
1525 2599 1675 2652 homo
1686 2599 1778 2669 ju-

222 2712 329 2762 stus,
344 2710 386 2755 et
412 2698 567 2753 nollet
583 2714 694 2752 eam
714 2697 994 2767 divulgare,
1022 2692 1193 2747 statuit
1214 2708 1321 2746 eam
1343 2690 1535 2745 occulte
1554 2690 1778 2743 dimitte-

223 2807 282 2847 re.
308 2789 428 2846 Hec
466 2808 526 2845 eo
554 2790 825 2861 cogitante,
856 2785 1095 2857 apparuit
1124 2783 1200 2837 illi
1224 2783 1431 2854 angelus
1450 2783 1536 2852 qui
1565 2783 1781 2837 doceret

224 2898 325 2940 esse
360 2883 618 2947 numinis,
666 2880 807 2951 quod
854 2880 944 2934 ille
988 2886 1257 2949 potaverat
1288 2874 1526 2930 criminis
1557 2873 1780 2945 (Matth.

223 2988 253 3038 ι,
282 2972 487 3047 ts-so).
958 3010 977 3028 .

282 3066 361 3123 l0.
387 3065 446 3121 Si
474 3079 605 3135 ergo
631 3062 855 3133 cogitata
880 3058 1184 3116 inﬁrmitate
1210 3054 1515 3121 communi,
1536 3062 1589 3109 et
1620 3068 1779 3109 accu-

220 3158 433 3213 satorius
462 3155 637 3220 dolor,
672 3162 726 3209 et
749 3149 1100 3221 judicatorius
1145 3148 1285 3218 rigor
1322 3144 1578 3216 fmngitnr
1600 3160 1616 3209 ;
1641 3142 1782 3214 quod

166 3235 171 3239 ’
223 3248 420 3304 tandem
448 3259 639 3301 censes-
667 3258 763 3313 pro
790 3241 897 3296 reis
939 3254 1059 3295 esse
1098 3237 1314 3301 debere,
1362 3235 1447 3290 vel
1486 3233 1783 3289 defeusnts's

221 3338 294 3395 vel
318 3334 685 3392 intercessoris
712 3330 988 3388 cilicium?
1014 3326 1443 3398 quandoquidem
1486 3335 1541 3380 et
1560 3338 1656 3379 vos
1682 3324 1782 3378 viri

222 3428 331 3484 boni
358 3427 449 3500 qui
475 3440 613 3481 nunc
633 3424 842 3493 judices
860 3420 1012 3485 estis,
1039 3428 1096 3473 et
1123 3418 1176 3473 in
1205 3417 1320 3472 foro
1344 3415 1629 3486 aliquando
1657 3429 1780 3470 ver-

221 3522 305 3578 sati
330 3534 520 3578 causas
556 3518 828 3574 hominum
858 3512 1184 3583 suscepistis,
1229 3509 1378 3564 scitis
1420 3523 1577 3578 quam
1609 3506 1781 3562 liben-

223 3616 312 3672 Ilus
328 3612 623 3671 defendere
643 3624 804 3680 quant
823 3619 1073 3661 accusare
1098 3601 1361 3658 soleretis.
1394 3599 1457 3654 Et
1480 3611 1654 3653 tamen
1682 3598 1780 3652 de-

222 3706 388 3764 fensor
414 3707 483 3762 ab
510 3706 866 3761 intercessore
905 3697 1187 3769 plurinuun
1217 3694 1416 3749 distat:
1448 3709 1567 3747 nam
1587 3693 1676 3747 ille
1694 3692 1779 3748 di-

224 3797 418 3855 luendis
440 3796 522 3852 vel
538 3791 851 3861 obtegendis
868 3786 1180 3845 criminibus
1202 3799 1417 3855 operam
1440 3784 1667 3838 maxime
1691 3782 1783 3837 im-

222 3890 419 3960 pendit;
448 3889 765 3942 interccswt'
778 3889 956 3936 autem
976 3880 1133 3935 etiam
1155 3892 1275 3931 cum
1297 3875 1364 3929 de
1380 3875 1529 3942 culpa
1551 3881 1780 3939 Constat,

224 3996 311 4053 pro
337 3996 486 4051 pinna
550 3972 869 4033 removenda
913 3969 998 4025 vel
1042 3963 1382 4036 temperanda
1419 3980 1599 4018 curam
1624 3963 1780 4033 gerit.

224 4073 330 4129 Iluc
353 4082 470 4128 sunt
487 4069 625 4139 apud
653 4067 816 4121 Deum
859 4078 954 4131 pro
981 4057 1342 4129 peccatoribus
1366 4055 1494 4124 justi
1519 4071 1532 4116 ;
1563 4053 1661 4106 hoc
1688 4067 1783 4121 pro

222 4180 280 4221 se
328 4164 422 4234 ipsi
465 4167 747 4232 peccantes
784 4153 1010 4210 invicem
1058 4157 1115 4204 ut
1149 4148 1342 4202 faciant
1387 4146 1778 4197 admouentur:

224 4272 337 4313 nam
362 4257 613 4325 scriptum
633 4258 737 4313 est,
778 4242 1095 4315 Conﬁtemiui
1136 4239 1341 4295 invicem
1370 4246 1571 4307 peccata
1598 4244 1779 4299 vestra,

226 4358 267 4404 et
291 4359 423 4404 orate
443 4363 534 4416 pro
559 4342 729 4410 eobis(
750 4337 929 4393 Jacobi
949 4352 1001 4400 v,
1030 4334 1159 4404 l6).
1218 4331 1324 4385 llas
1347 4329 1446 4383 sibi
1477 4336 1652 4397 partes
1680 4324 1783 4378 hu-

227 4439 503 4504 manitatis,
542 4433 631 4489 ubi
677 4436 871 4502 potest,
921 4426 1098 4481 omnis
1148 4422 1310 4477 homo
1336 4417 1475 4489 apud
1505 4417 1777 4471 hominem

228 4530 465 4585 vindieat.
519 4524 652 4582 Nam
685 4519 828 4591 quod
868 4519 981 4589 ipse
1004 4515 1227 4584 quisque
1264 4511 1407 4565 domi
1438 4524 1548 4562 sum
1574 4507 1785 4579 puniret

229 4619 525 4679 admissum.
578 4614 632 4668 in
674 4610 894 4666 alterius
931 4606 1091 4661 domo
1138 4603 1245 4657 vult
1285 4601 1618 4668 impunitum.
1660 4596 1785 4653 Sive

230 4712 355 4767 enim
383 4709 699 4766 adhibeatur
726 4700 867 4773 apud
913 4698 1175 4760 amicum,
1204 4694 1317 4748 sive
1353 4692 1443 4765 ille
1462 4691 1705 4761 cuiquam
1730 4688 1782 4742 iu

230 4819 370 4876 quem
395 4813 631 4874 potestas
660 4790 944 4852 ulciscendi
975 4797 1060 4844 est
1084 4802 1143 4842 se
1167 4795 1424 4855 praescme
1453 4789 1780 4844 succenseat,

234 4872 329 4952 sive
355 4872 599 4951 irascenti
630 4887 848 4943 fortuito
888 4877 1225 4950 superveniat
1254 4891 1267 4939 ;
1301 4890 1404 4927 non
1433 4872 1782 4942 jllSli>Sil||US,

232 4987 311 5043 sed
335 4980 800 5042 inhumanissimus
814 4974 1096 5045 judicatur,
1113 4969 1156 5024 si
1180 4982 1284 5021 non
1307 4963 1637 5019 interveniat.
1662 4960 1787 5016 Scio

234 5093 321 5149 ego
343 5089 392 5133 te
418 5078 590 5146 ipsum
616 5086 737 5127 cum
764 5068 884 5121 alits
901 5063 1086 5118 amicis
1114 5060 1216 5113 tuis
1242 5059 1292 5111 in
1319 5054 1540 5111 ecclesia
1567 5050 1787 5106 Cartha-

236 5145 418 5238 gioensi
442 5145 803 5221 intercessisse
829 5171 926 5226 pro
950 5153 1167 5215 clerico,
1188 5148 1270 5204 cui
1299 5145 1488 5201 merito
1507 5156 1789 5197 succense-

236 5235 315 5314 bat
335 5260 609 5329 episcopus
631 5269 648 5316 ;
673 5260 728 5306 et
751 5249 930 5317 utique
954 5245 1155 5300 nullum
1174 5240 1241 5295 ibi
1260 5238 1546 5294 discrimen
1574 5235 1788 5305 sangui-

237 5351 309 5405 nis
332 5326 426 5405 sub
462 5348 734 5403 incruenta
759 5337 1035 5407 disciplina
1083 5331 1364 5388 timebatur
1392 5347 1404 5382 :
1446 5344 1543 5383 nec
1571 5343 1691 5382 cum
1714 5326 1785 5389 id,

239 5443 363 5511 quod
397 5442 551 5496 etiam
578 5436 729 5492 vobis
767 5428 1115 5498 displicebat,
1147 5424 1371 5479 inultum
1414 5436 1532 5475 esse
1561 5417 1783 5483 velletis,

243 5510 465 5604 tanquam
506 5528 687 5587 delicti
722 5521 1105 5595 approbatores
1144 5531 1239 5570 vos
1263 5514 1648 5585 judiuthamus,
1694 5510 1789 5565 sed

242 5599 465 5695 tanquam
493 5616 905 5679 humanissimos
934 5612 1315 5665 intercessores
1343 5603 1705 5657 audiebamus.
1735 5599 1790 5657 Si

241 5690 355 5785 ινδιξ
378 5715 517 5770 νςκιιὶς
558 5713 635 5768 [εις
658 5718 738 5761 est
764 5699 1181 5763 eccle~iasticam
1211 5695 1597 5764 correptioucm
1627 5690 1791 5746 inter-

241 5782 459 5866 cedendo
498 5803 772 5875 mitigare;
801 5791 1071 5868 quomodo
1107 5790 1381 5862 episcopus
1417 5796 1592 5842 vestro
1620 5782 1792 5854 gladio

1395 393 1876 458 EPISTOLARUM
1912 393 2187 453 (ΖΒΑδὸιὸ
2221 394 2309 452 111.

1885 511 2073 571 debet‘
2105 516 2449 581 intercedere,
2468 534 2589 573 cum
2610 519 2697 575 illa
2720 530 2968 576 exeratur
2991 522 3124 576 utin
3166 538 3324 593 quem
3345 539 3441 581 ex-

1884 607 2050 662 eritur
2075 606 2211 663 bene
2230 608 2388 669 vivat.
2415 608 2514 665 iste
2539 625 2605 664 ne
2634 612 2801 666 vivat!

1954 698 1978 751 1
1995 697 2012 751 1
2029 736 2040 749 .
2059 697 2331 754 Postremo
2344 700 2455 768 ipse
2469 700 2864 771 Dominusapud
2882 702 3452 771 hominesinterccssit,

1882 803 1952 844 ne
1978 789 2299 858 lapidaretur
2322 790 2592 853 adultera,
2633 803 2685 846 et
2725 808 2790 848 eo
2837 794 2996 848 modo
3022 795 3172 850 nobis
3199 796 3457 852 interces-

1882 881 2048 937 sionis
2083 882 2472 937 commendavit
2510 884 2773 949 officium;
2803 886 2900 938 nisi
2926 885 3048 954 quia
3080 885 3167 942 ille
3206 887 3454 945 terrendo

1882 973 2025 1039 fecit,
2047 974 2187 1044 quod
2216 991 2311 1029 nos
2337 976 2583 1045 petendo.
2618 977 2704 1029 Ille
2723 977 2865 1031 enim
2888 977 3165 1043 Dominus,
3192 994 3292 1035 nos
3314 982 3457 1037 servi

1881 1080 2063 1121 sumus
2087 1081 2101 1118 :
2129 1075 2488 1122 verumtamen
2518 1067 2605 1122 ille
2629 1068 2706 1121 sic
2726 1068 2928 1126 terruit.
2956 1078 3013 1122 ιιι
3049 1084 3237 1124 omnes
3266 1070 3456 1128 timere

1879 1155 2186 1211 debeamus.
2212 1157 2339 1224 Quis
2358 1157 2501 1211 enim
2522 1166 2604 1212 est
2630 1169 2866 1213 nostrum
2892 1161 3008 1213 sine
3027 1161 3282 1228 peccato?
3300 1160 3455 1228 Quod

1879 1262 2001 1303 cum
2045 1248 2147 1302 illis
2188 1248 2461 1303 dixisseta
2491 1249 2680 1317 quibus
2723 1248 2770 1302 ei
2818 1247 3143 1304 offerebatur
3188 1250 3455 1319 punienda

1882 1339 2169 1407 peccatrix,
2199 1346 2255 1391 ιιι
2281 1338 2370 1407 qui
2400 1337 2563 1391 sciret
2585 1352 2643 1392 se
2671 1352 2792 1393 esse
2824 1338 2938 1393 sine.
2963 1348 3200 1409 peccato,
3230 1339 3373 1407 prior
3399 1342 3454 1394 in

1881 1427 2023 1481 illam
2046 1427 2273 1497 lapidem
2297 1428 2560 1491 mitteret;
2585 1428 2773 1481 ceridit
2795 1428 3017 1494 stevitia,
3043 1438 3300 1484 tremente
3322 1442 3457 1483 eou-

1879 1518 2099 1572 scientia
2127 1534 2141 1571 :
2166 1527 2291 1572 tunc
2320 1518 2463 1572 enim
2491 1533 2555 1572 ex
2598 1517 2687 1571 illa
2723 1517 2832 1586 jam
2871 1519 3277 1586 congregatione
3316 1517 3455 1572 dila-

1880 1607 1991 1676 psi,
2030 1606 2199 1662 solam
2244 1606 2576 1662 misericordi
2624 1608 2870 1662 miseram
2902 1606 3247 1674 reliquerunt.
3290 1606 3457 1664 Cedat

1882 1696 2004 1753 huic
2040 1698 2317 1752 sententia:
2347 1698 2513 1768 pietas
2538 1697 2808 1753 Christian
2830 1713 2961 1751 trum
2985 1738 3000 1762 ,
3027 1697 3110 1750 cui
3149 1699 3311 1753 cessit
3352 1699 3456 1752 im-

1880 1790 2046 1858 pietas
2069 1789 2371 1844 .lutlteorunt
2393 1808 2406 1842 :
2430 1790 2584 1845 cedat
2613 1790 2881 1844 humilitas
2909 1789 3340 1860 obsequentium.
3369 1788 3459 1848 cui

1879 1882 2041 1936 cessit
2068 1881 2315 1951 superbia
2348 1883 2773 1953 persequentium
2804 1900 2818 1937 :
2845 1882 2997 1937 cedat
3022 1882 3285 1938 confessio
3327 1883 3458 1940 iide-

1881 1974 1975 2040 lis,
2001 1977 2084 2029 cui
2124 1981 2287 2031 cessit
2329 1976 2596 2032 simulatio
2642 1976 2937 2031 tentatoris.
2982 1976 3130 2030 Malis
3168 1991 3346 2047 parre,
3376 1976 3459 2030 vir

1878 2063 2017 2120 boue
2045 2083 2057 2117 :
2086 2075 2284 2137 quanto
2323 2067 2513 2121 melior
2534 2106 2550 2131 ,
2596 2075 2741 2120 tanto
2775 2075 2890 2120 esto
2932 2065 3142 2122 mitior:
3171 2076 3369 2133 quanto
3394 2065 3460 2122 ii;

1880 2156 2075 2210 celsior
2102 2160 2380 2226 potestate,
2416 2166 2560 2210 tanto
2590 2156 2837 2210 ltunttliur
2863 2154 2990 2210 ﬁere
3018 2155 3209 2222 pietate
3237 2157 3279 2207 ’.

1950 2249 2177 2305 CAPUT
2215 2249 2364 2303 V.—
2385 2249 2469 2303 l2.
2500 2249 2609 2319 Ego
2634 2248 2845 2317 quidem
2869 2248 3281 2308 iutucus,mores
3306 2255 3453 2311 tuos,

1882 2340 2139 2411 appellavi
2169 2351 2218 2394 tc
2245 2342 2412 2393 virum
2437 2340 2669 2402 bonum;
2697 2338 2789 2393 scd
2817 2350 2869 2392 tu
2900 2338 3111 2392 intuens
3131 2337 3286 2391 verba
3306 2334 3463 2391 Chri-

1882 2434 1984 2489 sti.
2008 2432 2092 2486 die
2128 2431 2218 2485 tibi
2255 2431 2353 2500 ipsi
2379 2448 2392 2484 :
2418 2428 2583 2484 Nemo
2613 2430 2768 2484 bonus
2788 2470 2802 2487 .
2826 2429 2922 2482 nisi
2949 2445 3078 2482 unus
3109 2427 3239 2481 Deus
3267 2427 3457 2498 (Marc.

1884 2539 1939 2588 χ,
1972 2523 2081 2592 18).
2105 2523 2255 2588 Quod
2282 2538 2400 2576 cum
2431 2537 2610 2576 verum
2637 2523 2705 2575 sit
2738 2521 2861 2591 (hoc
2886 2520 3025 2575 enim
3049 2519 3256 2573 Veritas
3282 2519 3460 2590 dixit),

1885 2628 1983 2669 nec
2008 2628 2106 2682 ego
2136 2622 2309 2667 tamen
2342 2611 2468 2665 illud
2499 2611 2792 2666 existimari
2818 2611 2985 2666 debeo
3014 2610 3182 2664 fallaci
3219 2625 3278 2665 as
3308 2620 3462 2665 euta-

1887 2707 2030 2761 tione
2057 2705 2274 2767 dixisse,
2303 2714 2357 2759 ct
2377 2704 2656 2759 dominicis
2687 2703 2857 2756 verbis
2878 2703 3029 2772 quasi
3054 2704 3350 2756 contrarius
3369 2717 3463 2756 ex-

1885 2798 2101 2859 stitisse,
2121 2805 2177 2849 ut
2200 2811 2319 2849 cum
2347 2796 2431 2847 ille
2452 2794 2611 2856 dicat,
2634 2791 2794 2847 Nemo
2824 2792 3000 2857 bonus,
3031 2794 3122 2845 nisi
3150 2810 3278 2844 umts
3304 2791 3459 2859 Deus,

1886 2901 1985 2956 ego
2012 2896 2062 2941 te
2089 2884 2464 2956 appellaverint
2495 2884 2662 2937 virum
2688 2882 2884 2938 bonum
2910 2899 2921 2933 ε
2950 2899 3052 2936 non
3078 2883 3219 2934 enim
3255 2891 3309 2936 et
3349 2884 3464 2949 ipse

1889 2978 2142 3031 Dominus
2183 2976 2445 3029 contraria
2485 2974 2585 3029 sibi
2632 2974 2835 3029 locutus
2871 2982 2985 3033 est,
3029 2973 3115 3024 ubi
3142 2975 3244 3033 ait,
3291 2969 3463 3025 Bonus

1888 3071 2035 3121 homo
2061 3068 2123 3120 de
2145 3069 2271 3120 bono
2301 3068 2532 3120 thesauro
2558 3064 2722 3117 cordis
2749 3064 2828 3117 sui
2855 3066 3041 3130 profert
3061 3062 3189 3114 bona
3211 3059 3341 3132 (Luc
3384 3075 3459 3127 vt,

1887 3161 1999 3232 45).
2031 3160 2167 3214 Deus
2193 3174 2321 3228 ergo
2348 3157 2684 3227 singulariter
2710 3156 2879 3210 bonus
2898 3162 2999 3215 est,
3020 3153 3197 3223 ethoc
3218 3154 3465 3208 amittere

1889 3266 1991 3305 non
2013 3259 2212 3319 potest;
2235 3249 2429 3302 nullius
2446 3248 2585 3302 enim
2604 3246 2725 3301 boni
2752 3244 3148 3314 participatione
3165 3243 3336 3297 bonus
3360 3250 3463 3308 cst,

1888 3342 2136 3411 quoniam
2160 3340 2354 3394 bonum
2376 3355 2481 3408 quo
2500 3338 2668 3392 bonus
2684 3345 2787 3402 est,
2813 3336 2923 3403 ipse
2943 3335 3040 3389 sibi
3062 3343 3168 3388 est:
3193 3333 3350 3388 homo
3365 3348 3463 3387 au-

1889 3441 1995 3487 tem
2021 3445 2141 3484 eum
2186 3430 2357 3484 bonus
2392 3439 2505 3493 est,
2531 3428 2596 3481 ab
2625 3428 2714 3482 illo
2742 3427 2909 3480 bonus
2932 3435 3041 3488 est;
3071 3425 3209 3494 quod
3235 3439 3263 3478 a
3290 3426 3466 3493 seipso

1888 3539 2008 3580 esse
2028 3540 2131 3579 non
2159 3533 2349 3593 potest.
2370 3523 2511 3577 Illius
2530 3523 2671 3579 enim
2692 3521 2875 3589 Spiritu
2899 3520 3019 3574 boni
3048 3520 3198 3583 iittnt,
3223 3521 3466 3588 quicum-

1888 3632 1991 3686 que
2013 3616 2134 3671 boni
2155 3615 2314 3677 ﬁunt;
2334 3617 2484 3682 cujus
2497 3628 2659 3682 capax
2684 3621 2860 3666 creata
2875 3620 2955 3665 est
2976 3621 3152 3664 nostra
3169 3620 3349 3664 natura
3368 3626 3464 3682 per

1889 3707 2155 3777 propriam
2175 3707 2517 3760 voluntatem.
2531 3704 2770 3759 Pertinet
2785 3718 2911 3772 ergo
2926 3701 2990 3756 ad
3014 3718 3133 3767 nos,
3158 3710 3213 3755 ut
3239 3701 3360 3756 boui
3385 3702 3467 3757 si-

1888 3814 2027 3860 mus,
2049 3797 2290 3866 accipere
2318 3805 2373 3851 et
2390 3795 2584 3850 habere
2597 3794 2735 3865 quod
2761 3792 3027 3864 datquide
3044 3808 3139 3847 suo
3157 3792 3325 3846 bonus
3341 3801 3423 3848 est
3445 3808 3461 3844 :

1888 3904 1995 3959 quo
2041 3889 2262 3958 quisque
2299 3887 2539 3956 neglecto
2557 3926 2573 3951 ,
2601 3885 2669 3940 de
2697 3899 2793 3939 suo
2820 3885 2989 3938 malus
3018 3894 3120 3938 est.
3153 3881 3381 3937 Proinde
3408 3882 3461 3936 in

1889 3989 2143 4047 quantum
2170 3978 2329 4030 homo
2356 3985 2501 4030 recte
2530 3976 2656 4044 agit.
2681 3974 2729 4028 id
2756 3983 2858 4036 est,
2891 3974 3120 4027 scienter
3144 3982 3198 4026 et
3227 3984 3468 4026 amanter

1890 4079 1943 4124 et
1975 4069 2565 4139 piebonuntoperatur,
2588 4066 2636 4117 in
2658 4074 2859 4118 tantum
2884 4063 3052 4117 bonus
3079 4073 3157 4116 est
3186 4077 3199 4113 :
3233 4064 3469 4132 inquau-

1891 4170 2002 4215 tum
2040 4168 2213 4213 autem
2260 4165 2475 4227 peccat,
2500 4156 2549 4209 id
2577 4164 2692 4219 est,
2723 4169 2753 4207 a
2779 4154 2998 4208 veritate
3039 4161 3091 4206 et
3132 4154 3386 4207 charitate
3414 4160 3471 4208 et

1892 4253 2086 4321 pietate
2112 4250 2306 4310 deviat.
2327 4249 2379 4303 in
2403 4256 2602 4302 tantum
2632 4245 2799 4299 malus
2826 4253 2930 4299 est.
2958 4243 3086 4311 Quis
3114 4253 3290 4298 autem
3313 4253 3394 4299 est
3413 4242 3470 4300 in

1892 4344 1991 4399 hac
2035 4343 2138 4396 vita
2186 4342 2302 4396 sine
2337 4340 2513 4407 aliquo
2545 4334 2795 4408 peccato?
2822 4334 2925 4391 Sed
2956 4350 3077 4389 eum
3104 4335 3329 4389 dicimus
3372 4334 3469 4390 bo-

1893 4452 2016 4491 num
2037 4477 2052 4501 ,
2078 4433 2230 4503 cujus
2258 4430 2547 4503 praevalent
2583 4430 2757 4494 bona;
2789 4444 3015 4497 eumque
3055 4429 3348 4498 Optimum,
3377 4427 3469 4499 qui

1892 4539 2073 4600 peccat
2104 4528 2399 4583 ninimnm.

1966 4623 2050 4677 15.
2092 4619 2293 4675 Idcirco
2322 4619 2434 4687 ipse
2460 4616 2735 4675 Dominus.
2758 4627 2891 4683 quos
2910 4612 3038 4666 dicit
3066 4611 3233 4665 bonos
3255 4618 3471 4679 propter

1892 4711 2343 4783 participationem
2385 4709 2569 4778 gratia:
2610 4706 2835 4767 di\itt:lt,
2861 4702 3075 4758 eosdem
3115 4704 3270 4756 etiam
3302 4702 3471 4757 malos

1893 4805 2020 4860 dicit
2045 4812 2259 4872 propter
2293 4799 2414 4853 vitia
2445 4798 2763 4853 infirmitatis
2794 4796 3068 4855 humanm;
3101 4792 3270 4847 donec
3298 4802 3468 4849 totum

1893 4910 1998 4966 quo
2020 4902 2346 4957 constamus,
2369 4890 2437 4943 ab
2460 4889 2604 4944 omni
2634 4887 2916 4941 vitiositate
2946 4892 3208 4948 sanatum,
3237 4892 3472 4939 trausrat

1896 4987 1947 5040 in
1976 5001 2093 5040 eam
2124 4984 2306 5043 vitam,
2330 4981 2417 5034 ubi
2445 4980 2576 5034 nihil
2602 4976 2819 5031 omnino
2849 4974 3170 5043 peccabitur.
3198 4973 3329 5028 Nam
3361 4974 3468 5031 uti-

1893 5092 1996 5148 que
2031 5074 2200 5130 bonos
2237 5072 2461 5127 docebat
2487 5086 2661 5134 orare,
2689 5084 2792 5122 non
2824 5065 3021 5131 malos,
3051 5066 3241 5136 quibus
3273 5081 3474 5135 prmce-

1896 5167 1970 5236 pit
1999 5174 2054 5220 ut
2085 5164 2356 5229 dicereut,
2400 5159 2554 5214 Pater
2592 5168 2778 5222 uoster,
2807 5154 2893 5223 qui
2918 5173 2968 5211 es
2993 5156 3045 5209 in
3073 5156 3230 5211 oculis.
3266 5157 3337 5209 Ex
3370 5156 3472 5210 hoc

1894 5257 2039 5314 enim
2063 5254 2186 5309 boui
2215 5269 2320 5324 quo
2352 5252 2441 5307 filii
2466 5250 2589 5313 Dei,
2620 5262 2724 5301 non
2749 5256 2934 5301 natura
2964 5247 3158 5317 geniti,
3182 5246 3272 5300 sed
3301 5246 3469 5313 gratia

1896 5349 2039 5413 facti,
2073 5357 2320 5416 tanquam
2349 5343 2399 5397 hi
2429 5342 2617 5411 quibus
2638 5338 3012 5408 recipientibus
3038 5352 3177 5399 eum,
3206 5334 3351 5389 dedit
3378 5348 3472 5404 po-

1900 5452 2139 5499 testatem
2179 5440 2312 5494 tilios
2350 5435 2441 5490 Dei
2470 5432 2581 5487 ﬁeri
2611 5430 2787 5502 (Joan.
2819 5447 2856 5495 t,
2890 5430 2996 5495 12).
3030 5429 3155 5495 Qua:
3198 5427 3471 5495 generatio

1964 5603 1979 5632 ι
2015 5596 2149 5652 add,
2172 5599 2323 5644 vestro
2344 5587 2507 5652 gladio
2528 5600 2619 5637 non
2643 5586 2780 5652 debet
2802 5584 3125 5652 intercedere.
3164 5580 3304 5629 Abest
3328 5590 3421 5628 non
3443 5592 3472 5629 a

1901 5642 2046 5717 Mss:
2049 5642 2148 5709 sed,
2159 5642 2393 5717 utrolibet
2412 5650 2554 5717 lectio
2577 5650 2777 5711 quadrat
2798 5648 2926 5717 hunc
2947 5648 2994 5717 in

1964 5698 2146 5771 iiii“.
2352 5698 2419 5763 sis
2429 5698 2857 5776 (etsior'pwestate,
2871 5702 3235 5776 tutttoltutttt’tior
3252 5698 3362 5764 (ius,
3373 5709 3473 5757 etc.

1902 5793 1955 5837 Αι
1977 5765 2299 5837 ωὲῖώύευι,
2322 5776 2387 5828 eis
2409 5774 2594 5834 celsior,
2614 5765 2668 5822 et
2684 5782 2817 5828 mox,
2843 5766 3067 5821 humilior
3084 5765 3221 5832 (iere.

3494 5492 3499 5523 l
