4004 6416
605 462 1001 547 subtrahimus,
1054 497 1211 554 quam
1259 478 1649 552 impendimus:
1695 488 1801 530 non
1840 473 1980 529 enim
2025 485 2179 538 opem

610 578 719 633 fert
744 578 832 647 qui
861 575 927 631 ad
972 573 1293 645 peccandum
1321 571 1553 639 adjuvat,
1594 583 1656 622 ac
1697 582 1801 621 non
1832 566 2009 635 ponus
2051 563 2177 617 suh-

612 669 773 723 vertit
796 676 953 736 atque
978 665 1240 735 apprimit.
1268 662 1371 719 Sed
1400 658 1651 730 numquid
1680 659 1800 712 ideo
1824 672 1921 712 nos
1948 666 2039 710 aut
2068 654 2180 710 cxi-

607 774 753 831 gere.
783 769 868 813 aut
898 758 963 811 ad
984 755 1295 826 exigendum
1324 753 1552 815 tradere,
1580 752 1661 802 vel
1686 763 1969 821 possumus
1990 747 2068 801 vel
2096 745 2183 799 de-

608 848 833 906 bemus?
863 848 1078 917 Agimus
1109 854 1360 915 quantum
1399 841 1714 913 episcopalis
1747 838 1965 893 facultas
2002 836 2034 890 d
2055 847 2176 903 itur,

609 951 665 999 et
694 942 976 997 humanum
1018 938 1229 1007 quidem
1269 953 1665 1008 nonnunquam,
1714 936 1807 1005 sed
1850 950 2078 989 maxime
2119 947 2183 987 ac

609 1044 822 1103 semper
868 1030 1101 1086 divinum
1152 1030 1408 1100 judicium
1469 1030 1870 1084 comminantes.
1932 1026 2183 1081 Nolentes

611 1133 784 1179 autem
816 1121 1059 1184 reddere,
1090 1135 1223 1190 quos
1265 1120 1511 1175 novimus
1551 1122 1603 1173 et
1649 1118 1784 1172 male
1822 1118 2103 1172 abstulisse
2130 1125 2184 1171 et

612 1214 751 1271 unde
775 1213 996 1270 reddant
1024 1213 1241 1278 habere,
1289 1212 1575 1283 arguimus,
1616 1211 1984 1279 inerepamtts,
2012 1218 2063 1262 et
2088 1207 2181 1263 de-

611 1315 894 1368 testamur;
946 1304 1200 1375 quosdam
1237 1303 1390 1363 clam,
1424 1301 1677 1372 quosdam
1708 1301 1902 1371 palam,
1946 1300 2080 1352 sicut
2105 1298 2186 1352 di-

609 1397 834 1452 versitas
860 1410 1201 1465 perSouai-um
1231 1393 1495 1447 diversam
1530 1390 1737 1444 videtur
1768 1404 1921 1459 posse
1947 1389 2185 1457 recipere

609 1487 949 1548 medicinam,
993 1485 1166 1539 neciu
1209 1483 1432 1537 aliorum
1482 1482 1769 1551 perniciem
1818 1478 1883 1534 ad
1930 1479 2183 1548 majorem

610 1580 869 1636 insaniam
900 1576 1172 1632 concitari.
1223 1574 1522 1644 Aliquando
1562 1574 1745 1633 etiam,
1797 1571 1841 1627 si
1892 1586 1976 1625 res
2021 1574 2186 1639 magis

612 1669 842 1726 curanda
873 1684 975 1724 non
1001 1665 1238 1736 impedit,
1259 1664 1425 1720 sancti
1451 1664 1640 1719 altaris
1666 1662 2041 1719 comnmnioue
2072 1662 2183 1732 pri-

612 1777 815 1819 Vamus.

683 1854 771 1908 22.
810 1852 999 1908 Verum
1029 1864 1169 1920 smpe
1194 1848 1386 1903 accidit
1410 1856 1467 1902 ut
1494 1862 1591 1902 nos
1614 1846 1814 1909 fallant,
1842 1845 1923 1899 vel
1948 1845 2187 1914 negando

614 1961 674 2000 se
702 1944 1001 2007 abstulisse,
1035 1943 1114 1997 vel
1155 1940 1473 1995 al‘tirmaudo
1498 1955 1555 1993 se
1583 1939 1721 1993 unde
1772 1940 2053 1992 restituant
2082 1952 2186 1991 non

620 2036 819 2091 habere
845 2050 859 2088 :
894 2048 1033 2102 saepe
1061 2033 1219 2088 etiam
1246 2042 1299 2086 et
1322 2046 1415 2084 vos
1447 2029 1707 2088 fallimiui.
1734 2028 1964 2098 putando
1988 2028 2067 2082 vel
2092 2043 2190 2082 nos

614 2144 718 2182 non
736 2142 890 2199 agere
908 2135 960 2180 ut
983 2125 1222 2189 reddant,
1240 2124 1321 2178 vel
1341 2125 1484 2193 ipsos
1511 2122 1707 2199 habere
1726 2120 1861 2175 unde
1878 2119 2117 2182 reddant;
2137 2127 2191 2173 et.

615 2234 802 2275 omnes
818 2228 907 2272 aut
928 2234 1057 2289 pene
1073 2234 1259 2272 onmes
1283 2217 1523 2270 homines
1538 2231 1774 2269 :uuamus
1798 2226 2001 2266 nostras
2020 2213 2190 2280 suspi-

614 2312 796 2365 ciones
824 2310 904 2363 vel
940 2325 1128 2364 vocare
1155 2309 1237 2362 vel
1276 2307 1580 2362 exitimare
1607 2305 1951 2375 cognitiones.
1980 2304 2191 2374 quando

614 2403 955 2459 eredihilihus
969 2417 1139 2455 rerum
1159 2401 1321 2471 signis
1339 2414 1753 2459 movemnr,cmu
1771 2396 2038 2450 credibilia
2059 2412 2191 2449 nou-

618 2497 759 2550 uulla
784 2495 890 2550 sint
917 2494 1066 2556 falsa,
1095 2495 1229 2548 sicut
1258 2491 1578 2548 incredibilia
1617 2490 1864 2545 nonnulla
1897 2499 2021 2543 sunt
2046 2505 2187 2543 vera.

618 2586 956 2657 ltleoquosda
968 2604 1009 2635 :u
1025 2600 1447 2641 commemorans
1462 2626 1475 2645 ,
1498 2584 1583 2652 qui
1606 2592 1651 2635 et
1676 2580 1875 2636 sceleris
1887 2597 2081 2651 prauam
2098 2581 2194 2635 sibi

617 2678 822 2747 capiunt
851 2676 1089 2739 relaxuri,
1127 2692 1171 2728 et
1198 2676 1248 2728 id
1269 2684 1470 2745 propter
1496 2672 1630 2741 quod
1655 2672 1815 2725 scelus
1830 2671 2101 2725 admissum
2119 2679 2192 2724 cst

618 2767 888 2838 possidere,
927 2758 1174 2820 addidisti
1204 2776 1259 2821 et
1295 2765 1450 2817 nisti:
1484 2761 1586 2816 Pro
1628 2762 1706 2815 Itis
1748 2778 1944 2831 quoque
1980 2762 2193 2815 interve-

617 2859 852 2913 niendum
876 2867 1016 2927 putat
1036 2855 1367 2911 sacerdotium
1407 2865 1641 2909 vestrum.
1675 2852 1816 2908 Ficri
1843 2854 1984 2907 enim
2019 2859 2194 2922 potest

617 2961 673 3005 ιιι
702 2960 753 3005 ιιι
776 2951 918 3004 scias
942 2949 1080 3017 quod
1114 2965 1212 3018 ego
1248 2948 1427 3003 nescio
1450 2989 1465 3010 ,
1496 2955 1550 3000 et
1587 2956 1861 3016 propterea
1893 2954 2069 3014 putem
2094 2960 2193 3015 pro

618 3041 794 3111 aliquo
820 3038 1298 3103 intervonieudum,
1331 3036 1469 3107 quod
1503 3052 1587 3089 me
1622 3035 1806 3090 fallere
1842 3034 2043 3104 potuit,
2067 3050 2188 3089 cum

617 3143 672 3188 te
700 3147 802 3187 nou
837 3132 1062 3201 potuerit
1085 3171 1099 3190 ,
1130 3139 1188 3185 ιιι
1234 3146 1333 3199 ego
1369 3145 1490 3184 eum
1533 3143 1637 3182 non
1681 3126 1891 3181 credam
1923 3125 2193 3196 possidere

616 3222 757 3294 quod
787 3233 839 3275 ιιι
867 3221 1136 3291 possidere
1166 3221 1321 3275 uasti.
1357 3220 1429 3274 lla
1459 3220 1513 3273 llt
1536 3230 1590 3272 ιιι
1614 3235 1732 3274 cuiu
1758 3217 1826 3273 de
1854 3234 1947 3272 reo
1975 3227 2193 3272 senten-

617 3316 687 3370 tia
713 3329 818 3369 non
849 3327 948 3366 una
977 3312 1043 3365 sit
1070 3323 1270 3375 nostra,
1300 3310 1472 3365 neutri
1502 3320 1677 3364 tamen
1723 3319 1957 3363 uostrmu
1990 3308 2196 3377 placeat

616 3404 755 3477 quod
787 3419 872 3460 res
901 3420 1004 3458 non
1029 3401 1264 3456 redditur
1277 3401 1469 3457 a'ieua.
1498 3400 1571 3455 De
1594 3400 1827 3463 homine,
1853 3410 1906 3453 ut
1929 3398 2191 3464 homines,

614 3498 822 3554 diversa
853 3496 1141 3557 sentiums;
1182 3492 1273 3547 sed
1317 3492 1367 3546 iu
1400 3493 1511 3562 ipsa
1556 3491 1759 3560 justitia
1789 3489 1943 3544 simul
1989 3502 2191 3543 stnuus.

616 3590 817 3647 Eadem
843 3586 1005 3641 modo
1026 3585 1184 3640 etiam
1212 3583 1325 3639 ﬁeri
1355 3593 1529 3654 potest
1558 3592 1614 3637 ιιι
1644 3582 1786 3652 quod
1825 3583 1936 3637 scio
1961 3582 2191 3652 aliquem

615 3698 722 3739 non
751 3681 969 3743 habere,
1010 3679 1110 3733 hoc
1135 3693 1254 3732 eum
1298 3685 1354 3731 tu
1399 3676 1596 3730 habere
1640 3692 1743 3730 non
1786 3674 2082 3731 certissime
2109 3684 2193 3730 te-

615 3789 769 3839 neas,
799 3772 890 3826 sed
930 3770 1253 3825 credibiliter
1291 3768 1613 3841 suspiceris;
1648 3779 1701 3821 et
1739 3769 1808 3821 oh
1850 3768 1953 3822 hoc
1994 3768 2083 3823 tibi
2112 3768 2194 3822 vi-

616 3864 747 3920 dear
773 3860 1093 3917 intervenire
1138 3876 1233 3929 pro
1260 3872 1327 3914 eo
1365 3858 1453 3929 qui
1499 3868 1547 3915 ct
1590 3857 1808 3913 sceleris
1839 3874 2047 3929 poenam
2092 3856 2193 3914 sibi

616 3954 793 4024 cupiat
819 3952 1066 4017 relaxari,
1097 3959 1152 4005 et
1193 3949 1243 4005 id
1292 3958 1509 4021 propter
1532 3949 1669 4021 quod
1701 3950 1875 4005 scelus
1901 3949 2193 4004 admissum

615 4055 701 4103 est
727 4043 1018 4115 possidere.
1052 4042 1128 4098 Ad
1156 4056 1417 4096 summam
1450 4041 1607 4111 igitur
1634 4057 1803 4111 neque
1838 4040 1975 4111 apud
2005 4050 2076 4102 te,
2101 4056 2194 4095 ne-

615 4153 720 4211 que
748 4135 887 4207 apud
932 4134 1086 4201 tales,
1141 4134 1186 4190 si
1230 4134 1319 4204 qui
1365 4132 1700 4203 reperiuntur
1736 4131 1946 4202 qualem
1982 4142 2033 4186 te
2075 4146 2195 4185 esse

616 4229 928 4300 gaudemus,
959 4240 1131 4296 neque
1156 4224 1292 4295 apud
1322 4224 1465 4292 ipsos
1490 4223 1578 4295 qui
1609 4238 1799 4293 magno
1828 4222 2002 4276 studio
2022 4221 2193 4277 aliena

617 4334 681 4373 ac
708 4318 839 4372 nihil
881 4317 1172 4386 profutura,
1214 4315 1545 4386 multumque
1587 4313 1747 4367 etiam
1793 4312 2087 4383 periculosa
2132 4328 2197 4369 ac

619 4411 914 4482 perniciosa
952 4418 1152 4478 petunt,
1201 4423 1373 4477 neque
1414 4406 1551 4475 apud
1578 4421 1671 4460 cor
1696 4421 1870 4461 meum
1915 4406 1999 4461 cui
2047 4404 2197 4460 testis

619 4511 701 4558 est
727 4502 897 4563 Deus,
920 4498 1087 4552 ausim
1115 4498 1313 4561 dicere,
1353 4497 1550 4551 sentire
1573 4537 1589 4561 ,
1619 4496 1930 4560 decernere,
1964 4495 2195 4550 interve-

620 4590 872 4648 niendum
898 4602 1017 4642 esse
1056 4602 1151 4657 pro
1179 4586 1377 4654 aliquo,
1424 4594 1482 4639 ιιι
1523 4584 1663 4655 quod
1707 4585 1908 4639 scelere
1953 4585 2191 4652 abstulit,

620 4683 840 4741 sceleris
863 4680 1176 4751 impunitate
1201 4678 1470 4748 possideat
1494 4694 1507 4730 :
1531 4677 1624 4733 sed
1656 4689 1712 4732 ut
1733 4676 1952 4732 remissa
1982 4677 2193 4747 injuria,

619 4772 763 4845 quod
788 4772 1045 4842 iujuriose
1071 4770 1289 4825 abstulit
1327 4768 1548 4833 reddat;
1586 4768 1629 4822 si
1668 4779 1842 4823 tamen
1871 4767 2030 4824 habet
2056 4769 2197 4840 quod

622 4867 858 4925 abstulit,
882 4864 963 4920 vel
988 4862 1129 4918 aliud
1152 4863 1289 4916 unde
1318 4860 1441 4916 illml
1470 4860 1732 4917 restituat.

689 4958 780 5014 25.
812 4957 923 5013 Non
954 4971 1084 5012 sane
1111 4953 1363 5027 quidquid
1391 4954 1459 5008 ab
1480 4953 1642 5008 invito
1667 4954 1913 5018 sumitur,
1944 4952 2199 5023 iniuriose

621 5050 879 5105 aufertur.
917 5048 1048 5103 Nam
1086 5047 1326 5119 plerique
1360 5058 1461 5099 nec
1500 5044 1706 5099 medico
1746 5045 1929 5099 volunt
1973 5043 2199 5101 reddere

621 5143 881 5198 honorem
909 5154 1083 5202 suum,
1113 5153 1212 5194 nec
1243 5136 1489 5207 operario
1526 5134 1861 5199 mercedem;
1901 5148 2001 5190 nec
2021 5145 2196 5191 tamen

620 5236 737 5291 hmo
761 5232 852 5305 qni
892 5231 960 5286 ab
985 5231 1148 5285 invito
1178 5228 1465 5296 accipiunt,
1499 5241 1598 5297 per
1623 5226 1869 5295 injuriam
1908 5225 2193 5297 accipiunt,

621 5342 740 5399 quae
771 5324 943 5395 potius
973 5336 1067 5393 per
1093 5321 1335 5389 injuriam
1374 5334 1481 5374 non
1507 5319 1779 5373 darentur.
1806 5317 1911 5375 Sed
1949 5332 2053 5374 non
2078 5319 2199 5374 ideo

621 5416 779 5473 debet
812 5414 973 5486 judex
999 5410 1232 5466 vendere
1255 5410 1453 5479 justum
1478 5408 1754 5477 judicium,
1798 5416 1888 5462 aut
1925 5409 2072 5463 testis
2101 5424 2195 5464 ve-

622 5524 738 5565 rum
763 5506 1141 5565 testimonium,
1185 5501 1306 5569 quia
1336 5501 1507 5555 vendit
1541 5502 1828 5557 advocatus
1864 5499 2066 5571 justum
2102 5516 2196 5574 pa—

629 5602 907 5657 trocinium
940 5610 992 5651 et
1020 5596 1356 5666 iurisperitus
1376 5609 1557 5648 verum
1587 5594 1864 5647 crusiluun
1899 5611 1911 5646 :
1944 5594 2014 5647 illi
2052 5594 2194 5648 enim

627 5692 764 5748 inter
794 5706 1067 5758 utramque
1112 5698 1311 5758 partem
1350 5690 1413 5739 ad
1460 5700 1679 5740 exaiucn
1725 5685 2068 5751 adhibentur;
2112 5687 2195 5742 isti

624 5796 696 5841 α
721 5799 824 5841 una
848 5794 998 5855 parte
1035 5782 1353 5839 consistunt.
1382 5776 1516 5835 Cum
1540 5790 1715 5834 autem
1748 5777 2022 5853 judicia‘ct
2048 5778 2198 5838 testi-

728 5934 742 5957 ι
756 5957 758 5960 .

1834 362 1893 418 s.
1931 353 2296 415 aucnsrnvt
2334 356 2633 417 EPISCOPI
3728 381 3814 441 σα

2291 474 2487 536 monia,
2516 491 2633 546 qua!
2662 491 2761 532 nec
2780 477 2920 545 justa
2954 489 3009 536 et
3032 496 3154 538 vera
3185 484 3456 541 vendenda
3482 499 3625 557 sunt,
3658 493 3807 564 iniqua

2290 571 2343 617 et
2373 564 2495 619 falsa
2526 567 2843 631 veuduutur,
2874 572 3040 625 multo
3083 575 3392 637 sceleratius
3422 581 3595 651 utique
3624 591 3809 650 pecuina

2289 656 2532 712 sumitur.
2566 659 2684 726 quia
2728 662 2985 717 scelerate
3013 664 3172 719 etiam
3210 670 3452 733 quamvis
3492 687 3522 723 ιι
3552 674 3811 732 volentibus

2290 745 2462 802 datur.
2505 748 2595 805 Ille
2638 760 2812 806 tamen
2851 754 2983 808 solet
3026 763 3272 827 tanquam
3305 758 3441 814 male
3480 761 3574 817 sibi
3616 765 3810 825 ablatam

2291 839 2564 907 pecuniam
2596 853 2854 910 repetere,
2900 846 2987 915 qui
3014 846 3211 913 justum
3245 849 3501 916 jmlicium
3540 856 3675 918 emit,
3696 874 3813 927 quo.

2293 928 2433 981 niam
2460 931 2648 985 venale
2672 947 2791 987 esse
2819 948 2922 987 non
2946 935 3127 989 dchuit
3151 954 3165 990 :
3196 938 3284 1007 qui
3316 954 3444 994 vero
3464 956 3556 1009 pro
3582 943 3818 1017 iuiquoju-

2289 1016 2429 1072 dicio
2454 1018 2617 1081 dedit.
2662 1023 2819 1079 vellet
2846 1026 3058 1095 quidem
3089 1039 3353 1098 repetere,
3386 1031 3485 1086 nisi
3525 1034 3715 1091 timeret
3751 1016 3816 1098 vel

2290 1111 2512 1182 puderet
2536 1115 2752 1171 emisse.

2359 1202 2449 1257 9.4.
2477 1202 2609 1259 Sunt
2630 1206 2747 1260 alia:
2776 1222 3015 1275 persnnte
3042 1210 3305 1267 inferioris
3339 1212 3463 1278 loci,
3489 1231 3600 1286 qua!
3620 1218 3679 1273 ab
3699 1234 3819 1277 utra-

2290 1310 2393 1365 que
2423 1306 2570 1364 parte
2592 1313 2694 1350 non
2720 1298 3007 1355 insolenter
3028 1301 3315 1371 accipiunt,
3342 1306 3478 1360 sieut
3516 1300 3747 1373 ollieialis.
3779 1323 3823 1370 et

2290 1402 2318 1441 a
2344 1403 2450 1458 quo
2473 1388 2782 1443 admovetur
2804 1390 2843 1452 ',
2867 1401 2917 1444 ct
2938 1393 3020 1445 cui
3045 1394 3359 1448 a‘lzuovetur
3393 1396 3615 1451 adiiciunt
3641 1418 3651 1451 :
3681 1402 3739 1453 ah
3758 1403 3822 1458 his

2291 1491 2494 1536 extorta
2538 1499 2633 1551 per
2662 1484 3058 1539 immoderatam
3098 1487 3516 1555 improlutatem,
3566 1495 3714 1561 repeti
3752 1510 3821 1548 sn.

2295 1573 2432 1637 lent;
2486 1575 2605 1629 data
2654 1591 2747 1644 per
2797 1576 3606 1644 tolerabilemconsuetudinem,
3645 1598 3825 1640 nonsa-

2294 1663 2402 1719 lent
2436 1683 2448 1718 :
2483 1666 2754 1735 magisque
2793 1666 3251 1736 reprehendimus,
3315 1671 3404 1741 qui
3458 1674 3573 1726 talia
3620 1674 3825 1734 inusitate

2293 1754 2673 1824 repe'iverunt,
2703 1772 2860 1825 quam
2892 1759 2978 1828 qui
3008 1775 3068 1812 ea
3089 1758 3157 1814 de
3181 1777 3331 1814 more
3351 1774 3825 1835 Stltttpst‘l’ltltl;t|tlo-

2294 1846 2434 1900 niam
2465 1848 2646 1900 multa:
2675 1849 2987 1903 neci-maria:
3018 1865 3259 1917 persiuia:
3288 1851 3447 1905 rebus
3486 1839 3727 1913 humanis,
3762 1854 3824 1911 vel

2296 1937 2582 1992 invitantur
2607 1938 2906 2007 hujusmodi
2933 1942 3247 2005 commodis,
3295 1944 3380 1999 vel
3414 1955 3665 2000 tenentur.
3692 1945 3767 2001 Isti
3789 1947 3823 2002 si

2294 2027 2430 2081 viam
2448 2028 2568 2082 vita:
2591 2030 2925 2091 nutaveriut.
2948 2042 3033 2086 aut
3057 2033 3452 2088 excellentioris
3469 2035 3756 2091 conscende:
3769 2038 3828 2093 int

2293 2120 2588 2175 sanctitatis
2623 2121 2862 2189 gradum,
2902 2121 3106 2177 faciLius
3132 2139 3193 2178 ea
3239 2141 3360 2194 qua.-
3388 2125 3487 2179 hoc
3517 2125 3663 2180 modo
3685 2130 3828 2198 aequi-

2294 2216 2515 2275 siernnt,
2545 2222 2790 2285 tauquam
2815 2227 2908 2267 sua
2934 2215 3250 2285 pauperibus
3281 2217 3589 2288 largiuntur.
3614 2220 3828 2287 quatueit

2295 2316 2324 2355 a
2350 2302 2540 2373 quibus
2562 2313 2776 2371 accepta
2802 2314 2947 2370 sunt,
2973 2316 3218 2376 tauquam
3247 2310 3420 2362 aliena
3455 2313 3729 2365 restituunt.
3748 2313 3827 2380 Qui

2296 2408 2423 2447 vero
2469 2406 2650 2448 contra
2691 2396 2778 2461 jus
2821 2398 3087 2451 societatis
3124 2397 3393 2464 humanm,
3445 2400 3610 2461 t'urtis,
3646 2402 3824 2470 rapinis,

2296 2483 2603 2541 ealrnnniis.
2650 2487 3115 2555 oppressionibus,
3166 2489 3529 2545 invasitmilms
3573 2491 3821 2559 abstulerit,

2298 2573 2560 2627 reddenda
2592 2577 2767 2645 potius
2818 2593 2974 2646 quam
3022 2578 3265 2635 douauda
3313 2596 3613 2641 censemus:
3657 2581 3825 2639 Zacha-i

2300 2667 2561 2735 publicani
2596 2668 2900 2738 evangelico
2928 2670 3193 2739 exemplo,
3236 2670 3329 2740 qui
3366 2687 3484 2726 cunt
3526 2672 3728 2743 hospitio
3749 2673 3825 2728 Do-

2299 2760 2496 2813 minqu
2528 2761 2863 2832 suscepisset,
2904 2762 2954 2814 in
2988 2761 3148 2818 vitam
3178 2774 3421 2819 sanetam
3469 2776 3668 2835 repente
3693 2776 3825 2820 ιιιιιιι-

2299 2859 2401 2913 tus,
2440 2850 2737 2913 Dimidium,
2780 2854 2965 2923 inquit,
2996 2872 3159 2909 rerum
3186 2873 3413 2912 mearum
3462 2861 3525 2914 da
3552 2861 3820 2930 pauperibut,

2297 2954 2345 2998 et
2391 2944 2435 2997 si
2484 2944 2566 2998 cui
2615 2946 2809 3016 aliquid
2858 2948 3078 3015 abstuli,
3131 2950 3472 3023 quadruplum
3511 2953 3655 3008 reddo
3696 2952 3821 3024 (Lac.

2297 3052 2411 3091 six.
2437 3037 2532 3107 8).

2368 3127 2455 3182 25.
2490 3127 2862 3183 Verumtamen
2908 3130 2951 3185 si
2986 3130 3188 3200 justitia
3244 3134 3505 3190 sincerius
3544 3135 3819 3199 corsnlatur,

2293 3218 2489 3289 justius
2504 3220 2698 3276 dicitur
2716 3223 2988 3285 advncato,
3012 3215 3192 3279 Redde
3209 3228 3353 3296 quod
3376 3230 3634 3297 accepisti,
3653 3227 3819 3296 quando

2299 3320 2480 3364 contra
2511 3313 2787 3367 veritatem
2818 3315 3047 3383 stetisti,
3074 3316 3336 3386 iniquitati
3378 3318 3601 3384 adfuisti,
3634 3320 3817 3386 judicent

2299 3399 2554 3468 fefellisti,
2596 3402 2786 3473 justam
2819 3419 3031 3461 mulsam
3071 3410 3406 3477 oppie~sisti,
3440 3410 3505 3464 de.
3539 3409 3736 3464 falsitate
3758 3407 3817 3460 vi-

2299 3493 2414 3547 cisti
2448 3494 2617 3563 (quod
2646 3495 2730 3549 vid
2767 3512 2795 3551 s
2823 3499 3016 3551 intuitus
3046 3497 3452 3557 honestissimos
3493 3509 3546 3556 et
3582 3497 3816 3554 disertissi-

2299 3600 2416 3639 mos
2448 3586 2612 3652 \'iros,
2655 3604 2757 3641 nen
2794 3589 2962 3642 solum
2993 3588 3223 3659 impune,
3255 3607 3440 3648 verum
3470 3592 3615 3647 etiam
3637 3590 3816 3659 glorioso

2298 3678 2464 3732 videri
2503 3679 2603 3734 sibi
2643 3680 3044 3751 Committere);
3075 3698 3231 3751 quam
3266 3685 3509 3755 cuiquam
3550 3685 3595 3738 in
3631 3681 3817 3752 quolibet

2299 3768 2476 3823 ol‘licio
2502 3770 2766 3831 militanti,
2813 3771 2993 3827 Redde
3028 3773 3167 3841 quod
3207 3774 3481 3845 accepisti,
3529 3771 3715 3843 quando
3748 3769 3815 3838 ju-

2302 3858 2459 3913 bcute
2483 3859 2662 3925 judice
2685 3860 2997 3931 cuicumque
3023 3877 3196 3918 caiisru
3219 3865 3570 3918 ιιοςυςςιιιίιιιιι
3598 3863 3814 3917 hominem

2301 3950 2534 4009 tenuisd.
2578 3966 2644 4005 ne
2681 3951 2949 4007 resisteret
2976 3953 3209 4016 vinxisti,
3248 3970 3316 4008 ne
3348 3953 3546 4024 fugeret
3586 3950 3812 4015 int-lusisti,

2301 4052 2570 4111 postremo
2597 4053 2679 4094 aut
2712 4053 3055 4113 permanente
3099 4044 3192 4099 lite
3239 4045 3549 4109 exhibuisti,
3585 4053 3665 4098 aut
3701 4041 3814 4095 ﬁnita

2300 4132 2571 4187 dimisisti.
2630 4133 2734 4188 Sed
2796 4135 2922 4191 illud
2967 4151 3063 4190 cur
3117 4136 3377 4192 advocato
3419 4154 3517 4192 nou
3567 4137 3739 4190 dicatur
3774 4132 3813 4185 in

2301 4237 2546 4295 promptu
2575 4235 2680 4292 est,
2718 4226 2837 4295 quia
2862 4227 3063 4281 scilicet
3094 4227 3162 4281 ita
3189 4243 3294 4282 non
3324 4230 3431 4282 vult
3452 4228 3600 4283 homo
3623 4232 3813 4295 repetere

2300 4316 2440 4385 quod
2470 4327 2709 4387 patrono,
2738 4325 2795 4370 ut
2823 4317 2958 4371 male
2983 4319 3235 4385 vinceret,
3264 4319 3441 4383 dedit;
3466 4320 3591 4374 sicut
3617 4330 3705 4370 non
3730 4312 3813 4365 vult

2302 4405 2524 4459 reddere
2540 4405 2678 4477 quod
2707 4407 2773 4461 ab
2792 4407 3115 4471 adwrsario,
3145 4424 3266 4463 eum
3308 4411 3442 4465 male
3465 4410 3673 4472 vicisset,
3696 4416 3812 4459 acco-

2304 4497 2397 4566 pit.
2442 4495 2570 4562 Quis
2610 4496 2819 4551 tandem
2852 4496 3160 4563 advocatus,
3195 4508 3287 4553 aut
3324 4516 3388 4555 ex
3416 4500 3654 4553 advocato
3675 4496 3731 4550 ita
3752 4492 3813 4548 vir

2302 4588 2532 4656 optimus
2556 4586 2703 4641 facile
2735 4587 3015 4656 reperitur,
3042 4589 3130 4659 qui
3162 4600 3410 4659 suscepto
3436 4604 3528 4644 suo
3553 4588 3677 4642 dicat
3702 4582 3808 4638 :Re'

2303 4681 2421 4748 cipe
2442 4677 2580 4748 quod
2612 4677 2762 4743 mihi,
2803 4693 2923 4733 cum
2951 4678 3039 4733 tibi
3085 4678 3223 4735 male
3258 4681 3516 4740 adessem.
3555 4675 3747 4733 dedisti;
3768 4677 3810 4725 et

2302 4770 2467 4825 redde
2499 4769 2802 4825 adversnrio
2825 4778 2913 4824 tuo
2944 4770 3106 4840 quod,
3138 4787 3224 4828 me
3249 4782 3455 4843 agente.
3484 4768 3806 4841 inique‘absmv

2305 4860 2445 4916 lirti?
2475 4861 2539 4917 Et
2574 4872 2747 4917 tamen
2777 4876 2936 4933 quem
2980 4863 3169 4922 prioris
3199 4879 3302 4918 non
3341 4874 3491 4918 recta:
3518 4862 3624 4917 vita:
3663 4853 3806 4911 rectisv

2303 4955 2437 5009 sime
2463 4956 2701 5025 paenitet,
2731 4954 2887 5007 etiam
2920 4952 3020 5008 hoc
3045 4954 3216 5009 facere
3237 4955 3414 5021 debet,
3464 4962 3519 5008 ut
3558 4950 3598 5005 si
3635 4950 3707 5003 ille
3737 4941 3803 5014 qui

2305 5047 2479 5117 inique
2511 5046 2749 5116 litigavit,
2782 5061 2884 5099 non
2911 5045 3023 5100 vult
3059 5045 3358 5101 admonitus
3383 5044 3631 5114 corrigere
3654 5034 3803 5105 iniqui-

2304 5148 2485 5200 tatem,
2521 5136 2638 5205 ejus
2683 5146 2859 5192 tamen
2886 5136 3171 5207 iniquitatis
3198 5137 3329 5192 nolit
3369 5138 3461 5191 iste
3502 5135 3673 5190 habere
3695 5136 3802 5182 mer-

2303 5230 2485 5285 cedem
2518 5248 2529 5282 :
2555 5230 2655 5284 nisi
2686 5227 2820 5284 forte
2839 5230 3220 5285 restituendum
3243 5240 3323 5285 est
3340 5230 3575 5290 alienum,
3593 5220 3711 5295 quod
3731 5230 3802 5287 per

2305 5321 2500 5376 furtum
2545 5322 2787 5377 clanculo
2826 5321 3083 5391 aufertur,
3125 5334 3180 5379 et
3218 5322 3580 5380 restituendum
3619 5331 3705 5371 non
3739 5315 3800 5365 est

2303 5413 2445 5485 quod
2476 5412 2527 5468 in
2564 5416 2675 5482 ipso
2706 5413 2819 5467 l‘oro
2847 5415 2932 5468 ubi
2965 5425 3177 5484 peccata
3208 5417 3500 5485 putiiuntar.
3527 5399 3797 5476 deccplﬂlu’

2304 5504 2441 5570 dice,
2469 5514 2523 5560 et
2549 5506 2920 5559 circuim'eatis
2950 5505 3147 5575 legibus
3191 5504 3477 5560 obtiuctur!
3516 5498 3632 5568 Qtlid
3661 5493 3793 5546 ἀίεηω

2366 5684 2386 5714 ³
2404 5690 2535 5754 ων..ἶ
2557 5688 2603 5731 ct
2621 5694 2754 5743 aqua
2777 5688 3035 5754 amaretur.
3065 5689 3239 5754 .tt-V'ss:
3255 5682 3442 5754 habent.
3462 5682 3558 5754 fta
3569 5666 3793 5754 (ηιξ

2304 5753 2468 5797 retur:
2493 5732 2537 5793 id
2563 5755 2655 5815 est.
2674 5732 2742 5795 ὀι
2781 5748 2841 5794 ab
2866 5757 2928 5795 eo
2946 5746 3029 5808 qui
3060 5742 3308 5796 otﬁcialem
3329 5743 3387 5793 ad
3406 5732 3681 5804 ιηειωω
3698 5732 3790 5779 ιιιιοο

2302 5818 2407 5861 ram
2425 5806 2662 5859 conducit.
