4004 6396
656 293 756 347 067

626 411 880 470 inimum
904 422 1051 469 tuum
1079 413 1336 467 charitate
1360 410 1671 465 aeternitatis
1698 418 1750 463 et
1775 408 2036 470 veritatis,
2064 413 2224 473 atque

650 508 814 578 ipsius
833 505 1109 569 charitatis
1134 505 1379 565 allectum
1402 502 1595 561 divina:
1618 502 1691 557 illi
1713 500 2020 569 caelestique
2050 499 2226 567 reipu-

651 599 820 667 blicae,
872 598 1025 666 cujus
1070 606 1317 665 regnatur
1351 603 1432 653 est
1472 593 1714 648 Christus
1744 633 1761 655 ,
1800 603 1855 649 et
1898 591 1951 646 in
1982 608 2079 661 qua
2112 590 2224 645 sola

648 704 860 758 semper
899 689 1153 754 beateque
1196 685 1481 741 vivendum
1531 693 1630 747 est,
1665 684 1709 739 si
1752 692 1895 737 recte
1927 682 2011 736 hic
2038 681 2227 749 pieque

652 783 875 847 vivatur,
918 795 1149 851 agnosco
1195 780 1509 844 inhiantem,
1561 778 1715 833 video
1760 776 2222 847 prepinquantem,

651 872 868 943 ejusque
898 870 1162 941 potiunda:
1194 871 1485 940 amplector
1518 872 1811 926 ardentem.
1865 870 1991 923 inde
2033 870 2227 937 quippe

653 973 834 1027 manat
856 965 1011 1017 etiam
1038 977 1161 1019 vera
1191 962 1443 1025 amicitia,
1481 975 1585 1021 non
1616 962 1880 1031 pensanda
1912 960 2225 1031 temporali—

652 1054 750 1114 bus
775 1053 1083 1117 commodis,
1115 1053 1210 1108 sed
1252 1055 1480 1123 gratuito
1523 1067 1705 1109 amore
1737 1052 1967 1122 putanda
1992 1054 2028 1104 ί.
2061 1050 2228 1107 Nemo

651 1146 792 1205 enim
823 1154 992 1214 potest
1016 1146 1276 1201 veraciter
1301 1147 1503 1200 amicus
1531 1160 1651 1201 esse
1677 1144 1924 1207 hominis,
1969 1145 2069 1199 nisi
2112 1144 2227 1199 fue-

648 1237 717 1297 rit
743 1237 907 1307 ipsius
932 1238 1177 1307 primitus
1197 1238 1435 1293 veritatis
1463 1253 1478 1292 :
1513 1237 1655 1308 quod
1693 1240 1738 1292 si
1784 1238 1949 1307 gratis
1978 1254 2081 1291 non
2113 1238 2224 1301 iiat,

650 1327 795 1399 nullo
825 1327 934 1383 iicri
962 1337 1118 1397 pacto
1147 1338 1343 1397 potest.

719 1419 773 1473 2.
818 1420 889 1475 De
904 1437 1003 1489 qua
1032 1436 1088 1475 re
1113 1421 1271 1475 etiam
1304 1420 1601 1491 philosophi
1639 1422 1800 1479 multa
1826 1420 2105 1483 dixerunt;
2137 1421 2228 1473 sed

648 1511 789 1583 apud
818 1527 910 1566 eos
940 1527 1062 1565 vera
1106 1513 1291 1580 pietas,
1338 1512 1387 1567 id
1427 1522 1506 1566 est
1533 1526 1689 1567 verax
1742 1512 1852 1567 veri
1894 1512 1987 1567 Dei
2032 1513 2225 1575 cultus,

652 1605 793 1660 unde
835 1605 1009 1658 omnia
1056 1615 1199 1659 recte
1240 1604 1447 1658 vivendi
1490 1604 1609 1658 duci
1661 1614 1870 1672 oportet
1898 1604 2091 1669 ofﬁcia,
2126 1619 2227 1657 non

654 1696 920 1755 invenitur
949 1710 965 1747 :
995 1710 1098 1749 non
1129 1696 1199 1751 ob
1223 1695 1386 1761 aliud,
1411 1706 1665 1765 quantum
1698 1696 1954 1761 intelligo,
1985 1696 2081 1749 nisi
2109 1696 2227 1763 quia

652 1786 860 1843 beatam
890 1786 1053 1840 vitam
1080 1785 1179 1857 ipsi
1207 1785 1309 1839 sibi
1337 1786 1728 1853 quodammodo
1758 1786 2015 1840 fabricare
2048 1786 2227 1839 volue-

654 1887 798 1944 runt,
826 1878 1105 1947 potiusque
1138 1876 1445 1945 patrandam
1472 1891 1629 1947 quam
1659 1876 2043 1943 impetrandam
2077 1885 2229 1944 puta-

654 1977 871 2042 verunt;
898 1982 1017 2021 cum
1039 1968 1153 2035 ejus
1176 1965 1330 2023 dator
1353 1983 1455 2021 non
1479 1967 1548 2021 sit
1575 1968 1674 2021 nisi
1702 1968 1859 2021 Deus.
1888 1967 2066 2035 Neque
2088 1968 2229 2021 enim

652 2059 778 2131 facit
803 2059 1011 2114 beatum
1040 2058 1330 2123 hominem,
1360 2059 1460 2113 nisi
1499 2060 1586 2127 qui
1623 2059 1747 2111 fecit
1777 2059 2065 2113 hominem.
2101 2057 2231 2113 Nam

651 2151 742 2225 qui
771 2158 911 2225 tanta
941 2158 1199 2205 creaturae
1224 2165 1335 2205 sua:
1362 2151 1497 2205 bona
1525 2149 1679 2204 bonis
1711 2152 1965 2217 malisque
1990 2148 2229 2217 largitur,

652 2251 711 2300 ut
735 2243 859 2307 sint,
888 2251 946 2297 ut
975 2241 1216 2296 homines
1245 2242 1371 2307 sint,
1401 2252 1459 2294 ut
1483 2242 1725 2310 vigentes
1755 2241 2019 2302 sensibus,
2052 2240 2233 2294 valen-

655 2341 737 2393 tes
778 2331 1011 2394 viribus,
1063 2329 1341 2386 afﬂuentes
1390 2329 1579 2399 Opibus
1623 2331 1765 2393 sint;
1797 2330 2030 2398 seipsum
2082 2330 2234 2385 bonis

651 2422 798 2497 dabit
826 2431 884 2477 ut
909 2423 1043 2477 beati
1075 2424 1210 2490 sint,
1242 2424 1360 2491 quia
1391 2423 1506 2492 ejus
1536 2422 1694 2477 etiam
1722 2421 1822 2475 hoc
1848 2437 2040 2477 munus
2069 2431 2149 2476 est
2180 2432 2235 2476 ut

628 2568 629 2571 η
654 2514 778 2573 boni
807 2516 929 2568 sint.
963 2515 1038 2569 Illi
1078 2530 1203 2569 vero
1233 2514 1321 2585 qui
1356 2516 1408 2567 in
1437 2515 1535 2568 hac
1560 2529 1857 2569 aerumnosa
1883 2514 2021 2579 vita,
2053 2514 2102 2569 in
2149 2513 2235 2568 bis

656 2602 985 2663 muribundis
1022 2606 1306 2673 membris,
1348 2606 1448 2661 sub
1495 2606 1593 2659 hac
1630 2606 1835 2660 sarcina
1874 2606 2235 2674 corruptibilis

655 2695 862 2767 carnis,
897 2705 1140 2750 auctores
1177 2711 1286 2750 sua:
1314 2697 1481 2752 beatae
1517 2698 1636 2750 vita:
1665 2707 1720 2753 et
1751 2697 1899 2766 quasi
1931 2698 2235 2751 conditores

659 2774 781 2846 esse
802 2788 1101 2854 voluerunt,
1125 2789 1267 2843 velut
1284 2788 1509 2858 propriis
1538 2803 1653 2841 eam
1678 2788 1963 2842 virtutibus
1982 2798 2238 2855 appeten-

658 2887 757 2943 tes,
782 2878 998 2950 jamque
1025 2880 1335 2944 retinentes,
1371 2895 1473 2932 non
1505 2879 1571 2935 ab
1597 2879 1683 2932 illo
1711 2880 1852 2932 fonte
1875 2881 2122 2932 virtutum
2148 2895 2238 2947 pe-

656 2980 828 3031 tentes
848 2980 1003 3041 atque
1025 2980 1318 3041 Sperantes,
1347 2971 1508 3025 Deum
1536 2970 1798 3040 superbia:
1834 2985 1946 3025 suic
1987 2970 2235 3027 resisten-

657 3070 765 3127 tem
814 3064 1008 3119 sentire
1058 3062 1275 3117 minime
1328 3071 1631 3133 potuerunt.
1691 3060 1843 3118 Unde
1891 3062 1942 3115 itt
1993 3076 2234 3116 errorem

656 3156 1095 3213 absurdissimum
1123 3157 1252 3226 lapsi
1283 3166 1438 3223 sunt;
1472 3165 1529 3211 ut
1572 3172 1690 3210 cum
1732 3164 2041 3221 asseverant
2075 3154 2236 3211 etiam

660 3248 717 3304 in
741 3248 1034 3303 Phalaridis
1063 3259 1211 3301 tauro
1236 3248 1449 3303 beatum
1481 3262 1600 3301 esse
1629 3248 1918 3315 sapientem
1941 3288 1955 3312 ,
1983 3255 2239 3315 cogantur

660 3338 814 3396 fateri
844 3340 1003 3393 vitam
1030 3339 1235 3392 beatam
1257 3337 1538 3407 aliquando
1567 3352 1685 3395 esse
1715 3337 2032 3405 fugiendam.
2066 3336 2237 3404 Exag-

658 3430 857 3505 geratis
885 3431 1025 3484 enim
1056 3430 1209 3485 malis
1236 3430 1473 3497 corporis
1497 3428 1726 3493 cedunt,
1755 3437 1915 3495 atque
1955 3430 2004 3480 in
2054 3442 2237 3481 eorum

662 3523 919 3580 molestiis
952 3521 1278 3593 gravissimis
1319 3521 1706 3575 abscedendum
1738 3537 1801 3574 ex
1831 3522 1931 3573 hac
1969 3521 2071 3572 vita
2118 3534 2238 3574 esse

662 3615 980 3687 decernunt.
1010 3612 1110 3669 Ubi
1133 3613 1256 3667 nolo
1279 3613 1454 3666 dlCtTC
1476 3621 1725 3677 quantum
1750 3612 1821 3665 sit
1841 3598 1987 3663 nefas
2009 3611 2238 3677 seipsnm

666 3704 932 3758 hominem
961 3702 1201 3757 occidere
1231 3703 1512 3765 insontem,
1534 3716 1654 3753 eum
1679 3701 1896 3753 omnino
1923 3716 2024 3751 non
2053 3699 2243 3753 debeat

666 3797 750 3852 vel
782 3806 1087 3857 nocentem;
1132 3794 1270 3847 unde
1314 3794 1366 3846 in
1416 3793 1587 3862 primo
1624 3792 1756 3845 libro
1807 3792 1962 3845 trimn
2008 3790 2237 3853 illorum,

665 3902 800 3961 quos
846 3886 1221 3959 benignissime
1253 3894 1307 3939 et
1334 3883 1719 3939 studiosissime
1748 3882 2035 3950 perlegisti,
2081 3882 2241 3932 inuita

661 3980 771 4050 jam
800 3979 1027 4034 diximus
1076 3977 1223 4047 (Lib.
1260 3980 1283 4035 l
1318 3979 1381 4032 de
1416 3976 1559 4033 Civil.
1590 3975 1720 4041 Dei,
1764 3992 1877 4043 cup.
1911 3976 1973 4027 l7
1997 3986 2041 4027 et
2073 3972 2238 4043 stqq).

665 4071 771 4132 Sed
798 4081 941 4127 certe
967 4070 1365 4135 Consideretur,
1398 4084 1495 4123 nec
1525 4067 1753 4135 superbe
1784 4066 1873 4120 sed
1904 4066 2080 4119 sobrie
2102 4064 2243 4133 judi-

666 4171 816 4222 cetur
844 4162 1109 4233 quomodo
1138 4165 1240 4217 vita
1269 4162 1419 4216 beata
1447 4161 1534 4225 sit,
1562 4175 1662 4232 qua
1693 4174 1794 4215 non
1826 4158 2036 4227 sapiens
2071 4166 2245 4209 reten-

668 4263 721 4314 ta
762 4256 984 4322 fruitur,
1018 4254 1111 4311 sed
1160 4253 1320 4309 illatis
1356 4252 1457 4310 sibi
1482 4253 1728 4307 manibus
1755 4266 1937 4306 carere
1964 4249 2243 4320 compelli-

670 4354 775 4411 ων.

745 4438 799 4492 5.
844 4437 933 4492 ESt
956 4435 1091 4503 apud
1122 4435 1452 4495 Ciceronem,
1486 4434 1536 4487 in
1567 4442 1823 4496 extrema,
1858 4440 1914 4485 ut
1945 4432 2068 4491 scis,
2097 4439 2244 4499 parte

672 4530 841 4602 quinti
881 4527 1295 4582 Tusculanarum
1336 4526 1455 4579 libri
1495 4524 1676 4587 locus,
1708 4534 1922 4593 propter
1950 4524 2088 4591 quod
2129 4522 2246 4575 dico

676 4619 1191 4693 anitmidvertendus.
1235 4618 1368 4672 Cum
1420 4617 1558 4671 enim
1613 4616 1679 4669 de
1730 4616 1962 4669 caecitate
2011 4615 2247 4693 corporis

671 4692 853 4787 ageret
883 4753 898 4777 ,
941 4721 1097 4779 atque
1130 4706 1417 4785 affirmaret
1451 4707 1606 4762 etiam
1648 4720 1846 4761 caecum
1888 4704 2093 4757 beatum
2130 4719 2249 4758 esse

675 4823 831 4881 posse
856 4807 1168 4877 sapientem,
1194 4801 1357 4855 multa
1378 4801 1509 4854 dixit
1529 4817 1643 4869 qua:
1670 4814 1933 4868 peraures
1958 4798 2250 4866 percipien-

675 4892 744 4956 do
770 4900 1039 4972 gauderet.
1076 4892 1309 4966 Itemque
1337 4894 1381 4947 si
1403 4892 1592 4947 surdus
1622 4901 1783 4954 esset,
1810 4906 1868 4945 ea
1889 4891 2078 4958 quibus
2106 4888 2252 4942 oble-

679 5001 911 5046 ctaretur
936 4990 1000 5043 ad
1032 4989 1214 5042 oculos
1247 4986 1534 5040 transtulit.
1558 4983 1801 5038 Siautem
1834 4991 2054 5051 utroque
2092 4997 2251 5036 sensu

678 5080 987 5143 orbaretur,
1015 5088 1071 5134 et
1101 5092 1277 5133 creetis
1305 5075 1598 5145 surdusque
1625 5074 1771 5127 ﬁeret
1796 5116 1809 5140 ,
1842 5091 1944 5127 non
1974 5082 2054 5127 est
2092 5088 2253 5127 ausus

682 5154 805 5227 binc
839 5171 974 5225 ferre
1020 5169 1369 5233 Sententiam,
1405 5170 1633 5237 eumque
1675 5168 1882 5222 beatum
1915 5167 2111 5221 dicere.
2147 5165 2252 5221 Sed

681 5262 884 5321 addidit
902 5262 1057 5316 etiam
1087 5261 1296 5315 dolores
1322 5260 1662 5331 graviSSimos
1690 5260 1928 5329 corporis
1954 5300 1967 5325 ,
2000 5260 2088 5326 qui
2130 5276 2250 5313 eum

682 5358 727 5413 si
754 5371 859 5412 non
893 5354 1277 5420 interemerint,
1307 5355 1421 5423 ipse
1452 5369 1511 5408 se
1537 5353 1839 5415 interimat,
1870 5362 1924 5405 et
1951 5352 2015 5404 ad
2045 5360 2253 5421 portum

684 5448 789 5503 non
818 5445 1078 5503 sentiendi
1118 5444 1215 5499 hac
1242 5445 1491 5499 liberatus
1536 5444 1726 5497 virtute
1777 5443 2062 5511 perveniat.
2108 5442 2257 5496 Cedit

684 5538 843 5611 igitur
862 5538 1073 5608 sapiens
1115 5536 1511 5592 immanissimis
1540 5535 1775 5590 cladibus
1812 5543 1968 5602 atque
2015 5548 2258 5588 succum-

750 5674 936 5784 ‘IEdd.,
960 5672 1199 5737 potienda.
1226 5679 1333 5720 Mss.
1374 5668 1627 5727 tredecim,
1654 5668 1878 5733 potanda.
1905 5666 1989 5715 Alii
2013 5675 2147 5730 octo,
2170 5681 2261 5731 pu-

750 5748 788 5784 tt
805 5749 853 5783 τι.
1518 5780 1521 5783 ,

684 5748 853 5789 ιηηίια.
1518 5780 1521 5783 ,

1874 292 1930 349 s.
1966 296 1999 346 .\
2009 284 2332 351 UGUSTINI
2372 286 2673 350 EPISCOPI

2328 406 2423 473 bit,
2446 409 2497 463 in
2520 419 2721 465 tantum
2745 423 2801 467 ut
2824 414 2903 469 eis
2922 424 3140 484 cogatur
3159 416 3282 471 etin
3306 417 3530 487 seipsum
3546 406 3841 483 homicidium

2332 512 2654 570 perpetrare.
2689 502 2786 559 Cui
2822 506 2929 573 jam
2963 517 3147 578 parcat
3172 518 3227 563 ιιι
3252 508 3360 569 illis
3384 518 3560 573 caueat
3594 513 3754 579 iustis,
3776 521 3850 586 qui

2330 594 2427 648 sibi
2462 595 2572 664 ipse
2602 612 2706 649 non
2740 600 2903 666 parcit
2936 600 2957 657 7
2983 599 3140 661 Certe
3165 614 3373 670 semper
3403 600 3583 661 beatus
3602 612 3711 668 est;
3732 618 3850 664 certe

2331 687 2539 743 beatam
2578 689 2735 744 vitam
2774 690 2828 745 in
2852 706 2944 745 sua
2984 701 3243 761 potestate
3277 694 3643 759 constitutam,
3670 698 3791 758 nulla
3810 702 3853 755 vi

2330 789 2503 850 potest
2535 780 2692 835 ullius
2716 783 3031 837 calamitatis
3057 785 3317 839 amittere.
3349 783 3485 843 Ecce
3510 785 3561 841 in
3589 787 3853 846 sscitant

2332 874 2588 929 surditate
2637 884 2692 929 et
2736 875 3080 937 amicissimis
3131 875 3453 933 cruciatibus
3506 880 3741 945 corporis.
3785 894 3854 940 ut

2332 964 2509 1021 amisit
2547 964 2756 1021 beatam
2801 965 2992 1030 vitam;
3031 977 3121 1021 aut
3157 968 3200 1025 si
3240 978 3292 1024 et
3322 966 3372 1022 in
3398 967 3513 1025 istis
3536 968 3854 1031 afﬂictionibus

2333 1056 2506 1111 adhuc
2535 1056 2685 1113 beata
2722 1067 2831 1125 est,
2866 1059 2923 1113 lit
2960 1074 3051 1129 per
3086 1058 3447 1127 hujuscemodi
3480 1060 3853 1123 diictissimorum

2334 1147 2605 1203 hominum
2632 1149 3044 1217 disputationes,
3086 1160 3142 1207 ut
3186 1152 3255 1205 sit
3280 1149 3565 1219 aliquando
3604 1151 3743 1209 beata
3772 1155 3857 1210 vita

2334 1254 2491 1315 quam
2514 1241 2725 1307 sapiens
2760 1240 2898 1295 ferre
2925 1257 3027 1295 non
3060 1243 3259 1310 possit;
3290 1241 3393 1305 vel,
3430 1241 3568 1311 quod
3604 1252 3684 1297 est
3704 1243 3856 1304 absur-

2334 1329 2454 1383 dius
2473 1370 2488 1395 ,
2515 1346 2673 1401 quam
2702 1333 2913 1399 sapiens
2938 1330 3077 1387 ferre
3102 1348 3205 1386 non
3227 1332 3442 1395 debeat,
3473 1348 3685 1402 eamque
3706 1332 3854 1405 fugiat,

2334 1421 2632 1491 abrumpat,
2677 1423 2909 1489 abjiciat,
2946 1438 3169 1492 seseque
3211 1422 3279 1476 ab
3316 1438 3378 1477 ea
3421 1421 3563 1478 ferro
3594 1424 3757 1487 etiam,
3784 1442 3856 1483 seu

2337 1528 2559 1572 veneno,
2594 1513 2676 1567 vel
2716 1514 2816 1569 alia
2860 1514 3154 1567 voluntaria
3202 1522 3374 1567 morte
3409 1512 3689 1579 subducat;
3731 1524 3780 1571 ut
3816 1518 3855 1571 in

2336 1615 2489 1679 portu
2536 1620 2642 1658 non
2681 1606 2941 1661 sentiendi
2993 1606 3071 1661 vel
3129 1605 3301 1659 nullus
3355 1606 3571 1661 omnino
3620 1607 3698 1671 sit,
3743 1608 3853 1675 quod

2337 1696 2604 1766 Epicurei,
2632 1704 2687 1750 et
2712 1698 2755 1750 si
2780 1698 2868 1766 qui
2890 1697 2975 1751 alii
3003 1697 3161 1751 simili
3184 1696 3428 1763 stultitia,
3456 1706 3777 1766 putaverunt;
3798 1701 3859 1755 vel

2336 1790 2454 1845 ideo
2486 1790 2702 1853 beatus,
2749 1791 2995 1860 quoniam
3040 1790 3195 1845 fuerit
3230 1790 3298 1844 ab
3338 1790 3427 1844 illa
3468 1790 3614 1845 beata
3638 1793 3748 1857 vita,
3774 1801 3860 1846 tau-

2336 1896 2491 1953 quam
2528 1881 2596 1933 ab
2634 1880 2808 1949 aliqua
2838 1890 2984 1949 peste
3028 1880 3297 1934 liberatus.
3338 1880 3385 1936 Ο
3428 1881 3640 1934 nimium
3680 1882 3857 1949 superba

2332 1970 2580 2039 jactantia
2613 1972 2624 2024 !
2653 1970 2706 2025 Si
2749 1971 2900 2024 beata
2933 1972 3036 2024 vita
3066 1980 3148 2024 est
3189 1971 3242 2025 in
3282 1970 3605 2025 cruciatibus
3646 1972 3856 2041 corporis,

2336 2078 2432 2116 cur
2462 2077 2564 2116 non
2588 2062 2637 2115 in
2664 2078 2721 2115 ea
2753 2070 2927 2115 manet
2952 2062 3164 2130 sapiens
3186 2073 3239 2115 ut
3266 2060 3510 2117 fruatur?
3538 2062 3579 2116 si
3605 2071 3762 2117 autem
3782 2064 3859 2117 mi-

2338 2169 2453 2208 sera
2479 2164 2559 2207 est
2580 2195 2594 2217 ,
2620 2154 2766 2223 quid,
2795 2155 3015 2209 obsecro
3044 2163 3114 2219 te,
3147 2154 3245 2208 nisi
3277 2155 3475 2225 typhus
3502 2154 3704 2223 impedit
3729 2171 3783 2209 ne
3802 2154 3861 2211 la-

2340 2254 2530 2310 teatnr,
2565 2260 2632 2299 ne
2656 2256 2771 2299 oret
2805 2246 2988 2308 Deum,
3022 2260 3087 2298 ne
3109 2245 3254 2313 justo
3274 2256 3327 2299 et
3356 2246 3678 2301 misericordi
3704 2246 3862 2314 suppli-

2338 2346 2455 2399 Cet,
2485 2337 2572 2407 qui
2619 2346 2804 2403 potetis
2844 2345 2927 2390 est
2953 2345 3006 2390 et
3037 2337 3155 2389 vita:
3191 2336 3347 2405 hujus
3383 2337 3519 2389 mala
3552 2337 3630 2391 vel
3667 2346 3859 2395 avertere

2339 2427 2419 2478 vel
2447 2426 2685 2495 mitigare
2705 2467 2719 2490 ,
2751 2426 2826 2479 vel
2850 2426 2915 2480 ad
2942 2442 3001 2480 ea
3030 2426 3298 2480 toleranda
3338 2426 3642 2483 fortitudine
3666 2442 3859 2491 armare,

2340 2517 2423 2571 vel
2451 2517 2515 2571 ab
2542 2518 2619 2571 eis
2644 2518 2787 2570 oumi
2816 2517 2972 2571 modo
3002 2517 3247 2583 liberare,
3265 2528 3316 2572 et
3351 2528 3471 2587 post
3497 2517 3609 2574 lucc
3628 2534 3742 2573 vere
3765 2518 3858 2575 hea-

2343 2620 2449 2664 tam
2474 2609 2632 2663 vitam
2654 2609 2813 2674 dare,
2846 2624 2950 2678 quo
2992 2608 3190 2663 nullum
3235 2598 3439 2665 malum
3491 2609 3787 2671 admittatur,
3823 2618 3861 2663 et

2343 2700 2429 2756 ubi
2456 2716 2721 2754 summum
2744 2702 2938 2755 bonum
2965 2716 3229 2769 nui‘tquam
3257 2700 3573 2755 amittatur?

2412 2793 2464 2848 4.
2509 2793 2620 2846 Hoc
2648 2792 2853 2859 piorum
2874 2793 3145 2861 praemium
3173 2801 3275 2857 est,
3304 2794 3461 2862 cujus
3481 2792 3776 2858 adipiscendi
3791 2806 3858 2859 spe

2342 2886 2500 2939 vitam
2544 2884 2696 2935 istam
2738 2884 3078 2953 temporalem
3125 2892 3281 2952 atque
3324 2882 3638 2951 mortalem,
3666 2897 3754 2936 non
3785 2890 3860 2936 tam

2342 2974 2724 3028 delectabiliter
2770 2990 2926 3044 quam
2978 2973 3319 3028 tolerabiliter
3376 2972 3646 3036 ducimus,
3673 2980 3720 3027 et
3762 2970 3861 3024 aula

2344 3062 2459 3132 ejus
2488 3072 2613 3117 tunc
2638 3053 2775 3116 bono
2804 3061 3026 3117 consilio
3052 3072 3103 3115 et
3127 3062 3303 3116 divino
3330 3076 3553 3117 munere
3575 3059 3860 3135 fortiterleri-

2345 3170 2481 3213 mus,
2505 3168 2624 3207 cum
2649 3154 2905 3206 bonorum
2938 3163 3256 3214 arternorum
3278 3151 3424 3206 lideli
3452 3153 3541 3205 Dei
3570 3144 3860 3221 promissione

2345 3255 2397 3299 et
2425 3245 2567 3298 lideli
2597 3254 2775 3298 nostra
2816 3244 3210 3312 eXspeetatione
3237 3241 3551 3310 gaudemus.
3589 3240 3660 3296 Ad
3684 3239 3767 3313 hoc
3792 3252 3863 3293 nos

2344 3336 2653 3390 exhortatus
2674 3335 2942 3404 apostolus
2974 3334 3163 3387 Paulus
3184 3334 3275 3397 ait,
3297 3332 3405 3405 Spe
3423 3335 3682 3409 gaudentes
3700 3374 3716 3393 ι
3733 3331 3773 3383 in
3795 3328 3861 3381 tri-

2346 3426 2598 3480 bulatione
2624 3426 2865 3497 patientes
2921 3423 3107 3496 (Rom.
3150 3439 3251 3488 xu,
3307 3424 3374 3477 l2
3405 3426 3460 3496 ):
3508 3423 3721 3499 Ostendit
3753 3420 3857 3474 enim

2344 3533 2511 3593 quare
2539 3519 2590 3571 in
2619 3516 2937 3570 tribulatione
2962 3518 3230 3585 patientes,
3263 3517 3629 3586 praemittendo
3652 3556 3665 3580 ,
3684 3530 3755 3587 spe
3769 3528 3860 3584 gau-

2346 3609 2535 3663 dentes.
2578 3608 2657 3661 Ad
2700 3607 2835 3661 hanc
2865 3624 3011 3676 spem
3038 3608 3289 3662 exhortor
3314 3625 3415 3681 per
3451 3608 3625 3662 Jesum
3653 3606 3859 3683 Christum

2351 3702 2627 3753 Dominum
2654 3709 2913 3752 nostrum.
2946 3700 3054 3754 lloc
3082 3704 3221 3753 enim
3250 3701 3393 3755 Deus
3420 3703 3529 3771 ipsc
3558 3700 3785 3770 magister,
3808 3695 3861 3750 la-

2350 3802 2488 3846 tente
2518 3793 2793 3859 majestate
2819 3792 3124 3855 divinitatis,
3159 3802 3209 3845 et
3239 3792 3418 3844 carnis
3443 3790 3723 3865 infirmitate
3739 3800 3861 3859 lippa-

2350 3895 2519 3946 rentc,
2563 3899 2669 3937 non
2703 3883 2873 3935 solum
2917 3884 3178 3939 sermonis
3226 3883 3446 3936 oraculo
3497 3866 3679 3947 docuit,
3726 3891 3860 3932 vertun

2349 3975 2505 4027 etiam
2536 3990 2641 4027 sum
2668 3973 2929 4044 passionis
2964 3984 3016 4027 et
3059 3974 3469 4029 resurrectionis
3504 3956 3723 4041 exemplo
3748 3967 3862 4035 robo-

2352 4067 2502 4118 ravit.
2529 4066 2585 4119 in
2613 4067 2774 4119 altera
2798 4067 2939 4119 enim
2968 4064 3139 4135 qualia
3182 4065 3431 4129 tolerare,
3476 4064 3525 4117 in
3550 4052 3698 4115 altera
3732 4055 3861 4139 qualia

2350 4143 2640 4209 debeamus
2679 4170 2895 4223 Sperare
2938 4154 3264 4206 monstravit.
3297 4153 3460 4221 Cujus
3503 4142 3565 4206 et
3594 4138 3861 4233 illi'gratiam

2350 4256 2701 4312 mererentur,
2739 4247 2837 4299 nisi
2874 4245 2996 4299 elati
3048 4242 3313 4312 inﬂaliqne
3366 4238 3639 4312 superbia,
3690 4235 3862 4291 inaniter

2351 4352 2671 4395 conarentur
2703 4341 2854 4393 istam
2886 4341 3041 4391 vitam
3067 4338 3269 4391 beatam
3300 4338 3397 4406 ipsi
3420 4338 3518 4393 sibi
3547 4314 3732 4395 facere,
3756 4320 3860 4397 quod

2352 4434 2498 4487 solus
2522 4434 2659 4487 Deus
2695 4431 2947 4485 veraciter
2973 4416 3260 4483 cultoribus
3290 4430 3402 4481 suis
3421 4470 3435 4490 ,
3468 4437 3578 4496 post
3602 4427 3720 4479 hanc
3742 4422 3859 4473 vitam

2352 4525 2745 4594 se'largiturum
2785 4536 2904 4576 eSse
2944 4522 3200 4590 promisit.
3244 4521 3438 4574 Sanior
3465 4508 3858 4587 q‘uippe'e’stejlis'

2351 4616 2472 4669 dem
2494 4613 2761 4668 Ciceronis
2784 4612 2869 4665 illa
2890 4612 3144 4665 sententia
3166 4651 3178 4672 ,
3206 4610 3291 4663 ubi
3311 4611 3410 4662 ait:
3434 4608 3675 4662 Nam/itu:
3687 4604 3768 4656 vita
3780 4597 3861 4668 qui.

2354 4706 2469 4759 dem
2493 4720 2627 4758 mor:
2654 4714 2728 4756 est
2744 4726 2765 4768 ,ν
2787 4710 2936 4771 quam
2971 4702 3246 4759 lamentari.
3263 4717 3497 4769 possent,
3518 4696 3738 4767 sibimet
3764 4687 3856 4762 (Cic.

2354 4800 2407 4851 in
2435 4797 2587 4852 Tusc.
2611 4796 2846 4865 ῥυσίδι).
2880 4795 3153 4861 Quomodo
3181 4809 3306 4863 ergo
3336 4793 3380 4846 si
3410 4803 3549 4847 recte
3576 4792 3856 4844 lamentatur.

2357 4891 2507 4944 beata
2553 4886 2960 4956 comprobatur;
3008 4896 3069 4939 ac
3122 4899 3224 4937 non
3270 4884 3444 4952 potius
3494 4880 3721 4951 quoniam
3754 4879 3857 4926 recte

2359 4982 2697 5047 lamentatur,
2721 4982 2911 5033 misera
2932 4992 3052 5033 esse
3075 4976 3437 5030 convincitur?
3456 4974 3621 5042 Quare
3645 4978 3854 5026 assuesce.

2358 5079 2580 5131 obsecro
2610 5083 2681 5140 te,
2708 5073 2790 5125 vir
2820 5071 2973 5132 bone,
3003 5070 3188 5123 beatus
3215 5082 3331 5122 esse
3368 5066 3578 5120 interim
3604 5062 3712 5131 spe,
3739 5066 3782 5110 ut
3806 5052 3857 5105 sis

2358 5171 2516 5227 etiam
2545 5183 2629 5231 re,
2663 5181 2782 5221 cum
2823 5164 3001 5233 pietati
3044 5160 3581 5232 perseverantissime
3605 5154 3857 5221 retribuctur

2359 5274 2563 5315 merces
2595 5256 2852 5312 felicitatis
2882 5264 3113 5306 mternze.

2431 5349 2655 5407 CAPUT
2696 5348 2756 5403 ll.
2780 5347 2917 5403 ——5.
2948 5346 3003 5400 Si
3032 5345 3228 5416 prolixa
3254 5344 3468 5415 epistola
3504 5344 3733 5423 onerosus
3755 5344 3856 5423 sunt.

2365 5456 2474 5499 tute
2512 5442 2615 5497 hoc
2654 5439 2871 5494 intulisti
2913 5438 3023 5502 tibi,
3056 5438 3143 5506 qui
3180 5454 3262 5492 mc
3302 5438 3582 5507 sapientem
3622 5418 3854 5499 appellasti-

2364 5537 2497 5590 llinc
2523 5534 2665 5590 enim
2695 5545 2855 5585 ausus
2885 5546 3001 5584 sum
3033 5529 3145 5584 inec
3174 5528 3237 5583 ad
3265 5538 3312 5583 te
3335 5529 3491 5597 loqui,
3516 5532 3568 5579 nt
3593 5522 3672 5576 tibi
3696 5514 3856 5584 sipien-

2366 5628 2512 5689 tiam,
2537 5638 2642 5678 non
2672 5621 2838 5690 qualis
2868 5619 2993 5673 mihi
3021 5620 3109 5684 sit,
3137 5627 3470 5680 ostentorum,
3499 5613 3584 5668 sed
3611 5607 3859 5680 qualisesse

2367 5721 2558 5778 debeat
2581 5715 2934 5772 ostenderem.
2961 5713 3084 5767 litee
3108 5721 3370 5766 estautem
3391 5711 3444 5763 in
3473 5702 3693 5778 prazsenti
3711 5690 3858 5755 W10
