4004 6376
673 457 769 518 στι
799 456 807 470 ³

671 575 804 639 bus,
843 572 944 630 hoc
983 572 1287 629 intentionis
1327 571 1430 626 fine
1464 569 1875 634 determinatnr,
1908 585 1967 627 ut
2001 571 2243 626 homines

673 665 961 721 secundum
987 680 1199 720 carnem
1229 663 1398 718 nullas
1424 663 1627 734 iniquas
1657 663 1926 720 molestias
1948 666 2240 733 leniantur;

673 773 770 812 nec
812 757 877 812 ad
917 766 968 810 te
1006 757 1275 811 existimas
1313 755 1609 824 pertinere,
1655 773 1760 825 quo
1796 756 1947 810 istam
1991 757 2239 825 quietem,

669 864 828 918 quam
856 857 1106 917 pnrstare
1132 845 1335 903 niteris.
1364 843 1616 911 referant,
1645 845 1694 899 id
1724 855 1806 900 est
1831 848 1910 914 (ut
1939 846 2115 900 verbis
2139 859 2243 900 non

671 938 921 1008 ambiant)
965 936 1230 1006 quomodo
1263 937 1424 991 Deum
1453 951 1656 997 verum.
1690 936 1775 991 ubi
1800 945 1882 990 est
1903 936 2094 1005 quietae
2123 937 2242 991 vita:

568 1077 576 1084 .
669 1032 841 1083 omnis
887 1028 1117 1090 fructus,
1161 1027 1370 1092 colant,
1415 1027 1544 1081 nihil
1588 1027 1680 1082 tibi
1717 1025 1935 1097 prodest
1974 1025 2042 1079 ad
2082 1025 2242 1080 vitam

669 1136 791 1176 vere
821 1121 1024 1174 beatam
1057 1128 1233 1174 tantus
1262 1118 1427 1173 labor.

739 1214 823 1268 ll.
868 1210 1278 1267 lnverecmnlins
1321 1211 1421 1264 hoc
1460 1210 1638 1265 dicere
1684 1209 1900 1274 videor,
1953 1218 2008 1264 et
2047 1209 2242 1265 oblitus

665 1302 1056 1373 quodammodo
1109 1301 1546 1356 cinisnetudineut
1604 1301 2038 1355 intercessionnm
2091 1317 2240 1357 mea-

665 1412 802 1452 rum.
834 1394 939 1450 Sed
968 1395 1014 1449 si
1046 1393 1174 1449 nihil
1200 1403 1282 1448 est
1306 1391 1640 1455 verecundia,
1668 1393 1766 1446 nisi
1801 1392 2014 1463 quidam
2052 1392 2238 1462 displi-

663 1487 819 1543 cendi
848 1496 1039 1550 metus,
1067 1499 1165 1555 ego
1195 1485 1246 1539 in
1273 1482 1371 1538 hac
1397 1498 1552 1537 eausa
1585 1482 1866 1537 metuendo
1897 1500 2000 1537 non
2030 1498 2236 1538 vereor.

666 1577 844 1633 Metuo
883 1577 1024 1630 enim
1071 1591 1138 1630 ne
1178 1575 1401 1645 prinnun
1447 1574 1590 1639 Deo,
1629 1573 1821 1629 deinde
1859 1573 1957 1643 ipsi
1993 1574 2240 1629 amicitiae

664 1685 820 1738 quam
852 1682 1057 1722 mecum
1088 1665 1222 1721 inire
1262 1664 1506 1735 dignatus
1548 1680 1639 1726 es.
1676 1664 1792 1734 jure
1825 1665 1876 1718 di
1908 1665 2128 1735 pliceam
2148 1705 2164 1730 ,
2193 1665 2238 1720 si

667 1762 840 1831 minus
869 1760 1003 1815 liber
1031 1759 1083 1813 in
1108 1757 1441 1813 admonendo
1471 1758 1652 1823 fuero,
1677 1757 1815 1827 quod
1843 1773 1927 1812 me
1951 1756 2238 1811 admonere

662 1853 1009 1910 saluberrime
1047 1852 1313 1907 existimo.
1355 1849 1464 1906 Sim
1506 1861 1652 1906 certe
1695 1849 2073 1913 verecundior,
2115 1865 2237 1904 cum

663 1947 754 2001 tibi
789 1961 882 2014 pro
910 1945 1026 2000 aliis
1063 1944 1331 2000 intercedo
1355 1958 1374 2002 :
1401 1959 1520 1999 cum
1553 1956 1676 1997 vero
1707 1956 1803 2012 pro
1846 1941 2046 2011 teipse,
2092 1951 2237 1996 tanto

661 2036 879 2090 liberior
914 2044 1110 2105 quanto
1139 2035 1389 2100 amicior;
1437 2035 1554 2104 quia
1599 2041 1743 2087 tanto
1783 2032 2004 2086 amicior
2039 2042 2236 2102 quanto

662 2126 868 2182 ﬁdelior
898 2144 913 2182 :
938 2143 1237 2197 quanquam
1267 2126 1380 2181 lucc
1408 2127 1518 2196 ipsa
1547 2142 1650 2179 non
1677 2124 1930 2188 dicerem,
1959 2124 2059 2180 nisi
2088 2140 2236 2180 vere-

658 2217 883 2272 Cundius
908 2232 1139 2288 agerem.
1171 2217 1296 2283 Qua:
1325 2218 1368 2271 si
1395 2217 1615 2270 maxime
1641 2225 1734 2280 est,
1763 2225 1815 2268 ut
1839 2215 1946 2283 ipse
1967 2215 2231 2283 scripsisti,

658 2308 932 2380 diﬂicilium
955 2309 1082 2362 inter
1106 2307 1260 2362 bonos
1284 2308 1529 2377 efﬁcacia;
1552 2306 1765 2372 adjuvet
1791 2322 1874 2360 me
1899 2321 1992 2374 pro
2019 2314 2067 2361 te
2093 2305 2233 2376 apud

659 2410 746 2464 te,
780 2410 832 2454 ιιι
873 2401 926 2454 in
956 2400 1048 2454 illo
1087 2408 1138 2454 te
1176 2399 1352 2464 fruar,
1381 2399 1468 2468 qui
1500 2397 1628 2453 mihi
1657 2397 1794 2452 hanc
1823 2397 1888 2451 ad
1932 2405 1983 2452 te
2017 2397 2232 2466 jannam

657 2492 1007 2562 ﬁduciamque
1036 2491 1277 2560 praestitit
1309 2507 1322 2543 :
1354 2489 1644 2560 praisertim
1685 2489 1804 2559 quia
1851 2488 1900 2542 id
1940 2489 2078 2557 quod
2109 2502 2232 2558 sug-

653 2599 815 2654 gero,
855 2586 962 2652 jam
993 2584 1144 2639 facile
1180 2583 1407 2637 arbitror
1434 2595 1554 2636 esse
1579 2581 1756 2634 animo
1797 2591 1886 2635 tuo
1926 2590 2002 2634 tot
2037 2580 2230 2635 divinis

654 2673 962 2728 muneribus
988 2672 1361 2727 adminiculan
1386 2683 1440 2726 et
1467 2671 1741 2725 instructo.

726 2764 811 2820 12.
851 2763 906 2820 Si
934 2765 1076 2819 enim
1116 2765 1337 2819 virtutes
1376 2778 1508 2834 quas
1549 2763 1830 2832 accepisti,
1865 2778 1894 2815 a
1934 2777 2038 2832 quo
2074 2777 2228 2818 acce-

650 2857 791 2928 peris
830 2857 1097 2920 sentiens,
1147 2856 1301 2925 eiqne
1341 2856 1537 2925 gratias
1575 2869 1770 2924 agens,
1816 2868 1908 2908 cas
1951 2853 2016 2906 ad
2066 2853 2231 2922 ip-ius

649 2948 848 3004 cultum
878 2947 1035 3002 etiam
1064 2947 1115 3002 in
1145 2947 1247 3002 tuis
1277 2947 1391 3002 istis
1415 2946 1755 3001 ειιιοιιι.ιι·ἰ1ιιιε
1784 2945 2071 3000 honoribus
2096 2961 2228 3000 con-

649 3038 811 3105 feras,
840 3048 1048 3111 tuaique
1079 3039 1324 3108 potestati
1354 3038 1593 3092 subditos
1623 3038 1863 3091 homines
1891 3037 1955 3090 ad
1985 3053 2105 3092 enm
2133 3053 2226 3091 c0-

647 3130 862 3187 lendnm
900 3131 1144 3200 exemplo
1189 3141 1292 3186 tua:
1334 3131 1592 3201 religiosa:
1635 3133 1788 3196 vitae,
1827 3141 1878 3185 et
1910 3132 2024 3202 ipso
2052 3132 2228 3186 studio

649 3221 983 3283 censulendi,
1016 3237 1110 3276 seu
1139 3221 1366 3276 fovendo
1393 3237 1485 3276 seu
1514 3222 1763 3277 terrendo
1789 3223 1961 3292 erigas
1988 3231 2044 3277 et
2064 3223 2230 3277 addu-

647 3326 758 3373 cas.
789 3310 1023 3381 nihilque
1045 3311 1187 3365 aliud
1215 3312 1268 3366 in
1293 3313 1520 3382 eo'qund
1554 3327 1648 3381 per
1676 3322 1726 3366 te
1751 3313 1992 3368 securius
2022 3315 2224 3380 vivunt,

647 3403 814 3467 velis,
846 3403 1030 3458 nisiut
1059 3402 1181 3457 hinc
1224 3403 1373 3457 illum
1420 3414 1849 3473 promercantnr,
1888 3406 2026 3476 apud
2064 3423 2223 3477 quem

646 3494 802 3550 beate
831 3495 1044 3558 vivent;
1089 3504 1145 3550 et
1186 3509 1328 3550 vera:
1364 3493 1469 3548 illze
1507 3495 1729 3549 virtutes
1768 3506 1956 3562 erunt,
1994 3507 2048 3551 et
2088 3498 2226 3553 illius

646 3583 1014 3654 opitulatione,
1040 3585 1191 3654 cujus
1215 3585 1456 3654 largitate
1479 3585 1688 3639 donata:
1714 3596 1858 3652 sunt,
1888 3589 1956 3640 ita
1982 3598 2229 3645 crearent

645 3682 704 3730 et
735 3675 1091 3743 pcrlicieutur,
1118 3685 1174 3728 ut
1201 3683 1251 3730 te
1277 3675 1341 3728 ad
1367 3676 1525 3730 vitam
1555 3691 1676 3730 vere
1705 3676 1942 3742 beatam,
1972 3694 2090 3748 qua:
2120 3695 2225 3736 ttntt

644 3764 747 3820 nisi
776 3773 972 3819 a-terna
998 3774 1080 3819 est
1101 3806 1116 3832 ,
1147 3767 1263 3820 sine
1288 3767 1392 3820 ulla
1418 3767 1744 3824 dubitatione
1776 3770 2062 3838 perducant
2090 3789 2104 3825 :
2138 3773 2226 3828 ubi

641 3855 753 3926 jam
794 3871 893 3911 nec
931 3856 1216 3927 prudenter
1253 3858 1621 3914 discernantur
1646 3875 1676 3914 a
1709 3861 1861 3915 bouis
1891 3863 2027 3917 mala
2050 3905 2066 3928 ,
2107 3881 2225 3934 quin

645 3965 753 4004 non
779 3960 969 4013 erunt;
999 3965 1096 4004 nec
1125 3950 1330 4005 fortiter
1359 3950 1650 4007 tolerentur
1675 3952 1891 4008 adversa
1914 3996 1927 4016 ,
1958 3957 2076 4024 quia
2117 3971 2224 4012 non

644 4039 718 4095 ibi
740 4041 842 4097 erit
863 4041 960 4095 nisi
983 4040 1122 4111 quod
1143 4056 1400 4105 amemus,
1430 4057 1536 4096 non
1556 4045 1713 4098 etiam
1736 4046 1874 4114 quod
1904 4047 2220 4112 toleremus;

644 4145 746 4186 nec
775 4141 1132 4200 temperanter
1158 4131 1321 4188 libido
1356 4135 1616 4201 l'rcnetur,
1647 4136 1735 4191 ubi
1766 4137 1905 4192 nulla
1933 4137 2049 4207 ejus
2088 4139 2222 4194 inci-

643 4231 879 4278 tamenta
910 4227 1235 4294 sentiemus;
1267 4245 1365 4285 nec
1395 4230 1539 4299 jnste
1567 4233 1906 4287 subveniatur
1943 4250 2045 4302 ope
2083 4235 2223 4290 indi-

642 4315 916 4383 gentibus,
946 4318 1033 4370 ubi
1063 4319 1272 4387 inopem
1300 4329 1458 4391 atque
1485 4322 1718 4393 indigum
1747 4339 1850 4377 non
1887 4325 2216 4381 habebimus.

651 4405 763 4461 Una
791 4406 861 4461 ibi
891 4408 1058 4462 virtus
1084 4411 1184 4465 erit
1203 4452 1217 4472 ,
1248 4421 1301 4466 et
1329 4412 1558 4483 idipsum
1591 4415 1693 4469 erit
1725 4417 1890 4469 virtus
1922 4420 2224 4486 przeminm-

644 4511 748 4567 que
772 4496 1000 4564 virtutis,
1041 4501 1178 4568 quod
1214 4501 1341 4557 dicit
1367 4503 1417 4556 in
1446 4505 1644 4558 sanctis
1668 4505 1895 4573 eloquiis
1935 4507 2092 4562 homo
2130 4510 2218 4576 qui

640 4586 746 4643 ltoc
767 4598 910 4643 alnat
938 4608 950 4644 :
982 4588 1113 4644 Mihi
1137 4601 1304 4645 autem
1328 4594 1586 4648 adhaerere
1610 4593 1718 4648 Deo
1742 4594 1927 4649 bonum
1951 4607 2020 4651 est
2044 4596 2216 4663 (Psal.

640 4695 811 4746 usu,
833 4680 947 4749 28).
979 4681 1103 4738 llaec
1129 4683 1198 4737 ibi
1222 4684 1324 4739 erit
1351 4686 1503 4754 plena
1522 4694 1576 4741 et
1597 4687 1916 4757 sempiterna
1937 4690 2215 4759 sapientia,

637 4772 930 4843 eademque
955 4775 1213 4830 veraciter
1234 4775 1340 4830 vita
1364 4776 1474 4846 jam
1505 4778 1654 4832 beata
1684 4796 1697 4832 :
1727 4780 2002 4850 perventio
2025 4783 2217 4852 quippe

638 4873 721 4916 est
748 4863 813 4916 ad
839 4876 1096 4918 aeternum
1127 4880 1190 4921 ac
1217 4880 1482 4922 summum
1510 4867 1727 4930 bonum,
1754 4869 1838 4924 cui
1866 4870 2136 4927 adhaerere
2162 4874 2214 4928 in

639 4961 894 5008 :eternnm
934 4966 1016 5011 est
1057 4955 1174 5011 linis
1203 4958 1370 5012 nostri
1411 4958 1552 5014 boni.
1588 4959 1801 5015 Dicatur
1842 4961 1956 5017 haec
1995 4971 2047 5017 et
2089 4979 2212 5032 pru-

640 5043 839 5106 dentia.
865 5048 983 5116 quia
1010 5050 1435 5120 prospectissime
1460 5051 1744 5107 adha-rebit
1774 5054 1912 5109 bono
1939 5055 2076 5124 quod
2109 5072 2212 5110 non

637 5134 940 5201 amittatur;
984 5147 1041 5192 et
1086 5141 1367 5208 fortitudo,
1413 5143 1534 5212 quia
1574 5143 1876 5200 firmissime
1921 5145 2215 5202 adhaerebit

636 5226 778 5283 bono
805 5225 945 5283 unde
973 5243 1078 5283 non
1118 5232 1408 5298 avellatur;
1447 5242 1501 5288 et
1544 5235 1924 5304 temperantia,
1965 5238 2087 5305 quia
2123 5251 2214 5292 ca-

631 5319 866 5375 stissime
906 5319 1200 5378 adherebit
1247 5325 1386 5380 bono
1437 5326 1525 5380 ubi
1572 5343 1675 5382 non
1719 5343 2119 5398 corrumpatur;
2159 5341 2213 5387 et

626 5409 863 5478 iustitia,
901 5411 1024 5481 quia
1063 5414 1356 5471 rectissime
1391 5416 1682 5474 adhaerebit
1719 5419 1858 5474 bono
1893 5421 1979 5475 cui
2020 5422 2212 5478 merito

629 5500 958 5571 subjiciatur.

699 5591 923 5652 CAPUT
952 5595 1036 5652 IV.
1063 5627 1136 5639 —
1161 5599 1246 5655 l5.
1280 5598 1592 5672 Quanquam
1619 5610 1672 5658 et
1701 5603 1752 5658 in
1783 5603 1880 5658 hac
1908 5606 2008 5660 vita
2041 5606 2208 5662 virtus

628 5700 734 5740 non
762 5699 876 5754 est,
916 5690 1012 5744 nisi
1057 5692 1278 5760 diligere
1319 5694 1457 5761 quod
1503 5695 1826 5765 diligendum
1859 5707 1939 5752 est
1972 5717 1984 5751 :
2021 5699 2069 5753 id
2106 5700 2206 5754 eli-

625 5789 780 5841 gere,
817 5779 1085 5844 prudentia
1113 5794 1227 5836 est:
1259 5785 1416 5837 nullis
1445 5786 1562 5840 inde
1587 5787 1750 5840 averti
1782 5789 2069 5852 molestiis.
2105 5791 2210 5845 for-

616 5859 797 5918 ωυιυ
835 5876 947 5934 est;
995 5870 1150 5926 nullis
1189 5872 1484 5943 illecebris,
1527 5879 1874 5946 temperantia
1903 5888 2017 5936 ρει·
2062 5884 2205 5940 nulla

1897 456 1955 512 δ.
1996 452 2369 512 annosum
2408 457 2706 518 EPlSCOPl
3749 496 3824 556 m

2353 575 2620 674 superbia,
2630 575 2838 674 .justitia
2862 588 2964 674 est.
2989 581 3123 674 Quid
3149 594 3325 641 autem
3346 589 3575 658 eligamus
3595 600 3710 666 quod
3727 618 3826 674 pm.

2352 663 2507 731 cipue
2549 667 2861 736 diligamus,
2906 672 3005 725 nisi
3045 688 3152 741 quo
3191 677 3317 730 nihil
3361 681 3531 736 melius
3567 663 3826 752 invenimus?

2352 752 2463 806 lloe
2483 754 2621 810 Deus
2642 767 2745 821 est,
2763 759 2845 813 cui
2870 760 2915 815 si
2937 761 3415 836 diligendo‘aliquid
3436 773 3509 825 vel
3530 781 3825 850 pnnponinms,

2351 845 2433 898 vel
2455 862 2750 916 :equamus,
2765 866 2862 906 nos
2888 853 3030 923 ipsos
3048 856 3267 926 diligere
3284 861 3548 918 nescimus.
3567 845 3710 923 Tanto
3724 845 3826 932 enirn

2351 935 2721 1005 nobismelins
2760 951 2874 1009 est,
2914 955 3108 1014 quanto
3137 950 3302 1019 magis
3340 951 3388 1005 in
3427 954 3558 1010 illum
3598 959 3828 1036 iinus,quo

2350 1027 2480 1082 nihil
2523 1031 2710 1085 melius
2747 1043 2849 1087 est.
2892 1035 3030 1089 Imus
3070 1047 3249 1094 autem
3291 1057 3391 1095 non
3431 1027 3730 1115 ambulando,
3762 1027 3827 1112 sed

2347 1121 2593 1175 amando.
2621 1123 2788 1189 Quem
2816 1136 2960 1180 tanto
2987 1127 3297 1184 habebimus
3318 1139 3693 1206 przcsentioretn,
3714 1160 3830 1212 quan-

2348 1216 2402 1261 to
2427 1211 2670 1266 ennnleni
2700 1228 2936 1269 amorem
2967 1233 3072 1286 quo
3101 1218 3156 1272 in
3193 1235 3314 1276 eum
3353 1225 3626 1291 tendimus,
3661 1211 3834 1300 potuere

2348 1315 2466 1355 mus
2508 1301 2705 1358 habere
2745 1306 3010 1374 puriorem
3043 1327 3056 1360 :
3091 1325 3188 1365 nec
3226 1313 3367 1366 enim
3403 1315 3523 1392 locis
3548 1324 3834 1389 corporalibus

2346 1394 2426 1448 vel
2451 1394 2770 1457 extenditur,
2797 1396 2876 1450 vel
2900 1397 3203 1455 includitur.
3229 1402 3309 1456 Ad
3329 1419 3446 1458 eum
3469 1421 3584 1477 ergo
3601 1412 3676 1479 qui
3693 1413 3834 1484 ubique

2346 1495 2581 1550 praesens
2602 1494 2685 1539 est
2708 1496 2758 1540 et
2781 1487 2976 1558 ubique
2998 1500 3158 1554 totus,
3187 1509 3290 1549 non
3312 1496 3526 1564 pedibus
3549 1499 3618 1556 ire
3634 1502 3747 1567 licet.
3767 1508 3848 1562 Sed.

2345 1573 2601 1628 ni0ribns.
2638 1576 2806 1632 Mores
2839 1589 3017 1635 autem
3048 1584 3249 1647 nostri,
3282 1601 3386 1640 non
3413 1602 3474 1641 ex
3502 1605 3561 1644 eo
3586 1593 3704 1660 quod
3733 1598 3836 1663 quis-

2343 1677 2447 1732 que
2473 1666 2620 1719 novit
2640 1707 2654 1729 ,
2685 1667 2778 1722 sed
2807 1685 2872 1724 ex
2897 1685 2964 1726 eo
2990 1673 3129 1743 quod
3159 1674 3361 1746 diligit,
3392 1678 3641 1745 diiudicari
3673 1687 3833 1742 solent:

2345 1770 2445 1809 uec
2471 1755 2669 1812 faciunt
2697 1759 2863 1815 bonos
2894 1763 2974 1817 vel
3003 1767 3168 1819 malos
3190 1782 3386 1833 mores,
3413 1771 3507 1825 nisi
3534 1772 3643 1828 boni
3666 1776 3731 1830 vel
3749 1781 3838 1834 lllilll

2341 1860 2573 1901 amores.
2602 1848 2865 1906 Pravitate
2885 1868 3013 1923 ergo
3040 1866 3240 1922 nostra,
3261 1874 3292 1912 a
3315 1860 3609 1917 rectitudine
3629 1864 3704 1920 Dei
3726 1867 3836 1938 longe

2340 1949 2524 1991 sumus
2554 1955 2566 1988 :
2598 1940 2737 1995 unde
2781 1950 2979 1998 rectum
3023 1947 3252 2002 amando
3289 1949 3620 2022 corrigiamr,
3655 1965 3703 2010 ut
3732 1968 3836 2014 recto

2341 2025 2470 2080 recti
2499 2028 2770 2085 adlnerere
2801 2034 3077 2100 possimus.

2415 2117 2497 2171 Η.
2539 2120 2618 2173 Ad
2658 2122 2801 2176 ilLum
2830 2139 2957 2194 ergo
2984 2136 3179 2196 quanta
3209 2145 3371 2199 opera
3399 2145 3687 2200 possumus,
3719 2137 3835 2193 etiam

2339 2208 2411 2265 illi
2440 2219 2494 2263 nt
2523 2215 2836 2281 perveniant
2863 2232 3097 2285 agamus,
3129 2236 3262 2289 quos
3288 2231 3530 2293 tanquam
3557 2231 3837 2295 nosmetipsos

2337 2299 2622 2372 diligimus,
2648 2306 2691 2359 si
2717 2309 3066 2378 nosmetipsos
3086 2311 3324 2382 diligere,
3358 2315 3498 2369 illum
3519 2316 3836 2390 diligenduj-im

2339 2392 2599 2446 novimus.
2627 2396 2868 2452 Christus
2900 2415 3124 2470 namque
3145 2443 3160 2466 ,
3203 2403 3253 2455 id
3288 2414 3373 2459 est
3403 2404 3630 2470 Veritas,
3669 2409 3771 2464 dicit
3800 2412 3834 2464 in

2337 2479 2420 2535 bis
2441 2482 2649 2539 duobus
2673 2489 2950 2557 prwceplis
2978 2501 3139 2546 lotam
3166 2493 3333 2564 legem
3361 2495 3727 2569 Prophetasque
3748 2517 3836 2571 pen-

2335 2571 2461 2628 dere
2482 2616 2495 2638 ,
2528 2585 2586 2629 ut
2614 2576 2893 2648 diligamus
2927 2581 3088 2635 Deum
3120 2599 3184 2638 ex
3216 2594 3328 2639 toto
3355 2587 3511 2642 corde
3530 2629 3544 2653 ,
3570 2605 3627 2644 ex
3649 2599 3738 2645 tota
3758 2594 3837 2645 ani-

2334 2680 2454 2730 ma,
2482 2683 2546 2721 ex
2573 2677 2676 2722 tota
2706 2680 2882 2726 mente
2903 2712 2917 2735 ,
2948 2682 3000 2727 et
3036 2673 3314 2744 diligamus
3353 2680 3608 2748 proximos
3642 2693 3833 2754 tanqum

2335 2759 2686 2828 nosmetipsos
2715 2759 2923 2831 (Matth.
2951 2779 3086 2826 χχιι.
3113 2766 3332 2839 57-40).
3366 2769 3629 2828 Proximus
3647 2789 3753 2830 sane
3768 2776 3837 2831 huc

2334 2844 2471 2912 loco,
2502 2864 2604 2902 non
2635 2851 2903 2920 sanguinis
2930 2855 3340 2925 prepinquitate,
3377 2861 3469 2914 sed
3498 2862 3693 2916 rationis
3717 2866 3838 2919 socie-

2334 2945 2439 2992 tate
2469 2942 2768 3008 pensandns
2795 2952 2897 3006 est,
2929 2945 2977 2999 in
3005 2963 3104 3016 qua
3135 2950 3263 3003 socii
3291 2963 3420 3006 sunt
3441 2968 3616 3009 omnes
3636 2955 3836 3011 homines.

2331 3030 2462 3086 Nam
2487 3033 2529 3085 si
2559 3035 2794 3102 pecunize
2825 3037 2956 3089 ratio
2984 3039 3157 3093 socios
3185 3039 3331 3106 facit,
3365 3055 3555 3113 quanto
3580 3047 3723 3116 magis
3743 3048 3838 3102 ratio

2333 3132 2560 3187 natum,
2609 3139 2712 3178 non
2745 3141 2791 3178 ni
2811 3126 3044 3195 gotiandi
3067 3168 3083 3193 ,
3112 3130 3204 3183 sed
3237 3135 3490 3189 nascendi
3526 3137 3629 3206 lege
3654 3152 3838 3192 commu-

2332 3212 2444 3265 nis!
2476 3213 2606 3266 lline
2631 3223 2685 3268 et
2706 3215 2792 3269 ille
2812 3217 3047 3272 comicus
3071 3218 3228 3289 (sicut
3253 3222 3535 3281 truculentis
3558 3227 3747 3297 ingeniis
3764 3243 3838 3283 non

2331 3302 2459 3356 delit
2486 3305 2873 3375 resplendentia
2907 3310 3196 3381 veritatis),
3225 3329 3351 3368 cuni
3381 3317 3449 3372 ab
3477 3333 3575 3374 uno
3596 3333 3706 3376 sene
3726 3319 3838 3376 alteri

2331 3394 2444 3448 seni
2475 3395 2671 3449 dictum
2700 3411 3072 3468 componeret,

2497 3566 2536 3581 η
2587 3580 2596 3581 7
2665 3575 2674 3581 _
2819 3516 3083 3561 Tantumne
3104 3513 3166 3581 ab
3187 3526 3244 3581 re
3267 3522 3354 3581 tua
3379 3525 3455 3568 est
3474 3520 3538 3569 od
3559 3521 3655 3581 tibi,

2443 3564 2606 3616 Aliena
2628 3575 2682 3618 ut
2702 3582 2847 3620 cures
2871 3585 2946 3630 ea,
2971 3586 3080 3636 qua:
3102 3574 3218 3623 nihil
3240 3564 3301 3625 ad
3325 3564 3640 3633 tie—attinent?

2332 3682 2641 3739 l‘CSpOIISIttn
2669 3672 2734 3725 ab
2761 3672 2930 3727 altero
2959 3674 3185 3730 reddidit
3213 3695 3224 3730 :

2449 3791 2596 3834 ttomo
2616 3798 2742 3846 sum,
2767 3787 2958 3836 humani
2984 3787 3048 3837 nil
3072 3802 3100 3839 a
3123 3803 3202 3840 me
3223 3791 3444 3844 alienum
3467 3802 3592 3846 nuto.

2821 3849 3025 3909 (ierent.
3053 3849 3101 3900 in
3127 3859 3295 3903 Heaut.
3322 3863 3422 3906 act.
3451 3849 3497 3918 ι’,
3518 3871 3636 3908 scen.
3662 3857 3720 3920 l.)

2328 3946 2422 4000 Cui
2454 3949 2728 4002 sententiae
2758 3949 2928 4004 ferunt
2956 3952 3112 4006 etiam
3142 3954 3350 4010 theatra
3381 3968 3516 4023 tota,
3549 3961 3682 4028 plena
3707 3956 3841 4012 stultis

2331 4039 2676 4109 indoctisquc,
2705 4045 3048 4112 applansisse.
3079 4045 3149 4099 Ita
3178 4048 3377 4118 quippe
3401 4053 3625 4108 omnium
3649 4052 3842 4106 allectum

2329 4131 2639 4186 naturaliter
2663 4133 2832 4203 :llligil
2860 4136 3086 4190 Societas
3112 4136 3467 4196 humanm-mn
3493 4143 3780 4204 auiimirum,
3802 4147 3843 4192 ut

2328 4223 2505 4278 nullus
2533 4225 2601 4278 ibi
2633 4225 2901 4280 hominum
2929 4228 3029 4282 nisi
3054 4229 3338 4298 cujuslibet
3361 4233 3585 4290 hominis
3603 4235 3841 4306 proximum

2325 4329 2381 4370 se
2409 4330 2528 4370 esse
2554 4316 2795 4371 sentiret.

2397 4409 2484 4462 l5.
2523 4407 2654 4462 Cum
2685 4424 2811 4474 ergo
2841 4409 2926 4465 illa
2961 4410 3241 4468 dilectione
3278 4431 3440 4485 quam
3480 4418 3644 4473 divina
3677 4419 3743 4472 lex
3772 4417 3840 4469 imo

2322 4507 2504 4569 perat,
2540 4497 2733 4554 debeat
2763 4499 2920 4554 homo
2946 4501 3164 4572 diligere
3203 4505 3369 4560 Deum
3392 4549 3406 4569 ,
3449 4517 3503 4564 ct
3543 4510 3772 4578 seipsum,
3803 4510 3842 4558 rt

2324 4588 2654 4657 prosinuun;
2700 4605 2804 4644 non
2851 4601 3024 4646 tamen
3067 4609 3132 4648 ex
3181 4596 3280 4649 hoc
3331 4599 3430 4652 tria
3480 4610 3716 4669 νιτιερρμιει
3751 4597 3838 4650 data

2321 4686 2462 4744 sunt,
2493 4695 2591 4734 nec
2613 4679 2810 4736 dictum
2835 4692 2937 4748 est,
2969 4683 3022 4736 In
3055 4683 3135 4738 bis
3162 4685 3351 4752 tribus,
3381 4690 3496 4756 sed,
3525 4689 3586 4745 In
3606 4692 3675 4744 liis
3694 4687 3839 4740 duobus

2321 4772 2583 4840 praeceptis
2609 4781 2710 4825 tota
2739 4770 2847 4827 Lea;
2874 4774 3053 4842 pendet
3077 4784 3124 4830 et
3153 4776 3427 4847 Propheta:
3445 4821 3460 4846 ,
3493 4782 3542 4836 id
3569 4792 3645 4838 est
3675 4782 3719 4836 in
3740 4780 3840 4834 dile-

2319 4862 2496 4917 ctione
2525 4862 2615 4916 Dei
2649 4878 2713 4917 ex
2751 4871 2862 4917 toto
2889 4864 3050 4920 corde
3069 4906 3085 4933 ,
3114 4881 3178 4921 ex
3220 4878 3326 4924 tota
3355 4873 3558 4940 anima,
3593 4881 3642 4927 et
3671 4887 3726 4926 ex
3759 4876 3837 4924 tota

2318 4963 2496 5007 mente
2516 4991 2531 5018 ,
2563 4962 2613 5008 et
2644 4954 2869 5023 proximi
2902 4964 3146 5026 tanquam
3188 4959 3266 5013 sui
3308 4961 3475 5031 ipsius
3513 4981 3528 5018 :
3562 4963 3770 5018 videlicet
3798 4966 3839 5012 ιιι

2319 5043 2702 5114 intelligeretur
2723 5045 2920 5100 nullam
2948 5061 3065 5101 esse
3093 5049 3247 5103 aliam
3272 5051 3603 5108 dilectionem
3625 5068 3712 5123 qua
3729 5048 3838 5121 quis-

2317 5152 2419 5206 que
2444 5136 2612 5207 diligit
2638 5138 2889 5206 seipsum,
2923 5138 3020 5192 nisi
3052 5139 3192 5209 quod
3217 5141 3383 5212 diligit
3412 5145 3590 5200 Deum.
3621 5144 3706 5214 Qui
3730 5140 3836 5197 enim

2317 5228 2470 5283 aliter
2512 5243 2572 5282 se
2617 5227 2811 5298 diligit,
2863 5231 3037 5300 potius
3079 5246 3139 5286 se
3182 5233 3356 5290 odisse
3393 5235 3639 5291 dicendus
3667 5229 3840 5291 estzfit

2317 5320 2511 5391 quippe
2538 5320 2767 5389 iniquus,
2797 5321 3136 5392 privaturque
3169 5322 3285 5380 luce
3307 5324 3556 5394 justitize,
3594 5340 3700 5381 cum
3725 5339 3748 5377 ι
3769 5335 3841 5391 p0-

2318 5411 2450 5466 tiore
2478 5426 2540 5465 ac
2568 5411 2930 5488 praestantiore
2957 5412 3097 5466 bono
3118 5428 3335 5470 aversus
3354 5455 3370 5481 ,
3395 5427 3551 5488 atque
3571 5416 3683 5472 inde
3703 5414 3766 5467 vel
3787 5408 3835 5463 ad

2315 5503 2544 5572 seipsum
2570 5481 2880 5568 ci'inversus,
2911 5502 2976 5556 ad
3006 5503 3250 5560 inferiora
3277 5516 3330 5561 et
3356 5523 3521 5578 egena
3549 5509 3712 5577 utique
3734 5517 3836 5559 σου·

2314 5598 2570 5658 vertitur;
2618 5594 2777 5663 [itque
2823 5595 2874 5649 in
2920 5595 3034 5665 ipso
3079 5598 3218 5666 quod
3260 5601 3587 5654 veracissime
3625 5598 3835 5664 scriptum

2314 5697 2395 5742 est
2415 5729 2429 5749 ,
2477 5689 2572 5754 Qui
2602 5697 2765 5741 autem.
2796 5698 2930 5741 aiunt
2959 5689 3296 5758 iniquitatem,
3343 5692 3448 5745 odit
3486 5692 3690 5744 nniinum
3723 5699 3836 5741 suam

2316 5785 2482 5856 (Psul.
2508 5803 2563 5849 μ,
2603 5784 2678 5855 ι).
2710 5787 2841 5849 Quia
2871 5784 3028 5853 igitur
3059 5801 3242 5849 nemo,
3275 5786 3368 5839 nisi
3409 5787 3565 5840 Deum
3589 5779 3833 5851 diligi-iniu.

2314 5878 2485 5950 diligit
2514 5879 2781 5946 selpnnn;
2823 5891 2926 5934 non
2969 5891 3101 5948 Opus
3145 5889 3255 5935 erat
3286 5888 3337 5935 ut
3368 5876 3488 5933 dato
3521 5877 3583 5932 de
3617 5874 3698 5930 Dei
3721 5868 3832 5926 dile-
