4004 6378
147 328 223 388 m
668 370 673 372 .
948 350 997 379 .
1235 301 1676 366 ενιετοιΑιιυῑ

1788 303 2036 366 ILASSIS
2073 304 2160 366 Ill.

148 448 279 501 unus
314 439 592 510 precetur,
621 427 775 485 etiam
803 423 1039 496 seipsnm
1064 422 1227 478 homo
1261 420 1483 493 diligere
1504 418 1657 491 jube-

150 546 270 598 rctur,
294 545 399 587 cum
429 527 477 581 in
504 540 568 581 eo
594 522 777 593 diligat
800 518 1036 588 seipsum
1059 559 1075 583 ,
1102 513 1242 587 quod
1267 512 1440 584 diligit
1469 513 1655 567 Deum.

151 630 269 684 hebet
286 637 398 694 ergo
414 629 463 676 et
484 616 775 689 proximum
797 612 1017 683 diligere
1046 621 1296 681 tanquam
1322 622 1578 678 seipsum.
1603 615 1660 660 ut

148 734 258 789 ιιιιιιιι
276 712 476 785 potuerit
491 707 754 763 hominem
779 703 863 760 vel
890 702 1253 758 benciicentize
1268 698 1656 765 consolatione,

148 810 205 864 vel
228 803 559 862 informatione
581 797 834 853 doetrinte
853 836 868 860 ,
908 794 991 849 vel
1017 792 1308 862 disciplinae
1336 790 1662 846 coercitione

146 900 319 955 adducat
360 893 419 950 ad
463 890 738 948 colendum
784 888 988 948 Deum;
1032 886 1207 942 sciens
1245 885 1298 938 in
1339 883 1421 937 his
1454 881 1663 937 duobus

149 992 363 1066 pta-cernis
384 994 539 1041 totum
565 982 756 1053 Legem
787 979 1198 1066 Prophetasqne
1227 974 1481 1066 pendere.

198 1082 263 1138 l6.
296 1079 393 1133 iioc
406 1076 490 1148 qui
525 1073 701 1128 sobria
728 1070 1053 1126 discretione
1081 1065 1247 1135 eligit.
1276 1064 1513 1137 prudens
1534 1071 1622 1119 est
1645 1080 1661 1117 :

148 1173 208 1245 qui
227 1170 336 1225 nulla
354 1166 467 1221 hinc
486 1164 772 1218 afﬂictione
795 1161 1069 1221 avertitur,
1096 1157 1247 1212 fortis
1268 1167 1385 1222 est;
1408 1156 1495 1225 qni
1520 1154 1664 1209 nulla

148 1265 214 1318 alia
246 1257 565 1316 delectatione
585 1296 600 1319 ,
631 1262 936 1322 temperans
962 1260 1082 1314 est;
1110 1249 1198 1319 qui
1231 1248 1374 1302 nulla
1408 1245 1661 1311 elatione,

145 1354 368 1424 justusest.
407 1347 494 1402 His
515 1344 795 1407 virtutibus
821 1341 1074 1397 divinitus
1098 1338 1402 1410 impertitis,
1428 1352 1524 1407 per
1545 1351 1667 1407 gra-

147 1445 232 1497 tiam
253 1437 527 1494 mediatoris
555 1435 644 1491 Dei
671 1449 793 1489 cum
823 1432 983 1488 Patre
1002 1473 1017 1497 ,
1045 1440 1099 1486 et
1132 1429 1405 1485 nobiscum
1436 1429 1666 1482 hominis

144 1536 231 1593 lestt
250 1532 436 1593 Christi,
468 1546 561 1601 per
590 1543 748 1599 quem
777 1536 896 1597 post
920 1523 1227 1579 inimicitias
1256 1519 1548 1592 iniquitatis
1582 1536 1668 1575 re-

143 1627 413 1683 conciliantur
447 1622 553 1677 Deo
591 1621 643 1675 in
691 1619 892 1690 Spiritu
925 1615 1200 1672 charitatis
1234 1631 1247 1666 :
1278 1612 1396 1680 his,
1428 1613 1664 1682 inquam,

144 1718 355 1773 virtutibus
377 1712 625 1769 divinitus
663 1710 976 1780 impertitis,
1006 1716 1062 1762 et
1091 1707 1227 1761 lmna
1253 1705 1359 1758 vita
1389 1718 1530 1759 nunc
1556 1702 1670 1773 agi-

144 1815 467 1877 tur,etpostca
499 1806 774 1873 przemium
819 1798 936 1869 ejus
960 1840 974 1862 ,
1004 1813 1124 1868 qtae
1162 1795 1263 1850 nisi
1302 1804 1502 1848 interna
1546 1806 1671 1847 esse

143 1914 215 1955 nou
231 1906 391 1969 potest,
417 1896 563 1950 beata
595 1894 702 1947 vita
732 1890 1069 1962 persolvitnr.
1125 1885 1222 1941 Hic
1242 1885 1383 1939 enim
1408 1890 1535 1937 sunt
1558 1898 1668 1937 ea:-

144 1992 225 2045 dem
249 1991 437 2043 virtutes
461 1988 511 2041 in
536 1998 689 2049 actu,
719 1983 790 2036 ibi
823 1983 874 2037 in
900 1981 1128 2041 elTeetu;
1154 1978 1240 2033 hic
1272 1978 1322 2031 in
1350 1990 1545 2046 opere,
1593 1973 1667 2030 ibi

144 2082 180 2136 in
198 2079 427 2141 mercede;
460 2078 542 2132 hic
572 2077 625 2130 in
654 2074 865 2137 cilicio,
901 2072 970 2126 ibi
1002 2071 1053 2125 in
1083 2071 1208 2124 line.
1262 2067 1442 2138 itaque
1483 2081 1669 2120 omnes

144 2172 229 2225 bimi
252 2181 296 2225 et
316 2169 489 2231 sancti,
522 2168 688 2222 etiam
720 2166 770 2218 in
803 2160 1083 2218 tormentis
1128 2158 1454 2230 quibuslibet
1488 2157 1670 2212 divino

144 2262 221 2317 luhi
245 2260 497 2329 adiutorio,
513 2275 608 2330 spe
638 2258 777 2312 illius
809 2255 929 2310 linis
957 2254 1095 2308 beati
1132 2264 1405 2315 vocantur,
1426 2266 1531 2322 quo
1560 2253 1667 2306 line

145 2358 243 2413 beati
262 2366 391 2411 erunt
421 2373 432 2409 :
462 2370 581 2408 nam
620 2351 669 2406 si
701 2351 752 2405 in
787 2348 989 2405 eisdem
1019 2345 1298 2402 tormentis
1324 2352 1378 2399 et
1400 2344 1671 2399 atrocissi-

143 2448 214 2502 mis
234 2447 472 2501 doloribus
496 2458 712 2513 semper
736 2448 916 2496 essent
935 2480 949 2504 ,
979 2453 1099 2493 cum
1142 2436 1470 2508 quibuslibet
1509 2435 1669 2489 virtu<

145 2541 245 2593 tibus
264 2556 340 2592 eos
361 2551 473 2591 esse
501 2535 733 2590 miseros
760 2531 902 2586 nulla
930 2544 1057 2584 sana
1086 2528 1224 2583 ratio
1250 2528 1540 2581 dubitaret.

193 2633 260 2688 Π.
294 2631 448 2687 Pietas
476 2629 672 2701 igitur,
708 2626 759 2681 id
783 2635 866 2681 est
892 2637 1049 2679 verus
1084 2621 1194 2676 veri
1244 2619 1335 2674 Dei
1387 2618 1563 2675 cultus
1604 2616 1672 2673 ad

142 2726 274 2781 onniia
300 2726 527 2795 prodest;
567 2730 624 2778 et
669 2735 791 2791 qua:
821 2714 1094 2772 molestias
1125 2711 1281 2781 hujus
1309 2711 1428 2764 vita:
1464 2717 1675 2764 avertat

142 2820 373 2880 autieniat,
401 2826 451 2871 et
479 2832 598 2887 qua:
629 2813 698 2867 ad
732 2812 872 2866 illam
902 2807 1062 2861 vitam
1104 2805 1441 2874 salutemque
1478 2802 1675 2873 perdu-

144 2920 220 2973 rat,
246 2910 313 2963 ubi
340 2923 429 2963 nec
455 2904 657 2975 aliquid
683 2904 793 2973 jam
834 2900 958 2955 mali
985 2898 1265 2969 patiamur.
1294 2906 1347 2951 et
1370 2897 1506 2951 bona
1529 2909 1677 2949 sum-

145 3016 207 3055 mo
226 3001 619 3071 sempiternoque
647 2995 1001 3066 perfruamur.
1042 2991 1123 3044 Ad
1150 2987 1288 3043 hanc
1313 2998 1365 3042 te
1393 2986 1676 3057 perfectius

146 3094 458 3165 assequendam
481 3101 533 3146 et
562 3083 1091 3161 perseverantisime
1114 3080 1449 3137 retinendam
1474 3078 1677 3134 exhor-

149 3196 204 3239 tor
223 3197 267 3240 nt
287 3188 521 3257 meipsmn
549 3203 562 3237 :
590 3184 748 3251 cujus
778 3180 832 3235 ni
865 3181 879 3234 i
905 3178 1017 3249 jam
1045 3176 1309 3247 particeps
1333 3188 1502 3237 85805,
1530 3183 1678 3229 tuos-

147 3297 221 3351 que
242 3283 350 3336 istos
377 3282 601 3337 honores
638 3275 957 3348 temporales
983 3273 1033 3328 ei
1073 3272 1275 3326 servire
1317 3279 1570 3340 oportere
1593 3268 1680 3339 jn-

149 3372 320 3437 dicares,
347 3390 441 3428 ItOn
472 3369 764 3426 Dtnuttistis
812 3364 1098 3430 luereticis,
1127 3363 1193 3416 ad
1220 3376 1313 3415 eos
1340 3361 1392 3415 in
1424 3362 1678 3416 unitatem

150 3466 292 3521 Cluiin
325 3480 605 3536 picemque
654 3457 1005 3529 redigendos,
1036 3471 1130 3525 per
1174 3453 1405 3510 edictum
1443 3453 1676 3517 diceres,

154 3556 224 3611 Pro
253 3560 370 3613 vobis
403 3559 492 3611 hoc
535 3554 698 3626 agitur
726 3566 744 3616 ;
773 3569 863 3621 pro
890 3548 1026 3604 vobis
1063 3547 1347 3601 sacerdotes
1378 3544 1683 3614 incorruptae

151 3650 250 3714 fidei,
279 3667 359 3718 pro
385 3649 515 3704 vobis
548 3644 837 3716 Imperator
868 3645 1141 3711 Angustus,
1163 3653 1254 3706 pro
1280 3637 1415 3690 nobis
1443 3652 1532 3689 nos
1560 3650 1683 3706 quo-

150 3756 216 3805 que
229 3743 319 3811 ejus
335 3742 524 3811 iudices
546 3737 871 3795 laboramus;
892 3739 947 3786 et
966 3731 1065 3785 alia
1090 3730 1254 3784 untlta
1275 3745 1393 3799 qua:
1410 3728 1461 3782 in
1491 3727 1681 3782 eodem

149 3833 220 3884 ιιιίι
235 3841 278 3886 ιιι
316 3833 374 3888 ita
406 3830 669 3903 posuisti,
700 3835 753 3881 ut
801 3837 851 3880 te
895 3831 1147 3894 aipareat
1176 3821 1226 3875 in
1269 3819 1463 3875 terreni
1486 3818 1683 3889 jndieis

149 3924 337 3994 cingulo,
365 3942 463 3980 non
493 3938 657 3996 parva
692 3937 755 3975 ex
786 3927 934 3989 parte
979 3916 1256 3970 etniestcm
1298 3914 1682 3983 rempublicam

149 4020 346 4089 uigilare.
384 4018 553 4087 Quare
589 4016 636 4072 si
667 4014 735 4069 tie
767 4010 909 4067 veris
954 4008 1235 4063 virtutibus
1263 4015 1318 4060 et
1362 4020 1488 4060 vere
1531 4004 1680 4059 beata

150 4110 225 4163 vita
244 4111 363 4166 volui
384 4111 579 4167 diutius
608 4105 752 4177 loqui
782 4113 977 4163 tecnnt,
1004 4112 1186 4169 qumso
1211 4115 1278 4153 ne
1301 4110 1563 4154 onerosus
1584 4094 1680 4150 de-

151 4202 370 4270 pulerinis
398 4197 828 4271 occttpationilms
854 4212 866 4249 :
893 4195 1000 4249 imo
1026 4204 1151 4247 vero
1174 4206 1383 4245 menon
1412 4202 1532 4243 esse
1556 4204 1685 4242 con-

153 4292 256 4355 litin.
279 4296 472 4366 quando
499 4305 552 4349 ιιι
575 4291 710 4348 adeo
733 4303 983 4358 magnum
1022 4284 1257 4340 animum
1294 4290 1350 4337 et
1374 4280 1686 4336 mirabiliter

153 4384 415 4443 iamiandttttt
455 4385 596 4459 geris
616 4427 631 4444 .
662 4393 719 4438 ιιι
749 4396 848 4438 nec
890 4379 1007 4435 illas
1042 4391 1201 4433 curas
1229 4374 1482 4442 deseras,
1510 4381 1567 4430 et
1602 4372 1686 4427 his

155 4474 351 4534 libentius
377 4496 436 4537 ac
461 4476 771 4534 Enniliarius
800 4470 1093 4541 occuperis.

544 4608 872 4669 EPISTOIA
914 4602 1069 4661 CLVI
1089 4608 1105 4626 ⁴
1123 4602 1220 4677 (a).

161 4721 340 4781 Hilarius
366 4727 669 4800 Augustino.
701 4735 985 4794 proponens
1021 4717 1099 4771 illi
1160 4715 1456 4785 qtttcstiones
1494 4713 1690 4781 aliquot

560 4819 625 4872 de
652 4815 827 4887 quibus
854 4811 991 4881 cupit
1019 4808 1234 4863 edoceri.

159 4905 333 4965 Domino
351 4920 547 4971 sancto,
564 4908 686 4979 jure
701 4920 763 4961 ac
783 4903 973 4959 tuerito
995 4896 1305 4960 venerabili,
1324 4904 1377 4951 et
1396 4909 1494 4966 per
1510 4895 1688 4950 omnia

284 5002 491 5057 colendo
523 5004 822 5056 Accosvtso
848 4994 1120 5065 episcopo,
1158 4989 1408 5044 lltcsmos
1433 4986 1531 5061 (b).

214 5099 476 5158 Sanctitatis
504 5113 605 5156 tua:
637 5099 799 5172 gratia
820 5138 835 5163 ,
860 5111 972 5168 quo»
996 5092 1223 5149 omnibus
1254 5100 1370 5144 nota
1395 5099 1488 5154 est,
1519 5089 1690 5160 parvi-

142 5284 147 5290 .
212 5236 227 5253 '
248 5242 288 5301 Ει
302 5238 393 5288 istt.
411 5242 527 5287 (τινι
549 5244 602 5288 et
619 5240 752 5301 αλιι
772 5227 1064 5301 castigandis
1085 5224 1284 5301 adhibiti
1307 5220 1691 5301 sunt.aa.r_ect._

161 5308 220 5346 vv.
261 5289 321 5349 v'c.
342 5301 373 5349 3
391 5314 436 5349 v.
463 5308 514 5350 et
538 5307 636 5348 Αιη.
655 5295 763 5345 md.
788 5301 861 5343 Er.
889 5289 996 5339 I'ov.
1032 5289 1211 5353 quibus
1243 5289 1447 5335 accessit
1483 5293 1565 5334 ags.
1589 5290 1695 5334 0m-

165 5361 263 5409 aotxii
284 5378 322 5409 μ.
348 5360 526 5425 sulpitii
560 5374 625 5410 es
650 5358 825 5407 ordine
847 5354 1043 5403 cisterc-
1288 5430 1362 5441 ___
1499 5430 1509 5441 ,
1657 5429 1668 5441 .

165 5443 270 5549 ὣς)
298 5443 517 5549 alias‘ﬁt:
544 5455 654 5507 qute
675 5448 841 5490 autem
866 5435 955 5486 156
978 5442 1104 5492 erat,
1130 5444 1257 5481 nunc
1284 5430 1387 5479 151.
1414 5430 1591 5492 Scripta
1624 5430 1697 5479 vi-

243 5518 269 5549 ll
296 5518 366 5549 ιω.
481 5541 493 5549 .

191 5510 274 5629 ’Ῥιῗῖ
296 5507 439 5629 iiii}
450 5505 796 5618 issu-«iens.
822 5572 1008 5629 ιιεὲειξοη
1033 5555 1153 5629 intra
1179 5555 1228 5627 in.
1250 5554 1487 5629 κ’ίαρτξηίξ
1512 5552 1698 5629 sese:

170 5614 460 5681 infici—turns.
483 5614 805 5686 sistamus.)
832 5622 917 5686 ille
937 5620 1128 5686 ιιθβ-διι
1148 5620 1231 5681 qui
1258 5625 1425 5686 postea
1464 5614 1700 5686 adversus

171 5677 536 5756 εαέιίιέτιθέιὶὶὶιὼ
557 5677 828 5756 eluvies!
873 5677 1064 5756 his?”
1087 5677 1697 5756 ολυέῐυεῢὲξξθέἓῠιιδὲἓέἐὲβί

170 5757 218 5816 9⁸
235 5738 649 5816 insiliat-ﬂuuit,-
668 5738 858 5816 deliciis
880 5746 1113 5809 potitum,
1137 5738 1188 5795 ei
1211 5738 1489 5794 salubribus
1531 5740 1697 5803 uber];

171 5806 471 5872 Munatium
492 5816 637 5870 fuisse
656 5806 923 5878 amntem}.

3253 315 3362 377 6⁸16

1769 423 1863 476 tati
1883 439 2007 477 mete
2032 423 2280 478 persuasit
2297 429 2353 478 ut
2379 416 2554 479 u'estris
2582 424 2597 457 ³
2629 422 2693 480 de
2716 423 3041 497 Syracusano
3073 428 3359 503 Hipponem

1765 517 2133 582 remeantibus,
2166 519 2258 571 bas
2303 516 2373 569 ad
2410 517 2723 571 laudandam
2764 520 2887 573 nulli
2924 516 3356 583 Venerabilitatem

1766 615 1902 657 tuam
1932 608 2125 661 litteras
2175 625 2455 679 erogarem,
2480 627 2690 680 poscens
2712 630 2959 668 summam
2994 613 3289 672 Trinitatem
3305 631 3359 674 ut

1766 697 2033 752 incotnnns
2075 711 2122 753 et
2179 714 2377 770 regetus
2412 699 2504 755 Dei
2532 704 2689 757 nostri
2715 708 2888 773 favore
2913 705 3008 761 hoc
3036 724 3202 762 meum
3238 714 3363 766 scri-

1769 800 1909 859 ptum
1938 805 2005 844 aa
2044 805 2398 847 recensendum
2421 795 2689 865 suscipias,
2708 798 2908 851 domine
2930 812 3100 855 sancte
3116 844 3132 866 ,
3150 803 3273 873 jure
3298 822 3360 859 ac

1768 884 1944 936 nterito
1971 884 2283 947 venerabilis,
2317 896 2362 940 et
2390 904 2478 954 per
2505 890 2674 942 omnia
2709 892 2934 946 colende.
2979 890 3206 950 Proinde
3240 914 3362 968 rogo

1768 982 1822 1026 ut
1847 973 1945 1028 mei
1973 991 2162 1029 memor
2183 977 2234 1029 in
2275 978 2465 1031 sanctis
2508 979 2819 1034 orationibus
2855 981 2953 1037 tuis
2985 997 3094 1038 esse
3119 986 3363 1057 digneris,

1768 1074 1919 1135 atque
1945 1067 2250 1137 imperitiam
2277 1082 2501 1124 nostram
2531 1072 2808 1141 informare
2832 1075 2895 1128 de
2914 1091 2971 1129 eo
2999 1079 3134 1145 quod
3158 1081 3366 1150 quidam

1769 1156 2030 1211 christiani
2079 1160 2218 1227 apud
2259 1160 2543 1231 Syracusas
2580 1174 2872 1234 exponunt,
2925 1165 3144 1222 dicentes
3168 1184 3187 1223 :
3212 1167 3368 1225 Posse

1770 1261 1877 1300 esse
1902 1248 2152 1303 hominem
2174 1250 2280 1305 sine
2304 1262 2509 1318 peccato
2532 1267 2553 1317 ;
2577 1263 2624 1306 et
2650 1254 2889 1308 mandata
2913 1254 3003 1311 Dei
3028 1257 3178 1327 facile
3196 1272 3365 1316 custo-

1770 1338 1879 1392 dire
1897 1382 1912 1405 ,
1938 1342 1984 1395 si
2009 1343 2143 1396 velit.
2181 1341 2439 1413 Infantem
2468 1362 2569 1400 non
2611 1345 2920 1415 baptizatum
2959 1359 3116 1405 morte
3141 1369 3366 1423 prterea-

1771 1438 1876 1484 tum
1904 1448 2005 1487 non
2034 1450 2179 1503 posse
2202 1440 2366 1505 perire
2391 1437 2567 1490 merito
2584 1477 2600 1503 ,
2630 1438 2868 1507 quoniam
2896 1440 3004 1496 sine
3032 1455 3234 1512 peccato
3271 1462 3367 1501 na-

1770 1522 1944 1576 scitur.
1979 1522 2194 1578 Divitem
2232 1536 2513 1581 manentem
2551 1529 2604 1582 in
2643 1527 2830 1584 divitiis
2864 1531 2991 1595 suis,
3018 1549 3227 1604 regnum
3270 1534 3366 1591 Dei

1773 1631 1871 1668 non
1903 1632 2046 1685 posse
2069 1616 2286 1687 ingredi,
2319 1618 2417 1672 nisi
2453 1619 2622 1672 omnia
2641 1636 2733 1674 sua
2761 1621 3036 1677 vendiderit
3051 1640 3070 1688 ;
3097 1641 3188 1679 nec
3210 1626 3363 1696 prod-

1772 1721 1878 1759 esse
1920 1706 2079 1761 eidem
2108 1725 2284 1779 posse,
2314 1710 2357 1763 si
2382 1712 2514 1777 forte
2562 1727 2625 1765 ea:
2661 1711 2786 1781 ipsis
2813 1713 2997 1768 divitiis
3025 1717 3194 1785 fecerit
3223 1733 3368 1773 man-

1772 1798 1911 1851 data.
1944 1796 2062 1852 Non
2093 1799 2270 1853 debere
2300 1800 2483 1871 jurare
2517 1802 2740 1857 omnino.
2785 1802 2851 1857 Et
2889 1803 2952 1859 de
2976 1803 3231 1875 Ecclesia,
3258 1824 3372 1878 qui:

1771 1887 1835 1941 sit
1862 1889 1927 1943 de
1951 1906 2052 1959 qua
2076 1892 2319 1961 scriptum
2349 1901 2421 1947 est
2459 1910 2560 1948 non
2598 1894 2783 1950 habere
2804 1912 2984 1967 rugam
3009 1914 3170 1969 neque
3193 1916 3372 1955 mucu-

1772 1978 1875 2032 lam
1892 1979 2184 2050 (Ep/mw,
2207 1981 2303 2057 27)
2325 2025 2337 2049 ,
2368 1994 2537 2039 utrum
2566 1986 2673 2041 haec
2701 1989 2765 2041 sit
2791 1988 2843 2041 in
2867 2005 2966 2059 qua
2994 2006 3131 2044 nunc
3155 2009 3370 2064 congre-

1771 2084 1972 2140 gantur,
2002 2088 2069 2125 an
2095 2072 2184 2126 illa
2208 2090 2360 2144 quant
2385 2092 2646 2145 speramus
2664 2093 2684 2131 :
2715 2078 2921 2148 quidam
2947 2091 3114 2135 autem
3141 2094 3321 2153 putant
3346 2087 3369 2117 '

1775 2160 2055 2217 Ecclesium
2081 2165 2212 2219 hanc
2240 2182 2346 2221 esse
2372 2183 2485 2236 quae
2524 2185 2657 2222 nunc
2685 2174 3027 2241 frequentatur
3056 2176 3289 2246 populis;
3322 2186 3371 2232 et

1773 2256 1882 2311 sine
1907 2268 2109 2328 peccato
2144 2276 2250 2314 esse
2287 2276 2450 2330 posse.
2497 2259 2572 2316 De
2607 2262 2685 2316 his
2714 2264 2946 2319 omnibus
2985 2284 3108 2338 rogo
3130 2309 3143 2331 ,
3171 2269 3372 2339 quantis

1774 2346 1916 2403 ualeo
1941 2349 2190 2419 precibus,
2215 2351 2546 2407 Sanetitatem
2562 2362 2723 2421 tuam,
2746 2366 2800 2408 ut
2817 2356 2999 2427 jnbeas
3030 2374 3121 2412 nos
3147 2360 3373 2429 apertius

1774 2438 1991 2507 instrui,
2018 2458 2117 2513 quo
2143 2443 2424 2496 noverimus
2454 2453 2698 2516 quatenus
2739 2447 2921 2501 sentire
2950 2447 3234 2504 debeamus.
3279 2447 3374 2505 Dei

1776 2528 1933 2584 nostri
1958 2531 2303 2586 misericordia
2326 2533 2659 2588 Sanctitatem
2682 2545 2821 2589 tuam
2849 2536 3151 2593 incolumem
3174 2555 3377 2594 conscr-

1776 2630 1874 2684 νει,
1893 2622 2041 2676 annis
2068 2622 2346 2678 innumeris
2371 2633 2510 2690 apto,
2536 2624 2738 2679 domine
2757 2636 2949 2693 sancte,
2966 2629 3088 2699 jure
3109 2645 3171 2682 ac
3199 2628 3375 2684 merito

1777 2710 2095 2780 uenerabilis,
2126 2725 2172 2767 et
2200 2730 2290 2782 per
2315 2714 2484 2768 omnia
2513 2716 2743 2771 colendo.

2183 2824 2510 2882 EPISTULA
2537 2828 2620 2899 (a)
2661 2828 2837 2884 tszn
2872 2828 2965 2901 (b).

1816 2937 2127 3009 Augustinus
2158 2936 2358 2993 Hilario
2384 2981 2400 3003 ,
2428 2947 2735 3008 respondens
2765 2941 2831 2993 ad
2857 2940 2994 2995 illius
3023 2943 3337 3012 quaestiones.

1781 3030 2116 3087 Aecusrtaos
2149 3031 2430 3102 cpiscopus
2456 3047 2642 3088 servus
2668 3033 2862 3089 Christi
2884 3045 2935 3088 cl
2963 3036 3079 3105 ejus
3102 3035 3375 3105 Eeelesim,

1888 3122 2237 3177 dilectissimo
2267 3123 2375 3177 lilio
2407 3124 2648 3190 lituum,
2682 3125 2731 3179 in
2772 3126 2996 3181 Domino
3020 3128 3268 3182 salutem.

1852 3231 2079 3289 CAPUT
2110 3233 2521 3292 I’ltIMUM.—i.
2551 3236 2621 3290 lix
2645 3236 2835 3291 litteris
2857 3237 2957 3291 tuis
2977 3236 3135 3292 didici
3158 3255 3262 3295 non
3290 3254 3380 3296 so-

1784 3324 1892 3380 lum
1912 3324 2329 3381 incolumitatem
2346 3335 2510 3389 tuam,
2530 3327 2623 3382 sed
2642 3328 2800 3382 etiam
2820 3328 3123 3399 religiosum
3144 3331 3378 3388 studium

1787 3423 1933 3471 tuum
1956 3416 2097 3471 circa
2126 3418 2343 3473 verbum
2372 3418 2485 3483 Dei,
2508 3429 2559 3473 et
2587 3419 2724 3489 piam
2746 3434 2929 3475 curam
2960 3437 3054 3490 pro
3075 3423 3247 3479 salute
3269 3434 3378 3491 ttta,

1785 3523 1905 3577 qua:
1925 3517 2005 3562 est
2036 3508 2086 3561 in
2116 3507 2331 3563 Christ.»
2356 3508 2482 3563 .Iesn
2506 3509 2729 3564 Domino
2761 3520 2946 3566 nostra
2975 3530 2989 3568 :
3015 3512 3155 3570 unde
3182 3514 3381 3584 gratias

1790 3598 1897 3655 Deo
1922 3615 2084 3668 agens
2115 3618 2218 3654 non
2248 3600 2428 3656 distuli
2458 3601 2713 3672 rescripta
2742 3603 3066 3673 persolvere.

1858 3695 1911 3749 2.
1953 3694 2010 3749 Si
2040 3709 2167 3762 ergo
2209 3694 2406 3765 quaeris
2435 3703 2611 3749 utrum
2644 3696 2697 3751 in
2728 3697 2825 3751 hac
2870 3697 2972 3751 vita
2998 3698 3278 3769 quisquam
3309 3698 3381 3755 ita

1783 3788 2002 3859 iustitia:
2047 3788 2372 3858 perfectione
2418 3789 2688 3859 proﬁciat,
2721 3799 2779 3844 nt
2817 3790 2903 3845 hic
2938 3791 3056 3844 sine
3093 3791 3203 3845 nilo
3242 3792 3387 3847 vivat

1788 3881 2005 3933 omnino
2028 3891 2279 3949 peccato;
2310 3880 2526 3934 attende
2550 3881 2675 3951 quid
2696 3880 2890 3937 dixerit
2910 3881 3144 3937 Joannes
3168 3890 3385 3953 aposto-

1790 3974 1911 4040 lus,
1958 3989 2114 4042 quem
2162 3974 2415 4028 Dominus
2452 3975 2590 4031 inter
2629 3974 2919 4043 discipulos
2947 3990 3072 4030 suos
3112 3975 3380 4047 [int-cipue

1788 4063 2041 4135 diligebat
2070 4082 2082 4118 :
2116 4062 2175 4120 Si
2200 4064 2499 4129 dixerimus,
2527 4064 2714 4133 inquit,
2740 4064 2858 4131 quia
2881 4082 2915 4134 p
2933 4074 3138 4118 'ccntunt
3163 4082 3263 4119 non
3288 4066 3383 4118 Ita-

1789 4156 1963 4212 betnus
1980 4196 1993 4218 ,
2014 4173 2105 4210 nos
2138 4156 2275 4226 ipsos
2305 4154 2611 4225 decipimus.
2639 4166 2684 4209 et
2724 4155 2904 4209 ueritus
2932 4155 2983 4209 in
3008 4156 3151 4209 nobis
3184 4173 3283 4210 non
3309 4166 3383 4212 est

1791 4244 2023 4321 (lloan.
2052 4247 2100 4310 i,
2133 4246 2209 4309 8).
2255 4246 2312 4301 Si
2352 4260 2479 4316 ergo
2510 4245 2582 4299 illi
2618 4243 2687 4300 de
2719 4244 2912 4315 quibus
2938 4244 3065 4300 mihi
3096 4244 3378 4319 scripsisti,

1791 4353 1851 4393 se
1879 4337 2065 4391 dicunt
2088 4351 2208 4391 esse
2237 4336 2352 4390 sine
2379 4343 2628 4405 peccato;
2663 4334 2810 4391 vides
2836 4337 2957 4406 quia
2998 4350 3057 4390 sc
3100 4336 3245 4407 ipsos
3283 4336 3385 4395 de-

1792 4428 2015 4498 cipiunt,
2044 4435 2098 4481 et
2147 4425 2342 4481 veritas
2388 4426 2441 4480 iu
2481 4427 2559 4480 eis
2588 4441 2694 4481 non
2729 4434 2829 4482 est.
2873 4424 2928 4483 Si
2966 4437 3143 4482 autem
3180 4442 3240 4485 se
3262 4444 3385 4486 esse

1793 4528 2101 4591 peccatores
2123 4516 2373 4583 fatentur,
2399 4527 2454 4572 nt
2478 4517 2568 4573 Dei
2598 4518 3014 4575 misericordiam
3039 4523 3240 4590 possint
3266 4538 3382 4579 me-

1793 4610 1919 4670 reri.
1943 4618 2285 4680 compescant
2309 4624 2367 4663 se
2394 4610 2460 4663 ab
2487 4610 2607 4664 aliis
2633 4611 2792 4665 etiam
2820 4611 3168 4681 decipiendis,
3191 4612 3384 4682 quibus

1796 4701 1931 4758 hanc
1956 4703 2253 4771 superbiam
2283 4700 2598 4769 persuadere
2632 4713 2911 4761 conantur.
2957 4703 3211 4757 Dinnhus
3242 4704 3383 4759 enim

1798 4794 2095 4851 necessaria
2122 4804 2201 4848 est
2227 4793 2401 4847 oratio
2420 4792 2709 4863 dominica,
2732 4812 2889 4866 quam
2915 4795 3071 4850 etiam
3096 4795 3225 4865 ipsis
3244 4797 3387 4851 arie-

1862 4910 1879 4977 ξ
1916 4917 2020 4959 uss.
2045 4915 2268 4971 quatuor,
2287 4905 2476 4977 πρανὲς.

1862 4972 1882 5003 ³
1914 4977 2020 5020 Mss.
2048 4978 2167 5028 tres,
2193 4972 2363 5033 posuit.

1861 5052 1934 5161 Sa)
1968 5052 2284 5114 Hieronymus
2305 5062 2432 5100 anno
2462 5050 2553 5100 «H5
2574 5053 2798 5101 scribens
2819 5050 3055 5102 adversus
3076 5051 3357 5118 Pelagianos
3370 5090 3388 5117 ,

1893 5115 1958 5161 io.
1984 5113 2016 5161 5
2037 5119 2243 5161 testatur
2268 5113 2416 5161 liores
2438 5113 2637 5161 unidem
2680 5114 2738 5161 ad
2764 5112 3089 5161 Marcellinum
3131 5116 3195 5161 de.
3232 5123 3288 5161 tta
3326 5120 3388 5161 ti.

1800 5115 1849 5164 in
1873 5112 1958 5176 lio.
1984 5113 2016 5162 5
2037 5112 2243 5176 testatur
2268 5113 2416 5176 liores
2438 5113 2637 5176 quidem
2680 5114 2738 5161 ad
2764 5112 3089 5176 Marcellinum
3131 5112 3216 5166 de'
3232 5123 3289 5167 Ba
3326 5112 3388 5168 ti;

1799 5175 1962 5226 zaudis
1985 5182 2032 5224 to
2053 5175 2246 5242 antibus
2289 5175 2478 5242 dudum
2519 5176 2581 5242 ab
2625 5175 2887 5242 Augustino
2912 5177 3107 5242 editos;
3134 5178 3388 5241 efistoiam

1804 5251 1939 5303 vero,
1966 5251 2057 5285 seu
2083 5235 2277 5303 librum,
2300 5244 2355 5287 ut
2371 5239 2483 5303 ipse
2510 5235 2672 5295 \‘ocat,
2696 5235 2754 5303 ad
2781 5235 3027 5303 It_iiarinm,
3051 5235 3205 5302 nuper
3244 5241 3387 5303 prod-

1803 5301 1936 5363 iisse.
1965 5307 2091 5348 lianc
2116 5300 2281 5363 ritsam
2300 5297 2775 5363 EpiStoiaarttrosius
2794 5297 3030 5363 directam
3053 5297 3291 5363 nupera}!
3313 5302 3386 5351 si.

1802 5361 1982 5428 tiliam,
2025 5371 2079 5411 ut
2111 5357 2170 5428 in'_
2204 5357 2512 5428 .tpolo'getico
2558 5357 2805 5428 loquitur,_
2833 5357 3386 5428 perlegit_i._t_'t‘alars_tino

1803 5421 2065 5482 conventu,
2090 5423 2172 5486 qui
2197 5421 2474 5486 celent-atus
2497 5429 2574 5470 est
2598 5434 2769 5486 mense
2789 5421 2910 5483 iulio
2928 5421 3144 5486 ra.i._ll5.
3170 5424 3384 5485 Denique

1804 5486 1868 5556 de
1894 5486 2069 5556 eodem
2093 5481 2327 5556 musculo
2357 5484 2404 5531 in
2424 5486 2551 5556 pars:
2570 5481 2748 5533 clitana
2792 5481 2970 5547 Synodo
3014 5484 3172 5556 intrita
3215 5481 3385 5538 mense

1805 5548 2053 5596 deeemnri
2080 5544 2303 5610 eiusdem
2325 5545 2436 5610 anni
2462 5544 2554 5610 4ιῇ
2574 5554 2733 5610 actum
2780 5544 2892 5610 esse
2917 5546 3077 5610 [rodit
3094 5546 3123 5607 ιι
3141 5556 3198 5595 se
3217 5558 3385 5610 __tugu-

1805 5610 1980 5660 Stinus.
2008 5610 2054 5657 in
2081 5606 2164 5656 lib.
2189 5606 2253 5655 de
2275 5608 2433 5670 tzestis
2454 5604 2662 5670 Pelagii,
2685 5620 2773 5670 cap
2832 5604 3033 5670 t|;'quo
3066 5604 3170 5659 ideo
3215 5604 3386 5661 lini-iu

1807 5683 1981 5731 unum;
1999 5680 2066 5732 at.
2093 5682 2188 5732 non
2213 5683 2260 5732 et
2280 5668 2484 5718 istolam.

1868 5732 1942 5791 (bi
1959 5729 2090 5801 alias
2109 5731 2204 5784 89;
2229 5729 2339 5801 quae
2360 5742 2526 5784 autem
2554 5730 2637 5784 I37
2661 5737 2784 5792 erat,
2802 5741 2930 5783 nunc
2953 5729 3059 5784 t90.
3083 5731 3264 5800 scripta
3281 5740 3398 5801 post
