4004 6434
680 479 823 535 tibus
850 476 1026 549 gregis
1044 518 1058 542 ,
1088 440 1246 530 ἰδ’θςι
1272 471 1538 544 Apostolis
1574 471 1684 526 suis
1714 467 1966 524 Dominus
1990 465 2167 533 dedit,
2194 477 2253 522 ut

680 571 1041 641 unusquisque
1065 569 1172 622 Deo
1191 567 1329 620 dicat
1355 581 1367 619 :
1391 563 1595 617 Dimitte
1610 563 1748 615 nobis
1765 560 1925 615 debita
1943 568 2133 623 nostra,
2153 554 2253 612 sic-

680 674 737 716 ut
761 672 807 716 et
829 677 918 715 nos
939 660 1230 713 dimittimus
1255 656 1553 709 debitoribus
1593 654 1774 706 nostris
1811 650 2017 719 (Matth.
2040 666 2112 713 γι,
2140 646 2250 718 12).

676 755 775 810 Cui
808 754 947 808 enim
979 753 1091 805 hac
1116 752 1167 804 in
1210 748 1449 802 oratione
1476 746 1633 800 verba
1672 746 1969 799 necessaria
2003 760 2104 796 non
2136 740 2252 798 fue-

677 846 804 911 rint,
836 845 947 913 ipse
978 843 1061 896 hic
1086 841 1201 895 sine
1232 848 1447 908 peccato
1485 839 1657 891 vivere
1698 836 2113 906 pronuntiandus
2150 846 2250 889 est.

676 934 872 1001 Quales
891 934 934 985 si
954 932 1159 999 aliquos
1175 927 1376 982 futuros
1388 929 1639 981 Dominus
1656 926 1983 995 pratviderct,
2010 926 2255 979 meliores

676 1027 857 1094 utique
896 1036 1051 1092 quam
1079 1019 1394 1075 exstiterunt
1414 1020 1527 1087 ejus
1569 1017 1836 1085 Apostoii,
1871 1017 2022 1069 aliam
2061 1017 2257 1069 omlio—

674 1132 797 1171 nem
828 1115 944 1169 illos
965 1113 1201 1174 doceret,
1232 1126 1333 1181 qua
1364 1125 1466 1165 non
1510 1119 1751 1179 peterent
1786 1109 1977 1163 dimitti
2008 1106 2103 1162 sibi
2134 1116 2256 1177 pec-

672 1214 813 1271 cata,
839 1206 1030 1276 quibus
1058 1205 1109 1257 in
1136 1204 1403 1272 Baptismo
1430 1204 1631 1256 fuerant
1670 1201 1844 1255 omnia
1878 1201 1984 1269 jam
2014 1200 2250 1254 dimissa.

674 1297 803 1353 Nam
834 1299 877 1351 si
921 1296 1099 1351 Daniel
1127 1303 1369 1357 sanctus,
1396 1309 1503 1348 non
1541 1308 1719 1347 coram
1763 1292 2061 1347 hominibus
2105 1292 2252 1362 quasi

674 1390 970 1449 humilitate
995 1387 1195 1450 fallaci,
1224 1386 1315 1441 sed
1345 1378 1521 1439 coram
1552 1386 1659 1437 Deo
1679 1426 1692 1449 ,
1728 1384 1776 1436 id
1805 1393 1885 1437 est
1930 1384 1979 1436 in
2016 1383 2255 1435 oratione

673 1498 776 1551 qua
806 1481 971 1535 Deum
1005 1478 1336 1546 precabatur,
1367 1489 1471 1529 non
1502 1476 1671 1529 solum
1704 1486 1916 1543 peccata
1944 1472 2120 1542 pepuli
2150 1474 2250 1537 sui,

673 1574 767 1629 sed
791 1574 949 1628 etiam
974 1585 1067 1624 sua
1098 1569 1467 1632 confitebatur,
1491 1568 1625 1621 sicut
1649 1568 1764 1635 ejus
1790 1582 1881 1620 ore
1909 1566 2138 1620 veridico
2163 1580 2255 1619 ex-

676 1678 917 1735 pressum
946 1674 1025 1717 cst
1048 1662 1299 1732 (Daniclis
1326 1661 1543 1730 tx,20);
1579 1660 1711 1714 nihil
1732 1659 1871 1713 aliud
1895 1658 2021 1712 mihi
2050 1658 2255 1711 videtur

674 1755 960 1810 dicendum
988 1754 1121 1817 istis,
1154 1751 1253 1806 nisi
1284 1750 1424 1821 quod
1455 1765 1548 1820 per
1575 1750 1884 1819 prophetam
1917 1744 2250 1803 Ezechi'elcm

675 1847 883 1900 cuidam
918 1844 1150 1913 superbo
1188 1843 1438 1896 Dominus
1482 1840 1694 1893 mandat
1724 1858 1735 1893 :
1770 1837 2033 1909 Numquid
2070 1849 2123 1892 tu
2166 1857 2249 1892 sa-

677 1937 892 2007 pientior
916 1950 967 1988 es
994 1948 1145 2005 quam
1172 1930 1357 1985 Daniel
1379 1930 1587 2001 (Emit.
1619 1943 1813 1992 xxvut,
1844 1928 1940 2000 5)?

747 2028 800 2081 3.
827 2025 937 2080 Sed
968 2024 1123 2093 plane
1151 2022 1239 2091 qui
1264 2019 1623 2075 misericordia
1652 2020 1740 2073 Dei
1772 2019 1979 2087 adjutus
2008 2027 2061 2073 et
2082 2020 2252 2088 gratia

674 2135 733 2173 se
754 2119 823 2171 ab
848 2118 923 2169 cis
956 2114 1184 2183 peccatis
1222 2111 1535 2166 abstinuerit
1572 2122 1691 2178 qua:
1721 2110 1876 2163 ctiam
1908 2110 2124 2163 crimina
2156 2123 2252 2163 vo-

674 2216 876 2272 cantur,
906 2214 1065 2275 atque
1093 2205 1181 2259 illa
1213 2211 1424 2273 peccata
1455 2202 1571 2255 sine
1592 2200 1781 2269 quibus
1808 2214 1911 2253 non
1934 2199 2020 2255 hie
2038 2201 2248 2266 vivitur,

672 2301 933 2367 mundare
975 2297 1223 2366 operibus
1267 2294 1643 2348 misericordia:
1682 2305 1732 2348 et
1775 2294 1873 2362 piis
1929 2295 2253 2348 orationibus

675 2408 781 2448 n0n
824 2389 1150 2460 neglexerit,
1182 2388 1470 2441 merebitur
1510 2384 1631 2438 hinc
1672 2385 1819 2439 exire
1869 2385 1982 2438 sine
2014 2395 2249 2454 peccato,

676 2482 917 2555 quamvis
943 2497 1062 2535 cum
1092 2480 1176 2533 hic
1212 2478 1414 2533 viveret
1442 2477 1675 2531 habuerit
1718 2476 1967 2529 nonnulla
2000 2490 2208 2545 peccata
2236 2494 2249 2540 ;

677 2576 799 2644 quis
828 2575 966 2628 sicut
989 2573 1087 2625 ista
1114 2585 1216 2624 non
1244 2567 1545 2629 defuerunt,
1577 2568 1645 2619 ita
1676 2567 1834 2621 etiam
1866 2567 2098 2621 remedia
2134 2568 2251 2637 qui-

676 2666 777 2719 bus
802 2668 1168 2733 purgarentnr,
1190 2659 1472 2713 affuerunt.
1504 2657 1749 2724 Quisquis
1775 2666 1972 2720 autem,
1995 2659 2091 2711 hac
2114 2658 2255 2711 velut

677 2754 956 2809 occasione
991 2760 1281 2819 comperta,
1302 2763 1422 2804 cum
1452 2748 1676 2803 audierit
1704 2750 1965 2803 nemiuem
1995 2748 2083 2804 hic
2107 2747 2251 2802 arbi-

678 2846 779 2900 trio
807 2859 904 2898 suo
928 2843 1041 2896 sine
1072 2849 1286 2911 peccato
1305 2840 1481 2894 vivere
1501 2880 1517 2904 ,
1542 2839 1743 2893 dederit
1771 2853 1828 2894 se
1852 2840 2172 2903 libidinibus,
2201 2850 2253 2893 et

677 2936 985 2991 criminibus
1030 2932 1243 2988 nefariis
1272 2932 1596 3002 obligaverit,
1626 2939 1783 3001 atque
1811 2931 1860 2983 in
1895 2930 1975 2985 his
2002 2932 2253 2985 crimino-

679 3029 751 3081 sis
777 3026 1253 3094 consceleratisque
1282 3024 1516 3076 moribus
1548 3039 1710 3091 usque
1740 3023 1792 3074 in
1822 3020 1961 3075 diem
1991 3036 2144 3076 suum
2164 3024 2252 3091 ul-

682 3118 866 3171 timum
908 3115 1295 3187 pcrduraverit,
1329 3114 1585 3183 quaslibet
1628 3115 1763 3168 inter
1813 3112 1926 3168 hinc
1958 3114 2255 3187 cleemosy-

682 3226 778 3264 nas
804 3208 979 3271 faciat,
1002 3221 1054 3261 et
1081 3207 1359 3262 infeliciter
1382 3206 1526 3260 ducit
1556 3206 1734 3269 vitam,
1759 3216 1811 3258 et
1834 3205 2092 3260 infelicius
2119 3205 2252 3263 ﬁnit.

751 3297 975 3354 CAPUT
999 3297 1059 3352 il.
1087 3328 1158 3337 —
1177 3298 1230 3352 4.
1269 3298 1372 3351 Sed
1400 3296 1484 3351 isti
1519 3307 1800 3364 utcumque
1828 3296 2084 3351 tolerandi
2111 3310 2252 3363 sunt,

682 3390 893 3462 quando
922 3390 1100 3445 dicunt
1122 3389 1207 3444 vel
1235 3403 1353 3443 esse
1378 3388 1464 3441 vel
1494 3387 1652 3442 fuisse
1677 3387 1761 3442 hic
1788 3388 2035 3458 aliquem,
2066 3370 2256 3461 praeter

691 3492 850 3539 unum
876 3481 1126 3538 Sanctum
1155 3488 1481 3547 sanctorum,
1514 3479 1600 3549 qui
1627 3478 1824 3533 nullum
1847 3478 2065 3536 haberet
2084 3460 2255 3536 nuuti—

682 3586 755 3631 no
779 3582 1070 3648 peceatum.
1095 3571 1226 3627 lllud
1251 3586 1376 3627 vero
1401 3571 1537 3640 quod
1559 3571 1761 3634 dicunt,
1784 3570 2026 3628 sufficere
2058 3573 2255 3627 homini

682 3668 905 3722 liberum
943 3665 1187 3719 aititrium
1243 3661 1309 3717 ad
1358 3662 1617 3716 dominica
1671 3670 1928 3731 prmcepta
1970 3662 2253 3731 implenda,

684 3756 891 3813 etiamsi
931 3750 1021 3809 Dei
1063 3753 1229 3824 gratia
1258 3762 1312 3809 et
1348 3751 1577 3823 Spiritus
1613 3752 1781 3807 sancti
1820 3752 1960 3807 dono
1995 3754 2058 3807 ad
2096 3770 2257 3825 opera

684 3848 821 3905 bona
862 3862 963 3903 non
989 3846 1296 3917 adjuvetur,
1329 3845 1543 3898 omnino
1572 3843 2117 3899 anathematizandunt
2154 3853 2251 3912 est,

686 3948 741 3995 et
784 3937 1027 3993 oumibus
1074 3935 1522 3990 exsecratiOnibus
1560 3933 1949 3988 detestandum.
1988 3934 2085 4002 Qui
2116 3937 2256 3991 enim

684 4030 787 4086 hoc
827 4034 1099 4095 asserunt,
1128 4041 1157 4081 a
1186 4029 1351 4105 gratia
1384 4026 1471 4078 Dei
1500 4027 1709 4095 penitus
1750 4025 1907 4079 alieni
1954 4035 2108 4090 sunt;
2137 4022 2255 4097 quia

682 4124 969 4195 ignorantes
996 4118 1091 4173 Dei
1105 4116 1378 4189 justitiam,
1402 4118 1535 4170 sicut
1564 4116 1628 4169 de
1655 4114 1849 4171 Jlltimis
1876 4109 1999 4171 dieit
2033 4115 2258 4189 Aposto-

688 4216 772 4270 lus
789 4258 802 4278 ,
826 4224 869 4267 et
905 4224 1047 4267 suam
1084 4211 1298 4264 volentes
1335 4209 1648 4272 constituere,
1670 4209 1881 4279 iustitia:
1902 4208 1995 4262 Dei
2020 4226 2116 4263 non
2142 4222 2257 4264 sunt

686 4304 891 4375 subjecti
920 4302 1104 4373 (Rom.
1132 4315 1185 4364 ι,
1228 4297 1293 4372 5)
1319 4317 1332 4353 :
1369 4298 1637 4367 plenitudo
1665 4300 1855 4369 quippe
1886 4300 2016 4370 legis
2046 4317 2149 4353 non
2179 4311 2260 4355 est

685 4392 789 4448 nisi
813 4392 1041 4446 eharitas
1061 4389 1171 4459 (Id.
1201 4404 1314 4453 xm,
1342 4386 1463 4459 i0);
1492 4397 1546 4443 et
1571 4390 1751 4459 utique
1780 4391 2008 4443 charitas
2031 4391 2122 4446 Dei
2152 4388 2257 4445 dif-

684 4487 801 4539 fusa
831 4492 911 4540 est
941 4484 990 4536 in
1028 4482 1275 4536 cordibus
1306 4482 1531 4546 nostris,
1574 4496 1677 4535 non
1708 4496 1801 4550 per
1835 4498 1929 4535 nos
1958 4482 2128 4550 ipsos,
2161 4498 2257 4539 nec

687 4572 884 4633 viribus
910 4574 1139 4648 propriis
1168 4573 1471 4639 voluntatis,
1494 4573 1589 4628 sed
1618 4588 1713 4643 per
1738 4572 1987 4643 Spiritum
2016 4584 2256 4631 sanctum

686 4671 777 4740 qui
801 4668 954 4723 datus
977 4675 1058 4720 est
1096 4662 1248 4720 nobis
1274 4662 1383 4737 (Id.
1413 4678 1469 4730 v,
1490 4660 1567 4737 5).

755 4760 810 4815 5.
851 4756 1003 4812 Valet
1035 4757 1211 4825 itaque
1249 4755 1468 4809 liberum
1504 4754 1775 4809 arbitrium
1804 4754 1869 4808 ad
1906 4769 2065 4826 opera
2097 4756 2252 4825 bona,

683 4852 729 4907 si
769 4849 1018 4904 divinitus
1051 4846 1361 4915 adjuvetur,
1392 4845 1533 4915 quod
1560 4845 1615 4899 lit
1649 4844 1919 4901 humiliter
1954 4848 2178 4916 petendo
2205 4858 2258 4904 et

684 4940 963 4995 faciendo:
996 4938 1260 4992 desertum
1307 4951 1431 4989 vero
1475 4935 1654 4990 divino
1697 4936 1996 5006 adjutorio,
2028 4938 2259 5009 qualibet

683 5031 900 5086 scientia
926 5030 1057 5102 legis
1083 5029 1334 5094 excellat,
1356 5028 1497 5083 nullo
1521 5029 1676 5081 modo
1705 5028 1916 5084 habebit
1931 5030 2146 5100 jllSlilitB
2171 5048 2261 5085 so-

684 5121 977 5177 liditatem.
1007 5119 1103 5176 sed
1134 5119 1453 5173 inﬂatiOnem
1488 5120 1660 5191 impia:
1699 5121 1960 5188 superbia:
1987 5130 2041 5175 et
2067 5123 2255 5178 exitio-

684 5228 804 5267 sum
824 5222 1104 5268 tumorem.
1134 5213 1297 5267 Docet
1319 5213 1418 5267 hoc
1437 5212 1618 5268 eadem
1646 5212 1758 5281 ipsa
1783 5214 2042 5268 dominica
2064 5216 2252 5270 oratio.

683 5302 903 5359 Frustra
931 5302 1072 5356 enim
1102 5312 1343 5367 rogantes
1382 5302 1543 5355 Deum
1574 5302 1814 5369 dicimus,
1845 5302 1927 5357 Nc
1955 5321 2044 5359 nos
2069 5306 2256 5375 inferas

682 5397 737 5450 in
759 5394 1079 5448 testationem
1102 5391 1308 5462 (Matth.
1334 5407 1408 5457 vr,
1434 5394 1520 5462 15)
1544 5435 1558 5458 ,
1587 5393 1633 5446 si
1662 5385 1759 5447 hoc
1785 5395 1836 5447 in
1865 5404 2041 5447 nostra
2061 5395 2139 5447 sic
2165 5412 2255 5465 po-

682 5487 841 5542 situm
858 5492 939 5543 est
958 5492 1233 5554 potestate,
1256 5493 1309 5537 ut
1331 5484 1474 5537 nullo
1491 5484 1630 5537 illius
1648 5484 1906 5554 adjutorio
1924 5486 1973 5538 id
1992 5486 2256 5542 valeamus

675 5577 922 5647 implere.
967 5576 1171 5632 Dictum
1200 5586 1281 5630 est
1305 5578 1466 5639 enim,
1493 5574 1573 5628 Ne
1602 5592 1691 5629 nos
1726 5578 1912 5645 inferas
1945 5578 1997 5629 in
2026 5579 2255 5630 tentatio-

682 5688 818 5738 nem,
841 5673 980 5743 quod
1011 5672 1337 5741 intelligitur,
1366 5667 1442 5723 Ne
1479 5683 1573 5722 nos
1610 5667 1787 5723 inferri
1818 5668 2108 5737 deserendo
2133 5686 2251 5739 p.-r-

676 5763 881 5829 mittas.
918 5763 1108 5816 Fidelis
1141 5764 1270 5818 enim
1298 5759 1465 5819 Deus,
1494 5759 1566 5813 ait
1593 5760 1905 5828 Apostolus,
1928 5764 2013 5831 qui
2042 5777 2139 5815 non
2166 5778 2252 5816 vos

1910 355 1966 411 s.
2005 328 2367 411 AUGUS'i'tttl
2407 320 2723 408 Episcopi
3784 364 3857 423 στι

2361 462 2606 536 permittet
2632 465 2814 521 tentari
2840 476 2995 537 supra
3020 464 3077 521 id
3101 465 3237 537 quod
3263 467 3459 535 putatis
3474 510 3487 530 ,
3513 460 3595 523 ted
3629 456 3749 541 [licia
3774 496 3856 534 cum

2360 560 2628 611 tentatione
2659 559 2808 611 etiam
2834 558 3057 625 exitum,
3080 565 3135 609 ut
3163 556 3359 627 possitis
3397 558 3626 612 sustinere
3647 558 3853 631 (1Com,

2360 648 2458 719 15)
2484 665 2497 702 :
2528 647 2707 719 utquid
2740 649 2841 704 hoc
2864 647 2998 703 dixit
3027 648 3188 703 Deum
3217 640 3404 709 facere,
3424 642 3474 703 si
3507 648 3597 703 hoc
3619 651 3716 707 sine
3736 655 3856 724 ipsius

2360 738 2621 811 adiutorio
2653 742 2704 795 in
2741 741 2851 795 sola
2880 750 3057 795 nostra
3081 746 3166 795 est
3192 740 3484 810 potestate?

2430 830 2482 887 6.
2524 832 2652 887 Nam
2678 835 2857 903 ctipsa
2886 833 2969 886 lex
3000 833 3051 887 in
3080 832 3181 886 hoc
3212 832 3522 901 adjutorium
3551 834 3659 889 data
3696 849 3762 893 est
3782 842 3855 898 illis

2360 923 2448 995 qui
2478 941 2536 979 ea
2560 925 2793 1001 legitime.
2818 934 3054 1007 utuntur,
3089 933 3146 979 ut
3170 934 3266 995 per
3306 926 3446 979 illam
3476 916 3649 992 sciant,
3676 931 3743 985 vri
3771 937 3856 1001 σμιίιε

2357 1016 2575 1097 justitim
2599 1016 2709 1086 jam
2740 1017 3061 1086 acceperint,
3107 1008 3247 1083 unde
3272 1008 3464 1083 gratias
3485 1031 3647 1085 agant,
3667 1021 3736 1075 vel
3772 1028 3857 1093 quid

2362 1106 2535 1161 adhuc
2563 1109 2643 1162 eis
2667 1104 2822 1169 desit,
2850 1108 2988 1178 quod
3021 1108 3277 1161 instanter
3305 1116 3501 1177 petant.
3525 1100 3615 1174 Qui
3643 1121 3786 1168 autem
3807 1119 3855 1171 sic

2362 1196 2582 1250 audiunt
2605 1196 2743 1266 quod
2769 1198 2841 1250 ait
2870 1195 2975 1262 lex,
3004 1195 3123 1250 Non
3152 1192 3469 1266 concupisces
3499 1192 3671 1269 (Exod.
3698 1217 3777 1267 xx,
3802 1206 3858 1270 Π,

2362 1301 2407 1342 et
2437 1288 2590 1345 Rata.
2620 1305 2713 1356 vn,
2746 1291 2823 1361 7),
2857 1301 2914 1345 ut
2935 1292 3033 1345 hoc
3056 1292 3176 1362 quia
3208 1284 3507 1351 didicerint,
3553 1294 3762 1348 sufficere
3791 1299 3859 1351 sibi

2362 1381 2704 1446 arbitrentur,
2740 1399 2838 1437 nec
2873 1384 3136 1452 adjutorio
3162 1385 3343 1453 gratiae
3382 1384 3474 1437 Dei
3518 1382 3579 1437 ad
3630 1383 3859 1442 faciendum

2362 1473 2499 1542 quod
2526 1473 2728 1541 jnssum
2759 1482 2842 1528 est
2868 1473 2980 1527 dari
3012 1473 3109 1527 sibi
3135 1475 3382 1527 Virtutem
3411 1473 3619 1527 credant
3642 1487 3685 1528 et
3705 1484 3860 1544 petant;

2361 1563 2426 1615 ad
2460 1565 2558 1615 hoc
2573 1564 2649 1616 eis
2672 1563 2752 1616 [ex
2775 1561 3091 1629 subintravit,
3114 1573 3166 1617 ut
3191 1562 3471 1617 abundaret
3492 1564 3705 1617 delictum
3734 1564 3859 1637 (Rom.

2358 1670 2413 1718 ν,
2440 1655 2530 1726 20)
2556 1672 2570 1719 ;
2600 1656 2739 1724 quod
2770 1656 2963 1710 dictum
2991 1655 3162 1712 estde
3193 1656 3415 1711 Iuda-is.
3448 1654 3631 1711 Parum
3670 1658 3785 1713 enim
3809 1674 3863 1715 est

2360 1748 2478 1817 quia
2516 1763 2623 1800 non
2652 1746 2873 1815 implent
2916 1748 3054 1817 quod
3098 1748 3352 1819 prtrcepit
3398 1748 3502 1813 lex,
3538 1746 3646 1803 Non
3683 1755 3863 1821 conrupi-

2359 1853 2502 1902 sces;
2532 1836 2624 1890 sed
2653 1837 2865 1908 insuper
2893 1838 3222 1907 superbiuut,
3254 1847 3306 1892 et
3339 1840 3631 1908 ignorantes
3656 1840 3861 1909 Deijusti-

2359 1928 2508 1994 tiam,
2545 1926 2593 1980 id
2615 1936 2695 1981 est
2721 1940 2877 1997 quam
2912 1928 3049 1982 Deus
3072 1927 3158 1981 dat
3186 1929 3271 1998 qui
3310 1927 3566 1997 justilicat
3605 1930 3805 1999 impium,
3826 1940 3861 1986 et

2358 2033 2507 2074 suam
2528 2022 2762 2075 volentes
2783 2022 3105 2076 constituere
3136 2030 3387 2091 tanquam
3420 2038 3527 2075 sua:
3553 2023 3796 2077 voluntatis
3819 2027 3863 2077 ii-

2359 2111 2505 2167 rihus
2548 2113 2731 2166 factam
2757 2154 2769 2175 ,
2798 2113 3015 2181 justitiac
3063 2113 3155 2166 Dei
3200 2129 3302 2166 non
3343 2123 3467 2167 sunt
3508 2115 3727 2184 subjecti.
3763 2114 3864 2170 Finit

2359 2202 2489 2255 enim
2512 2201 2634 2270 legis
2652 2200 2895 2267 Christus,
2921 2202 2987 2254 ad
3006 2202 3259 2273 justitiam
3285 2202 3426 2254 omni
3462 2204 3667 2256 credenti
3694 2202 3779 2274 (Id.
3807 2206 3862 2267 i0.

2358 2293 2444 2361 4);
2473 2292 2559 2362 qui
2588 2293 2766 2361 utique
2811 2291 2932 2346 ideo
2960 2295 3125 2357 venit,
3156 2303 3210 2347 ut
3239 2293 3327 2347 ubi
3360 2294 3635 2349 abundavit
3657 2296 3861 2362 delictum,

2360 2386 2755 2455 superalnnnlct
2788 2386 2977 2455 gratia.
3002 2386 3098 2440 Cui
3121 2388 3301 2453 gratia:
3322 2388 3369 2443 si
3398 2388 3605 2444 fuerunt
3623 2391 3862 2445 inimicitu-

2360 2472 2477 2540 dzei,
2514 2476 2603 2529 Dei
2628 2476 2929 2545 ignorantes
2951 2474 3232 2545 justitiam,
3279 2486 3335 2532 ct
3369 2494 3516 2533 suam
3545 2483 3863 2537 volentescou.

2360 2572 2608 2635 stituere;
2632 2584 2794 2640 quare
2819 2584 2941 2624 sunt
2966 2582 3020 2625 et
3050 2569 3134 2624 isti
3158 2572 3379 2633 inimici.
3400 2573 3444 2627 si
3473 2574 3651 2629 iueum
3682 2576 3863 2630 credide-

2358 2672 2655 2731 runtquem
2697 2662 2770 2715 illi
2798 2661 3136 2716 occiderunt?
3166 2664 3243 2717 An
3277 2674 3332 2717 ut
3379 2665 3451 2720 illi
3509 2666 3743 2735 accipiant
3770 2680 3859 2736 ρης

2361 2753 2544 2818 mium,
2567 2752 2655 2823 qui
2683 2755 2859 2809 occiso
2888 2754 3098 2808 Christo
3124 2769 3270 2809 suam
3305 2757 3621 2821 impietatem
3649 2772 3863 2813 accusare

2360 2856 2502 2911 runt,
2536 2854 2588 2897 et
2630 2858 2687 2898 se
2719 2846 2856 2898 illitis
2885 2848 3070 2915 gratim
3099 2848 3324 2916 cognitu
3354 2850 3714 2912 subdiderunt;
3747 2861 3786 2904 et
3807 2850 3863 2903 isti

2360 2943 2573 3005 portent
2594 2934 2867 3004 judicium,
2894 2936 2981 3004 qui
3012 2935 3088 2989 sic
3110 2936 3160 2989 in
3190 2936 3460 2991 Christum
3494 2942 3661 2993 volunt
3681 2939 3861 3001 credere,

2361 3022 2420 3079 ιιι
2446 3026 2562 3103 ejus
2585 3026 2745 3093 ipsam
2779 3025 2997 3094 gratiam
3020 3034 3277 3080 conentur
3316 3027 3593 3082 occidere?

2432 3116 2485 3172 7.
2525 3117 2605 3173 Ad
2636 3119 2733 3171 hoc
2763 3118 2955 3186 quippe
2987 3118 3037 3170 in
3083 3133 3201 3171 enni
3230 3118 3459 3172 credunt
3508 3120 3591 3189 qui
3624 3128 3743 3173 recte
3776 3133 3861 3171 cre-

2360 3208 2513 3275 dum,
2544 3220 2597 3263 ut
2646 3210 2880 3263 esuriant
2911 3210 3192 3278 sitiantque
3231 3209 3513 3277 justitiam,
3541 3219 3591 3265 et
3615 3210 3715 3279 ejus
3744 3210 3860 3277 gratia

2361 3309 2685 3357 saturentur.
2722 3299 2897 3353 Omnis
2926 3300 3089 3365 enim,
3118 3301 3254 3353 sicut
3282 3302 3540 3369 scriptum
3566 3308 3656 3365 est,
3682 3300 3751 3369 qui
3768 3301 3865 3349 iuro-

2363 3394 2546 3446 caverit
2564 3404 2743 3445 nomen
2773 3390 2997 3455 Domini,
3016 3392 3182 3444 salvus
3205 3392 3295 3443 erit
3327 3386 3485 3461 (laet.
3513 3407 3567 3450 ιι,
3596 3393 3675 3454 52,
3703 3398 3739 3444 et
3762 3389 3864 3442 Rom.

2361 3497 2417 3547 ι,
2457 3480 2546 3550 15)
2581 3499 2594 3534 :
2624 3495 2727 3534 non
2773 3481 2951 3549 utique
2991 3480 3161 3534 salute
3188 3483 3453 3549 corporis,
3484 3496 3631 3550 quam
3660 3479 3777 3533 multi
3799 3478 3865 3530 lia-

2360 3574 2492 3629 bent
2523 3578 2577 3627 et
2601 3573 2688 3642 qui
2720 3585 2825 3626 non
2852 3572 3097 3625 invocant
3127 3586 3317 3625 nomen
3357 3573 3593 3636 Domini;
3624 3569 3702 3626 sed
3722 3571 3786 3623 illa
3807 3580 3866 3620 sa-

2362 3664 2474 3719 lute
2499 3664 2566 3719 de
2591 3676 2691 3734 qua
2720 3664 2832 3732 ipse
2856 3663 3003 3728 dicit,
3036 3662 3154 3715 Non
3187 3672 3256 3716 est
3282 3679 3413 3732 opus
3442 3665 3576 3717 sanis
3594 3662 3789 3722 mcdim,
3806 3658 3866 3711 mi

2363 3757 2752 3828 (egrotantibus;
2783 3755 2979 3825 etquid
3005 3755 3215 3816 dixerit,
3235 3764 3623 3826 consequenter
3638 3764 3862 3822 exponens.

2367 3849 2486 3903 Non
2507 3848 2637 3913 veni,
2672 3846 2860 3917 inquit,
2891 3860 3068 3902 vocare
3085 3848 3275 3919 justas,
3302 3849 3395 3902 sed
3426 3859 3688 3919 peccatores
3708 3843 3864 3913 (.iIutttt.

2362 3954 2445 4005 ix,
2471 3939 2557 4005 12,
2587 3938 2697 4009 ιδ).
2728 3938 2909 3993 Justos
2935 3954 3060 4007 ergo
3101 3950 3292 4006 sanos,
3326 3950 3624 4009 peccatores
3647 3949 3789 3991 autem
3808 3932 3865 3987 di-

2364 4033 2439 4085 xit
2465 4038 2707 4099 aegrotus.
2727 4029 2841 4084 Non
2869 4031 3041 4099 itaque
3069 4030 3135 4084 de
3184 4032 3293 4085 suis
3322 4033 3521 4087 viribus
3559 4034 3865 4101 praesumatis-

2363 4131 2584 4191 grotus;
2617 4124 2735 4190 quia
2764 4120 2816 4173 in
2843 4119 3179 4175 multitudine
3205 4123 3417 4175 virtutis
3441 4138 3547 4175 sua:
3578 4136 3669 4175 non
3691 4121 3771 4172 erit
3792 4114 3866 4167 sal-

2364 4226 2481 4267 vus.
2515 4212 2644 4266 Nam
2675 4212 2716 4265 si
2748 4212 2867 4266 inde
2894 4213 3185 4281 praesumit,
3216 4212 3391 4266 videat
3415 4228 3481 4267 ne
3503 4214 3632 4266 vires
3661 4212 3757 4263 ista:
3790 4216 3863 4258 uos

2364 4303 2471 4358 sint
2490 4304 2671 4374 quales
2696 4304 2866 4358 solent
2886 4318 3006 4358 esse
3026 4316 3298 4369 sanorum,
3318 4305 3417 4360 sed
3438 4308 3608 4374 quales
3623 4302 3767 4356 solent
3780 4306 3865 4350 esse

2365 4394 2794 4466 phreneticurum
2825 4412 2839 4447 :
2865 4396 3092 4464 quicum
3143 4396 3249 4450 sint
3297 4395 3488 4461 insani,
3517 4397 3644 4450 adeo
3668 4407 3717 4447 se
3748 4400 3863 4443 sanos

2366 4495 2571 4557 putant,
2599 4493 2657 4540 ut
2684 4500 2782 4540 nec
2805 4485 3066 4539 medicum
3093 4496 3346 4555 quaerant,
3376 4497 3432 4541 et
3462 4498 3686 4555 tanquam
3719 4483 3862 4548 impor-

2365 4586 2547 4632 tunum
2577 4578 2791 4645 insuper
2816 4576 3055 4645 ccedam;
3078 4578 3312 4651 sicutisti
3338 4578 3603 4647 (Christum
3632 4577 3781 4629 insana
3795 4584 3858 4622 su-

2364 4668 2545 4738 perbia
2566 4666 2956 4738 quodammodo
2984 4666 3210 4731 caedunt,
3252 4650 3404 4735 cujus
3422 4650 3607 4734 gratia:
3636 4675 3725 4718 tam
3752 4658 3859 4713 beni-

2363 4773 2519 4828 gnum
2571 4754 2887 4826 atljutorium
2918 4750 2983 4809 ad
3036 4752 3323 4809 faciendam
3350 4756 3598 4826 jusutiam
3629 4754 3734 4808 dato
3769 4744 3859 4815 legis

2364 4862 2631 4922 prmcepto
2659 4850 3017 4905 necessarium
3048 4863 3148 4901 non
3172 4862 3288 4902 esse
3317 4844 3651 4903 Contendant.
3671 4842 3859 4897 Desinant

2364 4938 2490 5011 ergo
2520 4944 2595 4995 sic
2609 4941 2859 5006 insanire,
2878 4947 2930 4994 ct
2946 4939 3010 4993 ad
3030 4940 3130 4994 hoc
3147 4955 3203 4993 se
3222 4941 3511 5009 intelligant
3527 4938 3716 5001 habere,
3735 4944 3856 5001 quan-

2366 5046 2473 5088 tmn
2504 5043 2740 5103 possunt,
2774 5024 2995 5087 liberum
3038 5032 3333 5096 arbitrium,
3367 5048 3470 5087 non
3498 5041 3550 5085 ut
3576 5027 3766 5100 superba
3790 5038 3857 5074 ιυ-

2364 5124 2566 5179 luntate
2594 5132 2845 5193 respuant
2870 5122 3209 5192 adjutorium,
3238 5122 3330 5178 sed
3358 5135 3414 5178 ut
3440 5123 3520 5194 pia
3550 5122 3778 5176 voluntate
3800 5114 3855 5167 iu-

2363 5225 2555 5271 vocent
2582 5217 2882 5273 Dominum.

2435 5308 2487 5361 8.
2534 5308 2655 5361 ilmc
2699 5308 2839 5360 enim
2883 5307 3123 5360 voluntas
3175 5307 3337 5367 libera
3389 5313 3532 5361 tanto
3571 5304 3662 5359 erit
3696 5293 3856 5354 liberior

2363 5410 2559 5470 quanto
2580 5401 2760 5455 Sanior
2784 5417 2797 5454 :
2827 5409 2970 5453 tanto
2992 5411 3165 5455 autem
3190 5400 3384 5464 sanior,
3402 5392 3766 5479 quantoditjina:
3783 5383 3853 5439 mi-

2366 5488 2669 5543 sericordia:
2713 5489 2998 5559 gratizeque
3025 5488 3325 5558 subjectior.
3361 5480 3471 5559 ipsa
3522 5486 3648 5549 enim
3680 5476 3852 5545 Μάλα

2364 5590 2478 5635 orat
2502 5592 2551 5635 et
2578 5581 2703 5634 dicit
2731 5577 2950 5633 :Itinera
2970 5596 3076 5633 mea
3088 5581 3519 5655 dirigesccundunt
3544 5577 3849 5655 verbumtwtl.

2363 5684 2407 5726 et
2439 5691 2498 5726 ne
2513 5675 2792 5727 dominetur
2812 5672 2932 5725 milii
2952 5652 3533 5741 ontnisiniquﬂastPsaL
3554 5679 3717 5735 cum}.

2352 5765 2637 5833 Quomodo
2658 5764 2799 5817 enim
2826 5763 2987 5818 libera
3006 5770 3106 5829 est,
3120 5762 3205 5839 cui
3216 5761 3513 5823 dominatur
3534 5748 3780 5829 iniquitas?
3800 5742 3859 5799 lii
