4004 6378
178 376 261 454 sit

180 516 212 567 ri
236 520 391 564 autem
419 519 519 560 non
542 500 863 565 dominetur,
893 496 1013 552 vide
1058 496 1125 551 ab
1155 495 1243 548 illa
1273 494 1388 561 quis
1412 493 1705 547 invocetur.

178 607 266 659 Non
296 601 424 655 enim
450 598 536 661 ait,
561 596 749 650 Itinera
796 609 909 646 mea
958 591 1125 659 dirige
1155 586 1446 641 secundum
1481 583 1706 636 liberum

176 693 432 756 arbitrium,
464 687 699 757 quianon
718 682 1075 738 dominabitur
1090 680 1214 733 mihi
1234 677 1408 731 omnis
1428 674 1704 747 iniquitas;

177 785 266 850 sed,
295 780 478 835 Itinera
505 793 630 837 mea,
651 774 835 843 inquit,
861 773 1020 844 dirige
1034 770 1303 824 secundum
1325 766 1522 839 verbum
1545 774 1704 829 tuum,

176 888 269 929 rtne
292 873 555 927 dominetur
570 867 691 922 milii
707 862 865 920 omnis
883 865 1135 934 iniquitas.
1160 861 1433 922 I‘recatur,
1454 874 1555 911 non
1582 855 1705 927 pol-

176 942 676 1027 licetur;Conﬁtctur,
703 974 805 1011 nou
836 954 1139 1024 profitetur;
1174 960 1319 1020 optat
1340 946 1699 1018 plenissimam

174 1058 452 1114 libertatem,
482 1066 583 1104 non
611 1050 773 1119 jactat
802 1047 1064 1116 propriam
1082 1052 1416 1111 potestatem.
1435 1040 1547 1093 Non
1566 1039 1705 1092 enim

174 1147 313 1201 Omnis
337 1146 419 1215 qui
446 1134 643 1195 viribus
671 1141 781 1193 suis
802 1136 1035 1198 conlidit,
1065 1136 1155 1189 sed
1193 1135 1366 1188 omnis
1386 1134 1473 1203 qui
1500 1134 1708 1199 invocat

174 1232 331 1295 nomen
358 1233 583 1293 Domini,
627 1231 803 1286 milvos
841 1230 965 1283 erit.
997 1226 1259 1292 Quomodo
1298 1236 1463 1277 autem
1502 1224 1705 1275 invoca-

172 1334 279 1390 bant,
320 1314 505 1396 inquit,
533 1325 585 1377 in
615 1340 761 1390 quem
806 1338 905 1373 non
948 1317 1262 1372 crediderunt
1292 1315 1463 1387 (Rom.
1508 1330 1562 1377 Χ,
1599 1309 1704 1385 li).

173 1414 232 1478 Ad
257 1414 342 1474 hac
367 1426 490 1487 ergo
511 1414 735 1471 credunt
760 1414 846 1482 qui
867 1421 1009 1466 recte
1030 1411 1273 1474 credunt,
1301 1416 1355 1461 ut
1387 1407 1632 1461 im'ocvut
1654 1398 1705 1459 in

168 1527 291 1585 quem
314 1500 668 1585 crediderunt,
702 1517 754 1561 et
772 1506 978 1557 valeant
1008 1502 1179 1557 facere
1200 1500 1338 1571 quod
1363 1502 1410 1553 in
1428 1498 1705 1570 prmceptis

166 1592 372 1675 legitimis
397 1608 751 1670 acceperunt;
781 1598 1026 1667 quoniam
1062 1592 1113 1649 id
1156 1592 1295 1662 quod
1325 1592 1409 1645 lex
1455 1590 1700 1659 imperat,

167 1680 270 1752 nos
294 1680 553 1763 tropea-at.

218 1786 261 1840 9.
294 1784 416 1839 Nam
447 1788 504 1836 ut
534 1776 743 1835 interim
759 1770 1061 1832 omittamus
1084 1774 1207 1842 legis
1235 1774 1394 1825 multa
1422 1781 1701 1840 prmcepta,

165 1876 309 1931 ethoc
334 1868 453 1928 in'de
488 1862 970 1925 c'onunemoremus
997 1865 1135 1935 quod
1166 1864 1228 1917 ad
1281 1879 1706 1917 couu‘ncmoran-

164 1956 260 2020 dum
275 1964 420 2033 elegit
443 1960 768 2031 Apostolus;
796 1972 914 2012 cum
944 1957 1068 2009 dicit
1094 1957 1195 2015 lex,
1219 1952 1337 2005 Non
1364 1953 1700 2021 concupisces,

164 2054 261 2125 quid
284 2050 485 2108 videtur
511 2048 651 2104 aliud
693 2050 969 2117 imperare,
1004 2045 1099 2098 nisi
1132 2043 1196 2097 ab
1226 2044 1417 2096 illicitis
1443 2041 1702 2109 cupidita-

166 2144 276 2199 tibus
301 2138 716 2198 continentiam?
762 2139 979 2191 Animus
1024 2136 1217 2204 quippe
1259 2134 1399 2187 velut
1450 2132 1700 2203 pondere,

166 2250 315 2288 amore
345 2230 514 2288 fertur
551 2244 883 2299 quocumque
914 2226 1095 2279 fertur.
1134 2222 1388 2278 Jubcmur
1416 2224 1588 2292 itaque
1612 2222 1702 2274 de-

163 2324 340 2381 trahere
367 2322 432 2379 de
456 2322 697 2394 pondere
722 2319 1024 2390 cupiditatis
1048 2316 1187 2386 quod
1227 2316 1441 2371 accedat
1472 2316 1537 2368 ad
1571 2332 1701 2383 pon~

163 2416 240 2470 dus
256 2415 538 2477 cbaritatis,
569 2412 741 2467 donec
792 2410 914 2464 illud
945 2417 1304 2473 consumatur,
1336 2406 1435 2460 hoc
1468 2407 1704 2474 perficia-

163 2506 556 2577 tur:plenitudo
580 2505 720 2559 enim
761 2503 892 2572 legis
928 2511 1009 2556 est
1038 2499 1284 2552 charitas.
1319 2500 1379 2551 Et
1411 2508 1583 2550 tamen
1635 2497 1702 2551 de

161 2601 251 2669 ips:
277 2597 595 2653 tantinentia
629 2596 747 2650 vide
784 2593 908 2663 quid
941 2594 1195 2660 scriptum
1223 2592 1291 2643 sit
1325 2608 1335 2641 :
1368 2586 1431 2641 Et
1472 2606 1584 2640 cuin
1613 2593 1704 2663 sci.

160 2696 262 2756 rem,
281 2691 462 2761 inquit,
510 2689 628 2758 quia
652 2703 795 2740 nemo
828 2691 984 2753 potest
1015 2699 1119 2737 esse
1142 2681 1399 2735 continens
1432 2678 1529 2732 nisi
1565 2677 1701 2732 Deus

162 2788 303 2847 det,et
328 2786 414 2837 hoc
454 2783 627 2851 ipsum
648 2789 754 2833 erat
802 2777 1080 2847 sapientior,
1104 2774 1231 2828 scire
1275 2774 1418 2843 cujus
1458 2782 1581 2828 esset
1611 2771 1704 2826 hoc

162 2868 472 2938 dmmiadii
504 2871 795 2933 Dominum,
829 2878 874 2921 et
903 2867 1198 2936 deprecatus
1227 2882 1335 2918 sum
1376 2863 1522 2917 illum
1548 2862 1700 2935 (Sap.

162 2967 375 3036 mult“).
406 2958 679 3031 Numquid
716 2960 866 3023 dixit,
896 2958 966 3013 Et
1013 2972 1131 3011 cum
1160 2958 1349 3010 scirem
1383 2956 1504 3025 quia
1548 2972 1705 3009 nemo

162 3066 303 3126 potest
334 3062 449 3111 esSe
486 3053 785 3115 Continuus,
817 3050 916 3103 nisi
940 3064 1032 3117 per
1060 3047 1326 3116 pr0prium
1353 3045 1576 3099 liberum
1617 3059 1705 3098 ar-

162 3147 361 3212 bitrium,
389 3156 440 3200 et
473 3146 576 3197 hoc
608 3145 779 3211 ipsum
811 3151 923 3194 erat
960 3140 1250 3208 sapientiae,
1280 3139 1417 3191 scire
1442 3152 1470 3190 a
1504 3137 1705 3206 meipso

162 3246 257 3291 esse
280 3235 377 3291 hoc
403 3234 643 3290 bonum?
672 3231 783 3287 Non
813 3232 965 3301 plane
1004 3230 1102 3283 huc
1143 3227 1293 3292 dixit,
1330 3228 1466 3297 quod
1494 3227 1704 3297 quidam

163 3329 203 3384 in
222 3336 308 3386 tua
327 3330 561 3384 vanitate
589 3326 800 3391 dicunt;
829 3325 921 3379 sed
953 3324 1091 3392 quod
1123 3322 1217 3376 fuit
1255 3324 1306 3377 in
1337 3328 1531 3377 sancta:
1559 3322 1706 3376 Scri-

164 3427 303 3491 pure
341 3423 569 3477 raritate
605 3418 885 3472 dicendum
918 3414 1083 3471 :Cum
1117 3417 1314 3480 scirem,
1360 3414 1548 3483 inquit,
1589 3415 1707 3483 quia

164 3520 280 3568 vim
309 3518 413 3569 ede
436 3521 602 3584 potest
646 3510 923 3571 continens,
970 3506 1069 3559 nisi
1102 3505 1236 3559 Deus
1261 3506 1360 3559 det.
1393 3504 1554 3559 Jubet
1581 3521 1706 3575 ergo

165 3602 700 3666 [incontinentiam
734 3608 785 3653 et
804 3598 894 3652 dat
916 3599 1291 3651 continentiam
1314 3615 1327 3660 ;
1354 3598 1615 3668 jubctpcr
1645 3598 1710 3651 le-

162 3686 391 3763 σθω,ὼὶ
444 3708 545 3763 per
591 3693 848 3763 gratiam;
892 3690 1039 3759 jubet
1083 3702 1175 3759 per
1199 3690 1446 3755 litteram,
1496 3692 1586 3745 dat
1616 3708 1710 3760 per

163 3783 420 3853 Spiritum:
449 3785 535 3838 lex
565 3784 706 3838 enim
739 3783 851 3835 sine
896 3781 1062 3850 gratia
1110 3780 1235 3835 facit
1283 3776 1551 3836 abundare
1577 3781 1707 3836 deli-

163 3885 298 3944 ctum,
324 3880 379 3932 et
403 3878 585 3932 littera
606 3878 721 3928 sine
749 3871 946 3943 Spiritu
964 3872 1155 3927 occidit
1173 3870 1242 3941 (Π
1263 3872 1377 3926 Cor.
1407 3890 1479 3937 Ill,
1513 3873 1587 3946 6).
1613 3874 1706 3928 Ju-

164 3968 239 4024 bet
266 3970 396 4033 ideo,
429 3978 491 4024 ω
512 3970 691 4022 facere
708 3967 855 4035 juSsa
883 3966 1077 4027 conati,
1106 3972 1158 4019 et
1195 3976 1371 4017 nostra
1407 3964 1710 4020 infirmitate

164 4059 245 4115 sub
271 4062 381 4131 tege
418 4056 648 4128 roman,
684 4056 999 4125 adiutorium
1034 4058 1216 4125 gratiae
1248 4070 1465 4123 pescere
1505 4057 1711 4109 norori-

165 4163 286 4215 me;
312 4160 365 4207 et
388 4152 437 4207 ei
466 4150 597 4220 quid
620 4148 792 4202 facere
820 4150 1146 4217 potuerimus
1176 4147 1353 4214 eperis
1376 4141 1521 4211 boni,
1553 4146 1600 4200 ei
1622 4148 1708 4216 qui

164 4242 349 4311 adiuvat
372 4254 484 4297 non
506 4240 674 4297 siqnis
696 4240 882 4310 ingrati
910 4257 923 4293 :
952 4240 1052 4293 hoc
1077 4249 1128 4294 et
1155 4240 1251 4292 iste
1286 4239 1442 4303 fecit;
1483 4238 1533 4294 id
1568 4241 1709 4294 enim

165 4350 263 4388 cum
285 4336 545 4405 sapientia
567 4334 765 4396 docuit,
790 4332 940 4402 cujus
954 4342 1091 4387 esset
1119 4332 1220 4386 hoc
1244 4332 1459 4385 donum.

221 4427 297 4481 10.
332 4426 522 4498 Neque
551 4427 692 4479 enim
722 4425 1004 4479 voluntatis
1034 4425 1305 4479 arbitrium
1336 4424 1451 4479 ideo
1489 4424 1707 4494 tollitur,

168 4518 523 4589 minuatur;
555 4519 648 4573 sed
679 4518 798 4572 ideo
820 4518 1049 4587 juvatur,
1085 4519 1202 4587 quia
1237 4534 1336 4572 non
1368 4514 1583 4571 tollitur.
1612 4516 1712 4587 Qui

169 4608 285 4666 enim
311 4614 417 4668 Deo
444 4612 603 4683 ,d‘rcit,
647 4610 863 4682 Adjutor
899 4626 1037 4663 naeus
1080 4619 1180 4662 esto
1212 4607 1380 4678 (Psat.
1435 4625 1583 4675 xxvi,
1633 4610 1709 4683 9),

170 4704 423 4761 conﬁtetur
442 4716 503 4761 se
526 4704 662 4759 Velle
695 4703 915 4771 iinpicre
944 4701 1081 4772 quod
1100 4703 1287 4769 jussit,
1322 4703 1413 4755 sed
1445 4705 1510 4755 ab
1533 4720 1595 4757 co
1625 4686 1712 4773 qui

168 4792 318 4861 iussit,
345 4797 665 4867 adiutorium
690 4809 911 4866 poscere
956 4804 1012 4845 ut
1054 4792 1238 4861 possit.
1261 4792 1347 4846 Sic
1373 4802 1425 4847 et
1470 4794 1566 4847 istc
1594 4812 1713 4850 cum

172 4888 306 4941 sciret
324 4892 591 4943 neminem
611 4902 727 4943 esse
748 4902 898 4956 posse
912 4886 1290 4941 continentem.
1313 4885 1409 4937 nisi
1436 4885 1574 4940 Deus
1604 4888 1711 4953 det,

174 4976 281 5030 adiit
305 4978 582 5033 Dmuinum
606 4985 662 5032 et
684 4977 993 5046 deprecatus
1024 4986 1137 5029 cst:
1162 4976 1339 5044 utique
1360 4977 1541 5030 volens
1566 4978 1712 5043 adiit,

176 5066 670 5137 vdensdeprecatus
698 5076 798 5129 cst.
836 5080 935 5121 nec
963 5065 1196 5133 petiisset
1230 5062 1329 5118 nisi
1356 5077 1495 5119 esset
1530 5069 1716 5123 volun-

177 5162 259 5209 tas.
282 5158 381 5214 Sed
409 5160 509 5214 nisi
533 5160 789 5230 petiissct,
809 5166 1059 5228 quantum
1083 5168 1258 5225 posset
1281 5156 1563 5212 voluntas?
1586 5161 1717 5226 Quia

177 5250 261 5303 Elii
286 5251 447 5320 possit
482 5262 764 5321 antequam
797 5258 957 5319 petat,
993 5248 1116 5318 quid
1146 5247 1193 5301 ei
1226 5248 1468 5315 prodest,
1504 5251 1601 5303 nisi
1646 5251 1717 5306 illi

179 5344 493 5412 ψει-πάθε
517 5357 583 5399 ex
621 5355 685 5397 eo
715 5340 854 5411 quod
887 5347 1073 5409 potest,
1106 5352 1135 5391 a
1174 5353 1277 5406 quo
1309 5339 1590 5405 petendum
1639 5353 1720 5395 est

181 5432 303 5499 quod
328 5434 552 5490 nondum
582 5430 797 5505 potest?
827 5430 976 5487 Unde
1003 5430 1158 5483 etiam
1187 5430 1272 5497 qui
1300 5428 1407 5498 jam
1444 5433 1720 5487 continens

184 5529 270 5587 est,
285 5538 384 5578 non
412 5525 568 5580 habet
592 5525 773 5593 utique
800 5520 1199 5584 continentiam,
1233 5518 1328 5571 nisi
1374 5521 1508 5574 adsit
1535 5524 1719 5577 volun-

184 5621 281 5677 tas;
306 5617 397 5672 sed
414 5620 509 5674 nisi
535 5619 846 5687 accepisset,
878 5612 1000 5684 quid
1037 5613 1252 5665 haberet
1291 5612 1567 5666 voluntas?
1591 5612 1725 5679 Quid

188 5706 302 5758 enim
329 5709 485 5774 habes,
521 5711 707 5780 inquit,
735 5708 867 5775 quod
898 5721 993 5758 non
1014 5704 1283 5769 accepisti?
1321 5703 1379 5756 Si
1400 5716 1565 5759 autem
1585 5726 1727 5762 acce-

193 5795 314 5863 picti,
342 5803 451 5864 quid
474 5803 717 5872 glorieris
740 5799 883 5868 quasi
906 5809 1003 5849 non
1026 5796 1280 5862 acceperis
1316 5795 1359 5862 (ι
1380 5794 1499 5851 Cor.
1544 5799 1598 5865 4,
1629 5796 1725 5871 7)?

1305 364 1781 434 Episromntm
1818 369 2092 426 ccassrs
2128 334 2215 425 tu.

3290 364 3390 425 678

1815 485 1866 539 id
1894 494 1992 552 est,
2024 484 2156 553 Quid
2188 483 2428 556 gloriaris
2467 496 2616 555 quasr
2660 496 2687 535 a
2712 480 2879 559 teipse
2916 480 3129 542 habeas.
3166 484 3303 553 quod
3328 489 3373 541 si

1814 593 1917 633 non
1949 579 2265 645 accepisses,
2299 592 2329 630 a
2356 575 2522 630 tciuso
2552 576 2744 629 habere
2776 592 2877 630 non
2907 577 3122 645 posses?
3154 576 3261 631 lloc
3286 594 3381 631 au-

1817 676 1917 721 tem
1948 668 2141 721 dictum
2169 678 2268 731 est,
2296 675 2352 721 ut
2389 668 2474 737 qui
2508 667 2778 735 gloriatur,
2828 684 2930 720 non
2975 669 3027 721 in
3056 673 3250 739 seipse,
3285 669 3379 745 sed

1815 758 1865 811 in
1886 754 2107 811 Domino
2120 758 2371 824 glorietur
2392 756 2452 829 (11
2477 753 2593 811 Cor.
2611 772 2667 823 Χ,
2692 755 2779 827 17)
2803 773 2816 819 ς
2839 767 2889 810 et
2913 759 2999 827 qui
3025 758 3256 812 nondum
3282 758 3378 812 ha-

1812 848 1900 900 bet
1924 848 2060 901 unde
2083 848 2355 917 glorietur,
2380 864 2482 899 non
2504 862 2531 897 a
2554 846 2728 914 seipse
2754 855 2950 914 speret,
2981 848 3075 901 sed
3097 849 3373 905 Dominum

1813 948 2074 1008 precetur.
2099 936 2275 992 Satius
2293 947 2370 991 est
2395 938 2533 990 enim
2557 935 2729 988 minus
2746 952 3006 1004 quemque
3033 938 3225 991 habere
3244 938 3383 1008 quod

1812 1020 1841 1081 a
1866 1029 1972 1081 Deo
1998 1037 2157 1097 petat,
2182 1044 2338 1097 quam
2365 1029 2477 1096 plus
2500 1027 2691 1080 habere
2716 1025 2853 1095 quod
2881 1027 2979 1079 sibi
3002 1028 3222 1092 tribuat;
3249 1045 3384 1098 quo-

1813 1118 1953 1174 niam
1974 1120 2185 1188 expedit
2228 1119 2295 1172 ab
2326 1118 2431 1171 imo
2474 1134 2711 1187 surgere,
2742 1134 2897 1187 quam
2925 1134 2986 1171 ex
3009 1118 3115 1172 alto
3144 1120 3337 1174 cadere
3367 1138 3381 1174 :

1812 1206 1947 1265 Deus
1973 1211 2123 1271 enim,
2148 1211 2398 1279 scriptum
2421 1207 2758 1277 est,supcrbis
2779 1208 3277 1273 resistit,./tumilibus
3293 1227 3388 1264 au-

1811 1310 1905 1354 tem
1932 1302 2018 1354 dat
2046 1302 2259 1373 gratiam
2282 1300 2482 1375 (Jacobi
2510 1317 2582 1366 tv,
2613 1302 2686 1370 6).
2712 1302 2789 1354 Ad
2817 1300 3191 1355 abundantiam
3222 1304 3383 1373 igitur

1811 1396 2120 1450 delictorum
2166 1396 2249 1449 lex
2276 1413 2370 1448 nos
2396 1395 2550 1448 docet
2600 1393 2721 1462 quid
2770 1395 2905 1447 velle
2932 1396 3237 1460 debeamus,
3281 1395 3381 1450 nisi

1810 1486 2015 1553 adjuvet
2043 1486 2231 1554 gratia,
2282 1493 2337 1537 ut
2375 1480 2516 1554 quod
2554 1483 2796 1536 volumus
2823 1485 3119 1547 v‘aleamus,
3158 1470 3381 1554 etquod

1810 1575 2129 1630 voluerimus
2157 1577 2173 1607 ⁸
2202 1576 2532 1644 impleamus.
2565 1570 2845 1643 Adjuvabit
2872 1583 3069 1641 autem,
3101 1574 3145 1628 si
3181 1590 3283 1628 non
3314 1573 3381 1629 de

1811 1654 2010 1718 uestris
2035 1665 2232 1719 viribus
2259 1674 2638 1734 prazsumcntes
2658 1663 2760 1719 alta
2782 1665 3066 1733 sapiamus,
3091 1666 3183 1719 sed
3213 1665 3386 1720 humi-

1810 1757 1950 1810 libus
1976 1758 2369 1811 consentientes
2396 1756 2568 1827 (Rom.
2603 1773 2694 1831 xu,
2727 1757 2839 1829 16),
2869 1770 2919 1811 et
2949 1756 3015 1811 de
3045 1754 3108 1810 iis
3134 1773 3250 1826 qua:
3273 1757 3383 1826 jam

1811 1864 2109 1918 possumus,
2155 1851 2350 1919 gratias
2378 1864 2613 1918 agamus,
2641 1834 2695 1904 et
2739 1848 2832 1919 pro
2872 1850 2953 1905 iis.
2978 1865 3096 1919 quae
3147 1850 3380 1904 nondum

1809 1957 2107 2011 possumus,
2144 1943 2307 1996 Deum
2354 1942 2662 2009 snppliciter
2701 1932 2935 1995 initiante
2990 1942 3258 1995 voluntate
3284 1955 3378 2009 po-

1808 2050 2052 2095 scamus;
2099 2034 2536 2087 adminiculantcs
2582 2034 2873 2087 orationem
2906 2045 3137 2088 nostram
3167 2034 3380 2089 miscri-

1807 2126 2000 2179 cordia:
2021 2127 2041 2158 ’
2068 2126 2347 2180 fructuosis
2392 2128 2659 2196 operibus,
2692 2127 2866 2181 dando
2918 2136 2976 2182 ut.
3019 2127 3174 2181 detur
3203 2128 3376 2197 nobis,

1808 2218 2119 2271 dimittenda
2146 2228 2201 2271 ut
2228 2218 2516 2271 dimittatur
2545 2218 2713 2272 nobis.
3360 2212 3365 2219 ’

1828 2298 1839 2309 “
1878 2308 2105 2364 CAPUT
2149 2310 2232 2362 Ill.
2260 2338 2330 2349 —
2358 2309 2443 2362 Η.
2484 2308 2632 2376 Quod
2684 2318 2861 2363 autem
2899 2308 3084 2362 dicunt
3125 2304 3379 2364 infantem

1808 2410 1977 2455 morte
2000 2412 2344 2470 prieveutum,
2376 2416 2479 2455 non
2508 2402 2848 2471 baptizatum,
2874 2402 3045 2469 perire
3072 2418 3173 2454 non
3204 2415 3378 2470 posse,

1807 2491 2053 2561 quoniam
2076 2494 2188 2544 sine
2216 2500 2430 2561 peccato
2452 2494 2684 2545 nascitur
2709 2510 2721 2545 :
2753 2507 2856 2545 non
2883 2490 2983 2545 hoc
3002 2490 3128 2545 dicit
3156 2492 3383 2561 Apostoe-

1808 2574 1921 2647 ius,
1953 2593 2006 2637 et
2033 2584 2261 2637 arbitror
2284 2599 2402 2638 esse
2441 2584 2630 2637 melius
2660 2590 2715 2635 ut
2740 2582 2993 2651 Apostolo
3028 2583 3196 2651 potius
3224 2596 3381 2653 quam

1809 2676 1924 2729 istis
1945 2675 2242 2729 credamus.
2274 2675 2406 2730 Dicit
2424 2676 2562 2729 enim
2590 2675 2676 2728 ille
2705 2675 2889 2729 doctor
2909 2673 3176 2740 Gentium,
3206 2674 3384 2745 inquo

1807 2768 2048 2822 Christus
2088 2767 2413 2838 loquebatur,
2446 2765 2546 2820 Per
2568 2784 2721 2819 unum
2751 2767 2998 2819 hominem
3020 2775 3275 2836 peccatum
3302 2768 3384 2820 in-

1808 2859 1954 2911 travit
1975 2860 2025 2911 in
2052 2858 2313 2921 mundum,
2336 2869 2382 2911 et
2412 2874 2499 2927 per
2519 2868 2774 2925 peccatum
2795 2873 2947 2924 mors,
2976 2865 3021 2910 et
3050 2858 3120 2909 ita
3140 2857 3191 2910 in
3212 2872 3381 2912 omnes

1810 2947 2031 3002 homines
2054 2948 2358 3017 pertransiit,
2384 2948 2543 3017 inquo
2573 2962 2740 3000 omnes
2754 2956 3076 3017 peccaverunt
3105 2963 3123 3001 :
3150 2957 3202 3001 et
3228 2948 3382 3016 paulo

1810 3048 1925 3107 post
1945 3039 2087 3100 dicit,
2122 3037 2256 3091 Nam
2276 3038 2527 3107 judicium
2551 3036 2826 3106 quidemet:
2852 3052 2950 3090 uno
2967 3036 3147 3090 delicto
3175 3038 3227 3090 in
3256 3055 3383 3092 con-

1809 3130 2193 3191 demnationem,
2218 3129 2379 3199 gratia
2399 3139 2563 3182 autent
2582 3145 2645 3184 ea:
2660 3130 2827 3182 multis
2847 3128 3040 3183 delictis
3069 3129 3118 3182 in
3126 3130 3154 3199 j
3161 3131 3382 3197 ustiﬁca-

1811 3224 1989 3275 tionem
2004 3220 2153 3289 (Luc.
2169 3220 2337 3287 Vt,57,
2350 3214 2463 3288 '58).
2483 3219 2710 3274 Proinde
2725 3219 2998 3290 isti,'_quem
3024 3220 3155 3273 forte
3169 3224 3386 3276 invene-

1812 3312 1916 3366 rint
1932 3310 2184 3366 infantem
2204 3328 2305 3365 non
2318 3328 2384 3365 ex
2399 3310 2537 3365 illius
2553 3311 2705 3365 unius
2722 3311 3380 3380 hominiscoucupisceutia

1811 3410 2164 3471 procreatum,
2191 3401 2361 3470 ipsum
2389 3400 2566 3455 dicant
2593 3402 2668 3453 illi
2695 3400 3135 3454 damnationinon
3155 3416 3272 3455 esse
3288 3400 3380 3454 ob-

1811 3492 2043 3551 noxium,
2064 3507 2161 3544 nec
2175 3504 2267 3560 per
2281 3490 2476 3545 Christi
2490 3492 2708 3561 gratiam
2728 3490 2793 3543 ab
2812 3491 2893 3541 illa
2911 3491 3247 3543 damnatione
3264 3504 3382 3545 esse

1812 3566 2156 3638 liberandum.
2176 3581 2310 3650 Quid
2339 3592 2417 3635 cst
2437 3582 2599 3647 enim,
2618 3594 2679 3635 ea:
2694 3598 2792 3634 uno
2809 3582 2988 3635 delicto
3006 3581 3055 3633 in
3074 3581 3379 3634 condemna-

1812 3674 2012 3735 tionem,
2034 3672 2135 3726 uisi
2170 3675 2222 3725 in
2251 3671 2339 3725 illo
2369 3671 2560 3725 delicm
2590 3684 2694 3740 quo
2719 3668 2933 3739 deliquit
2954 3670 3157 3725 Adam?
3182 3680 3233 3724 et
3260 3670 3384 3739 quid

1810 3773 1911 3828 est,
1941 3780 2004 3818 ex
2028 3764 2195 3816 multis
2212 3764 2404 3816 delictis
2432 3763 2481 3814 in
2496 3762 2930 3831 justiﬁeationem,
2960 3761 3057 3815 nisi
3081 3760 3198 3830 quia
3229 3758 3386 3815 Chri-

1812 3858 2054 3925 stigratia
2075 3871 2178 3908 non
2196 3855 2362 3908 solum
2377 3854 2501 3907 illud
2524 3869 2682 3908 unum
2696 3852 2946 3908 delictum
2974 3854 3148 3914 solvit,
3170 3870 3271 3920 quo
3286 3853 3385 3908 ob-

1812 3950 2139 4015 stringuntur
2167 3946 2390 3999 iufantes
2443 3956 2506 3998 ex
2551 3944 2641 3997 illo
2679 3960 2783 3997 uno
2831 3944 3045 3998 homine
3084 3940 3385 4011 procreati,

1813 4037 1907 4092 sed
1937 4038 2093 4091 etiam
2119 4038 2279 4090 multa
2312 4037 2521 4099 delicta,
2550 4049 2668 4103 qum
2696 4050 2813 4087 cum
2832 4030 3380 4099 creverinthomines,

1813 4130 2012 4182 addunt
2038 4128 2187 4182 malis
2218 4128 2451 4180 moribus
2475 4126 2619 4180 suis?
2636 4126 2829 4179 Tamen
2859 4135 2911 4179 et
2931 4125 3056 4178 illud
3079 4141 3260 4188 unum,
3277 4142 3382 4195 quo

1814 4228 1896 4275 est
1917 4220 2141 4287 obligata
2166 4233 2395 4287 prepago
2414 4218 2769 4285 carnalisqua:
2789 4217 2856 4271 ab
2877 4218 2964 4272 illo
2979 4219 3149 4288 primo
3171 4216 3387 4275 homine

1814 4310 2067 4379 originem
2098 4310 2260 4369 ducit,
2309 4308 2550 4362 sufticcre
2597 4308 2723 4362 dicit
2757 4308 2822 4361 ad
2868 4302 3386 4385 condemnationem.

1816 4401 1937 4457 Ideo
1962 4417 2066 4455 non
2096 4410 2177 4455 est
2201 4399 2493 4468 superﬂuus
2525 4398 2815 4468 baptismus
2848 4401 3271 4465 parvulorum,ut
3297 4402 3387 4471 qui

1817 4508 1912 4562 per
1934 4493 2323 4562 generationem
2358 4491 2428 4544 itii
2451 4490 2875 4545 cendemnationi
2897 4492 3106 4561 obligati
3125 4502 3265 4555 sunt,
3291 4506 3388 4561 per
3484 4516 3515 4579 ιι

1818 4586 2271 4654 regenerationem
2301 4583 2367 4635 ab
2392 4582 2574 4635 eadem
2618 4583 3057 4636 condemuatione
3084 4578 3387 4638 solvantur:

1817 4679 1953 4731 sicut
1977 4676 2119 4731 enim
2146 4690 2249 4729 non
2276 4675 2538 4729 invenitur
2564 4674 2723 4727 homo
2751 4675 2839 4743 qui
2864 4685 3052 4743 printer
3078 4672 3241 4727 Adam
3273 4685 3391 4726 car-

1819 4771 2007 4825 naliter
2032 4780 2311 4839 generetur
2339 4770 2358 4800 ³
2382 4785 2396 4831 ;
2420 4770 2501 4822 sic
2529 4782 2633 4821 non
2667 4770 2926 4823 invenitur
2956 4768 3113 4821 homo
3144 4768 3233 4835 qui
3252 4775 3388 4836 praeh

1820 4873 1901 4919 ter
1923 4864 2191 4917 Christum
2208 4862 2549 4930 spiritualiter
2576 4868 2931 4931 regencretur.
2950 4861 3183 4914 Carnutis
3210 4868 3385 4914 autem
3474 4854 3501 4921 g3-

1820 4953 2290 5023 goneratiodelicto
2316 4953 2387 5005 illi
2412 4954 2521 5015 nni,
2548 4964 2597 5007 et
2628 4950 2948 5006 damnationi
2972 4952 3085 5017 ejus
3108 4950 3131 4980 "
3156 4951 3385 5005 obnoxia
3431 5014 3444 5023 Α
3468 4994 3480 5003 ,

1820 5054 1932 5109 est;
1962 5043 2242 5112 spirituaiis
2262 5054 2389 5097 vero
2413 5045 2738 5112 regeneratio
2754 5059 2857 5095 non
2886 5041 3054 5095 solum
3072 5027 3198 5095 itiud
3226 5056 3388 5095 unum

1822 5145 2036 5204 propter
2059 5133 2197 5199 quod
2230 5133 2558 5202 baptizantnr
2602 5130 2845 5187 infantes.
2878 5132 2969 5203 sed
2999 5134 3160 5185 multa
3201 5134 3390 5185 delicta

1824 5227 1945 5280 facit
1968 5225 2186 5289 aboleri,
2216 5240 2334 5295 quae
2373 5226 2611 5277 homines
2639 5224 2773 5277 male
2799 5223 3041 5286 vivendo,
3094 5223 3158 5276 ad
3183 5223 3304 5276 illud
3334 5221 3385 5274 in

1887 5440 1902 5468 ¹
1937 5436 2048 5485 odd.
2071 5436 2186 5493 duo.
2203 5435 2501 5486 voluerimus.

1887 5502 1907 5531 ³
1932 5501 2039 5547 Bad.
2065 5510 2163 5547 Ain.
2190 5507 2261 5547 tr.
2289 5508 2340 5548 et
2377 5508 2477 5547 Mss.
2517 5496 2611 5545 duo
2636 5498 2799 5554 vatim,
2835 5504 2978 5547 nunc.
3002 5492 3401 5546 Μηιῦιίαιιωω

1825 5564 2083 5619 oratione":
2104 5574 2174 5609 no
2188 5571 2312 5609 ti'am
2333 5574 2455 5609 nunc
2478 5560 2747 5619 fruentem.
2776 5570 2869 5609 etc.
2934 5617 2961 5619 η
3384 5594 3385 5597 η

1852 5622 1857 5625 ’
1894 5616 1913 5653 ί
1948 5625 2051 5669 ead.
2078 5636 2168 5687 im.
2197 5632 2244 5670 et
2269 5630 2360 5672 ω..
2386 5616 2891 5684 ρρτὰέθεὶιεὴιιίοηεηι
2910 5617 3183 5730 zbei'entur.
3200 5624 3254 5668 Et
3274 5624 3397 5685 stout

1852 5698 1919 5730 tun
1940 5694 2171 5730 malum
2210 5696 2361 5730 mmo.
2412 5684 2494 5730 aui
2529 5682 2589 5730 αδ
2626 5682 2795 5730 eadem
2822 5691 2854 5730 α
3155 5680 3397 5730 ms

1828 5684 2361 5753 mutummu‘aonw.
2386 5680 2494 5747 qui
2529 5680 2589 5732 ἀΰ
2626 5682 2795 5733 eadem
2822 5680 3119 5731 namnam

1828 5761 1895 5799 διε
1922 5760 2013 5798 non
2036 5757 2284 5801 Invenitur,
2312 5759 2404 5798 etc.
3074 5766 3079 5767 ⁷
3242 5794 3251 5803 .

1894 5820 1912 5839 ο
1950 5817 2051 5857 uss.
2076 5807 2274 5870 aliquot,
2298 5818 2349 5858 et
2372 5822 2469 5858 am.
2488 5809 2597 5858 Bad.
2624 5814 2695 5856 Fr.
2722 5807 3032 5871 [damntioni
3052 5811 3293 5876 οὸηοίααο]

2486 5982 2511 5993 ο
