4004 6386
189 477 322 538 tionis
342 466 549 529 Christi.
588 460 694 520 Sed
720 458 842 531 quia
871 455 977 511 illis
1016 452 1193 508 futura
1238 447 1720 538 praenuntiabatur,

189 582 287 641 qua:
306 563 403 633 jam
431 556 567 613 facta
590 550 741 609 nobis
768 545 1145 607 annuntiatur;
1174 550 1228 597 et
1238 549 1490 641 tempore
1524 537 1730 639 Veteris

198 628 475 714 iestamenti
504 642 773 703 velabatur
792 682 807 705 ,
832 651 949 709 qua:
977 646 1215 705 tempore
1238 629 1372 687 Novi
1406 628 1731 684 Testamenti

191 746 444 809 revelatur;
473 735 592 792 ideo
621 731 739 802 ejus
762 729 1107 786 Sacramenta
1136 724 1336 779 variata
1375 729 1519 787 sunt,
1543 728 1601 774 ut
1628 718 1731 773 alia

191 808 340 893 essent
358 833 407 885 in
431 826 607 884 Veteri
627 823 971 879 Testamento
988 860 1004 886 ,
1030 816 1133 871 alia
1164 815 1217 869 in
1240 812 1421 877 Novo;
1452 825 1572 866 cum
1603 808 1734 865 ﬁdes

190 930 280 998 ipsa
314 922 451 978 varia
480 933 586 974 non
626 914 717 979 sit,
752 910 844 969 sed
872 926 974 965 una
1024 908 1131 962 sit:
1168 905 1290 976 quia
1333 904 1461 958 sicut
1490 903 1541 956 in
1573 900 1735 955 Adam

188 994 328 1074 tntum
349 1013 647 1077 moriuntur,
672 1008 745 1062 sic
768 1012 813 1060 et
840 1004 895 1058 in
916 1000 1112 1057 Christo
1137 1013 1309 1053 omnes
1332 994 1732 1065 viviﬁcabuntur.

243 1110 317 1165 i5.
354 1102 501 1173 Quod
528 1114 655 1157 vero
675 1098 780 1153 illis
802 1094 983 1151 verbis
1011 1107 1131 1163 qua:
1152 1088 1525 1151 tractabamus,
1551 1084 1738 1156 adjun-

187 1202 245 1273 git
267 1211 313 1254 et
336 1197 490 1261 dicit,
530 1191 640 1246 Lex
666 1199 833 1243 autem
867 1182 1162 1241 subintravit
1183 1222 1199 1246 ,
1242 1177 1610 1273 ut'abundaret
1645 1174 1736 1229 de-

189 1266 345 1354 lictum,
366 1289 472 1357 jam
502 1298 611 1339 non
650 1278 883 1352 pe’rtinet
910 1276 977 1330 ad
1010 1271 1138 1329 illud
1162 1270 1418 1326 delictum
1456 1266 1598 1338 quod
1625 1274 1735 1320 tra-

187 1383 301 1437 hitur
317 1394 376 1434 ex
402 1375 590 1439 Adam,
616 1372 683 1428 de
703 1385 809 1441 quo
829 1366 1040 1423 dicebat
1058 1361 1323 1433 superius,
1348 1357 1489 1413 Mors
1512 1357 1737 1429 regnavit

188 1495 258 1549 per
276 1489 418 1529 uirum
445 1488 462 1526 :
486 1470 661 1539 legem
681 1465 877 1537 quippe
901 1461 1014 1516 sive
1034 1456 1330 1514 naturalem
1360 1451 1732 1549 intelligamus,

185 1542 279 1641 qua:
301 1568 349 1621 in
381 1578 565 1619 eorum
608 1564 828 1629 apparet
856 1551 1121 1618 tetatibus,
1158 1548 1251 1620 qui
1285 1548 1393 1616 jam
1434 1545 1639 1641 ratione
1664 1542 1740 1598 uti

185 1636 402 1731 possunt;
425 1654 537 1708 sive
558 1648 935 1718 conscriptam,
959 1659 1077 1715 qum
1100 1641 1223 1696 data
1249 1648 1332 1695 est
1374 1652 1470 1708 per
1498 1636 1736 1706 Moysen,

182 1730 280 1824 quia
292 1749 504 1819 necipsa
533 1742 806 1800 viviﬁcare
825 1737 1013 1811 potuit,
1034 1743 1089 1791 et
1112 1734 1339 1788 liberare
1359 1746 1387 1783 a
1412 1730 1525 1799 lege
1552 1742 1736 1824 pecca-

182 1818 267 1901 tiet
286 1818 482 1906 mortis,
500 1854 625 1910 qua:
654 1844 817 1892 tracta
839 1841 1003 1889 estex
1028 1826 1217 1893 Adam,
1237 1823 1331 1880 sed
1352 1822 1523 1892 magis
1540 1818 1743 1910 addidit

180 1929 600 2007 praevaricationis
625 1932 938 1997 augmenta;
984 1917 1082 1975 Ubi
1126 1916 1260 1973 enim
1289 1914 1372 1969 (ea:
1408 1929 1508 1966 non
1536 1918 1627 1975 est,
1670 1909 1744 2007 ait

180 2001 597 2097 idemapostolus,
617 2037 707 2075 nec
729 2014 1077 2091 praevaricatio
1094 2009 1270 2081 (Rom.
1289 2024 1361 2073 tv,
1383 2008 1495 2078 lii).
1519 2001 1743 2097 Proinde

179 2094 395 2192 quoniam
439 2117 534 2171 lex
572 2121 655 2170 est
697 2109 859 2165 etiam
904 2107 959 2161 in
1003 2103 1209 2159 ratione
1250 2098 1482 2155 hominis
1521 2096 1610 2166 qui
1632 2094 1742 2166 jam

178 2185 315 2267 utitur
334 2206 559 2263 arbitrio
585 2202 877 2268 libertatis,
908 2194 1218 2252 naturaliter
1243 2190 1295 2246 in
1324 2189 1485 2244 corde
1510 2185 1745 2243 conscri-

180 2316 279 2377 pta,
303 2317 400 2375 qua
440 2298 751 2371 suggeritur
780 2308 848 2349 ne
890 2288 1088 2360 aliquid
1127 2285 1285 2340 faciat
1331 2282 1556 2377 quisque
1590 2280 1745 2335 alteri

178 2374 294 2469 quod
322 2374 431 2467 pati
457 2394 580 2464 ipse
608 2404 716 2445 non
741 2386 885 2451 vult;
924 2378 1213 2437 secundum
1253 2377 1389 2431 hanc
1413 2374 1583 2469 legem
1611 2386 1747 2443 pra:-

178 2464 473 2546 raricatores
506 2492 634 2540 sunt
662 2494 849 2537 omnes
870 2519 885 2544 ,
916 2475 1074 2531 etiam
1096 2471 1186 2543 qui
1213 2471 1381 2541 legem
1413 2482 1509 2539 per
1529 2464 1745 2536 Moysen

178 2584 326 2639 datam
351 2597 455 2638 non
490 2581 841 2648 acceperunt,
878 2570 945 2626 de
968 2567 1161 2639 quibus
1196 2565 1248 2619 in
1274 2562 1486 2617 Psalmo
1513 2559 1744 2630 legitur:

180 2675 583 2732 Prmricatores
624 2665 860 2724 mstimati
889 2678 1059 2718 omnes
1089 2668 1373 2730 peccatores
1402 2664 1549 2708 teme
1573 2649 1746 2722 (Psal.

177 2784 336 2831 cxvtu,
366 2762 523 2837 ll9).
554 2761 672 2817 Non
692 2757 834 2814 enim
863 2769 1047 2810 omnes
1066 2757 1378 2823 peccatores
1396 2754 1555 2801 terrm
1572 2743 1746 2837 legem

179 2874 259 2930 per
272 2832 486 2930 Moysen
516 2852 694 2908 datam
724 2846 1170 2919 praevaricarunt;
1197 2838 1293 2895 sed
1320 2845 1497 2893 tamen
1520 2832 1623 2889 nisi
1650 2832 1749 2887 ali-

177 2927 311 3023 quam
336 2927 804 3021 prmvaricassent,
837 2954 942 2995 non
967 2934 1361 3006 appellarentur
1383 2927 1754 3001 praevaricato-

178 3020 249 3099 res
266 3060 279 3097 ε
298 3020 389 3097 Ubi
404 3040 547 3095 enim
562 3036 644 3091 lea:
660 3050 761 3088 non
776 3040 866 3096 est,
891 3045 980 3083 nec
1007 3022 1373 3097 prtcvaricatio.
1404 3020 1751 3075 Prmvaricata

178 3149 287 3205 ergo
308 3134 418 3204 lege
443 3145 572 3202 qua:
598 3128 651 3183 in
682 3122 928 3196 paradiso
954 3118 1077 3175 data
1103 3126 1207 3184 est,
1237 3114 1473 3171 nascitur
1500 3112 1661 3205 homo
1685 3123 1751 3165 ex

177 3199 324 3281 Adam
358 3199 496 3281 cum
540 3220 658 3289 lege
700 3212 906 3287 peccati
934 3222 989 3266 et
1031 3207 1237 3271 mortis,
1270 3204 1337 3259 de
1379 3216 1482 3272 qua
1520 3199 1749 3254 dicitur:

184 3315 321 3372 Video
356 3317 522 3371 aliam
549 3312 708 3382 legem
738 3309 792 3361 in
825 3302 1056 3359 membris
1098 3299 1220 3354 meis
1259 3302 1621 3365 repugnantem
1658 3290 1757 3361 legi

177 3410 335 3464 mentis
357 3423 487 3463 mete
507 3447 521 3471 ,
569 3412 615 3459 et
656 3400 909 3471 captivum
934 3411 1012 3451 me
1040 3393 1299 3447 ducentem
1327 3389 1380 3442 in
1408 3387 1514 3458 lege
1542 3385 1751 3456 peccati,

176 3519 273 3573 quc
294 3502 445 3557 estin
496 3495 728 3553 membris
772 3492 894 3547 meis
935 3488 1111 3563 (Rom.
1142 3500 1236 3549 vn,
1267 3484 1384 3552 23).
1577 3490 1752 3573 tamen

177 3569 261 3651 nisi
287 3594 420 3649 mala
444 3598 637 3663 postea
663 3581 1048 3642 consuetudine
1073 3578 1371 3640 ruboretur,
1407 3572 1613 3628 facilius
1639 3569 1756 3624 vin-

176 3688 313 3752 citur,
336 3700 443 3742 non
470 3693 652 3739 tamen
678 3678 778 3734 nisi
799 3675 965 3747 gratia
992 3672 1105 3727 Dei.
1132 3670 1271 3740 Lege
1292 3674 1466 3721 autem
1492 3663 1596 3718 alia
1629 3677 1756 3752 prte—

178 3751 408 3841 raricata,
451 3788 577 3845 qua:
603 3780 683 3826 est
720 3769 774 3824 in
803 3781 900 3823 usu
927 3761 1147 3819 rationis
1171 3760 1363 3814 anima:
1401 3752 1670 3810 rationalis
1701 3751 1754 3807 in

176 3877 314 3924 etate
364 3844 607 3921 hominis
640 3860 750 3931 jam
799 3855 1005 3911 ratione
1049 3849 1277 3913 utentis,
1326 3844 1755 3916 praevaricatores

181 3958 299 4013 ﬁunt
332 3967 529 4013 omnes
555 3957 865 4023 peccatores
902 3952 1077 3998 terrm.
1108 3936 1456 3996 Praevarieata
1484 3948 1612 3988 vero
1638 3932 1755 4002 lege

184 4050 328 4104 etiam
367 4047 463 4104 illa
504 4022 623 4114 quae
654 4040 776 4095 data
814 4043 895 4091 est
925 4049 1018 4104 per
1052 4031 1287 4101 Moysen,
1325 4025 1491 4080 multo
1530 4022 1756 4093 amplius

180 4140 400 4197 abundat
439 4136 715 4194 delictum.
749 4130 809 4187 Si
833 4128 966 4183 enim
999 4124 1121 4185 data
1163 4127 1287 4175 esset
1317 4118 1398 4172 lea:
1437 4132 1550 4189 gnte
1592 4122 1755 4185 posset

180 4233 448 4301 viviﬁcare,
478 4226 683 4283 omnino
706 4238 770 4277 ea:
798 4219 929 4291 Lege
956 4224 1080 4272 esset
1105 4212 1328 4281 justitia.
1372 4207 1478 4264 Sed
1514 4206 1755 4261 conclusit

183 4297 439 4394 Scriptura
464 4319 635 4374 omnia
660 4316 753 4370 sub
779 4319 979 4384 peccato
1002 4351 1016 4376 ,
1045 4317 1098 4362 ut
1128 4303 1392 4379 promissio
1420 4317 1482 4356 ea:
1504 4300 1605 4370 ﬁde
1630 4297 1756 4352 Iesu

181 4389 351 4469 Christi
377 4413 592 4467 daretur
637 4403 949 4461 credentibus
983 4417 1001 4455 :
1027 4399 1143 4454 hmo
1186 4394 1349 4452 verba
1369 4434 1385 4461 ,
1415 4393 1459 4448 si
1489 4389 1752 4463 agnoscis,

184 4504 461 4575 apostolica
488 4507 630 4556 sunt.
667 4497 744 4552 De
771 4510 873 4566 qua
900 4493 1018 4563 lege
1050 4490 1241 4545 iterum
1271 4484 1418 4551 dicit,
1452 4482 1533 4537 lex
1559 4496 1753 4575 prava-

183 4598 427 4652 ricationis
452 4592 616 4666 gratia
644 4589 803 4659 posita
828 4595 922 4652 est,
953 4584 1108 4639 donec
1131 4579 1316 4636 veniret
1339 4592 1506 4633 semen
1533 4574 1614 4628 cui
1638 4589 1757 4645 pro-

185 4688 381 4742 missum
403 4664 500 4752 est,
531 4681 774 4751 disposita
800 4680 817 4710 ¹
849 4694 939 4750 per
963 4674 1180 4745 Angelos
1205 4672 1256 4724 in
1281 4685 1436 4722 manu
1460 4664 1755 4720 Mediatoris
1790 4725 1794 4729 ι

184 4775 368 4848 (Colat.
386 4792 468 4843 nt,
486 4771 673 4845 19-21)
692 4790 705 4826 :
724 4769 989 4826 Christum
1007 4761 1406 4825 commendans,
1425 4759 1576 4827 cujus
1589 4757 1754 4827 gratia

185 4869 306 4923 salvi
330 4868 462 4922 ﬁunt
487 4877 696 4929 omnes,
732 4860 845 4916 sive
871 4856 1077 4929 parvuli
1104 4871 1134 4910 a
1162 4854 1279 4923 lege
1308 4848 1508 4921 peccati
1533 4857 1587 4902 et
1614 4860 1756 4900 mor.

185 4957 283 5023 tis,
311 4974 433 5013 cum
460 4971 565 5027 qua
609 4951 722 5009 nati
750 4964 967 5015 sumus;
1017 4945 1131 5001 sive
1177 4942 1437 5012 majores,
1486 4938 1575 5008 qui
1621 4936 1756 4992 male

189 5057 390 5104 utentes
411 5045 631 5102 arbitrio
654 5040 938 5098 voluntatis
964 5034 1377 5108 praevaricarunt
1406 5029 1573 5098 legem
1602 5034 1755 5080 natu-

188 5138 345 5195 ralem
366 5138 537 5209 ipsius
552 5133 806 5199 rationis;
833 5130 943 5186 sive
967 5126 1057 5198 qui
1083 5126 1251 5197 legem
1272 5125 1610 5190 acceperuut,
1639 5132 1757 5187 qum

188 5227 301 5284 data
331 5239 414 5285 est
444 5244 540 5301 per
586 5226 837 5296 Moysen,
878 5233 1102 5290 eamque
1143 5214 1549 5286 prtevaricantes
1584 5209 1757 5264 littera

190 5322 346 5379 occisi
362 5332 499 5378 sunt.
516 5319 651 5376 Cum
673 5332 798 5373 vero
818 5313 977 5371 etiam
999 5308 1298 5380 evangelica
1316 5311 1575 5376 pra-cepta
1598 5302 1759 5357 homo

194 5414 512 5482 prxvaricat,
557 5410 702 5467 velut
742 5403 1126 5478 quatriduanus
1172 5405 1411 5453 mortuus
1451 5402 1597 5464 putet
1621 5409 1636 5446 :
1660 5406 1759 5448 nec

193 5501 258 5557 de
282 5503 371 5557 illo
394 5514 563 5559 tamen
592 5495 978 5571 desperandum
1011 5497 1347 5561 estipropter
1374 5488 1491 5555 ejus
1513 5484 1757 5555 gratiam,

188 5594 274 5662 qui
297 5609 397 5651 non
423 5595 564 5651 lente
586 5592 719 5647 dixit
733 5629 749 5657 ,
771 5586 866 5643 sed
893 5600 1076 5656 magna
1100 5597 1218 5638 voce
1240 5576 1502 5647 clamavit,
1528 5573 1722 5631 Lasare
1739 5615 1755 5645 ,

183 5682 291 5735 νειιί
311 5682 450 5752 foras
476 5683 656 5758 (Joan.
681 5696 756 5748 ιι,
787 5678 902 5750 43).

301 5819 611 5877 Isdstcl‘cq
629 5811 926 5877 dispositum.

386 5902 609 5966 Sacr.
666 5901 944 5959 Aususr.
996 5891 1072 5950 ll.

1344 330 1827 390 EPISTOLARUM
1866 316 2143 389 CLASSIS
2183 330 2266 386 tu.

3313 346 3420 403 682

1907 446 1994 503 16.
2024 445 2133 502 Lex
2151 463 2269 517 ergo
2291 447 2587 504 subintravit
2625 464 2681 505 ut
2706 454 2985 510 abundaret
3008 457 3244 515 delictum
3268 478 3286 516 :
3306 464 3419 520 sive
3500 506 3506 512 .

1837 552 1957 592 cum
2003 537 2247 593 homines
2288 540 2559 609 negligunt
2598 544 2739 613 quod
2778 545 2918 601 Deus
2942 548 3122 616 jubet;
3156 551 3268 607 sive
3296 568 3420 609 cum

1837 628 1905 684 de
1931 629 2043 685 suis
2070 629 2271 685 viribus
2300 643 2704 702 praesumentes,
2744 636 3062 707 adjutorium
3091 646 3274 714 gratia:
3314 662 3419 703 non

1836 719 2145 791 implorant,
2173 730 2228 777 et
2247 720 2450 778 addunt
2481 724 2777 781 inlirmitati
2810 732 3134 799 superbiam.
3167 735 3296 790 Cum
3324 753 3424 793 au-

1839 821 1946 867 tem
1991 814 2269 869 vocatione
2309 814 2485 870 divina
2514 817 2813 889 intelligunt
2843 837 2937 876 cur
2965 823 3034 878 sit
3060 824 3421 896 ingemiscen-

1840 904 1986 971 dum,
2010 915 2061 962 et
2092 906 2341 962 invocant
2363 924 2483 962 cum
2514 908 2567 963 in
2600 926 2755 980 quem
2798 924 2942 968 recte
2968 916 3212 985 credunt,
3243 919 3425 977 dicen-

1841 1004 1940 1063 tes,
1969 995 2212 1051 Miserere
2235 992 2349 1063 uici,
2380 997 2535 1065 Deus,
2569 1002 2845 1056 secundum
2872 1020 3107 1076 magnam
3136 1009 3424 1064 misericor-

1841 1089 1979 1143 diam
2003 1099 2141 1144 tuam
2161 1089 2400 1162 (Psal.x.,
2432 1093 2507 1165 i);
2538 1103 2613 1159 et,
2645 1094 2754 1165 Ego
2779 1096 2906 1163 dixi,
2934 1097 3166 1167 Domine,
3191 1103 3426 1159 miserere

1840 1181 1958 1248 mei,
1984 1196 2112 1235 sana
2144 1182 2367 1236 animam
2406 1200 2589 1252 meam,
2631 1186 2752 1258 quia
2777 1190 2974 1257 peccavi
3002 1191 3089 1244 tibi
3129 1190 3298 1266 (Psal.
3331 1211 3423 1263 XL,

1841 1272 1928 1345 5);
1956 1282 2032 1341 et,
2065 1271 2133 1328 In
2169 1283 2255 1328 tua
2279 1275 2481 1342 iustitia
2507 1276 2705 1346 vivi/ica
2738 1295 2817 1333 me
2855 1278 3028 1353 (Psal.
3058 1298 3192 1352 xxx,
3233 1284 3320 1357 2);
3350 1297 3423 1355 et,

1850 1362 1999 1418 Viam
2034 1364 2317 1435 iniquitatis
2344 1382 2518 1421 amove
2555 1385 2588 1422 a
2628 1385 2727 1437 me,
2758 1379 2805 1423 et
2841 1371 2904 1424 de
2935 1372 3040 1443 lege
3074 1384 3158 1428 tua
3196 1376 3429 1431 miserere

1845 1455 1943 1510 mei
1968 1454 2140 1527 (Psal.
2168 1472 2347 1523 cxvm,
2377 1458 2500 1529 29);
2523 1469 2597 1528 et,
2623 1458 2745 1513 Non
2779 1462 2942 1515 veniat
2973 1464 3099 1518 mihi
3132 1482 3220 1537 pes
3246 1484 3427 1537 super-

1845 1547 1956 1611 bire,
1982 1557 2027 1602 et
2052 1564 2233 1603 manus
2260 1559 2579 1619 peccatorum
2613 1568 2714 1606 non
2738 1562 2932 1607 moveat
2958 1570 3038 1608 me
3067 1555 3239 1625 (Psal.
3263 1575 3403 1613 xxxv

1844 1636 1936 1712 12)
1961 1656 1976 1706 ;
1999 1647 2074 1706 et,
2107 1637 2300 1695 Itinera
2332 1657 2443 1696 mea
2476 1643 2639 1715 dirige
2662 1644 2939 1699 secundum
2969 1605 3168 1703 verbum
3194 1660 3354 1716 tuum,
3380 1605 3433 1705 ei

1844 1746 1909 1784 ne
1928 1731 2211 1785 dominetur
2229 1733 2327 1787 mei
2336 1800 2344 1811 _
2364 1734 2527 1787 omnis
2551 1734 2787 1805 iniquitas
2809 1735 2978 1810 (Psal.
3002 1753 3184 1804 cxvnt,
3218 1739 3343 1814 135)
3368 1743 3434 1813 (Α

1845 1819 2067 1875 Domino
2096 1823 2238 1877 enim
2265 1840 2466 1894 gressus
2500 1824 2720 1880 hominis
2754 1827 3062 1899 diriguntur,
3090 1842 3137 1885 et
3167 1833 3295 1886 viam
3326 1834 3434 1905 ejus
3506 1835 3519 1849 '

1845 1914 1972 1968 volet
1992 1911 2162 1987 [PsaL
2187 1931 2366 1981 xxxvi,
2392 1916 2540 1991 25]);
2571 1928 2626 1984 et
2659 1919 2762 1974 alia
2788 1922 2974 1987 multa,
3006 1939 3125 1992 qum
3151 1937 3435 1995 propterea

1847 2008 2043 2077 scripta
2065 2016 2208 2072 sunt,
2227 2017 2285 2063 ut
2308 2023 2406 2065 nos
2431 2010 2800 2079 admonerent,
2833 2014 2900 2068 ad
2925 2016 3190 2084 implenda
3220 2032 3281 2073 ea
3315 2036 3433 2089 qua:

1849 2099 2002 2155 nobis
2023 2099 2294 2170 jubentur,
2313 2100 2381 2156 ab
2405 2101 2498 2157 illo
2516 2102 2802 2172 petendum
2829 2104 3148 2175 adjutorium
3176 2124 3206 2163 a
3232 2126 3337 2180 quo
3352 2110 3434 2180 ju-

1848 2189 2045 2246 bentur
2073 2209 2086 2246 :
2117 2206 2238 2247 cum
2261 2206 2388 2263 ergo
2412 2208 2472 2249 se
2499 2193 2659 2249 homo
2678 2194 2744 2250 ad
2766 2195 2913 2251 illum
2934 2198 3251 2263 extenderit,
3282 2209 3333 2253 et
3359 2203 3435 2256 sic

1849 2283 2185 2355 ingemuerit,
2216 2284 2306 2341 ﬁet
2325 2286 2465 2357 quod
2479 2286 2736 2357 sequitur,
2770 2288 2869 2344 Ubi
2884 2288 3155 2346 abundavit
3171 2292 3433 2363 delictum,

1851 2377 2276 2447 superabundavit
2302 2387 2348 2434 et
2368 2379 2723 2450 gratia(Rom.
2747 2396 2799 2447 ν,
2836 2379 2965 2454 20);
2997 2390 3071 2449 et,
3100 2382 3443 2441 Dimittuntur

1851 2468 1899 2524 ei
1917 2479 2121 2539 peccata
2143 2470 2321 2538 multa,
2349 2473 2587 2543 quoniam
2601 2473 2776 2527 dilexit
2796 2475 3008 2529 multum
3024 2475 3176 2547 (Luc.
3203 2492 3299 2545 vn,
3323 2479 3436 2552 i7):

1853 2559 2241 2617 ctdill‘unditur
2268 2563 2323 2616 in
2366 2562 2528 2618 corde
2560 2562 2793 2619 charitas
2832 2566 2947 2631 Dei,
2998 2568 3138 2623 unde
3175 2569 3268 2624 ﬁat
3309 2570 3439 2641 legis

1854 2654 2163 2724 plenitudo;
2195 2671 2300 2711 non
2340 2671 2435 2727 per
2464 2657 2606 2713 vires
2634 2658 2839 2713 arbitrii
2887 2659 3029 2730 quod
3060 2670 3143 2717 est
3170 2663 3221 2715 in
3260 2664 3437 2732 nobis,

1854 2746 1948 2803 sed
1988 2763 2083 2818 per
2108 2746 2365 2818 Spiritum
2390 2758 2631 2805 sanctum
2656 2752 2746 2821 qui
2773 2750 2929 2807 datus
2955 2762 3037 2808 est
3063 2754 3235 2810 nobis.
3269 2756 3443 2813 Nove—

1854 2849 1938 2896 rat
1963 2842 2159 2913 quippe
2203 2842 2291 2897 ille
2333 2842 2552 2913 Legem,
2572 2845 2661 2915 qui
2691 2844 2921 2911 dicebat,
2952 2844 3276 2903 Condelector
3309 2852 3442 2905 enim

1858 2932 1956 3005 legi
1984 2932 2079 2988 Dei
2118 2935 2393 2989 secundum
2421 2936 2707 2991 interiorem
2744 2937 3028 3003 hominem;
3062 2952 3117 2996 et
3147 2951 3321 2997 tamen
3344 2944 3442 3000 ad-

1852 3026 2131 3100 jungebal,
2170 3028 2329 3084 Video
2355 3044 2523 3085 autem
2539 3031 2697 3085 aliam
2717 3031 2875 3104 legem
2890 3033 2943 3087 in
2965 3033 3195 3089 membris
3216 3037 3338 3091 meis
3359 3054 3444 3092 re-
3488 3084 3495 3087 .

1859 3130 2164 3193 pugnantem
2194 3122 2291 3193 legi
2317 3126 2495 3177 mentis
2528 3139 2651 3178 mea:
2669 3166 2683 3191 ,
2716 3134 2764 3178 et
2794 3127 3043 3197 captivum
3072 3145 3151 3183 me
3178 3129 3444 3186 ducentem

1857 3211 1911 3265 in
1942 3210 2050 3284 lege
2076 3214 2286 3284 peccati,
2317 3230 2431 3286 qua:
2474 3223 2546 3268 est
2591 3215 2644 3268 in
2683 3216 2915 3271 membris
2954 3218 3095 3273 meis.
3132 3217 3326 3283 Infelix
3353 3240 3444 3294 ego

1860 3302 2030 3369 homo,
2059 3304 2171 3373 quis
2200 3319 2279 3357 me
2300 3302 2525 3358 liberabit
2546 3305 2608 3358 de
2630 3321 2841 3377 corpore
2859 3309 3033 3363 mortis
3054 3308 3205 3380 hujus
3219 3311 3245 3365 ?
3266 3310 3447 3367 Gratia

1858 3392 1959 3449 Dei
1979 3411 2069 3465 per
2100 3393 2278 3449 Jesum
2310 3394 2564 3451 Christum
2592 3395 2869 3452 Dominum
2913 3411 3158 3455 nostrum.
3190 3400 3299 3458 Cur
3335 3418 3444 3459 non

1859 3485 1992 3541 dixit
2032 3486 2227 3557 potius,
2258 3486 2361 3542 Per
2403 3504 2581 3543 meum
2610 3489 2834 3569 liberum
2863 3492 3162 3559 arbitrium,
3196 3494 3294 3547 nisi
3322 3496 3445 3565 quia

1859 3576 2078 3633 libertas
2108 3578 2222 3634 sine
2251 3579 2419 3648 gratia
2451 3595 2557 3634 non
2578 3580 2914 3648 estlibertas,
2946 3582 3041 3637 sed
3071 3586 3445 3640 contumacia?

1932 3672 2019 3726 17.
2049 3671 2177 3727 Cum
2190 3687 2318 3742 ergo
2343 3671 2565 3728 dixisset
2593 3674 2896 3743 Apostolus,
2920 3673 3027 3730 Lex
3043 3677 3361 3744 subintratn't,
3390 3690 3446 3733 ut

1859 3764 2137 3819 abundaret
2163 3764 2399 3819 delictum
2423 3780 2441 3819 :
2468 3765 2553 3819 ubi
2580 3775 2747 3819 autem
2777 3766 3050 3822 abundavit
3077 3768 3336 3837 delictum,
3360 3786 3449 3826 su-

1862 3856 2224 3926 perabundavit
2261 3867 2306 3911 et
2336 3857 2505 3928 gratia
2524 3871 2545 3922 ;
2571 3866 2786 3913 secutus
2815 3858 3077 3930 adjunxit,
3119 3873 3173 3914 ut
3205 3865 3448 3933 quemad-

1862 3948 2067 4001 modum
2094 3950 2315 4019 regnavit
2342 3958 2599 4019 peccatum
2633 3948 2687 4002 in
2712 3960 2889 4014 morte,
2916 3952 2988 4006 sic
3016 3961 3063 4005 et
3086 3954 3252 4023 gratia
3278 3966 3446 4024 regnet

1861 4056 1949 4111 per
1964 4040 2217 4111 justitiam
2246 4040 2298 4093 in
2318 4040 2417 4092 vita
2442 4050 2629 4093 aeterna
2655 4057 2744 4109 per
2768 4040 2947 4094 Jesum
2971 4043 3229 4096 Christum
3262 4044 3444 4098 Domi-

1861 4148 1985 4185 num
2024 4143 2271 4185 nostrum.
2317 4130 2474 4185 Modo
2506 4146 2626 4185 cum
2664 4131 2904 4196 dixisset,
2933 4143 2987 4186 ut
3025 4137 3444 4206 quemadmodum

1860 4225 2088 4296 regnavit
2114 4233 2374 4297 peccatum
2399 4225 2451 4277 in
2481 4232 2671 4290 morte;
2699 4240 2803 4277 non
2832 4225 2927 4291 ait,
2958 4226 3058 4280 Per
3088 4243 3249 4282 unum
3269 4229 3443 4285 homi-

1860 4331 2007 4378 nem.
2039 4323 2131 4368 aut
2158 4331 2251 4382 per
2280 4315 2506 4385 primum
2528 4314 2816 4380 hominem,
2846 4324 2942 4371 aut
2970 4333 3063 4386 per
3077 4319 3245 4375 Adam
3272 4337 3286 4374 :
3319 4324 3442 4392 quia

1856 4410 1965 4480 jam
1993 4407 2222 4473 dixerat,
2250 4406 2363 4462 Leo:
2408 4407 2726 4474 subintravit,
2768 4417 2821 4462 ut
2864 4409 3139 4465 abundaret
3170 4396 3446 4481 delictum;

1861 4515 1980 4572 qua:
2001 4499 2320 4554 abundantia
2346 4498 2523 4554 delicti
2550 4513 2654 4553 non
2682 4500 2915 4570 pertinet
2941 4503 3008 4557 ad
3037 4505 3190 4574 primi
3210 4506 3442 4563 hominis

1862 4592 2227 4663 propaginem,
2260 4590 2353 4646 sed
2380 4590 2447 4646 ad
2474 4593 2893 4648 conversationis
2920 4594 3164 4649 humanm
3192 4600 3443 4665 praevari-

1861 4683 2146 4746 cationem,
2177 4697 2295 4752 quae
2336 4681 2409 4736 illi
2452 4682 2540 4736 uni
2569 4681 2765 4738 delicto
2807 4701 2909 4754 quo
2939 4686 3055 4739 solo
3094 4686 3332 4741 obstriCti
3363 4696 3444 4743 te-

1863 4786 2058 4831 nentur
2087 4771 2335 4837 infantes,
2360 4772 2471 4841 jam
2498 4774 2549 4827 in
2580 4774 2871 4843 majoribus
2898 4776 3145 4829 mtatibns
3175 4791 3237 4829 ex
3268 4776 3442 4833 abun-

1862 4865 2039 4922 dantia
2065 4862 2356 4934 iniquitatis
2370 4863 2575 4933 adjecta
2599 4875 2701 4921 est.
2726 4865 2830 4921 Sed
2858 4866 3103 4937 quoniam
3129 4866 3229 4922 hoc
3252 4877 3443 4938 totum,

1862 4957 2019 5013 etiam
2046 4954 2188 5026 quod
2215 4969 2320 5009 non
2358 4956 2591 5025 pertinet
2617 4956 2683 5009 ad
2713 4957 2852 5010 illius
2881 4957 3037 5011 unius
3065 4958 3245 5014 delicti
3275 4962 3441 5034 origi-

1861 5064 2007 5115 nem,
2040 5056 2215 5102 tamen
2238 5045 2425 5102 idonea
2454 5055 2536 5103 est
2562 5048 2770 5103 solvere
2792 5048 2957 5117 gratia
2979 5048 3300 5118 Salvatoris;
3325 5053 3445 5110 ideo

1862 5154 1985 5195 cum
2012 5137 2255 5203 dixisset,
2295 5137 2367 5190 sic
2395 5146 2441 5191 et
2481 5137 2647 5209 gratia
2681 5146 2853 5208 regnet
2880 5153 2969 5205 per
2987 5138 3239 5209 justitiam
3265 5143 3317 5196 in
3344 5145 3445 5197 vita

1863 5241 2078 5298 (eterna,
2106 5228 2365 5303 addidit,
2407 5245 2495 5301 per
2532 5228 2709 5283 Jesum
2746 5227 3002 5285 Christum
3044 5230 3318 5289 Dominum
3348 5251 3443 5288 no-

1865 5336 2044 5379 strum.

1938 5417 2025 5472 l8.
2069 5415 2279 5472 Nullius
2323 5415 2504 5484 itaque
2550 5418 3045 5486 argumentationes
3094 5426 3278 5472 contra
3332 5419 3445 5474 haee

1866 5510 2153 5582 apostolica
2181 5507 2342 5563 verba
2372 5505 2591 5577 prolata:
2620 5506 2909 5578 impediant
2939 5508 3184 5579 parvulos
3211 5510 3278 5563 ad
3303 5511 3446 5566 salu-

1868 5612 2007 5671 tem,
2036 5617 2154 5673 qua:
2182 5608 2264 5656 est
2291 5599 2342 5654 in
2381 5596 2595 5655 Christo
2631 5598 2759 5655 Jesu
2788 5600 3012 5655 Domino
3038 5610 3221 5655 nostro
3256 5619 3268 5654 :
3300 5610 3448 5658 tanto

1867 5694 2034 5765 magis
2055 5695 2195 5749 enim
2227 5706 2319 5763 pro
2340 5692 2418 5747 eis
2443 5692 2586 5762 loqui
2606 5691 2883 5759 debemus,
2913 5701 3109 5763 quanto
3138 5692 3239 5764 ipsi
3268 5708 3365 5763 pro
3390 5710 3449 5749 se

1870 5788 2009 5858 loqui
2035 5801 2140 5841 non
2171 5794 2410 5857 possunt.
2444 5783 2545 5838 Per
2574 5801 2729 5838 unum
2754 5786 3007 5840 hominem
3047 5787 3247 5843 intravit
3275 5804 3448 5859 pecca-

2510 5877 3005 5958 {l’ingl—deux.)
