4004 6378
608 332 723 389 585

609 455 720 507 tum
738 444 793 501 in
808 440 1072 503 mundum,
1101 447 1145 491 et
1170 450 1258 505 per
1280 438 1536 503 peccatum
1559 439 1724 488 mors;
1753 431 1799 477 et
1826 421 1899 476 ita
1936 421 1990 477 in
2022 434 2193 473 omnes

606 534 841 594 luminas
882 527 1190 601 pertransiit,
1221 526 1273 577 in
1319 536 1418 591 quo
1458 532 1628 572 omnes
1655 520 2010 587 peccaverunt.
2049 508 2196 564 Sicut

616 627 686 683 ab
712 626 803 681 illo
832 638 936 679 uno
980 620 1217 682 homine,
1263 616 1340 669 sic
1376 611 1443 666 ab
1481 609 1670 664 eodem
1709 614 1926 679 peccato
1967 602 2194 658 infantes

616 719 881 775 immunes
920 728 1041 771 esse
1078 725 1181 764 non
1222 711 1465 777 possunt,
1516 701 1616 756 nisi
1657 700 1726 755 ab
1763 698 1879 769 ejus
1926 704 2077 751 reatu
2101 708 2195 764 per

616 808 813 866 Christi
832 804 1156 872 Baptismum
1181 795 1536 852 resolvantur.
1571 789 1740 861 Usque
1766 789 1899 844 enim
1940 787 2008 840 ad
2036 790 2196 856 legem

618 906 875 972 peccatum
888 896 941 949 in
965 890 1151 946 mundo
1172 888 1267 960 fuit
1296 902 1314 941 :
1341 901 1445 939 non
1475 883 1597 953 quia
1625 881 1877 948 deinceps
1904 879 1956 932 in
1982 875 2197 931 nemine

616 969 735 1052 iuit,
765 986 865 1040 hoc
895 984 1093 1039 dictum
1120 989 1233 1045 est;
1257 976 1486 1047 sedquia
1513 990 1618 1031 non
1636 979 1947 1041 poteratper
1967 969 2195 1022 litteram

616 1078 745 1148 legis
783 1073 1001 1140 auferri,
1049 1068 1190 1141 quod
1237 1068 1351 1125 solo
1388 1073 1595 1137 poterat
1635 1062 1834 1133 Spiritu
1875 1059 2079 1130 gratiae.
2118 1056 2197 1114 Ne

615 1169 893 1242 quisquam
916 1177 1044 1234 ergo
1072 1160 1243 1218 lidens
1272 1159 1341 1214 de
1363 1157 1587 1223 viribus,
1611 1169 1715 1211 non
1742 1153 1861 1207 dico
1888 1150 2194 1216 voluntatis,

614 1240 709 1316 sed
738 1258 911 1327 potius
927 1251 1172 1310 vanitatis
1201 1266 1330 1317 suze,
1362 1254 1573 1320 putaret
1589 1245 1755 1299 libero
1774 1241 1994 1299 arbitrio
2026 1240 2198 1313 legem

614 1350 851 1422 potuisse
878 1344 1157 1407 sufﬁcere,
1188 1349 1243 1397 et
1268 1339 1468 1395 Christi
1493 1338 1717 1409 gratiam
1742 1333 2047 1398 derideret;
2078 1331 2198 1387 ideo

615 1442 692 1499 ait
709 1441 993 1511 Apostolus
1019 1457 1032 1495 ;
1062 1434 1130 1491 iis
1149 1450 1229 1502 me
1259 1432 1391 1487 enim
1415 1430 1482 1487 ad
1513 1428 1670 1501 legem
1700 1435 1957 1498 peccatum
1984 1424 2036 1479 in
2060 1441 2201 1479 mun-

617 1534 684 1588 do
713 1530 843 1603 fuit;
866 1536 1128 1600 peccatum
1145 1532 1313 1580 autem
1332 1538 1432 1578 non
1463 1519 1800 1591 deputabatur
1820 1520 1835 1549 ¹
1854 1534 1969 1572 cum
1989 1517 2069 1571 lea:
2097 1532 2200 1575 non

616 1632 762 1681 esset.
786 1620 903 1677 Non
924 1618 1076 1684 dixit,
1104 1616 1221 1673 Non
1248 1623 1393 1680 erat;
1420 1612 1537 1683 sed,
1560 1628 1661 1673 non
1679 1609 2013 1681 deputabatur
2040 1623 2057 1665 ε
2078 1606 2198 1678 quia

619 1717 707 1773 lex
726 1729 833 1770 non
852 1719 989 1780 erat,
1017 1726 1118 1781 qua
1146 1718 1401 1779 arguente
1446 1704 1926 1767 demonstraretur,
1974 1700 2086 1755 sive
2115 1698 2197 1755 lex

619 1808 841 1865 rationis
865 1804 917 1860 in
947 1802 1192 1875 parvulo,
1224 1802 1337 1856 sive
1367 1799 1452 1857 lex
1483 1796 1755 1859 litterazin
1784 1794 1995 1865 populo.

691 1900 780 1957 i9.
814 1895 921 1954 Sed
947 1894 1191 1966 regnavit,
1246 1891 1438 1961 inquit,
1481 1905 1616 1944 mors
1647 1887 1707 1941 ab
1744 1888 1907 1941 Adam
1943 1900 2100 1955 usque
2134 1884 2203 1937 ad

620 1993 868 2064 Moysen;
888 1987 1010 2058 quia
1038 2000 1135 2040 nec
1162 1984 1246 2039 lex
1276 1982 1398 2039 data
1421 1996 1515 2051 per
1533 1978 1751 2051 Moysen
1782 1976 1951 2047 potuit
1980 1988 2202 2045 regnum

619 2085 807 2143 mortis
851 2081 1081 2146 auferre,
1122 2075 1265 2147 quod
1310 2074 1423 2129 sola
1462 2072 1655 2126 Christi
1686 2069 1903 2127 abstulit
1925 2066 2112 2138 gratia.
2146 2066 2204 2120 In

619 2192 752 2249 quos
776 2182 952 2229 autem
980 2168 1278 2239 regnaverit
1306 2164 1425 2219 vide
1451 2181 1463 2217 :
1497 2171 1542 2217 et
1566 2163 1619 2215 in
1641 2177 1744 2225 eos,
1767 2158 1956 2230 inquit,
1987 2158 2073 2229 qui
2103 2173 2203 2211 non

570 2256 572 2259 V
620 2248 945 2339 peccaverunt
964 2262 1017 2315 in
1041 2257 1370 2314 similitudine
1384 2251 1810 2327 praevaricationis
1826 2249 1968 2302 Adae.
2000 2248 2206 2317 Regna-

619 2360 695 2415 vit
721 2370 848 2425 ergo
877 2362 931 2408 et
970 2353 1023 2406 in
1052 2364 1144 2405 eos
1173 2346 1265 2418 qui
1304 2360 1411 2401 non
1445 2349 1818 2414 peccaverunt.
1853 2339 1957 2394 Sed
1986 2353 2079 2392 cur
2116 2352 2204 2392 re-

620 2447 878 2521 gnaverit,
909 2440 1141 2500 ostendit
1159 2453 1279 2494 cum
1309 2436 1384 2491 ait
1415 2453 1427 2490 :
1458 2434 1523 2491 In
1550 2431 1877 2491 similitudine
1906 2429 2208 2505 praevarica-

623 2542 772 2596 tionis
796 2538 939 2593 Ade.
979 2536 1082 2591 Iste
1130 2541 1213 2589 est
1252 2531 1397 2589 enim
1444 2528 1633 2584 melior
1678 2526 1977 2581 intellectus
2018 2524 2206 2579 horum

620 2634 929 2695 verborum,
962 2634 1018 2681 ut
1038 2641 1159 2680 cum
1187 2623 1441 2685 dixisset,
1472 2617 1699 2692 regnavit
1732 2633 1866 2670 mors
1906 2616 1958 2669 in
1995 2631 2077 2669 eos
2122 2613 2209 2684 qui

621 2740 725 2779 non
755 2726 1116 2793 peccaverunt;
1147 2713 1296 2793 quasi
1325 2727 1422 2767 nos
1450 2717 1695 2766 moneret
1720 2722 1882 2779 quare
1913 2706 1965 2761 in
1994 2721 2088 2761 eos
2118 2720 2207 2761 re-

625 2813 864 2891 gnaverit
888 2809 977 2880 qui
1003 2823 1109 2863 non
1136 2810 1506 2877 peccaverunt,
1528 2800 1769 2866 adderet,
1804 2800 1855 2851 in
1878 2797 2211 2853 similitudine

627 2889 1053 2979 prtevaricationis
1102 2897 1263 2963 Adae;
1305 2896 1356 2952 id
1384 2903 1498 2961 est,
1540 2892 1663 2965 quia
1707 2891 1877 2946 inerat
1924 2905 2108 2944 eorum
2157 2889 2207 2944 in

628 2995 882 3054 membris
927 2988 1217 3046 similitudo
1256 2983 1708 3058 praevaricationis
1752 2982 1899 3037 Adae.
1944 2981 2123 3036 Potest
2157 2989 2212 3035 et

626 3090 705 3147 sic
733 3086 973 3155 intelligi,
1005 3081 1229 3154 regnavit
1251 3094 1383 3133 mors
1413 3078 1474 3130 ab
1503 3075 1669 3129 Adam
1699 3090 1857 3144 usque
1886 3074 1951 3126 ad
1978 3072 2209 3143 Moysen,

629 3192 675 3237 et
704 3182 756 3235 in
802 3196 882 3232 eos
912 3177 997 3247 qui
1025 3192 1122 3228 non
1162 3174 1212 3227 in
1259 3170 1587 3227 similitudine
1623 3168 2051 3240 prwvaricationis
2092 3164 2213 3219 Adae

634 3277 962 3343 peccaverunt
994 3282 1011 3320 :
1040 3266 1159 3335 quia
1191 3263 1243 3317 in
1269 3262 1566 3331 semetipsis
1594 3276 1714 3314 cum
1732 3259 1842 3329 jam
1873 3259 1980 3312 nati
2010 3266 2211 3322 essent,

631 3378 732 3420 nec
760 3361 963 3415 ratione
990 3356 1163 3411 adhuc
1190 3361 1481 3417 uterentur,
1502 3350 1708 3421 quaille
1738 3350 1981 3404 utebatur
2003 3348 2214 3419 quando

634 3450 895 3526 peccavit,
919 3462 1017 3502 nec
1043 3452 1364 3516 praeceptum
1392 3441 1722 3510 accepissent
1750 3438 1889 3508 quod
1927 3440 2012 3493 ille
2044 3448 2216 3497 trans-

632 3557 843 3618 gressus
872 3548 975 3606 est,
1008 3535 1101 3592 sed
1145 3535 1259 3589 solo
1305 3532 1547 3603 originali
1593 3530 1721 3584 vitio
1766 3538 2073 3583 tenerentur
2117 3528 2211 3584 ob-

633 3633 826 3697 stricti,
858 3646 950 3701 per
975 3627 1115 3699 quod
1142 3641 1236 3682 eos
1262 3639 1481 3694 regnum
1512 3622 1698 3677 mortis
1733 3620 1966 3676 traheret
1992 3620 2056 3674 ad
2083 3635 2214 3675 con-

634 3704 1050 3781 demnationcm.
1077 3716 1228 3784 Quod
1246 3731 1466 3786 regnum
1492 3715 1676 3768 mortis
1702 3713 1751 3766 in
1775 3712 1853 3767 eis
1880 3721 2079 3765 tantum
2109 3726 2215 3765 non

635 3822 737 3879 est,
768 3812 856 3883 qui
894 3810 1091 3865 Christi
1117 3808 1283 3878 gratia
1311 3807 1500 3869 renati,
1532 3804 1597 3858 ad
1632 3803 1745 3876 ejus
1781 3819 2002 3873 regnum
2046 3804 2215 3873 perti-

635 3914 797 3969 nent;
830 3901 1078 3974 quoniam
1122 3898 1264 3952 mors
1292 3888 1630 3967 temporalis,
1658 3894 1899 3965 quamvis
1930 3902 1981 3947 et
2009 3894 2120 3965 ipsa
2148 3894 2216 3950 de

634 3994 879 4068 originali
900 3993 1091 4047 delicto
1122 3998 1402 4061 propagata
1433 3991 1523 4055 sit,
1555 4003 1745 4057 corpus
1768 3987 1818 4041 in
1843 3988 1919 4041 eis
1938 3986 2212 4054 interimit,

634 4090 867 4145 animam
893 4100 1021 4141 vero
1052 4083 1115 4137 ad
1165 4097 1373 4154 [tamam
1421 4096 1529 4134 non
1572 4078 1748 4141 trahit,
1796 4078 1882 4132 ubi
1922 4079 2086 4132 voluit
2127 4093 2213 4143 re-

638 4196 797 4254 gnum
826 4177 1010 4232 mortis
1039 4173 1257 4245 intelligi
1291 4192 1303 4228 :
1334 4182 1389 4227 ut
1414 4173 1586 4226 anima
1616 4180 1795 4225 renata
1814 4172 1833 4201 ²
1852 4187 1945 4241 per
1969 4170 2213 4240 gratiam,

631 4273 741 4343 jam
770 4285 875 4324 non
897 4268 1151 4322 moriatur
1180 4266 1228 4320 in
1251 4266 1571 4337 gehennam,
1605 4263 1657 4318 id
1685 4274 1765 4318 est
1797 4280 1826 4317 a
1865 4264 1966 4317 vita
1991 4263 2081 4318 Dei
2109 4279 2214 4316 non

637 4365 918 4429 alienatur,
948 4377 1051 4414 non
1082 4368 1386 4429 separetur;
1420 4356 1722 4426 temporalis
1744 4364 1918 4411 autem
1948 4370 2091 4409 mors
2106 4370 2216 4409 cor-

643 4456 807 4530 poris,
839 4452 1000 4509 etiam
1039 4451 1089 4504 in
1113 4451 1176 4504 iis
1202 4451 1289 4519 qui
1320 4449 1515 4503 Christi
1546 4457 1715 4502 morte
1744 4446 2097 4513 redimuntur,
2126 4462 2212 4503 re-

637 4547 905 4617 linquatur
936 4541 1148 4597 interim
1174 4540 1239 4594 ad
1271 4540 1704 4594 exercitationem
1736 4537 1874 4603 lidei,
1909 4548 1962 4593 et
1991 4554 2213 4608 agonem

638 4638 918 4709 praesentis
944 4634 1247 4690 luctationis
1265 4674 1278 4700 ,
1301 4632 1351 4685 in
1372 4646 1476 4700 quo
1498 4640 1550 4685 et
1572 4642 1831 4697 martyres
1848 4640 2212 4698 certaverunt;

639 4735 946 4789 absumatnr
974 4742 1100 4781 vero
1129 4734 1180 4781 et
1207 4724 1317 4795 ipsa
1347 4725 1399 4777 in
1419 4722 1756 4777 renovatione
1777 4722 2034 4793 corporis,
2058 4738 2215 4793 quam

642 4821 958 4879 resurrectio
985 4818 1280 4891 pollicetur.
1312 4814 1389 4870 lbi
1425 4814 1566 4869 enim
1614 4815 1823 4884 penitus
1850 4814 2217 4871 absorbebitur

641 4929 789 4968 mors
815 4913 867 4967 in
908 4910 1181 4966 victoriam
1214 4904 1255 4981 (l
1292 4904 1410 4961 Cor.
1444 4921 1532 4971 xv,
1561 4904 1675 4975 54),
1720 4905 1804 4959 cui
1848 4904 2005 4960 modo
2048 4906 2215 4976 gratia

642 5005 839 5061 Christi
868 5004 1053 5061 adimit
1075 5016 1315 5074 regnum,
1348 5016 1414 5055 ne
1454 5014 1670 5056 suorum
1701 5000 1904 5053 animas
1934 4999 1997 5054 ad
2033 5015 2216 5069 poenas

644 5098 824 5155 tartari
855 5096 1045 5152 trahat.
1076 5094 1325 5149 Nonnulli
1363 5107 1491 5147 sane
1528 5090 1737 5146 codices
1778 5107 1882 5146 non
1915 5090 2131 5159 habent,
2164 5093 2220 5150 in

641 5210 727 5252 eos
759 5190 843 5263 qui
872 5206 973 5243 non
998 5195 1353 5259 peccaverunt;
1381 5183 1503 5249 sed,
1532 5183 1582 5236 in
1626 5199 1709 5238 eos
1738 5184 1822 5254 qui
1870 5194 2214 5253 peccaverunt,

638 5290 693 5343 in
714 5282 1042 5341 similitudine
1068 5277 1495 5351 prrevaricationis
1540 5275 1661 5329 Ada:
1711 5291 1728 5328 :
1772 5275 1961 5344 quibus
2002 5275 2216 5346 quidem

639 5378 820 5436 verbis
842 5374 988 5429 nullo
1036 5370 1195 5427 modo
1238 5372 1339 5424 iste
1374 5382 1563 5423 sensus
1610 5366 1868 5421 aufertur.
1913 5366 2216 5423 Secundum

640 5471 744 5527 hoc
769 5468 964 5541 quippe
990 5462 1354 5532 intelliguntur
1380 5474 1630 5533 peccasse
1656 5459 1709 5511 in
1731 5456 2056 5512 similitudine
2084 5476 2216 5530 prae-

701 5588 717 5618 ι
736 5591 867 5645 t.ov.,
882 5578 1221 5645 pugnabatur.
1236 5571 1422 5645 At‘Bad.
1439 5581 1539 5627 Am.
1564 5577 1641 5620 Er.
1669 5577 1719 5621 et
1740 5568 1965 5645 plerique
1982 5566 2219 5645 magna?

700 5628 991 5702 diuitiis
1018 5628 1393 5702 iest,peccatur_n
1411 5646 1513 5687 esse
1544 5646 1635 5691 non
1674 5628 1949 5697 puiabatur,
1994 5628 2147 5695 inquit
2168 5636 2217 5683 in

700 5661 910 5702 tueatur,
939 5661 984 5690 tu
1032 5661 1416 5702 L'St,pcccusumt

636 5661 727 5758 iiii.
755 5706 775 5758 1
808 5706 869 5753 de
895 5715 1027 5765 pecc.
1052 5701 1231 5758 Merit.,
1258 5710 1302 5747 c.
1339 5696 1416 5747 l0.

705 5764 725 5802 ε’
760 5768 865 5818 ιω.
884 5760 1032 5827 prope
1048 5772 1235 5822 omnes,
1262 5760 1500 5811 renovata.

1843 309 1898 369 S.
1940 301 2307 364 AUGUSTINI
2347 298 2669 357 EPISCOPL

2300 413 2621 471 nuncetiam:
2643 411 2788 477 Adae,
2820 411 3115 491 secundum
3154 412 3297 485 quod
3333 429 3499 485 supra
3535 415 3712 481 dicunt!
3732 396 3819 493 est,

2298 505 2353 559 in
2378 521 2476 575 quo
2513 520 2685 558 omnes
2734 510 3079 570 peccaverunt.
3115 502 3222 563 Sed
3262 509 3430 563 tamen
3456 502 3602 579 graeci
3625 504 3821 578 codices,

2299 596 2441 657 unde
2475 597 2527 655 in
2564 593 2786 651 latinum
2820 592 3089 666 Scriptura
3132 593 3384 656 translata
3410 588 3518 663 est,
3535 590 3651 652 illud
3678 600 3823 670 plures

2299 686 2501 744 habent
2523 685 2661 757 quod
2689 685 2940 741 diximus.
3544 680 3545 683 “

2370 776 2458 833 20.
2489 774 2641 843 Quod
2665 791 2793 831 vero
2818 774 3056 846 adjunxit
3085 775 3149 830 de
3173 762 3362 844 Adam,
3384 777 3467 842 qui
3495 786 3562 832 est
3584 781 3730 848 [arma
3755 783 3823 850 [a-

2299 868 2421 937 turi,
2443 883 2617 938 neque
2640 868 2743 923 hoc
2770 883 2875 924 uno
2895 867 3201 940 intelligitur
3222 854 3398 929 modo.
3420 870 3521 929 Aut
3538 862 3667 926 enim
3686 869 3825 931 forma

2301 958 2495 1017 Christi
2516 975 2545 1013 a
2570 958 2839 1017 contrario
2860 967 2963 1028 est,
2995 969 3052 1013 ut
3079 948 3521 1030 quemadmodum
3548 961 3594 1016 in
3632 961 3709 1017 illo
3732 979 3825 1019 om-

2301 1065 2395 1113 nes
2414 1050 2731 1116 moriuntur,
2759 1050 2837 1105 sic
2862 1049 2983 1104 etin
3001 1047 3213 1105 Christo
3237 1065 3423 1111 omnes
3439 1050 3764 1123 viviﬁcentur;
3787 1066 3829 1111 et

2301 1144 2566 1216 quomodo
2591 1158 2686 1213 per
2711 1142 2876 1215 ipsius
2909 1142 3316 1201 inobedientiam
3361 1154 3653 1213 peccatores
3669 1152 3831 1207 consti~

2302 1238 2400 1293 tuti
2428 1244 2554 1292 sunt
2576 1234 2749 1302 multi,
2790 1234 2867 1289 sic
2898 1250 2991 1305 per
3017 1233 3215 1290 Christi
3239 1233 3713 1305 obedientiam‘justi
3730 1253 3833 1293 con-

2301 1328 2592 1385 stituantur
2613 1301 2763 1381 multi
2791 1344 2804 1381 :
2837 1301 2928 1381 aut
2959 1324 3186 1381 formam
3211 1322 3373 1381 futuri
3408 1340 3527 1380 eum
3550 1301 3690 1394 dixit,
3721 1329 3832 1400 quod

2303 1419 2419 1490 ipse
2441 1417 2689 1473 inﬂixerit
2707 1418 2928 1473 formam
2958 1418 3145 1473 mortis
3176 1417 3405 1488 posteris
3428 1417 3553 1471 suis.
3582 1417 3665 1472 ille
3691 1428 3832 1475 tanien

2303 1518 2386 1565 est
2409 1509 2601 1564 melior
2628 1507 2947 1575 intellectus,
2978 1516 3033 1562 ut
3065 1522 3094 1561 a
3120 1507 3389 1564 contrario
3419 1505 3585 1562 forma
3608 1521 3713 1563 esse
3737 1524 3832 1578 ere-

2303 1607 2479 1675 datur,
2506 1622 2662 1677 quam
2689 1604 2916 1663 multum
2944 1603 3283 1660 commendat
3303 1604 3605 1674 Apostolus.
3645 1604 3835 1677 Denique

2306 1714 2374 1754 ne
2403 1698 2619 1753 omnino
2658 1711 2722 1751 ex
2762 1711 2915 1765 teque
2960 1695 3014 1753 in
3053 1693 3154 1751 hac
3196 1693 3373 1752 forma
3411 1692 3590 1751 eadem
3616 1695 3835 1749 contraria

2306 1796 2677 1861 pensarentur,
2700 1786 2940 1859 adjungit
2963 1795 3017 1841 et
3045 1785 3193 1852 dicit,
3221 1784 3326 1843 Sed
3352 1801 3453 1839 non
3475 1785 3596 1839 sicut
3622 1783 3835 1853 delictum,

2305 1881 2378 1937 ita
2402 1889 2446 1934 et
2470 1879 2675 1934 donatio
2704 1878 2791 1933 :si
2827 1878 2959 1933 enim
2989 1876 3051 1932 ob
3079 1877 3228 1933 unius
3258 1876 3499 1930 delictum
3531 1875 3667 1931 multi
3692 1878 3839 1930 mortui

2306 1980 2443 2035 sunt,
2476 1969 2633 2024 multo
2663 1969 2824 2040 magis
2852 1968 3015 2040 gratia
3036 1960 3131 2021 Dei
3168 1976 3213 2019 et
3248 1965 3437 2019 donum
3466 1963 3518 2019 in
3553 1964 3703 2043 gratia
3724 1965 3839 2018 unius

2308 2060 2525 2116 hominis
2542 2058 2666 2113 .Iesu
2693 2058 2878 2113 Christi
2903 2058 2955 2112 in
2982 2059 3164 2110 multos
3192 2054 3470 2109 abundabit
3500 2072 3517 2108 ι
3542 2064 3595 2111 ut
3624 2055 3839 2126 intelliga-

2308 2162 2413 2223 tur,
2438 2154 2614 2207 nonin
2646 2151 2813 2221 magis
2834 2149 3049 2217 multos,
3073 2164 3191 2203 cum
3216 2147 3385 2219 iniqui
3416 2148 3580 2219 magis
3606 2148 3737 2205 multi
3763 2148 3842 2201 sint

2307 2245 2398 2317 qui
2423 2244 2844 2311 damnabuntur;
2888 2240 2982 2297 sed
3026 2240 3192 2310 magis
3220 2237 3540 2306 abundabit,
3570 2238 3697 2309 quod
3721 2239 3764 2293 in
3794 2237 3841 2292 iis

2310 2336 2399 2411 qui
2417 2350 2511 2405 per
2526 2331 2795 2391 Christum
2812 2332 3164 2395 redimuntur,
3188 2329 3553 2401 temporaliter
3573 2329 3699 2387 valet
3712 2328 3841 2386 forma

2309 2427 2496 2487 mortis
2524 2442 2588 2481 ex
2613 2425 2803 2491 Adam,
2830 2426 2884 2479 in
2917 2434 3172 2485 :eternum
3210 2431 3391 2477 autem
3421 2422 3611 2479 valebit
3632 2422 3738 2477 vita:
3760 2422 3841 2477 ior-

2311 2533 2397 2575 ma
2422 2535 2518 2590 per
2546 2517 2832 2574 Christum.
2870 2514 3124 2585 Quamvis
3143 2530 3286 2585 ergo,
3319 2514 3515 2586 inquit,
3537 2514 3691 2568 Adam
3717 2511 3842 2569 futuri

2312 2608 2482 2665 forma
2511 2609 2630 2664 sita
2652 2608 2937 2672 contrario,
2974 2607 3091 2677 plus
3122 2614 3298 2661 tamen
3323 2602 3762 2675 praestatChrlstus
3780 2618 3842 2657 re-

2313 2700 2601 2777 generatis,
2622 2714 2778 2768 quam
2804 2698 2882 2753 eis
2898 2705 3149 2751 nocuerat
3173 2694 3263 2751 ille
3278 2693 3568 2767 generalis.
3591 2692 3651 2759 Et
3672 2694 3841 2773 nautic-

2314 2803 2367 2842 ut
2392 2806 2479 2859 per
2509 2806 2664 2843 unum
2698 2798 2957 2861 percolunt
2987 2788 3026 2855 ¹,
3055 2786 3125 2840 ita
3156 2796 3202 2840 et
3228 2787 3424 2841 donum
3456 2803 3471 2839 :
3510 2798 3627 2840 nam
3644 2786 3844 2857 judicium

2314 2881 2511 2952 quidem
2558 2897 2620 2935 ea:
2675 2896 2776 2933 uno
2816 2880 2871 2932 in
2909 2877 3412 2945 condemnationem,
3442 2876 3603 2949 gratia
3637 2884 3775 2929 autem
3801 2890 3843 2927 α

2316 2972 2489 3028 multis
2528 2966 2729 3026 delictis
2772 2972 2825 3025 in
2848 2970 3287 3041 justiﬁcationem.
3320 2968 3439 3024 Non
3470 2970 3633 3031 solum
3677 2968 3723 3031 in
3755 2966 3844 3032 hoc,

2318 3066 2509 3138 inquit,
2541 3081 2643 3120 non
2671 3064 2888 3135 wqualis
2912 3072 2996 3119 est
3032 3062 3222 3130 forma,
3255 3065 3382 3134 quia
3425 3063 3515 3123 ille
3542 3059 3844 3132 temporaliter

2318 3160 2499 3216 nocuit
2520 3158 2597 3213 eis
2622 3172 2755 3229 quos
2783 3157 2837 3211 in
2866 3166 3121 3213 aeternum
3160 3155 3410 3212 Christus
3433 3155 3676 3220 redemit;
3697 3168 3839 3209 verum

2318 3252 2476 3307 etiam
2500 3251 2621 3321 quia
2644 3251 2783 3305 illius
2806 3264 2912 3305 uno
2940 3248 3136 3303 delicto
3158 3250 3381 3318 posteri,
3411 3250 3510 3307 nisi
3533 3264 3560 3303 a
3581 3247 3762 3307 Christo
3783 3258 3846 3301 re-

2318 3341 2604 3409 dimantur,
2638 3340 2914 3395 traduntur
2937 3340 2989 3395 in
3012 3338 3551 3395 condemnationem:
3581 3337 3752 3401 Christi
3769 3350 3843 3389 sn-

2319 3442 2426 3490 tem
2456 3433 2749 3500 redemptio
2770 3432 2927 3485 etiam
2961 3430 3119 3484 multa
3152 3429 3346 3487 delicta
3384 3428 3636 3494 dissolvit,
3664 3440 3761 3498 quis
3789 3424 3843 3479 illi

2280 3526 2411 3591 iuni
2460 3523 2776 3579 abundantia
2827 3521 3270 3595 praevaricatricis
3321 3522 3616 3594 iniquitatis
3654 3516 3840 3590 adjecit;

2321 3617 2460 3673 unde
2486 3617 2595 3688 jam
2626 3617 2871 3687 superius
2891 3615 3291 3684 disputavimus.

2390 3709 2479 3765 21.
2518 3696 2712 3764 Contra
2741 3710 2856 3765 haec
2896 3707 3134 3778 Apostoli
3175 3707 3336 3763 verba
3385 3721 3665 3778 sanumque
3692 3703 3844 3760 intelle-

2320 3812 2463 3861 ctum
2502 3801 2700 3857 nemini
2730 3800 3056 3870 acquiescas,
3095 3800 3138 3854 si
3168 3801 3248 3853 vis
3269 3800 3486 3856 Christo
3510 3809 3561 3857 et
3596 3800 3647 3857 in
3680 3797 3844 3856 Christo

2320 3897 2523 3953 vivere.
2550 3894 2682 3950 Nam
2723 3892 2786 3958 si,
2815 3890 3260 3965 quemadmodum
3290 3893 3368 3948 illi
3395 3893 3587 3956 dicunt,
3620 3900 3842 3964 propterea

2321 3986 2423 4042 ista
2464 3993 2937 4041 commemorasset
2967 3985 3269 4054 Apostolus,
3300 3993 3364 4040 ut
3394 3984 3771 4055 intelligetemus
3792 3978 3841 4033 ad

2322 4079 2550 4149 primum
2569 4077 2836 4132 hominem
2865 4088 3168 4146 peccatores
3191 4076 3307 4131 ideo
3340 4077 3622 4151 pertinere,
3646 4075 3746 4146 quia
3765 4087 3843 4129 non

2320 4169 2569 4225 delictum
2596 4184 2661 4223 ex
2688 4167 2779 4224 illo
2809 4166 3075 4221 nascendo
3106 4164 3387 4234 traximus,
3416 4167 3508 4222 sed
3535 4182 3646 4221 eum
3672 4163 3840 4219 imitan-

2320 4259 2389 4315 do
2416 4272 2727 4329 peccamus;
2756 4256 3025 4311 diabolum
3053 4256 3228 4326 potius
3254 4268 3501 4327 poneret,
3524 4257 3607 4329 qui
3626 4252 3842 4329 etprimus

2320 4327 2577 4425 peccavit,
2623 4360 2675 4404 et
2716 4348 2783 4407 de
2818 4364 2924 4418 quo
2969 4347 3167 4409 nullam
3206 4349 3516 4403 substantiae
3544 4327 3838 4423 propaginem

2322 4444 2474 4498 traxit
2505 4458 2671 4513 genus
2709 4441 3018 4506 humanum,
3048 4439 3143 4496 sed
3185 4456 3305 4496 eum
3336 4443 3451 4497 sola
3488 4442 3751 4497 imitatione
3776 4436 3838 4490 sc-

2320 4544 2496 4590 cutum
2520 4545 2603 4589 est
2626 4551 2638 4588 :
2664 4532 2802 4588 unde
2821 4532 3013 4587 dicitur
3042 4543 3189 4603 pater
3218 4533 3521 4603 impiorum,
3550 4534 3671 4588 sicut
3698 4536 3837 4587 noster

2320 4626 2511 4681 dicitur
2532 4630 2680 4693 pater
2696 4622 2962 4678 Abraham
3001 4632 3214 4693 propter
3234 4623 3580 4679 imitationem
3606 4621 3731 4687 tldei,
3756 4635 3833 4675 non

2322 4725 2538 4786 pr0pter
2563 4714 2820 4785 originem
2846 4714 3020 4768 carnis
3050 4712 3222 4786 (Joan.
3258 4730 3372 4782 vni,
3403 4714 3653 4787 58).Nam
3677 4712 3772 4768 ideo
3786 4706 3835 4763 de

2324 4809 2435 4881 ipso
2476 4807 2685 4863 diabolo
2717 4806 2916 4861 dictum
2956 4814 3036 4860 est
3064 4824 3077 4860 :
3106 4805 3383 4860 Imitantur
3423 4817 3584 4865 autem
3618 4804 3742 4860 illum
3772 4801 3835 4871 qui

2320 4911 2435 4957 sunt
2477 4916 2539 4955 ea:
2574 4908 2717 4971 parte
2761 4898 2919 4970 ipsius
2947 4895 3103 4967 (Sap.
3132 4912 3189 4962 ιι,
3216 4894 3327 4968 25).
3368 4896 3565 4952 Deinde
3592 4897 3631 4951 si
3666 4896 3834 4967 propter

2322 4992 2666 5048 imitationem
2692 4989 2794 5044 hoc
2834 4987 2952 5043 loco
2980 4980 3266 5058 Apestolus
3309 4994 3726 5044 commemoraret
3744 4982 3832 5053 pri-

2322 5098 2465 5143 mum
2494 5081 2780 5148 hominem,
2817 5079 2941 5149 quia
2971 5079 3174 5150 primus
3221 5091 3468 5150 peccator
3502 5081 3551 5134 in
3587 5072 3833 5138 hominibus

2322 5173 2441 5239 fuit,
2468 5181 2525 5226 ut
2555 5171 2675 5226 ideo
2697 5170 2763 5226 ad
2787 5170 2932 5225 illum
2967 5184 3155 5225 omnes
3190 5169 3432 5225 homines
3469 5160 3830 5242 peccator-estli-

2322 5272 2466 5322 ceret
2481 5263 2746 5334 pertinere
2763 5277 2777 5327 ;
2797 5275 2893 5315 cur
2914 5275 3016 5313 non
3040 5269 3278 5315 sanctum
3301 5260 3434 5315 Abel
3458 5261 3641 5330 posuit,
3662 5254 3737 5329 qui
3750 5249 3831 5323 pri-

2322 5372 2439 5415 mus
2476 5356 2528 5412 in
2567 5354 2864 5409 hominibus
2899 5350 3073 5423 justus
3103 5350 3219 5419 fuit,
3259 5350 3323 5405 ad
3351 5366 3508 5425 quem
3536 5348 3655 5422 justi
3684 5353 3831 5407 omnes

2322 5459 2537 5523 propter
2575 5446 2919 5503 imitationem
2946 5443 3163 5516 justitiae
3204 5443 3552 5515 pertinerent?
3578 5437 3670 5496 Sed
3693 5432 3829 5508 possit

2328 5614 2331 5615 ⁷
2387 5634 2403 5665 ι
2417 5611 2525 5679 ead.
2542 5634 2615 5677 Er.
2633 5634 2684 5676 et
2704 5632 2784 5674 Ms.
2809 5624 3027 5685 Cisterc.;
3052 5633 3141 5675 Per
3158 5634 3304 5677 tantm
3321 5616 3725 5685 pacatarum?
3734 5622 3827 5685 87f

2328 5674 3026 5750 cumdileCn—osiamarte‘santos,‘
3048 5687 3118 5738 sic
3148 5674 3292 5737 etiam
3313 5674 3419 5733 hev.
3443 5681 3493 5735 in
3528 5674 3651 5730 tibi!
3670 5674 3725 5725 de
3742 5677 3827 5735 p00-

2322 5761 2469 5808 cator.
2487 5751 2684 5812 Meritis,
2698 5760 2742 5799 c.
2772 5747 2847 5799 12.
