4004 6394
198 333 280 396 σεε
1322 324 1668 386 EPISTOLA]

1782 331 1800 388 ι
1837 297 2111 397 CLASSIS
2146 340 2234 398 ιιι.

196 449 356 510 Adam,
381 449 548 502 contra
573 454 722 512 quem
751 454 858 495 non
905 440 1080 510 posuit
1117 440 1216 496 nisi
1244 441 1544 510 Christum;
1585 446 1704 517 quia

195 544 297 598 sicut
319 538 396 593 ille
424 536 570 590 homo
586 533 774 588 delicto
795 547 892 588 suo
917 532 1120 588 vitiavit
1143 537 1506 604 posteritatem
1533 552 1704 605 suam,

3296 378 3404 439 686

1821 458 1936 506 tens
1963 465 2044 562 est
2062 467 2236 514 autem
2260 462 2621 525 misericordia
2643 469 2850 532 Domini
2879 484 3063 551 nostri,
3087 502 3204 560 quae
3224 496 3399 562 potius

1817 544 2002 655 :qslab
2033 547 2305 655 hac-peste
2349 555 2536 614 liberet
2567 578 2580 615 :
2613 565 2755 633 quod
2797 568 2912 626 sine
2955 544 3122 633 dubii;
3147 544 3400 655 facian-vei

192 633 248 690 sic
274 629 347 684 ille
382 627 506 681 Deus
536 625 690 678 homo
729 622 932 694 justitia
970 639 1064 678 sua
1094 623 1314 678 saivavit
1343 624 1705 683 [nereditatem

189 736 303 778 suam
329 738 338 772 :
364 717 446 772 ille
467 715 768 783 trajiciendo
793 715 968 770 carnis
995 714 1402 784 immunditiam,
1433 718 1572 788 quod
1599 735 1702 774 non

188 823 350 888 poterat
391 811 572 879 impius
597 809 870 874 diabolus;
899 809 989 863 ille
1030 808 1280 863 donando
1323 809 1538 880 Spiritus
1584 826 1696 880 gra-

188 909 297 971 tiam,
319 901 444 974 quod
465 918 564 956 non
589 910 797 972 poterat
819 901 952 957 Abel
978 900 1173 972 justus.

235 996 305 1050 22.
331 991 471 1047 Multa
508 991 574 1046 de
614 992 692 1046 his
718 993 1100 1061 quarstionibus
1124 992 1177 1046 in
1199 992 1316 1047 aliis
1343 995 1539 1050 nostris
1567 1011 1696 1064 opu-

182 1087 302 1142 scnlis
324 1094 370 1141 et
392 1081 753 1139 ecclesiasticis
781 1083 1116 1138 sermonibus
1143 1082 1375 1138 diximus
1405 1103 1418 1138 :
1448 1088 1696 1149 illlOlliam

181 1180 343 1234 luerunt
379 1175 528 1230 etiam
557 1174 695 1243 apud
725 1189 822 1228 nos
850 1175 1085 1245 quidam,
1117 1176 1204 1246 qui
1253 1177 1569 1248 ubicumque
1600 1193 1692 1250 po-

180 1278 307 1325 tcrant
332 1269 443 1336 hcce.
455 1265 532 1320 sui
563 1265 762 1320 erroris
789 1281 923 1320 nova
953 1267 1153 1320 semina
1182 1277 1493 1337 spargerent
1517 1285 1531 1334 ;
1559 1285 1696 1340 quo-

178 1375 260 1415 rum
295 1357 550 1412 nonnullos
581 1372 672 1425 per
702 1357 1049 1411 ministerium
1083 1369 1319 1413 nostrum
1367 1361 1695 1434 fratrumque

177 1460 438 1513 nostrorum,
465 1447 825 1501 misericordia
854 1448 1060 1501 Domini
1086 1450 1153 1503 ab
1183 1450 1265 1502 illa
1291 1460 1438 1519 peste
1465 1455 1689 1508 sanavit.

173 1539 249 1598 Nec
277 1549 428 1594 tamen
455 1539 536 1593 hic
562 1537 749 1594 deesse
774 1539 980 1609 aliquos
1009 1542 1260 1606 arbitror,
1294 1545 1523 1599 maxime
1552 1549 1689 1617 apud

170 1632 476 1702 Carthaginem
507 1649 518 1684 :
547 1630 641 1685 sed
680 1629 789 1699 jam
837 1631 1044 1686 occulte
1088 1636 1391 1696 mussitant,
1442 1635 1690 1694 timentes

169 1723 367 1782 Ecclesia:
394 1723 803 1778 fitildatissintam
835 1724 1011 1778 iidem.
1041 1723 1172 1779 Nam
1211 1742 1346 1781 unus
1380 1745 1563 1784 eorum
1597 1747 1691 1784 no-

168 1815 274 1869 mine
295 1813 553 1879 Ceiestius,
601 1814 656 1868 in
685 1813 922 1882 ejusdem
963 1814 1191 1869 civitatis
1229 1817 1452 1875 ecclesia
1475 1820 1584 1889 jam
1621 1823 1685 1878 ad

165 1905 415 1976 presbyterii
455 1905 709 1959 honorem
736 1907 1022 1974 subrepere
1046 1917 1281 1977 eruperat
1313 1927 1325 1962 :
1354 1910 1446 1964 sed
1489 1912 1686 1968 ﬁdelis-

164 1999 258 2051 sima
283 1999 500 2052 libertate
527 1999 770 2062 fratrutn,
802 2008 1016 2070 propter
1037 1999 1132 2053 has
1150 2001 1288 2069 ipsas
1317 2012 1501 2058 contra
1526 2003 1683 2060 Chri-

162 2088 208 2142 sti
227 2089 413 2158 gratiam
433 2089 815 2158 disputationes
837 2105 1004 2159 usque
1023 2089 1088 2144 ad
1105 2090 1360 2160 judicium
1379 2096 1685 2166 episcopale

161 2180 386 2249 perductus
413 2193 491 2235 est
517 2183 611 2251 (α).
631 2181 832 2234 Tamen
852 2192 1067 2236 coactus
1093 2190 1174 2237 est
1204 2184 1442 2240 conﬁteri
1471 2198 1685 2257 prepter

161 2270 440 2340 baptizandus
467 2272 733 2341 parvulos,
767 2270 907 2341 quod
934 2282 987 2326 et
1015 2272 1143 2341 ipsis
1169 2274 1467 2345 redemptio
1493 2278 1558 2331 sit
1591 2296 1682 2333 ne-

157 2363 348 2418 cessaria.
380 2361 472 2417 Ubi
501 2378 798 2432 quanquam
835 2362 1064 2417 uoluerit
1090 2362 1157 2417 de
1181 2364 1419 2434 originali
1465 2378 1682 2436 peccato

155 2454 304 2524 aliquid
344 2457 638 2524 expressius
681 2455 880 2522 dicere,
933 2463 1108 2508 tamen
1156 2456 1272 2526 ipso
1303 2458 1682 2528 redemptionis

154 2548 319 2602 nomine
346 2564 439 2601 non
473 2565 656 2618 parum
690 2547 786 2600 sibi
822 2548 1161 2619 pra-scripsit.
1193 2547 1345 2604 Unde
1366 2550 1505 2604 enim
1538 2553 1677 2607 redi-

152 2639 287 2692 mendi
323 2652 509 2702 essent,
559 2640 659 2693 nisi
692 2657 718 2691 a
752 2639 948 2692 diaboli
993 2649 1274 2708 potestate,
1326 2642 1380 2696 in
1428 2659 1528 2712 qua
1560 2659 1679 2700 esse

150 2744 228 2782 non
254 2740 464 2799 possent,
512 2731 611 2784 nisi
644 2730 917 2800 originalis
961 2731 1283 2800 obligatione
1329 2735 1562 2804 peccati?
1589 2747 1678 2792 aut

148 2835 228 2891 quo
246 2823 390 2892 pretio
418 2823 768 2889 redimuntur,
800 2822 898 2876 nisi
927 2820 1123 2876 Christi
1157 2826 1428 2894 sanguine,
1478 2826 1544 2881 de
1574 2845 1678 2898 quo

145 2915 419 2982 apertissime
446 2916 703 2985 scriptum
732 2922 813 2968 est
838 2914 976 2984 quod
1004 2914 1052 2968 in
1086 2916 1450 2970 remissionem
1480 2918 1676 2974 eii‘usus

145 3001 194 3056 sit
229 3016 525 3072 peccatorum
586 3003 795 3075 (Matth.
849 3020 991 3068 xxvr,
1031 3003 1166 3076 28)?
1195 3005 1298 3059 Sed
1349 3008 1468 3076 quia
1511 3011 1675 3080 magis

143 3095 361 3150 convictus
382 3105 431 3151 et
459 3097 524 3151 ab
555 3096 793 3151 Ecclesia
822 3097 1111 3151 detestatus
1137 3114 1293 3167 quam
1322 3112 1592 3156 correctus
1619 3114 1673 3159 et

143 3197 310 3251 pacatus
325 3188 592 3252 abscessit,
625 3189 828 3242 veritus
858 3205 972 3242 sum
1000 3205 1068 3243 ne
1091 3189 1224 3244 forte
1252 3190 1320 3244 ibi
1349 3192 1414 3245 sit
1444 3193 1554 3263 ipse
1585 3198 1670 3264 qui

142 3284 319 3331 vestram
343 3280 488 3334 [idem
512 3280 826 3350 perturbare
841 3290 1095 3335 conatur:
1118 3281 1238 3337 ideo
1257 3284 1484 3339 nominis
1505 3287 1667 3356 ipsius

138 3367 636 3420 commemorationem
682 3366 857 3434 putavi
888 3380 1004 3420 esse
1048 3364 1361 3420 faciendam.
1411 3369 1514 3424 Sed
1559 3372 1670 3425 sive

139 3449 221 3519 ipse
244 3453 320 3520 sit,
347 3456 451 3511 sive
477 3457 564 3510 alii
595 3467 874 3512 consortes
901 3457 1017 3527 ejus
1045 3459 1244 3513 erroris
1273 3475 1288 3514 :
1317 3460 1496 3528 plures
1526 3465 1666 3517 enim

139 3556 226 3598 Iunt
241 3562 378 3618 quam
406 3564 620 3619 sperare
651 3565 967 3619 possumus;
1000 3560 1054 3606 et
1081 3550 1170 3605 ubi
1201 3567 1307 3606 non
1335 3554 1665 3626 redarguun-

137 3646 210 3706 tur,
230 3643 368 3697 etiam
405 3643 537 3698 alios
564 3643 632 3698 ad
659 3659 806 3699 suam
831 3653 1028 3698 sectam
1055 3643 1335 3712 seducunt,
1370 3655 1425 3702 et
1449 3649 1526 3702 sic
1551 3665 1665 3704 cre-

137 3726 350 3798 brescunt,
378 3742 431 3788 ut
475 3734 710 3788 nesciam
749 3747 855 3803 quo
895 3733 1001 3787 sint
1029 3736 1267 3804 erupturi
1299 3753 1311 3788 :
1348 3751 1444 3791 nos
1487 3748 1661 3794 tamen

133 3821 340 3878 malumus
375 3839 467 3880 eos
493 3825 546 3880 in
593 3824 846 3879 Ecclesiae
887 3841 1138 3897 compage
1177 3829 1370 3894 sanari,
1408 3847 1565 3900 quam
1598 3849 1660 3886 ex

133 3908 236 3966 illius
273 3928 482 3985 corpore
525 3914 672 3970 velut
702 3915 1008 3970 insanabilia
1056 3918 1289 3971 membra
1335 3924 1586 3987 resecari,
1617 3926 1658 3978 si

132 4007 263 4059 tanien
299 4006 393 4061 hoc
421 4008 682 4077 permittit
719 4009 830 4076 ipsa
877 4009 1186 4062 necessitas.
1235 4009 1548 4067 Timendum
1579 4025 1661 4070 est

131 4095 233 4150 enim
252 4115 310 4153 ue
337 4102 476 4169 plura
509 4108 839 4170 putrescant,
865 4099 992 4154 dum
1019 4099 1261 4170 putribus
1277 4103 1526 4170 parcitur.
1562 4105 1659 4158 Po-

171 4229 228 4292 (a)
253 4231 552 4297 Celestiusin
574 4233 934 4284 disseminanda
957 4232 1137 4297 Pelagii
1153 4234 1372 4297 doctrina
1412 4243 1506 4287 tam
1532 4239 1656 4290 mul-

126 4293 362 4358 ttnnoperte
383 4296 632 4358 studiique
673 4297 850 4358 posuit,
896 4302 948 4345 ut
986 4293 1127 4346 istius
1151 4295 1354 4347 haeresis
1390 4307 1657 4352 sectatores

257 4357 395 4420 etiam
416 4355 599 4407 fuerint
618 4355 898 4420 celestiani,
910 4358 1048 4420 juxta
1071 4359 1386 4420 augustinum
1410 4361 1458 4408 in
1481 4360 1565 4410 lib.
1591 4365 1656 4414 de

125 4417 264 4490 tigres.
281 4432 322 4468 c.
337 4418 429 4490 EQ;
456 4432 625 4490 neque
649 4417 744 4490 alio
767 4417 963 4490 nomine
985 4417 1218 4490 leguntur
1239 4421 1302 4471 ab
1325 4422 1566 4490 t_£pb_esi_na_
1583 4440 1656 4490 sy-

125 4433 264 4466 niues.
281 4433 322 4468 c.
345 4433 429 4482 eo;
456 4433 538 4468 nec
559 4433 625 4468 ue
649 4433 744 4468 ano
767 4433 963 4468 nomine
985 4433 1218 4482 teguntur
1239 4433 1302 4471 at)
1325 4433 1560 4484 Epnestna
1583 4440 1653 4490 sy-

124 4474 217 4545 nodo
235 4492 303 4526 an.
326 4480 406 4545 451
435 4433 763 4545 condemnati.
791 4487 833 4530 Is
857 4493 997 4542 porro
1021 4481 1080 4529 ad
1106 4481 1382 4545 episcopale
1422 4485 1653 4545 judicium

125 4537 240 4606 prino
275 4544 553 4606 (Sanitagiue
599 4537 869 4606 perductus
905 4549 986 4606 est
1027 4537 1154 4606 anno
1199 4537 1550 4606 exéunﬁte'iii,
1572 4557 1654 4599 aut

124 4605 283 4665 ipeunte
302 4617 421 4653 anno
441 4601 566 4664 1H2;
594 4601 664 4652 uti
710 4603 996 4665 intelligitur
1044 4617 1105 4652 ex
1130 4601 1308 4655 litteris
1329 4601 1654 4661 alter-iustar-

122 4654 368 4737 Egineusis
386 4654 754 4737 synotli'itabitm
775 4678 853 4737 an.
867 4654 987 4725 ῖιιθ,
1010 4667 1188 4737 quibus
1210 4654 1489 4737 innocentia
1505 4654 1652 4737 signi-

262 4725 352 4789 jam
381 4725 542 4776 (ante
565 4727 723 4774 ferme
746 4725 1132 4789 quinquennium
1156 4743 1176 4770 ι)
1208 4727 1359 4777 fuisse
1385 4725 1575 4780 ibideni
1586 4735 1649 4782 de

117 4779 572 4862 ωιωιρδικιιωιιιω.
599 4799 710 4862 Quae
733 4779 897 4862 autem
919 4789 970 4838 in
993 4802 1104 4862 eum
1131 4796 1242 4862 tunc
1259 4799 1324 4862 at
1344 4779 1505 4862 animo
1546 4779 1649 4842 ilia:

118 4852 210 4908 0090
243 4849 418 4908 objecta
464 4851 581 4907 sint,
629 4849 785 4898 refert
829 4850 1121 4908 Augustinus
1165 4851 1211 4896 in
1259 4849 1339 4897 lih.
1365 4851 1429 4900 de
1455 4861 1648 4904 rec-cato

118 4865 210 4892 ωιιυ
243 4865 418 4908 onjecta
464 4865 581 4907 srnt,
629 4865 785 4898 rer-ert
829 4865 892 4897 au
911 4865 1121 4898 vusunus
1165 4865 1211 4896 ιιι
1259 4865 1339 4897 ιιιι.
1365 4865 1429 4900 (te.
1455 4865 1646 4904 i‘eceato

115 4904 285 4982 $83.9.
298 4909 389 4982 bet
410 4913 468 4970 4;
488 4865 998 4982 sedanu‘imein‘iib.
1023 4911 1089 4982 de
1109 4912 1265 4982 Gestis
1291 4913 1485 4982 Pelagii,
1501 4930 1541 4964 c.
1559 4919 1590 4982 _i
1606 4921 1646 4970 i.

117 4963 340 5036 ιιὺὶίὰὶζιὶι
357 4963 466 5024 haec
487 4975 535 5022 in
563 4975 669 5036 ejus
690 4973 904 5022 doctrina
929 4975 1128 5022 inventa
1167 4973 1320 5036 luisse
1345 4988 1356 5022 ε
1392 4963 1485 5024 ιὶῚί
1511 4963 1648 5027 Adam

121 5045 138 5072 ι
394 5031 605 5100 facturn;
638 5037 717 5096 qui
744 5036 847 5100 sive
873 5034 1242 5100 peecaret,_siv_e
1283 5048 1376 5084 non
1403 5047 1644 5100 peccaret,

121 5092 381 5158 Imfiturus
399 5105 552 5146 esset.
577 5097 624 5145 ἓ.
649 5092 776 5158 Quod
803 5092 1052 5157 peccatum
1075 5097 1184 5145 Ade
1205 5098 1361 5158 ipsum
1383 5092 1539 5148 solum
1560 5092 1644 5152 lae-3

121 5154 265 5214 “ait,
287 5164 336 5209 et
356 5172 452 5210 non
473 5172 634 5221 genus
655 5154 932 5221 humanum.
979 5157 1026 5221 δε
1052 5159 1182 5216 Quod
1193 5154 1290 5221 lex
1327 5161 1396 5210 sic
1419 5163 1564 5212 mittit
1587 5165 1644 5214 ad

120 5228 137 5256 ι
152 5224 346 5276 regnum,
370 5219 778 5282 quen'tadmixlum
824 5219 1149 5282 Evangelium.
1175 5219 1220 5268 4.
1269 5221 1399 5280 Quod
1423 5231 1536 5272 ante
1560 5225 1644 5273 atl-

119 5288 138 5318 ι
152 5282 322 5344 rentum
339 5281 510 5330 Christi
534 5281 728 5344 fuerunt
750 5281 973 5331 homines
993 5282 1100 5331 sine
1123 5290 1338 5344 peccato.
1348 5285 1397 5332 5.
1421 5287 1553 5342 Quod
1577 5289 1646 5335 it»

118 5351 137 5382 ι
151 5332 282 5390 Mes
299 5355 449 5407 nuper
473 5343 571 5392 nati
586 5343 636 5407 in
658 5341 739 5392 illo
761 5352 886 5407 statu
909 5350 1040 5404 sunt,
1065 5332 1234 5407 in'quo
1255 5345 1398 5395 Adam
1423 5332 1511 5396 iuit
1527 5332 1643 5396 alii»:

120 5412 136 5442 ι
151 5404 576 5477 plm‘varica‘tionem.
603 5404 648 5452 6.
675 5405 803 5463 Quod
829 5417 992 5477 neque
1015 5419 1105 5477 per
1126 5404 1435 5477 mortemve!
1460 5423 1643 5469 ενι-τωθ-

119 5473 137 5502 ι
151 5459 399 5513 fictionem
422 5467 531 5537 Adit:
554 5459 878 5539 omne-genus
900 5459 1144 5516 hominum
1185 5469 1434 5539 limatur,
1460 5459 1642 5532 'neque

118 5535 138 5568 ι
151 5530 225 5593 per
243 5530 651 5593 ream-unionem
669 5529 1002 5593 christianum
1025 5541 1186 5593 genus
1205 5530 1451 5593 hominum
1475 5529 1640 5580 resin--

118 5591 274 5661 ign?
300 5596 406 5661 tntae
429 5589 588 5661 oninia
611 5591 671 5638 ab
703 5590 886 5661 aurelio
932 5597 984 5640 et
1006 5589 1368 5661 considentibus
1403 5593 1642 5661 episquis

111 5638 294 5725 Elimia
313 5638 441 5708 dicit,
467 5652 736 5725 eademque

306 5726 330 5760 ιι
352 5727 407 5762 ευ
617 5699 728 5763 ειμι
747 5699 1079 5779 muniant;
1094 5699 1642 5775 venisset-uagam;

1816 634 2042 749 ﬁdeliter
2088 641 2363 746 advertant
2413 658 2728 726 teneantque
2773 663 2914 732 quod
2971 634 3394 749 δετεριυῖιῖτέὶῖ

1817 724 1918 791 Qui
1936 728 2231 787 inrocaverit
2253 753 2431 792 nomen
2449 739 2674 811 Domini,
2702 750 2868 807 salvus
2892 756 2985 809 erit
3015 724 3167 832 (lbet.
3193 782 3247 833 tt,
3275 724 3393 844 52):

1881 817 2105 844 (‘Annm
2146 825 2210 844 ιν
2357 829 2427 844 η·
2503 834 2517 844 ι
2589 835 2624 844 ’⁸
2665 838 2675 844 ·

1881 817 2105 930 canor
2127 825 2331 930 .tvz—
2357 829 2447 886 εδ.
2489 834 2624 890 Audi
2657 838 2764 908 jam
2797 857 2962 913 pauca
3006 817 3074 906 de
3103 817 3390 930 δινέιῖιῖυζξ

1808 909 1946 978 quod
1982 911 2031 964 in
2056 916 2276 982 epistola
2309 929 2395 974 tua
2423 925 2658 993 sequitur
2685 909 3072 1004 inquirendum.
3107 909 3391 1010 Hoc—enini

1810 1001 2030 1067 posuisti
2055 1004 2172 1060 illos
2196 1007 2373 1066 dicere
2403 1031 2416 1065 :
2445 1012 2662 1072 Divitem
2684 1001 2964 1082 monentem
2984 1031 3037 1085 in
3057 1033 3244 1093 divitiis
3264 1001 3390 1111 suis,

1804 1104 2012 1163 regnum
2052 1094 2146 1150 Dei
2166 1116 2266 1154 non
2292 1119 2437 1173 posse
2461 1107 2677 1178 ingredi,
2710 1117 2809 1170 nisi
2832 1121 3004 1176 omnia
3029 1142 3122 1181 sua
3153 1094 3392 1192 venditis:

1803 1182 1887 1247 rit,
1927 1202 2017 1239 nec
2052 1189 2098 1241 ei
2138 1193 2373 1262 prodesse
2405 1198 2451 1250 si
2490 1203 2621 1274 forte
2661 1221 2723 1259 ex
2757 1208 2882 1279 ipsis
2917 1214 3103 1274 divitiis
3145 1182 3389 1283 mandaia

1803 1276 1993 1380 (ecert't.
2030 1281 2325 1341 Evaserunt
2352 1288 2572 1346 istorum
2599 1276 2983 1368 disputationes
3012 1318 3189 1380 patres
3216 1316 3385 1376 nostri

1803 1365 2068 1469 Abraham
2095 1382 2149 1428 et
2177 1375 2320 1431 Isaac
2348 1389 2401 1434 et
2423 1381 2607 1452 Jacob,
2639 1365 2726 1457 qui
2753 1400 2896 1448 tanto
2920 1365 3042 1455 ante
3067 1365 3384 1469 ex—hac'vi‘t'a

1800 1458 2110 1566 migrat-unt.
2138 1463 2413 1566 H:tbebant
2439 1477 2632 1546 quippe
2657 1478 2710 1533 hi
2733 1497 2920 1541 omnes
2949 1505 3052 1546 non
3080 1458 3384 1566 paucas

1797 1547 1972 1618 vitias,
2025 1555 2160 1610 sicut
2205 1558 2511 1620 fidelissima
2557 1567 2828 1640 Scriptura
2877 1547 3384 1654 testatur-innodes

1798 1647 1972 1754 Itamen
1998 1656 2248 1704 venturos
2279 1651 2345 1706 ab
2367 1656 2572 1712 oriente
2599 1671 2654 1716 et
2680 1665 2976 1738 occidente,
3010 1685 3063 1730 et
3088 1693 3193 1735 non
3224 1647 3383 1754 supra

1794 1729 1955 1800 ipsos,
1994 1737 2076 1791 vel
2107 1749 2252 1794 extra
2299 1743 2461 1814 ipsos,
2493 1751 2587 1805 sed
2628 1769 2748 1810 cum
2799 1759 2926 1828 ipsis
2969 1729 3381 1833 recubiturosrin

1793 1838 1956 1894 regno
1984 1829 2263 1901 caelorum,
2296 1835 2385 1893 ille
2414 1840 2528 1910 ipse
2570 1847 2659 1914 qui
2707 1862 2925 1922 propter
2974 1876 3071 1916 nos
3101 1861 3268 1923 factus
3299 1882 3381 1927 est

1791 1928 1992 1985 pauper
2015 1935 2136 1974 cum
2156 1939 2278 1980 vere
2297 1926 2445 1985 dives
2471 1943 2633 2002 esset,
2659 1943 2996 2003 veracissima
3024 1926 3380 2020 promissione

1790 2008 2032 2122 pra'dixlit
2053 2011 2264 2122 (:ilatth.
2288 2034 2396 2084 rm,
2432 2022 2543 2096 11).
2569 2025 2633 2081 Ει
2659 2036 2899 2100 quamvis
2919 2008 3373 2122 superbusvdi-tie‘s:

1788 2097 1876 2210 qpi
1909 2098 2224 2210 induebatur
2250 2123 2479 2179 purpura
2508 2124 2561 2170 et
2588 2097 2765 2188 bysso,
2786 2133 2842 2179 et
2863 2097 3175 2198 epulabatur

1788 2187 1873 2244 die
1921 2194 2212 2297 splendide,
2266 2214 2504 2262 mortuus
2553 2187 2692 2280 apud
2741 2187 2937 2275 inferos

1787 2287 1962 2337 tamen
2009 2287 2050 2339 si
2101 2293 2346 2359 pauperis
2395 2297 2642 2370 ulcerosi,
2695 2307 2784 2378 qui
2831 2321 2955 2369 ante
2993 2287 3210 2386 januam
3256 2329 3372 2397 ejus

1786 2383 2120 2475 contemptus
2163 2384 2373 2449 jacebat
2412 2391 2695 2451 miseratus
2737 2397 2939 2471 fuisset,
2992 2383 3370 2475 mereretur-et

1787 2463 2368 2566 ipse-misericordiam.
2401 2479 2468 2535 Et
2497 2485 2539 2536 si
2570 2493 2786 2558 pauperi
2821 2493 2894 2549 illi
2927 2463 3197 2558 meritum.
3230 2463 3374 2566 esset

1787 2553 1979 2626 inopia,
2006 2575 2110 2615 non
2129 2563 2365 2636 justitia;
2397 2587 2502 2627 non
2527 2553 2786 2648 utiqubab
2812 2588 3028 2657 Angelis
3061 2593 3110 2646 in
3141 2553 3370 2656 Abraba;

1781 2650 2062 2750 gremium,
2111 2657 2199 2725 qui
2248 2659 2396 2718 dives
2447 2667 2530 2722 hic
2580 2669 2772 2741 fuerat,
2823 2650 3112 2739 tolleretur.

1780 2740 1936 2842 nobis
1964 2746 2336 2805 ostenderetur
2377 2769 2473 2810 nec
2516 2759 2565 2812 iu
2609 2762 2709 2816 isto
2748 2780 3110 2838 paupertatem
3142 2793 3238 2848 per
3283 2798 3370 2839 se-

1782 2829 1948 2898 ipsam
1977 2834 2225 2894 divinitus
2257 2841 2593 2918 honoratam,
2643 2869 2739 2910 nec
2776 2857 2824 2912 in
2854 2861 2944 2915 illo
2969 2829 3178 2924 divitiars
3203 2870 3368 2934 fuisse

1780 2921 2076 2993 damnatas,
2127 2933 2219 2987 sed
2265 2935 2315 2990 in
2365 2938 2465 2993 isto
2509 2941 2775 3015 pietatem,
2818 2951 2868 3005 in
2911 2953 3001 3010 illo
3041 2921 3367 3030 impietatem

1779 3028 1904 3068 sues
1935 3020 2106 3075 exitus
2146 3023 2432 3094 habuisse;
2484 3034 2558 3088 sie
2608 3041 2838 3110 suscepit
2884 3020 3365 3116 impium-divitem

1777 3111 2041 3220 cruciatus
2079 3114 2231 3185 ignis,
2276 3130 2329 3174 ut
2360 3132 2532 3180 tamen
2572 3130 2713 3198 pium
2745 3150 3030 3206 pauperem
3071 3149 3366 3220 susciperet

1777 3200 1925 3304 sinus
1949 3204 2290 3304 divi-tis(-Luc.
2315 3231 2421 3277 χλιιι,
2457 3219 2667 3294 19-22).
2695 3200 2792 3294 Qui
2821 3200 2950 3288 sane
2967 3250 3086 3292 cum

1778 3291 1996 3407 viveret,
2027 3297 2333 3407 divitias-sic
2365 3306 2610 3380 habebat,
2629 3291 2697 3370 vet
2718 3291 2807 3374 eas
2824 3337 2934 3392 prze
2967 3291 3363 3407 Deipriece-ptis

1777 3391 1881 3486 tam
1911 3389 2352 3462 parvipendebat,
2397 3409 2452 3453 ut
2488 3402 2646 3459 etiam
2673 3389 2843 3478 ipsius
2871 3414 2959 3470 [iiii
3001 3389 3362 3486 immolatione

1773 3475 1938 3531 nollet
1967 3479 2232 3538 oii'emlere
2251 3487 2718 3561 Deumjubentem,
2744 3517 2896 3568 quem
2921 3522 3132 3564 suarum
3155 3511 3362 3572 divitia-

1773 3579 1955 3678 ruqtlet
1974 3573 2223 3678 sperabat
2244 3588 2294 3631 et
2321 3583 2528 3649 optabat
2557 3585 2822 3644 heredem
2853 3591 3145 3668 (Gemxxu,
3168 3605 3355 3678 1-10).

1839 3659 2067 3763 2t:_Hic
2105 3666 2284 3737 utique
2325 3669 2526 3738 dicunt,
2573 3677 2691 3732 ideo
2738 3659 2913 3750 patres
2956 3659 3204 3763 antiquos
3248 3659 3356 3756 non

1768 3749 2078 3857 vendidisse
2111 3759 2286 3812 omnia
2315 3778 2432 3831 quae
2461 3749 2750 3838 habebant,
2777 3783 2829 3828 et
2856 3749 3358 3857 dedisse-pauperi:

1769 3837 1886 3906 bus,
1917 3842 2036 3911 quia
2067 3845 2165 3900 hoc
2203 3849 2280 3902 eis
2311 3866 2412 3906 non
2447 3869 2768 3929 princeperat
2797 3864 3070 3927 Dominus.
3107 3837 3351 3937 i‘ionrdum

1766 3930 1905 3984 enim
1936 3935 2166 3990 revelato
2197 3939 2536 4000 Testamento
2575 3949 2743 4017 Novo,
2777 3958 2918 4025 quod
2950 3977 3054 4016 non
3105 3965 3217 4022 tieri
3247 3972 3349 4029 nisi

1765 4022 2091 4090 plenitudine
2135 4036 2386 4100 temporis
2435 4042 2745 4109 Oportebat,
2792 4022 2904 4102 nec
2951 4067 3134 4111 eorum
3183 4063 3349 4119 virtus

1762 4113 1933 4220 [perat
1960 4121 2276 4188 revelanda;
2307 4142 2410 4195 qua
2440 4130 2632 4186 virtute
2662 4133 2763 4190 hoc
2793 4153 2884 4192 eos
2912 4139 3160 4202 facillime
3188 4113 3348 4220 posse

1763 4203 1900 4258 Deus
1931 4209 1980 4262 in
2010 4225 2190 4265 eorum
2213 4215 2461 4272 cordibus
2487 4234 2724 4290 noverat,
2748 4229 2836 4298 qui
2857 4203 3215 4294 testimonium
3241 4243 3345 4301 illis

1761 4402 1876 4442 rum
1922 4390 2080 4459 Dens,
2114 4401 2360 4464 tanquam
2388 4398 2455 4454 de
2499 4404 2779 4476 praecipuis
2807 4413 2991 4470 amicis
3022 4421 3129 4474 suis
3165 4423 3344 4484 dicere

1757 4479 2064 4581 dignaretur
2091 4503 2104 4538 :
2134 4486 2241 4559 Ego
2266 4505 2378 4544 sum
2399 4491 2538 4548 Deus
2560 4496 2830 4570 Abraham,
2863 4506 2997 4562 Deus
3016 4507 3184 4581 isaac,
3203 4479 3341 4577 Dcui

1755 4567 1914 4626 Iacob
1947 4590 1965 4626 :
1994 4577 2087 4630 hoc
2112 4579 2237 4633 mihi
2257 4597 2437 4638 nomen
2458 4596 2528 4640 est
2553 4588 2603 4640 in
2628 4567 2872 4649 retentum
2893 4597 3081 4670 (Exod.
3116 4567 3191 4673 ltl',

1757 4663 1943 4720 Postea
1973 4683 2099 4723 vero
2123 4686 2277 4740 quam
2309 4688 2556 4745 magnum
2585 4680 2795 4748 pietatis
2816 4663 3202 4750 sacramentum
3227 4663 3338 4755 ma-

1755 4754 2057 4812 nifestatum
2100 4770 2180 4814 est
2208 4763 2259 4815 in
2305 4780 2466 4821 carne
2499 4767 2548 4839 (Ι
2581 4770 2709 4826 'I‘im.
2750 4792 2824 4841 ιιι,
2854 4779 2976 4848 16),
3007 4792 3058 4837 et
3088 4754 3336 4846 vorandis

1754 4849 1999 4902 omnibus
2045 4853 2291 4920 gentibus
2321 4853 2516 4914 Christi
2559 4864 2814 4923 adventus
2863 4871 3048 4941 illuxit,
3084 4876 3132 4930 in
3173 4896 3333 4952 quem

1753 4945 1910 4997 etiam
1943 4945 2014 5000 illi
2061 4954 2236 5017 patres
2276 4952 2630 5026 crediderant,
2662 4961 2756 5016 sed
2796 4962 2950 5036 hujus
2979 4967 3100 5025 fidei
3137 4945 3333 5035 olivam

1754 5048 1850 5089 suo
1879 5044 2118 5106 tempore
2145 5043 2606 5113 manifestandam,
2650 5051 2702 5105 in
2736 5053 2872 5107 illius
2897 5059 3104 5116 arboris
3129 5063 3196 5121 de
3225 5082 3329 5138 qua

1753 5125 2036 5196 Apostolus
2080 5130 2308 5200 loquitur
2348 5134 2535 5206 (Rom.
2577 5156 2649 5204 χι,
2687 5142 2809 5213 i7),
2858 5155 3109 5220 tanquam
3155 5125 3333 5216 radice

1751 5222 2051 5287 servabant,
2092 5223 2290 5281 dictum
2318 5237 2398 5283 est
2424 5230 2570 5286 diviti
2605 5253 2618 5286 :
2658 5234 2815 5304 Vade,
2847 5245 3005 5299 tende
3029 5252 3196 5305 omnia
3219 5269 3334 5323 qua:

1750 5312 1920 5380 habes,
1951 5324 1996 5368 et
2025 5316 2089 5369 da
2127 5321 2444 5390 pauperibus,
2475 5334 2522 5376 et
2547 5325 2747 5382 habebis
2776 5331 3061 5394 thesaurum
3079 5341 3133 5395 in
3154 5312 3329 5413 coriis;

1749 5414 1795 5456 et
1824 5406 1952 5473 reni,
1979 5423 2182 5478 sequere
2210 5428 2287 5463 me
2308 5411 2514 5480 (Matth.
2546 5432 2652 5482 xm,
2687 5418 2801 5492 21).

1817 5497 1904 5551 25.
1950 5498 2070 5552 llaec
2117 5502 2158 5553 si
2206 5503 2400 5570 dicunt,
2439 5506 2684 5564 videntur
2712 5516 2910 5585 aliquid
2942 5521 3326 5583 rationabiliter

1746 5586 1944 5643 dicere.
1987 5589 2089 5644 Sed
2123 5603 2286 5646 totum
2319 5596 2551 5660 audiant,
2603 5610 2768 5658 totum
2797 5607 3103 5678 advertant;
3136 5630 3242 5672 non
3273 5621 3325 5675 in

1747 5689 1894 5749 parte
1922 5696 2078 5736 aures
2105 5684 2362 5753 aperiant,
2394 5683 2448 5742 in
2480 5699 2629 5759 parte
2666 5691 2995 5755 surdescant.
3045 5703 3140 5759 Cui
3183 5710 3322 5768 enim

1750 5767 2001 5828 Dominus
2041 5767 2152 5830 hinc
2181 5778 2468 5849 prmi-epit?
2503 5779 2749 5842 Proiecto
2777 5785 2851 5845 illi
2891 5790 3040 5850 diviti
3071 5799 3157 5869 qui
3205 5767 3327 5860 vita:
