4004 6376
643 397 744 456 687

642 523 860 570 :eternte
894 497 1280 574 consequendae
1315 490 1592 551 consilium
1621 485 1892 558 quaerebat
1937 481 2176 551 accipere
2210 495 2223 531 :

645 609 749 662 hoc
777 602 918 660 enim
942 597 1166 654 Domino
1183 591 1405 648 dixerat,
1436 581 1572 651 Quid
1599 580 1804 653 faciam,
1824 586 1877 629 ut
1906 575 2058 629 vitam
2076 582 2228 627 teter—

647 716 766 754 uam
808 689 1123 761 consequar?
1163 684 1255 738 llle
1283 689 1458 734 autem
1505 689 1612 729 non
1655 672 1705 727 ei
1729 667 2020 740 reSpondit,
2065 665 2120 719 Si
2151 661 2232 717 vis

647 790 830 846 venire
865 785 930 840 ad
956 783 1136 843 vitam,
1167 773 1321 838 vade,
1354 767 1526 825 vende
1549 763 1725 820 omnia
1751 776 1869 832 quae
1887 758 2051 812 habes
2075 769 2090 820 ;
2113 752 2229 819 sed,

650 883 710 939 Si
734 882 806 932 vis
834 875 1000 929 venire
1042 867 1109 922 ad
1142 865 1315 931 vitam,
1363 875 1504 916 serva
1545 855 1805 911 mandata.
1854 850 1984 918 Qua:
2024 844 2233 917 juvenis

646 987 771 1028 cum
799 967 897 1023 sibi
921 982 950 1019 a
977 960 1200 1018 Domino
1226 973 1293 1012 ex
1318 955 1436 1024 lege
1459 955 1870 1007 commemorata
1907 958 1966 998 se
1994 952 2236 996 servasse

647 1063 898 1125 dixisset,
955 1066 1009 1112 et
1059 1051 1358 1128 quaesiisset
1417 1044 1543 1117 quid
1605 1041 1779 1096 adhuc
1826 1038 1924 1093 sibi
1979 1035 2234 1099 deesset,

646 1169 962 1230 responsum
1024 1148 1280 1218 accepit:
1327 1143 1387 1198 Si
1449 1143 1522 1195 vis
1586 1140 1831 1208 perfectus
1884 1146 2023 1198 esse,
2073 1125 2234 1191 vade,

645 1223 802 1310 vende
851 1246 1022 1304 omnia
1066 1257 1178 1313 qua:
1219 1237 1388 1302 habes,
1414 1243 1461 1288 et
1489 1233 1556 1286 da
1597 1224 1920 1300 pauperibus.
1976 1223 2042 1275 Et
2081 1234 2148 1273 ne
2180 1231 2240 1272 se

646 1345 738 1401 illa
765 1358 882 1414 qua:
911 1311 1137 1394 multum
1160 1329 1390 1392 amabat,
1422 1325 1524 1380 hoc
1548 1320 1709 1376 modo
1732 1316 1958 1388 perdere
1979 1311 2240 1369 existima-

647 1443 732 1493 ret
759 1402 872 1487 z-Et
900 1426 1120 1494 habebis,
1168 1421 1358 1492 inquit,
1405 1417 1697 1470 thesaurum
1738 1411 1793 1463 in
1831 1407 1990 1462 caelis.
2040 1402 2242 1459 Deinde

647 1523 872 1588 addidit,
909 1519 978 1574 Et
1007 1493 1136 1584 veni,
1179 1525 1381 1584 sequere
1411 1521 1524 1570 me;
1553 1519 1620 1558 ne
1650 1501 1916 1571 cuiquam,
1963 1511 2083 1551 eum
2129 1493 2244 1548 luec

650 1616 858 1682 fecerit,
887 1609 1083 1681 aliquid
1124 1606 1374 1678 prodesse
1401 1598 1753 1659 existimetur,
1783 1593 1828 1648 si
1861 1607 1965 1646 non
2007 1587 2245 1658 sequitur

651 1679 946 1766 Christum.
975 1679 1044 1757 at
1073 1700 1164 1755 ille
1191 1695 1406 1768 quidem
1445 1691 1610 1746 tristis
1638 1685 1916 1752 abscessit,
1943 1683 2035 1754 qui
2056 1679 2246 1735 viderit

653 1795 1098 1874 quemadmodum
1129 1791 1215 1846 illa
1254 1789 1412 1857 Legis
1455 1781 1702 1840 mandata
1748 1782 2090 1860 servaverat:
2120 1779 2246 1842 puto

654 1895 798 1950 enim
826 1889 969 1962 quod
1010 1902 1068 1940 se
1111 1879 1446 1952 arrogantius
1472 1891 1631 1947 quam
1673 1857 1850 1928 verius
1877 1882 2118 1924 servasse
2162 1880 2248 1918 re-

654 1956 964 2056 sponderat.
1012 1977 1388 2032 Verumtamen
1428 1967 1681 2037 magister
1706 1963 1876 2019 bonus
1903 1957 2150 2014 mandata
2175 1956 2250 2012 le-

655 2051 736 2150 gis
750 2079 816 2132 ab
837 2076 934 2129 ista
954 2067 1334 2127 excellentiorc
1360 2061 1681 2133 perfectione
1699 2054 1942 2112 distinxit
1971 2070 1984 2106 :
2013 2052 2084 2107 ibi
2106 2051 2248 2106 enim

656 2146 809 2236 dixit,
833 2167 893 2224 Si
913 2167 984 2220 vis
1008 2163 1174 2219 venire
1197 2160 1263 2213 ad
1284 2159 1458 2220 vitam,
1477 2169 1620 2208 serva
1642 2149 1882 2205 mandata
1905 2162 1923 2210 ;
1951 2146 2036 2200 hic
2049 2153 2247 2209 autem,

658 2265 722 2320 Si
743 2263 817 2317 vis
843 2260 1092 2329 perfectus
1117 2269 1245 2317 esse,
1264 2251 1410 2316 vade,
1434 2246 1592 2303 vende
1611 2244 1780 2298 omnia
1813 2256 1924 2311 qua:
1951 2241 2121 2304 habes,
2143 2247 2249 2292 etc.

656 2358 768 2413 Cur
792 2369 922 2424 ergo
947 2361 1202 2422 negamus
1233 2345 1444 2409 divites,
1468 2337 1711 2411 quamvis
1737 2336 1802 2390 ab
1823 2334 1911 2387 illa
1935 2331 2254 2403 perfectione

660 2423 878 2513 absint;
903 2444 1084 2498 venire
1114 2447 1291 2492 tamen
1336 2433 1404 2488 ad
1443 2432 1626 2494 vitam,
1659 2427 1703 2482 si
1736 2423 1982 2480 mandata
2008 2434 2256 2476 servave-

658 2541 788 2606 rint,
819 2511 874 2592 et
893 2532 1140 2590 dederint
1167 2537 1223 2582 ut
1248 2527 1401 2580 detur
1425 2522 1553 2588 illis,
1583 2529 1637 2575 et
1660 2514 1964 2574 dimiserint
1993 2521 2050 2567 ut
2073 2511 2242 2567 dimitc

660 2639 802 2688 tatur
832 2627 936 2683 illis
963 2623 1113 2698 (Luc.
1146 2637 1222 2685 vr,
1253 2619 1340 2680 57,
1371 2616 1499 2684 '58)?

730 2722 822 2776 26.
861 2717 1143 2775 Credimus
1196 2713 1336 2768 enim
1395 2709 1696 2764 ministrum
1748 2702 1879 2758 Novi
1922 2698 2258 2754 Testamenta

661 2816 828 2872 fuisse
869 2810 1168 2882 apostolum
1216 2805 1459 2866 Paulum,
1509 2817 1628 2856 cum
1679 2797 1917 2854 scribens
1960 2792 2026 2846 ad
2071 2791 2257 2844 Timo-

662 2902 848 2958 theum
890 2878 1128 2963 diceret,
1177 2891 1407 2960 Prwcipe
1454 2885 1687 2941 divitibus
1734 2884 1889 2950 hujus
1937 2878 2110 2932 mutuli
2160 2893 2262 2931 non

663 2993 876 3064 superbe
901 3005 1098 3060 sapere,
1127 3002 1283 3056 neque
1303 2999 1506 3054 sperare
1541 2982 1596 3034 in
1616 2982 1806 3033 incerto
1833 2975 2142 3037 divitiarum,
2174 2970 2263 3037 sed

664 3061 848 3140 iit-Deo
874 3082 1000 3147 vivo,
1028 3080 1114 3150 qui
1137 3084 1340 3149 praestat
1365 3073 1504 3128 nobis
1524 3071 1692 3126 omnia
1719 3067 2034 3121 abundanter
2058 3061 2124 3116 ad
2148 3064 2262 3133 fru-

667 3177 872 3232 endum.
905 3172 1040 3226 Bene
1067 3170 1278 3242 faciant,
1321 3167 1495 3219 divites
1532 3165 1630 3217 sint
1649 3163 1702 3215 in
1732 3158 1962 3232 operibus
1991 3155 2152 3222 bouis,
2180 3157 2262 3225 fa-

668 3265 764 3327 cile
785 3265 1022 3330 tribuant,
1055 3259 1440 3322 communicent,
1469 3255 1805 3310 thesaurizeut
1833 3251 1928 3304 sibi
1952 3249 2262 3318 fundamen-

671 3369 781 3413 tum
799 3356 983 3410 bonum
997 3353 1051 3408 in
1072 3356 1318 3424 futurum,
1340 3359 1394 3402 ut
1420 3345 1801 3416 apprehendunt
1824 3352 2062 3395 retentam
2082 3339 2261 3393 vitam‘

674 3449 730 3524 (1
765 3447 897 3502 Tim.
929 3461 1003 3514 v1,
1034 3441 1226 3512 17-19)
1261 3459 1274 3494 :
1307 3439 1384 3495 de’
1404 3453 1508 3508 qua
1533 3447 1586 3493 et
1611 3437 1686 3491 illi
1715 3433 2038 3489 adolescenti
2066 3431 2265 3486 dictum

670 3522 773 3606 est,
803 3538 864 3594 Si
887 3537 961 3591 vis
989 3535 1156 3590 venire
1178 3531 1244 3586 ad
1272 3531 1446 3585 vitam.
1477 3528 1608 3582 Puto
1631 3526 1770 3596 quod
1795 3528 1891 3578 ista
1920 3522 2259 3594 praecipiens,

672 3635 866 3692 divites
908 3629 1227 3692 instruebat,
1279 3640 1387 3680 non
1419 3621 1635 3676 fallebat
1678 3618 1966 3688 Apostolus
1995 3635 2007 3670 :
2041 3616 2130 3686 qui
2160 3630 2268 3670 non

675 3729 769 3794 ait,
802 3724 1041 3792 Praecipe
1065 3717 1321 3776 divitibus
1351 3714 1508 3783 hujus
1535 3710 1717 3766 mutuli
1745 3718 1802 3764 ut
1829 3707 2059 3762 vendant
2089 3706 2266 3761 omnia

675 3837 795 3892 quae
819 3816 1038 3882 habent,
1055 3813 1185 3868 dent
1208 3806 1546 3880 pauperibus,
1565 3815 1616 3860 et
1643 3810 1930 3872 sequantur
1953 3799 2266 3865 Dominum;

675 3891 793 3978 sed,
823 3927 925 3966 non
951 3905 1165 3979 superbe
1185 3918 1382 3974 sapere,
1427 3915 1584 3970 neque
1610 3912 1814 3968 sperare
1840 3895 1893 3948 in
1921 3894 2109 3947 incerto
2136 3891 2268 3945 divi-

678 4004 882 4062 tiarum.
916 4003 1019 4058 Ista
1040 3995 1286 4069 superbia
1313 3993 1530 4049 divitem
1557 3991 1700 4046 illum
1728 3988 1816 4059 qui
1853 3987 2117 4058 jacentem
2143 3992 2270 4040 ante

673 4101 891 4172 ianuam
922 4108 1070 4152 suam
1100 4085 1476 4147 contemnebat
1514 4096 1800 4154 pauperem
1831 4079 2054 4149 justum,
2087 4085 2140 4132 et
2169 4077 2269 4131 ista

592 4208 594 4210 '
676 4207 803 4262 spes
832 4191 887 4243 in
913 4188 1113 4242 incerto
1143 4179 1466 4243 divitiarum,
1494 4189 1597 4246 qua
1625 4187 1682 4228 se
1713 4178 1929 4242 propter
1955 4182 2266 4239 purpuram,

677 4260 920 4353 byssum,
969 4285 1023 4332 et
1063 4273 1247 4344 epulas
1291 4265 1599 4340 splendidas
1647 4265 1855 4319 beatum
1893 4260 2130 4331 putabat,
2162 4272 2269 4314 non

683 4376 816 4446 ipsa:
839 4369 1035 4427 divitia:
1064 4366 1427 4438 perduxerunt
1454 4358 1522 4414 ad
1551 4356 1742 4413 inferni
1771 4362 2056 4410 tormenta.

753 4467 846 4523 27.
887 4463 970 4518 An
998 4462 1133 4515 forte
1161 4457 1283 4527 quia
1306 4453 1561 4508 Dominus
1577 4447 1832 4518 adiunxit,
1862 4454 1916 4500 et
1941 4445 2092 4510 dixit,
2113 4445 2272 4501 Amen

685 4560 798 4614 dico
835 4553 992 4619 vobis,
1033 4549 1229 4620 difficile
1272 4546 1407 4599 dives
1432 4541 1633 4596 intrabit
1661 4539 1715 4593 in
1752 4554 1962 4610 regnum
1989 4536 2228 4592 ctelorum
2251 4552 2272 4591 :

685 4661 732 4709 et
758 4653 940 4706 iterum
965 4645 1078 4699 dico
1102 4639 1256 4704 vobis,
1288 4635 1517 4691 Facilius
1541 4632 1745 4687 intrabit
1772 4631 1994 4685 camelus
2019 4647 2108 4702 per
2131 4631 2271 4701 fora-

685 4759 800 4800 men
829 4756 968 4805 acus,
991 4750 1141 4806 quant
1166 4731 1298 4785 dives
1325 4729 1380 4781 in
1402 4741 1612 4797 regnum
1637 4723 1874 4778 etelorum
1898 4737 1916 4787 ,'
1939 4721 2059 4777 ideo
2088 4730 2274 4791 putant

685 4838 775 4895 isti
821 4833 1060 4894 divitem,
1092 4817 1300 4883 etiamsi
1332 4821 1487 4877 faciat
1530 4819 1628 4873 ista
1659 4833 1776 4888 qua:
1804 4815 2055 4871 divitibus
2086 4815 2274 4885 ρι’ωοὶ-

687 4929 882 5002 pienda
906 4925 1118 4994 scripsit
1140 4916 1444 4989 Apostolus,
1468 4914 1521 4968 in
1543 4927 1763 4982 regnum
1790 4911 2045 4965 caelorum
2072 4907 2274 4964 intrare

685 5000 795 5078 non
838 5015 1027 5090 posse?
1069 5010 1205 5081 Quid
1235 5023 1362 5079 ergo
1400 5004 1513 5061 est?
1560 5012 1732 5058 utrum
1765 5000 2048 5071 Apostolus
2086 5009 2272 5055 contra

688 5089 970 5169 Dominum
996 5105 1246 5173 loquitur,
1288 5115 1355 5154 an
1398 5096 1482 5152 isti
1524 5094 1765 5150 nesciunt
1792 5091 1916 5162 quid
1947 5089 2273 5162 loquuntur?

687 5204 826 5275 Quid
857 5203 1046 5256 horum
1069 5194 1268 5258 credat,
1315 5190 1474 5262 eligat
1514 5185 2038 5251 cliristianus.,l’uto
2083 5185 2275 5240 melius

688 5315 788 5355 nos
811 5293 1032 5353 credere
1056 5291 1187 5344 istos
1212 5286 1419 5341 nescire
1459 5281 1584 5354 quid
1614 5281 1915 5350 IOquantur,
1947 5294 2102 5349 quam
2130 5278 2273 5334 Pau-

687 5395 798 5449 lum
840 5394 1025 5444 contra
1052 5379 1332 5436 Dominum
1363 5375 1525 5446 loqui.
1568 5372 1765 5428 Deinde
1794 5387 1890 5427 cur
1915 5385 2018 5425 non
2050 5371 2102 5425 in
2140 5385 2271 5425 cnn-

686 5478 1031 5555 sequentibus
1068 5473 1229 5529 etiam
1258 5470 1432 5540 ipsum
1458 5466 1740 5522 Dominum
1764 5463 1983 5518 audiunt
2007 5462 2270 5518 dicentem

687 5554 961 5648 discipulis
986 5585 1084 5643 pro
1110 5565 1325 5623 miseria
1353 5561 1575 5616 divitum
1601 5557 1926 5614 contristatis
1960 5573 1972 5610 :
2006 5554 2153 5620 Quod
2179 5554 2272 5609 ha—

687 5670 901 5724 minibus
927 5657 1234 5735 impossibile
1255 5664 1346 5723 est,
1371 5653 1482 5707 Deo
1509 5652 1657 5724 facile
1684 5651 1795 5705 est?

749 5784 767 5814 ί
801 5780 912 5829 Bad.
938 5787 1037 5828 Am.
1061 5784 1137 5826 Er.
1155 5782 1208 5836 et
1230 5773 1374 5823 vatio.
1400 5775 1528 5831 ttiss.,
1556 5779 1720 5836 veram
1747 5763 1893 5817 vitam
1913 5763 2011 5816 :sic
2034 5761 2180 5816 etiam
2200 5762 2275 5814 in-

687 5842 762 5893 ira
784 5824 1078 5891 argustias
1093 5824 1208 5887 an;
1301 5890 1308 5894 ,

1837 367 1895 426 S.
1937 359 2302 424 AUGUSTINI
2344 356 2646 414 EPISCOPI

3753 351 3832 408 688

2406 475 2495 530 28.
2525 471 2632 528 Sed
2661 469 2800 534 ideo,
2832 466 3095 538 inquiunt,
3127 463 3231 518 hoc
3250 461 3440 517 dictum
3467 470 3560 530 est,
3598 463 3702 533 quia
3723 464 3833 520 tutu-

2336 583 2454 623 rum
2496 572 2612 620 erat
2638 573 2696 617 ut
2720 560 2902 615 audito
2933 555 3240 627 Evangelio,
3267 554 3449 624 divites
3484 553 3675 608 vendito
3711 558 3837 623 patri-

2338 657 2518 713 monio
2548 661 2872 724 erogatoque
2895 646 3213 720 pauperibus
3241 644 3508 698 Dominum
3534 656 3836 712 sequerentur,

2339 759 2393 805 et
2415 749 2673 802 intrarent
2699 744 2752 798 in
2779 756 2999 810 regnum
3019 739 3296 798 ccelorum,
3325 745 3476 804 atque
3503 734 3564 787 ita
3593 734 3840 806 fieretqttod

2340 841 2556 899 difficile
2584 837 2865 894 videbatur
2904 855 2916 887 :
2946 849 3052 888 non
3092 841 3150 886 ut
3179 836 3449 884 manentes
3477 828 3524 881 in
3549 827 3720 882 divitiis
3742 831 3840 895 sais,

2343 944 2605 1009 praecepta
2633 931 2879 1005 Apostoli
2908 927 3256 986 custodiendo
3277 969 3290 992 ,
3334 923 3387 978 id
3425 931 3501 978 est
3539 937 3633 976 non
3668 924 3844 992 superbe

2342 1029 2616 1102 sapiendo,
2649 1043 2822 1098 neque
2859 1021 3124 1095 spcpando
3153 1021 3207 1075 in
3239 1021 3437 1074 incerto
3460 1016 3726 1070 divitiarum
3745 1056 3757 1078 ,
3779 1015 3846 1069 sed

2343 1123 2398 1178 in
2425 1122 2533 1176 Deo
2560 1121 2701 1186 vivo,
2731 1117 2867 1172 bene
2893 1112 3156 1179 faciendo,
3187 1109 3338 1164 facile
3362 1105 3641 1172 tribuendo,
3673 1113 3719 1159 et
3737 1119 3847 1159 com-

2345 1213 2663 1270 municando
2693 1207 3069 1280 indigentibus,
3097 1219 3278 1260 veram
3300 1199 3676 1272 apprehendant
3698 1199 3848 1266 vitam;

2345 1307 2442 1363 sed
2474 1305 2632 1361 etiam
2668 1304 2766 1358 ista
2813 1308 3075 1371 praecepta
3103 1295 3391 1367 apostolica
3419 1289 3629 1346 venditis
3661 1289 3852 1345 omnibus

2346 1399 2456 1456 suis
2481 1399 2638 1453 rebus
2667 1394 2963 1464 implerent.
3071 1399 3076 1404 '

2417 1487 2507 1542 29.
2537 1487 2662 1541 Hinc
2685 1485 2728 1540 si
2757 1485 2960 1549 dicunt,
2989 1481 3100 1536 scio
3127 1479 3326 1549 quippe
3355 1491 3447 1530 eos
3479 1473 3560 1529 illa
3586 1472 3752 1538 dicere,
3777 1486 3853 1525 non

2349 1579 2630 1636 attendunt
2681 1576 2926 1647 primitus
2966 1567 3410 1642 quemadmodum
3448 1564 3681 1620 Dominus
3717 1573 3856 1616 contra

2352 1688 2540 1730 eorum
2571 1671 2762 1741 dogma
2789 1683 2939 1723 suam
2972 1664 3194 1736 gratiam
3237 1657 3611 1732 prtedicaverit.
3633 1655 3731 1710 Non
3753 1653 3857 1708 enim

2353 1765 2446 1829 ait,
2478 1762 2631 1830 Quod
2662 1760 2964 1815 hominibus
3010 1753 3337 1826 impossibile
3378 1750 3607 1815 videtur,
3649 1746 3774 1801 facile
3802 1753 3858 1799 est

2353 1855 2660 1910 hominibus
2685 1851 2731 1906 si
2759 1849 3024 1905 voluerint
3044 1835 3077 1913 ;“
3099 1845 3214 1911 sed,
3247 1843 3395 1911 Quod
3416 1839 3690 1903 hominibus,
3718 1838 3858 1907 inquit,

2353 1944 2663 2017 impossibile
2688 1952 2783 2009 est,
2812 1941 2916 1995 Deo
2945 1939 3095 2012 facile
3124 1946 3195 1992 est
3223 1953 3240 1990 :
3270 1934 3569 2000 ostendens,
3597 1929 3773 2002 quando
3792 1930 3862 1982 ista
3954 1985 3955 2000 η

2355 2047 2501 2092 recte
2545 2036 2695 2097 fiunt,
2735 2048 2840 2087 non
2873 2031 2987 2086 fieri
3032 2028 3262 2084 hominis
3291 2026 3542 2098 potentia,
3571 2021 3656 2078 sed
3681 2021 3760 2075 Dei
3779 2036 3864 2090 επι-
3954 2051 3955 2060 ι

2358 2130 2449 2184 tia.
2482 2127 2594 2183 Hoc
2632 2142 2757 2196 ergo
2798 2122 3079 2194 attendant
3105 2121 3224 2188 isti,
3257 2097 3313 2175 et
3349 2120 3392 2173 si
3420 2113 3774 2188 reprehendunt
3801 2127 3866 2167 eos
3954 2097 3955 2154 ἶ

2358 2220 2449 2292 qui
2475 2219 2770 2290 gloriantur
2799 2217 2850 2270 in
2881 2215 3078 2270 divitiis
3107 2213 3236 2278 suis,
3261 2218 3482 2266 caveant
3508 2207 3600 2278 ipsi
3622 2208 3667 2260 in
3691 2221 3766 2260 sua
3790 2205 3864 2256 vir-

2363 2325 2473 2370 tute
2515 2313 2784 2370 confidere
2814 2330 2825 2365 :
2857 2310 3016 2365 simul
3058 2309 3201 2364 enim
3248 2307 3457 2377 utrique
3484 2301 3868 2374 reprehenduntur

2360 2408 2416 2461 in
2442 2405 2673 2472 Psalmo,
2700 2404 2796 2470 Qui
2826 2401 3086 2471 conﬁdunt
3116 2402 3166 2454 in
3198 2400 3380 2453 virtute
3402 2415 3511 2462 sua,
3532 2405 3574 2450 et
3599 2397 3674 2466 qui
3699 2392 3868 2446 iuabtmt

2363 2499 2537 2553 (lautia
2562 2498 2847 2552 divitiarum
2876 2511 3084 2551 suarum
3109 2493 3395 2565 gloriantur
3429 2489 3597 2561 (Psal.
3628 2503 3787 2551 xu'ttt,
3810 2486 3867 2553 7).

2363 2592 2596 2647 Audiant
2620 2590 2796 2659 itaque
2816 2589 3032 2655 divites,
3059 2586 3208 2653 Quod
3230 2585 3514 2640 hominibus
3532 2579 3794 2653 impossibile
3807 2586 3868 2643 est,

2363 2684 2473 2738 Deo
2498 2683 2651 2754 facile
2674 2691 2746 2736 est
2769 2697 2788 2736 :
2810 2689 2863 2736 et
2882 2680 2998 2734 sive
3027 2687 3309 2734 manentes
3335 2678 3388 2732 in
3416 2673 3604 2730 divitiis
3627 2673 3738 2738 suis,
3763 2680 3871 2738 atque

2366 2793 2430 2832 ex
2454 2777 2531 2832 eis
2556 2777 2692 2831 bona
2714 2790 2874 2845 opera
2903 2774 3157 2829 facientes
3181 2775 3217 2839 ¹,
3243 2773 3358 2827 sive
3383 2770 3486 2826 illis
3505 2768 3730 2832 venditis,
3754 2774 3794 2820 et
3811 2778 3871 2832 per
3954 2743 3955 2818 Ῐ

2369 2867 2688 2939 indigentias
2736 2881 3028 2937 pauperum
3066 2864 3367 2920 distributis
3411 2864 3599 2918 intrent
3636 2861 3681 2914 in
3715 2870 3871 2927 regnum

2370 2962 2650 3026 caelorum,
2681 2959 2865 3030 gratia:
2904 2959 2997 3013 Dei
3037 2958 3312 3023 tribuant,
3358 2971 3462 3010 non
3503 2953 3707 3023 pr0priis
3733 2949 3874 3003 viribus

2372 3056 2570 3110 bonum
2599 3065 2774 3106 suum.
2808 3049 2960 3116 Quod
2996 3049 3136 3103 enim
3169 3047 3474 3102 hominibus
3503 3041 3786 3114 impossibile
3807 3045 3875 3099 est,
3954 3041 3955 3116 ]

2371 3161 2478 3201 non
2512 3143 2833 3209 hominibus,
2877 3139 2971 3196 sed
3009 3140 3118 3195 Deo
3163 3139 3321 3194 facile
3362 3147 3463 3192 est.
3499 3135 3706 3191 Audiaut
3739 3131 3814 3184 hoc
3842 3135 3877 3180 et
3954 3155 3955 3192 ἦ

2373 3237 2500 3301 isti;
2533 3245 2585 3292 et
2612 3236 2656 3289 si
2685 3237 2790 3305 jam
2818 3233 2995 3288 omnia
3035 3247 3128 3287 sua
3156 3231 3237 3285 vel
3270 3228 3645 3290 vendiderunt,
3669 3232 3713 3278 et
3735 3235 3877 3293 paupe-
3954 3211 3955 3268 ἶ

2373 3331 2519 3385 ribus
2551 3299 2869 3391 tribuerunt,
2895 3324 2982 3381 vel
3009 3323 3181 3378 adhuc
3213 3322 3262 3377 id
3286 3329 3449 3393 agunt
3476 3329 3626 3388 atque
3643 3315 3875 3384 disponunt,
3954 3299 3955 3354 7

2373 3431 2430 3478 et
2458 3422 2562 3476 hoc
2591 3419 2751 3474 modo
2779 3424 3078 3488 pra-parant
3107 3415 3309 3469 intrare
3349 3413 3402 3467 in
3436 3425 3644 3481 regnum
3668 3405 3876 3467 ctelorum,

2375 3529 2482 3568 non
2504 3513 2603 3567 hoc
2627 3508 3053 3566 tribuantvirtuti
3077 3521 3208 3572 sua),
3236 3504 3333 3560 sed
3357 3503 3524 3559 eidem
3550 3496 3875 3572 gratimdiviae.

2375 3605 2525 3673 Quod
2554 3605 2694 3660 enim
2726 3600 3028 3657 hominibus
3056 3597 3387 3668 impossibile
3417 3605 3516 3660 est,
3539 3609 3636 3648 non
3660 3590 3778 3661 ipsis,
3793 3584 3878 3655 quis

2376 3708 2431 3754 ct
2459 3697 2558 3767 ipsi
2590 3695 2832 3750 homines
2859 3700 3002 3758 sunt,
3036 3690 3129 3745 sed
3161 3689 3272 3745 Deo
3305 3688 3459 3743 facile
3486 3696 3581 3742 cst.
3627 3684 3719 3738 Hoc
3742 3679 3878 3750 quippe

2377 3789 2483 3844 illis
2511 3798 2565 3843 et
2591 3785 2880 3857 Apostolus
2909 3783 3039 3839 dicit
3064 3799 3077 3835 :
3101 3781 3229 3836 Cum
3251 3782 3430 3835 timore
3452 3789 3498 3833 et
3520 3789 3708 3832 tremore
3727 3779 3880 3826 restrain

2375 3883 2602 3952 ipsorum
2625 3878 2836 3933 salutem
2861 3874 3158 3947 cperantini.
3188 3872 3328 3928 Deus
3354 3872 3487 3926 enim
3509 3879 3577 3924 est
3598 3867 3675 3937 qui
3705 3867 3878 3933 operatur

2378 3951 2431 4027 in
2459 3972 2593 4026 vobis
2612 3980 2656 4026 et
2675 3970 2822 4035 velle,
2846 3977 2892 4022 et
2913 3967 3132 4039 operari,
3158 3981 3249 4036 pro
3274 3965 3407 4019 bona
3425 3951 3877 4022 voluntate(Phiiipp.

2376 4079 2436 4131 tt,
2459 4064 2546 4128 12,
2572 4063 2640 4117 15
2658 4061 2700 4132 ).
2720 4059 2879 4138 Certe
2905 4058 3026 4115 ideo
3052 4073 3110 4114 se
3136 4057 3323 4112 dicunt
3341 4055 3408 4112 de
3429 4055 3535 4110 suis
3558 4051 3696 4108 rebus
3711 4042 3882 4102 venden-

2378 4153 2461 4209 dis
2487 4152 2832 4222 perfectionis
2852 4166 2882 4206 a
2908 4150 3131 4205 Domino
3151 4148 3456 4218 suscepisse
3475 4143 3738 4204 consilium,
3762 4145 3806 4191 ut
3824 4147 3879 4187 se-

2381 4254 2610 4318 quantur
2637 4243 2917 4300 Dominum
2936 4285 2950 4309 ,
2968 4242 3215 4314 quoniam
3246 4240 3354 4296 illic
3383 4238 3608 4294 additum
3631 4241 3715 4297 est,
3733 4240 3769 4285 et
3787 4223 3875 4287 venit

2377 4354 2584 4409 sequere
2607 4352 2686 4390 me
2709 4351 2728 4390 :
2751 4351 2847 4391 cur
2872 4348 2998 4404 ergo
3027 4334 3080 4388 in
3106 4332 3170 4387 iis
3205 4333 3361 4387 bonis
3385 4345 3500 4402 qua:
3528 4327 3718 4387 faciunt,
3741 4318 3795 4374 de
3815 4326 3879 4368 sua

2381 4439 2586 4486 tantum
2610 4427 2881 4484 voluntate
2912 4430 3257 4495 praesumunt,
3285 4436 3386 4476 nec
3415 4418 3623 4475 audiunt
3649 4409 3876 4469 Dominum,

2378 4536 2539 4592 quem
2565 4519 2714 4591 sequi
2739 4533 2799 4573 se
2835 4517 3017 4572 dicunt
3040 4558 3054 4584 ,
3087 4516 3447 4583 increpantem
3473 4520 3620 4580 atque
3647 4507 3876 4561 testamenti

2382 4612 2510 4670 Sine
2535 4627 2612 4666 me
2636 4609 2763 4665 nihil
2789 4608 2992 4682 potestis
3021 4607 3188 4676 facere
3214 4605 3233 4674 ζ
3247 4603 3405 4658 Joan.
3433 4618 3521 4667 xv,
3551 4598 3651 4670 5)?

2455 4708 2544 4764 30.
2576 4707 2631 4762 Si
2666 4679 2842 4760 autem
2872 4702 3159 4771 Apostolus
3191 4699 3264 4753 ita
3298 4697 3445 4761 dixit,
3474 4691 3684 4760 Ρνίεεὶρε
3704 4679 3876 4771 divitibtu

2385 4804 2539 4875 hujus
2573 4798 2771 4865 mundi,
2809 4811 2909 4850 non
2922 4769 3144 4863 superbe
3175 4806 3374 4860 sapere,
3398 4802 3551 4859 neque
3575 4793 3746 4852 sperare
3766 4774 3805 4826 in
3823 4769 3876 4820 itt-

2382 4906 2519 4951 certo
2549 4893 2856 4954 divitiarum,
2895 4895 2951 4942 ut
2978 4883 3205 4940 vendant
3243 4882 3421 4936 omnia
3455 4892 3566 4949 qua:
3590 4865 3875 4944 possideaml

2384 5003 2449 5043 ea
2483 4985 2647 5056 pretia
2686 4976 3050 5037 distribuendo
3079 4972 3453 5046 indigentibus,
3490 4969 3664 5023 faciant
3688 4955 3794 5032 quod
3816 4965 3873 5056 Sf:

2383 5078 2600 5149 quitur,
2634 5073 2781 5146 facile
2807 5071 3048 5135 tribuant,
3087 5039 3467 5128 communicent,
3510 5039 3872 5113 thesaurum!“

2386 5169 2773 5244 fundamentum
2803 5165 2985 5218 bonum
3016 5161 3068 5214 in
3107 5163 3332 5231 futurum
3355 5197 3368 5222 ,
3404 5161 3460 5209 et
3489 5152 3632 5206 aliter
3652 5159 3729 5201 eos
3756 5141 3794 5193 in
3813 5149 3871 5188 re-

2385 5277 2551 5336 gnum
2576 5260 2832 5316 etelorum
2874 5256 3071 5310 intrare
3110 5264 3268 5322 posse
3306 5263 3409 5303 non
3447 5242 3636 5305 credit;
3662 5232 3874 5292 [altilem

2387 5371 2485 5414 eos
2513 5367 2739 5426 quorum
2769 5349 2957 5404 domos
2987 5354 3092 5400 tam
3128 5343 3406 5413 diligenter
3445 5334 3677 5392 doctrinm
3711 5320 3876 5426 sanitate

2385 5449 2682 5518 componit,
2709 5443 3002 5498 admonens
3026 5447 3082 5493 et
3109 5435 3416 5507 praecipiens
3439 5429 3609 5501 quales
3630 5436 3681 5476 se

2385 5543 2621 5602 debeant
2655 5550 2847 5593 uxores
2879 5532 3042 5598 viris,
3079 5528 3177 5582 viri
3211 5524 3476 5589 uxoribus,
3505 5517 3591 5574 lilii
3616 5501 3872 5585 parentibUS.

2389 5648 2640 5712 parentes
2662 5632 2804 5697 ﬁliis,
2827 5626 2965 5684 servi
2986 5623 3237 5686 dominis,
3255 5618 3444 5676 domini
3462 5610 3617 5670 servis
3638 5623 3650 5660 :
3671 5613 3769 5657 nam
3785 5602 3876 5662 quo-

2456 5757 2474 5787 ι
2512 5759 2561 5800 ιη
2583 5749 2718 5812 prius
2754 5743 2958 5812 esensis
2972 5712 3873 5812 αθείάετξδιηψε.¹ιὲο..ῖῗτ¹ξίξ,έζ⁰ιέ⁸⁵

2385 5816 2462 5870 eis
3171 5779 3468 5851 ibdst
3492 5798 3586 5842 Mss.
3619 5779 3820 5842 legunt“-
