4004 6396
220 337 308 396 689
1381 323 1862 384 EPISTOLARUM
1901 324 2176 383 CLASSIS
2213 325 2301 383 lli.

214 450 350 508 modo
376 448 484 502 hzec
518 445 600 517 agi
633 452 851 515 possunt
886 445 1001 500 sine
1031 444 1225 509 domo,
1258 452 1312 498 et
1350 444 1462 496 sine
1501 442 1675 512 aliqua
1705 455 1764 495 re

210 540 461 600 familiari?

269 635 346 688 51.
374 638 451 684 Au
474 630 573 683 hoc
603 644 697 684 eos
727 637 901 684 movet
922 628 1064 699 quod
1096 628 1171 682 ait
1194 628 1448 682 Dominus
1473 645 1486 681 :
1515 627 1765 693 Quicum-

210 743 290 797 que
321 723 554 777 dimiserit
585 722 753 775 omnia
780 738 873 775 sua
901 732 1109 791 propter
1134 737 1227 786 me,
1257 720 1464 790 accipiet
1485 719 1534 771 in
1559 719 1651 772 hoc
1676 734 1771 772 ste—

211 818 305 871 culo
330 814 630 883 centuplum,
662 824 706 866 et
740 813 793 865 in
834 817 1005 883 futuro
1037 813 1186 865 vitam
1224 820 1461 864 mternam
1502 809 1771 879 possidebit

213 909 226 975 (
244 906 408 959 Matth.
442 920 561 966 xxx,
585 904 727 974 29)?
756 903 910 958 Aliud
936 913 1018 959 est
1046 904 1289 957 dimiserit
1311 921 1329 967 ;
1358 902 1499 955 aliud
1531 911 1613 956 est
1638 918 1771 956 ven-

213 998 408 1053 diderit:
435 1012 555 1050 nam
578 1004 631 1049 et
650 996 702 1049 in
731 995 796 1050 iis
817 1011 936 1065 quae.
962 994 1271 1049 dimittenda
1299 993 1585 1058 mandavit,
1610 994 1770 1049 etiam

212 1104 322 1145 uxor
345 1096 759 1143 commemorata
790 1096 890 1152 est,
920 1102 1077 1156 quam
1111 1086 1269 1140 nullis
1298 1085 1540 1140 humanis
1568 1085 1772 1156 legibus

210 1184 309 1237 licet
338 1181 599 1245 vendere,
630 1177 825 1233 Christi
869 1187 1045 1234 autem
1084 1180 1288 1246 legibus
1335 1194 1433 1234 nec
1471 1178 1768 1244 dimittere,

210 1278 399 1340 excepta
443 1285 605 1325 causa
650 1269 1011 1325 fornicationis
1057 1267 1179 1339 (Id.
1224 1285 1279 1336 v,
1323 1269 1450 1338 5-2).
1499 1268 1635 1336 Quid
1673 1269 1773 1331 sibi

207 1380 313 1435 ergo
333 1364 511 1416 volunt
541 1362 643 1416 ista
675 1372 938 1432 praecepta
969 1358 1109 1435 (non
1134 1362 1275 1416 enim
1306 1370 1529 1430 possunt
1556 1361 1695 1414 inter
1716 1374 1774 1414 se

210 1470 306 1510 esse
330 1454 666 1525 contraria),
692 1452 793 1508 nisi
824 1454 944 1523 quia
976 1454 1206 1507 occurrit
1232 1452 1513 1521 aliquando
1542 1451 1775 1506 necessi-

210 1548 307 1604 tatis
330 1548 602 1613 articulus,
636 1546 721 1601 ubi
748 1556 839 1600 aut
874 1562 1012 1600 utor
1041 1546 1351 1609 dimittatur,
1375 1554 1465 1598 aut
1488 1543 1731 1599 Christus
1758 1561 1771 1597 :

209 1651 256 1695 ut
276 1640 363 1693 alia
385 1637 653 1703 omittam,
678 1637 722 1692 si
745 1637 846 1707 ipsi
869 1637 1017 1691 uxori
1045 1637 1266 1691 maritus
1286 1636 1614 1706 displicuerit
1635 1634 1778 1689 chri-

209 1732 404 1795 stianus,
439 1730 599 1799 eique
638 1729 974 1799 proposuerit
1002 1736 1092 1781 aut
1129 1743 1157 1780 a
1189 1742 1246 1781 se
1273 1726 1555 1780 divortium
1576 1768 1592 1791 ,
1622 1734 1713 1780 aut
1744 1740 1773 1778 a

207 1822 422 1877 Christo?
449 1822 546 1875 llic
576 1822 665 1875 ille
693 1820 817 1890 quid
845 1821 1004 1890 eligat
1033 1820 1134 1874 nisi
1156 1820 1444 1884 Christum,
1472 1829 1525 1873 et
1547 1818 1779 1873 dimittat

208 1928 400 1968 uxorem
458 1911 799 1966 laudabiliter
852 1920 1067 1982 propter
1125 1909 1447 1965 Christum?
1503 1910 1777 1964 Ambobus

208 2005 379 2074 quippe
402 2003 713 2059 Christianis
740 2004 994 2057 Dominus
1022 2004 1273 2071 praecepit
1304 2018 1369 2056 ne
1394 2002 1667 2072 quisquam
1695 2002 1779 2055 di-

206 2096 355 2151 mittat
374 2110 621 2158 uxorem,
646 2104 866 2164 excepta
892 2110 1048 2148 causa
1078 2092 1455 2147 fornicationis.
1486 2092 1581 2147 Ubi
1601 2101 1776 2146 autem

207 2188 427 2258 qumlibet
463 2203 530 2241 ex
564 2187 646 2242 eis
676 2202 900 2256 persona
934 2185 1162 2240 inﬁdelis
1191 2194 1289 2249 est,
1324 2186 1602 2240 consilium
1630 2186 1776 2255 Apo-

207 2278 308 2332 stoli
329 2278 636 2331 attendatur
662 2293 674 2329 :
702 2276 771 2331 Ut
794 2277 836 2330 si
866 2276 1092 2330 inﬁdelis
1116 2277 1380 2331 consentit
1399 2276 1638 2330 habitare
1656 2291 1777 2332 cum

212 2370 306 2423 viro
328 2368 484 2434 ﬁdeli,
521 2370 607 2422 vir
633 2383 736 2421 non
759 2367 991 2421 dimittat
1020 2382 1260 2422 uxorem.
1284 2367 1538 2422 Similiter
1566 2377 1615 2422 et
1647 2382 1780 2421 uxor

207 2460 353 2515 ﬁdelis
376 2460 573 2525 virum,
618 2459 662 2513 si
694 2474 814 2513 cum
843 2459 930 2513 illa
961 2458 1199 2513 habitare
1239 2459 1589 2513 consenserit.
1633 2457 1781 2523 Quod

204 2554 242 2607 si
264 2555 490 2623 inﬁdelis,
529 2554 722 2623 inquit,
756 2553 984 2618 discedit,
1013 2551 1237 2605 discedat
1262 2567 1278 2604 :
1300 2568 1400 2605 non
1427 2559 1499 2604 est
1524 2551 1651 2603 enim
1672 2568 1781 2604 ser-

201 2644 325 2699 vituti
342 2645 607 2714 subjectus
630 2646 787 2715 frater
805 2652 892 2696 aut
919 2660 1060 2696 soror
1076 2643 1129 2695 in
1151 2642 1441 2712 hujusmodi
1463 2641 1515 2712 (Ι
1543 2640 1659 2696 Cor.
1681 2658 1778 2705 vn,

206 2736 277 2799 12,
305 2735 391 2806 l5)
422 2756 433 2790 :
462 2736 528 2790 id
557 2746 659 2801 est,
685 2736 728 2790 si
756 2734 983 2790 inﬁdelis
1005 2734 1235 2788 noluerit
1262 2749 1379 2788 esse
1407 2748 1527 2787 cum
1557 2732 1782 2802 conjuge

208 2826 348 2892 ﬁdeli,
377 2828 461 2882 hic
491 2834 760 2895 agnoscat
790 2826 959 2882 fidelis
987 2842 1136 2881 suam
1175 2826 1498 2891 libertatem,
1532 2841 1597 2880 ne
1625 2825 1695 2878 ita
1722 2840 1781 2881 se

205 2918 473 2987 subjectum
516 2918 736 2988 deputet
776 2918 1013 2972 servituti
1044 2926 1101 2970 ut
1127 2916 1293 2986 ipsam
1332 2915 1562 2970 dimittat
1600 2915 1777 2981 ﬁdem,

205 3022 261 3062 ne
286 3010 566 3079 ronjugcm
598 3008 803 3062 amittat
832 3007 1118 3062 inﬁdelem.
1288 3021 1321 3047 ο

262 3100 341 3154 '52.
371 3102 479 3155 lloc
517 3108 570 3155 et
595 3099 662 3154 de
693 3099 815 3155 ﬁliis
838 3108 996 3169 atque
1018 3099 1347 3169 parentibus,
1376 3097 1477 3153 hoc
1501 3097 1567 3151 de
1602 3097 1779 3151 fratri-

205 3189 286 3244 bus
305 3198 355 3246 et
382 3172 667 3247 sororibus
696 3191 1023 3261 intelligitur,
1056 3199 1274 3259 propter
1294 3189 1561 3243 Christum
1593 3204 1781 3244 omnes

206 3297 306 3337 esse
346 3281 732 3347 dimittendos,
766 3297 884 3335 cum
926 3280 1238 3351 proponitur
1278 3274 1378 3335 ista
1414 3280 1677 3343 conditio,
1726 3288 1783 3334 ut

205 3370 449 3428 Christum
493 3372 759 3437 dimittat,
800 3372 846 3427 si
886 3372 1005 3426 illos
1039 3386 1218 3426 secum
1265 3371 1459 3426 habere
1494 3372 1778 3426 desiderat.

206 3462 299 3517 Hoc
318 3480 439 3536 ergo
474 3473 536 3519 et
562 3463 629 3517 de
659 3464 817 3518 domo
844 3471 1000 3533 atque
1037 3463 1198 3533 agris,
1230 3462 1329 3517 hoc
1359 3472 1413 3517 et
1440 3462 1505 3517 de
1532 3463 1594 3516 iis
1622 3464 1781 3518 rebus

207 3569 306 3624 qua:
331 3556 446 3624 jure
481 3555 793 3625 pecuniario
833 3554 1196 3623 possidentur,
1232 3554 1330 3608 hoc
1369 3555 1486 3610 loco
1514 3556 1781 3626 accipien-

206 3644 310 3700 dum
329 3656 426 3703 est.
456 3646 720 3703 Similiter
744 3647 884 3702 enim
907 3648 1066 3702 etiam
1092 3648 1158 3702 de
1187 3648 1267 3701 his
1289 3664 1393 3702 non
1420 3652 1511 3713 ait,
1535 3650 1785 3717 Quicum-

206 3752 292 3806 que
332 3737 635 3793 vendiderit
678 3747 897 3808 propter
934 3754 1017 3793 me
1058 3754 1410 3810 qua-cumque
1455 3742 1658 3796 licitum
1699 3752 1779 3797 est

206 3831 445 3897 vendere;
482 3831 599 3895 sed,
641 3831 948 3900 Quicumque
978 3832 1235 3886 dimiserit.
1272 3834 1409 3889 Fieri
1440 3836 1582 3890 enim
1611 3846 1785 3906 potest

207 3931 254 3975 ut
277 3922 479 3977 dicatur
506 3922 798 3977 christiano
823 3924 889 3977 ab
908 3923 1079 3993 aliqua
1108 3933 1387 3993 potestate,
1413 3929 1516 3980 Aut
1542 3928 1784 3983 christia-

210 4028 292 4067 nus
319 4030 418 4068 non
452 4014 587 4079 eris,
616 4026 705 4068 aut
740 4015 784 4068 si
814 4016 864 4068 in
907 4015 1007 4070 hoc
1034 4033 1346 4086 permanere
1387 4020 1639 4085 volueris,
1686 4022 1782 4076 do-

211 4121 357 4173 mum,
385 4109 860 4179 possessionesque
894 4124 997 4163 non
1028 4110 1264 4166 habebis.
1299 4112 1447 4167 Tunc
1474 4128 1599 4168 vero
1621 4116 1779 4169 etiam

209 4198 272 4254 illi
297 4202 505 4268 divites,
538 4202 626 4273 qui
663 4202 713 4255 in
744 4203 855 4257 suis
898 4203 1093 4258 divitiis
1141 4204 1218 4258 sic
1246 4214 1541 4260 statuerant
1568 4223 1780 4276 perma-

211 4306 350 4359 nere,
397 4302 461 4349 ut
515 4309 582 4348 ex
634 4310 816 4348 earum
858 4295 1012 4349 bonis
1056 4296 1305 4365 operibus
1352 4308 1782 4366 promererentur

213 4383 384 4451 Deum,
424 4388 543 4441 hare
568 4386 835 4441 dimittant
863 4390 1036 4457 potius
1062 4398 1277 4458 propter
1304 4389 1591 4457 Christum,
1622 4408 1780 4462 quam

212 4492 405 4546 propter
426 4479 543 4533 hzec
566 4479 831 4533 Christum
852 4495 867 4543 ;
893 4488 947 4533 ut
966 4481 1227 4549 accipiant
1248 4482 1299 4536 in
1321 4483 1423 4537 hoc
1443 4486 1637 4538 szeculo
1657 4500 1783 4541 cen-

214 4573 419 4640 tuplum,
454 4573 606 4641 cujus
631 4573 833 4627 numeri
860 4573 1188 4643 perfectione
1213 4577 1579 4645 signiﬁcantur
1604 4581 1779 4634 omnia

216 4660 428 4732 (Fidelis
463 4665 649 4736 quippe
682 4666 896 4719 hominis
945 4675 1076 4721 totus
1112 4671 1327 4722 mundus
1356 4672 1642 4726 divitiarum
1670 4684 1780 4741 est;

213 4748 429 4825 ﬁuntque
450 4755 553 4809 hoc
579 4756 737 4809 modo
762 4758 911 4826 quasi
934 4758 1059 4811 nihil
1082 4758 1358 4825 habentes,
1382 4770 1433 4815 et
1458 4766 1632 4819 omnia
1660 4782 1782 4836 pos-

214 4842 432 4901 sidentes
462 4845 540 4919 μι
568 4844 685 4901 Cor.
715 4863 788 4913 v1,
822 4847 967 4919 10]),
996 4860 1049 4903 et
1081 4851 1131 4903 in
1165 4850 1340 4905 futuro
1374 4854 1571 4909 smculo
1606 4859 1781 4925 possi-

216 4934 356 4992 deant
374 4940 532 4993 vitam
556 4952 838 5007 aeternam;
867 4957 933 4995 ne
953 4952 1171 5012 propter
1192 4945 1287 4998 ista
1309 4945 1527 5002 dimisso
1546 4948 1779 5019 Christo,

217 5032 261 5081 in
282 5042 497 5087 mortem
530 5032 926 5102 praecipitentur
952 5043 1225 5089 aeternam.

277 5120 358 5175 35.
388 5121 494 5177 liae
520 5122 715 5192 quippe
741 5123 858 5193 lege
886 5132 939 5177 et
974 5125 1292 5192 conditione,
1343 5143 1445 5183 non
1475 5130 1546 5184 illi
1579 5138 1780 5187 tantum

218 5211 295 5279 qui
319 5216 501 5269 mentis
537 5214 847 5269 excellentia
879 5216 1217 5286 perfectionis
1254 5222 1531 5276 consilium
1562 5240 1781 5295 recepe-

218 5313 347 5369 runt,
378 5318 430 5361 ut
456 5307 669 5363 vendita
697 5324 788 5363 sua
820 5309 1136 5379 pauperibus
1172 5311 1568 5379 distribuerent,
1597 5325 1653 5372 et
1683 5318 1781 5370 hu-

220 5396 368 5451 meris
391 5398 452 5453 ab
476 5399 620 5453 omni
647 5399 824 5454 saeculi
848 5400 1003 5469 hujus
1024 5402 1228 5457 sarcina
1256 5404 1590 5461 liberioribus
1613 5409 1780 5465 levem

220 5481 399 5540 Christi
418 5490 675 5544 sarcinam
699 5491 931 5556 ferrent;
951 5492 1046 5547 sed
1066 5494 1223 5548 etiam
1241 5496 1478 5566 quisquis
1500 5498 1779 5567 inﬁrmior,

222 5582 274 5628 et
304 5576 375 5631 illi
409 5581 803 5650 gloriosissima:
831 5582 1141 5653 perfectioni
1179 5587 1355 5642 minus
1394 5590 1651 5658 idoneus,
1694 5597 1782 5664 qui

225 5672 388 5724 tamen
410 5674 707 5730 meminerit
732 5690 790 5729 se
821 5676 1080 5732 veraciter
1106 5693 1227 5735 esse
1254 5680 1600 5739 christianum
1618 5728 1631 5751 ,
1662 5701 1782 5743 cum

223 5759 430 5818 ludicrit
452 5766 549 5822 sibi
585 5768 807 5837 proponi
831 5768 971 5839 quod
1010 5769 1111 5826 nisi
1150 5770 1265 5829 haec
1288 5775 1463 5830 omnia
1499 5776 1779 5852 dimiserit,

3354 337 3464 396 690

1874 436 2187 494 dimissurus
2216 449 2296 495 est
2332 440 2600 498 Christum
2623 485 2636 511 ,
2672 445 3036 515 apprehendet
3062 449 3238 518 potius
3274 452 3464 507 turrim

1876 527 2198 586 fortitudinis
2228 548 2256 585 a
2289 534 2421 588 facie
2461 534 2661 590 inimici
2686 538 2704 607 (
2728 536 2872 591 Psal.
2916 554 3009 605 ιι,
3046 539 3114 610 4)
3145 558 3157 594 :
3187 541 3309 611 quia
3341 558 3466 600 cum

1876 637 1994 676 eam
2020 623 2072 677 in
2108 639 2202 679 sua
2230 626 2515 683 mdificaret
2551 628 2673 695 ﬁde,
2723 633 3049 700 computavit
3076 645 3316 705 sumptus
3347 640 3467 706 qui-

1875 714 1975 768 bus
2017 717 2198 805 perﬁci
2232 728 2413 788 posset
2454 719 2616 790 (Luc.
2647 736 2760 786 xxv,
2803 722 2932 795 28),
2973 724 3025 779 id
3054 733 3157 787 est.
3189 741 3256 781 eo
3283 728 3467 786 animo

1876 807 2103 863 accessit
2128 809 2195 863 ad
2234 808 2427 877 ﬁdem,
2467 818 2523 866 ut
2555 812 2675 867 huic
2704 814 2900 868 saeculo
2943 830 3047 869 non
3088 817 3261 872 solum
3288 818 3469 878 verbis

1877 900 2239 967 renuntiaret;
2264 902 2384 971 quia
2407 912 2459 956 et
2484 904 2527 956 si
2555 903 2682 957 emit
2702 905 2921 974 aliquid,
2944 914 3197 976 tanquam
3218 925 3323 966 non
3348 928 3471 982 pos-

1878 989 2058 1044 sidens
2085 999 2199 1045 erat
2218 1032 2232 1058 ,
2262 1002 2315 1046 et
2357 994 2400 1047 si
2428 994 2674 1049 utebatur
2704 995 2803 1050 hoc
2829 999 3048 1064 mundo,
3079 1008 3331 1072 tanquam
3356 1018 3467 1060 non

1878 1091 2033 1137 utens
2058 1092 2173 1137 erat
2198 1084 2250 1155 (l
2277 1084 2393 1138 Cor.
2425 1102 2517 1152 vn,
2552 1086 2641 1154 50,
2666 1086 2786 1159 51),
2812 1105 2917 1143 non
2939 1105 3160 1160 sperans
3184 1093 3239 1148 in
3265 1094 3471 1151 incerto

1878 1173 2199 1241 divitiarum,
2224 1175 2315 1230 sed
2343 1176 2397 1230 in
2430 1177 2538 1232 Deo
2567 1179 2703 1233 vivo.

1951 1264 2037 1319 54.
2061 1265 2193 1320 Cum
2211 1266 2351 1320 enim
2372 1268 2546 1320 omnis
2563 1269 2651 1337 qui
2677 1271 2945 1326 renuntiat
2969 1271 3092 1327 huic
3112 1276 3328 1342 saeculo,
3352 1276 3473 1333 sine

1879 1354 2041 1410 dubio
2064 1358 2329 1411 renuntiet
2350 1359 2597 1413 omnibus
2618 1376 2736 1428 quae
2757 1371 2879 1415 sunt
2900 1362 3033 1431 ejus,
3059 1372 3115 1418 ut
3135 1367 3305 1434 possit
3327 1366 3473 1423 Chri-

1882 1447 1946 1499 sti
1982 1462 2100 1501 esse
2136 1447 2424 1516 discipulus
2454 1449 2600 1521 (ipse
2633 1451 2793 1515 enim,
2828 1468 2947 1506 eum
2977 1454 3043 1508 de
3081 1457 3377 1533 sumptibus
3403 1458 3473 1514 ad

1882 1538 2044 1590 turris
2070 1538 2353 1592 aediﬁcium
2387 1542 2722 1608 necessariis,
2757 1552 2812 1597 et
2835 1542 2901 1598 de
2930 1544 3068 1599 bello
3098 1546 3353 1622 adversus
3386 1564 3473 1604 re-

1881 1642 2000 1698 gem
2034 1629 2260 1683 alterum
2293 1633 2664 1701 przeparando,
2704 1635 3078 1691 similitudines
3105 1640 3470 1707 praamisisset,

1882 1720 2121 1790 adjunxit
2150 1722 2227 1775 sic
2252 1739 2263 1774 :
2297 1722 2395 1787 Qui
2420 1741 2521 1778 non
2544 1728 2798 1779 renuntiat
2819 1727 3045 1781 omnibus
3064 1745 3176 1798 qua:
3199 1741 3313 1784 sunt
3340 1748 3470 1801 8]."8,

1883 1829 1985 1866 non
2013 1822 2172 1884 potest
2203 1831 2342 1868 meus
2368 1832 2472 1869 esse
2509 1817 2788 1888 discipulus
2820 1817 2982 1890 [Luc.
3012 1836 3127 1885 xw,
3156 1819 3285 1893 55])
3309 1838 3322 1886 ;
3351 1836 3475 1890 pro-

1884 1905 2022 1960 fecto
2063 1907 2333 1960 renuntiat
2362 1909 2521 1962 etiam
2548 1908 2743 1963 divitiis
2769 1911 2901 1975 suis,
2934 1912 2979 1966 si
3008 1927 3139 1982 quas
3170 1913 3351 1981 habet,
3380 1922 3475 1969 aut

1883 1998 1960 2051 sic
1987 2006 2043 2051 ut
2073 2013 2162 2051 eas
2189 1999 2406 2054 omnino
2436 2016 2541 2053 non
2577 2000 2823 2071 diligens,
2854 2011 2989 2056 totas
3022 2004 3302 2059 distribuat
3332 2007 3474 2061 indi-

1884 2090 2150 2157 gentibus,
2180 2100 2234 2144 et
2259 2090 2543 2158 superﬁuis
2569 2101 2888 2148 exoneretur
2915 2093 3172 2159 sarcinis;
3200 2105 3291 2150 aut
3316 2097 3394 2152 sic
3416 2105 3475 2153 ut

1884 2183 2003 2249 plus
2024 2180 2247 2251 diligens
2263 2181 2533 2236 Christum
2554 2197 2703 2252 spem
2726 2184 2792 2239 ab
2806 2185 2885 2239 eis
2906 2186 3250 2240 transleratin
3274 2187 3471 2255 ipsum,

1884 2282 2042 2342 atque
2073 2275 2143 2326 ita
2181 2282 2359 2328 utatur
2400 2274 2525 2341 illis,
2560 2283 2619 2330 ut
2644 2274 2799 2331 facile
2827 2278 3066 2333 tribuens
3094 2286 3148 2333 et
3170 2284 3473 2335 communi-

1885 2378 2047 2428 cans,
2088 2365 2412 2420 thesaurizet
2440 2366 2493 2421 in
2526 2367 2697 2433 ccelo;
2736 2377 3055 2439 paratusque
3092 2370 3183 2437 sit,
3214 2372 3475 2440 quemad-

1886 2454 2100 2507 modum
2133 2464 2381 2523 parentes
2409 2464 2463 2510 et
2498 2457 2636 2513 ﬁlios
2674 2466 2728 2513 et
2763 2458 2953 2514 fratres
2995 2468 3049 2514 et
3086 2476 3342 2527 uxorem,
3374 2462 3477 2519 hoc

1886 2545 2047 2599 modo
2076 2554 2130 2601 et
2174 2547 2301 2601 istas
2337 2547 2639 2619 relinquere
2663 2592 2678 2617 ,
2710 2550 2757 2605 si
2786 2551 2902 2605 talis
2941 2551 3176 2606 conditio
3206 2554 3478 2622 proposita

1887 2639 2066 2708 fuerit,
2099 2652 2157 2697 ut
2192 2644 2292 2697 nisi
2324 2643 2543 2699 dimisso
2566 2642 2778 2700 Christo
2808 2661 2898 2701 cas
2929 2646 3123 2701 habere
3148 2662 3254 2701 non
3283 2648 3473 2717 possit.

1886 2734 2017 2789 Nam
2055 2736 2101 2790 si
2129 2737 2284 2791 aliter
2324 2736 2446 2791 huic
2489 2739 2685 2793 smcnlo
2713 2741 3004 2808 renuntiat,
3033 2741 3245 2811 quando
3271 2743 3479 2800 accedit

1886 2824 1952 2879 ad
1978 2825 2097 2880 ﬁdei
2122 2837 2535 2894 sacramentum,
2566 2828 2691 2883 facit
2713 2831 2852 2899 quod
2884 2831 2950 2885 de
2976 2832 3140 2901 lapsis
3162 2833 3348 2889 beatus
3371 2833 3477 2906 Cy—

1888 2918 2105 2987 prianus
2142 2918 2389 2987 ingemit,
2423 2921 2644 2976 dicens:
2679 2921 2884 2976 Steculo
2928 2926 3086 2978 verbis
3122 2925 3244 2980 solis
3285 2944 3476 2982 renun-

1886 3010 2085 3077 tiantes,
2114 3019 2161 3063 et
2200 3028 2297 3064 non
2325 3012 2491 3079 factis.
2523 3014 2599 3069 De
2628 3013 2735 3069 hoc
2759 3016 2953 3086 quippe
2988 3017 3204 3086 dicitur,
3235 3034 3355 3075 cum
3379 3036 3476 3076 ve-

1888 3109 2067 3163 niente
2096 3109 2387 3165 tentatioue
2428 3112 2595 3181 magis
2634 3112 2732 3166 ista
2770 3114 2960 3167 metuit
2995 3115 3273 3181 amittere,
3315 3132 3476 3187 quam

1886 3199 2159 3254 Christum
2199 3217 2396 3272 negare
2426 3221 2438 3255 :
2472 3203 2603 3258 Ecce
2627 3204 2776 3258 homo
2808 3206 2895 3275 qui
2931 3207 3078 3275 coepit
3111 3206 3384 3276 tediﬁcare,
3427 3216 3477 3263 et

1887 3311 1987 3348 non
2028 3296 2187 3366 potuit
2226 3297 2483 3367 perﬁcere.
2523 3296 2639 3366 Ipse
2676 3306 2758 3352 est
2794 3300 2951 3353 etiam
2979 3298 3104 3368 qui,
3142 3314 3264 3355 cum
3302 3300 3477 3358 adhuc

1888 3388 2046 3459 longe
2076 3398 2221 3444 esset
2255 3390 2592 3445 adversarius
2630 3391 2767 3460 ejus,
2801 3392 2945 3446 misit
2989 3392 3190 3461 legatos
3227 3408 3477 3463 quaerens

1886 3496 2101 3550 pacem;
2146 3481 2198 3535 id
2224 3489 2339 3546 est,
2382 3483 2615 3537 nondum
2638 3483 2940 3554 afﬁigente,
2970 3483 3063 3539 sed
3098 3483 3272 3540 adhuc
3298 3486 3477 3541 immi-

1888 3580 2048 3627 nente
2078 3587 2139 3627 ac
2166 3574 2403 3628 minante
2442 3576 2755 3643 tentatione,
2795 3583 2855 3629 ut
2896 3574 2960 3629 iis
2987 3589 3092 3631 non
3127 3587 3325 3641 careat,
3354 3592 3476 3647 quas

1886 3662 2007 3732 plus
2053 3663 2241 3733 diligit,
2274 3664 2339 3718 ad
2371 3651 2775 3735 relinquendum
2822 3665 3089 3722 Christum
3143 3668 3475 3738 negandum-

1887 3770 1989 3823 que
2026 3756 2310 3811 consentit.
2352 3757 2417 3810 Et
2478 3758 2627 3811 multi
2671 3766 2795 3812 sunt
2838 3757 2992 3824 tales,
3048 3758 3137 3829 qui
3176 3759 3335 3814 etiam
3372 3775 3473 3830 pu-

1888 3854 1999 3899 tant
2040 3847 2136 3900 sibi
2188 3846 2252 3900 ad
2298 3847 2567 3916 augendas
2613 3863 2744 3918 opes
2785 3862 2929 3914 suas,
2984 3856 3037 3903 et
3077 3849 3475 3920 multiplicauda

1884 3935 2269 3991 delectamenta
2315 3947 2545 4004 terrena,
2594 3940 2905 4008 religionem
2954 3940 3232 4010 suffragari
3277 3941 3475 3999 debere

1886 4026 2250 4081 christianam.

1958 4120 2045 4175 55.
2080 4120 2184 4175 Sed
2216 4135 2318 4175 non
2350 4130 2476 4175 sunt
2508 4122 2638 4176 tales
2671 4122 2861 4176 divites
2897 4120 3195 4187 christiani,
3226 4124 3317 4194 qui
3346 4124 3475 4181 licet

1886 4211 1985 4265 ista
2018 4218 2266 4277 teneant,
2306 4226 2409 4265 non
2438 4220 2613 4266 tamen
2652 4212 2719 4267 ab
2756 4212 2833 4266 eis
2859 4212 2929 4266 ita
2960 4220 3207 4267 tenentur
3228 4254 3243 4278 ,
3274 4222 3332 4268 ut
3360 4213 3475 4270 haec

1886 4300 2101 4356 Christo
2128 4311 2485 4371 anteponant;
2511 4304 2632 4372 quia
2662 4305 2837 4359 veraci
2862 4303 3027 4360 corde
3052 4306 3249 4361 smeulo
3269 4321 3474 4362 renun-

1890 4394 2104 4459 tiarunt,
2137 4403 2192 4448 ut
2217 4396 2414 4449 nullam
2450 4410 2597 4465 spem
2628 4397 2678 4450 in
2708 4396 2897 4452 talibus
2932 4406 3149 4468 ponant.
3177 4398 3244 4455 Hi
3278 4413 3474 4458 uxores

1887 4500 1941 4544 et
1967 4490 2107 4545 ﬁlios
2138 4491 2517 4560 universasque
2544 4490 2771 4546 familias
2791 4491 2857 4546 ad
2882 4493 3227 4549 christianam
3254 4494 3474 4565 religio-

1886 4597 2008 4636 nem
2034 4582 2311 4636 tenendam
2336 4596 2462 4635 sana
2485 4582 2733 4636 erudiunt
2753 4582 3049 4653 disciplina.
3066 4584 3265 4639 Horum
3281 4585 3476 4640 domus

1889 4673 2248 4742 hospitalitate
2288 4672 2588 4737 ferventes,
2621 4674 2884 4743 recipiunt
2921 4674 3123 4744 justum
3158 4674 3212 4727 in
3254 4675 3474 4729 nomine

1883 4767 2028 4836 justi,
2064 4768 2131 4819 'ut
2172 4766 2471 4821 mercedem
2516 4768 2641 4836 justi
2682 4767 2942 4838 accipiant
2981 4766 3200 4839 (Matth.
3241 4782 3297 4831 ι,
3343 4766 3468 4839 41).

1887 4858 2157 4927 Frangunt
2197 4857 2449 4912 esurienti
2491 4874 2683 4928 panem
2725 4874 2914 4923 suum,
2965 4856 3162 4912 nudum
3202 4857 3466 4924 vestiunt,

1886 4952 2149 5021 captivum
2182 4951 2449 5005 redimunt
2475 4951 2639 5022 (Isai.
2674 4968 2815 5010 Lvm.
2843 4953 2895 5013 7,
2923 4959 2968 5004 et
2996 4949 3181 5004 Matth.
3216 4966 3344 5019 xxv,
3375 4952 3468 5020 '55,

1887 5041 2012 5113 '56),
2045 5041 2404 5096 tbesaurizant
2432 5042 2532 5096 sibi
2563 5042 2957 5096 fundamentum
2993 5040 3190 5095 bonum
3228 5042 3280 5096 in
3326 5041 3471 5097 futu-

1887 5152 2029 5200 rum,
2049 5144 2106 5188 ut
2120 5135 2520 5204 apprehendant
2539 5150 2715 5189 veram
2740 5134 2920 5187 vitam.
2941 5134 3005 5188 Et
3025 5134 3070 5189 si
3091 5131 3228 5190 forte
3250 5149 3345 5205 pro
3365 5135 3469 5190 ﬁde

1888 5229 2081 5282 Christi
2116 5230 2414 5297 pecuniaria
2452 5228 2644 5282 damna
2673 5227 3017 5296 perpetienda
3057 5237 3211 5292 sunt,
3240 5226 3469 5282 oderunt

1888 5321 2095 5376 divitias
2140 5336 2264 5375 suas
2302 5340 2315 5375 :
2361 5322 2403 5375 si
2444 5336 2659 5374 suorum
2698 5319 2956 5374 orbitates
2984 5320 3066 5374 vel
3106 5318 3469 5389 separationes

1888 5430 1985 5483 pro
2021 5414 2234 5469 Christo
2262 5415 2491 5468 minatur
2516 5413 2600 5465 hic
2628 5412 2854 5466 mundus
2873 5453 2888 5476 ,
2914 5412 3142 5467 oderunt
3175 5416 3427 5480 parentes
3449 5449 3465 5473 ,

1886 5507 2096 5571 fratres,
2130 5507 2283 5572 ﬁlios,
2315 5521 2506 5560 uxores
2531 5523 2542 5557 :
2568 5515 2837 5575 postremo
2861 5506 2907 5560 si
2934 5505 3002 5559 de
3029 5505 3141 5573 ipsa
3163 5502 3320 5570 hujus
3345 5516 3467 5556 cor-

1887 5601 2031 5671 poris
2053 5602 2301 5675 vita‘cum
2329 5600 2633 5655 adversario
2654 5598 3025 5671 paciscendum
3056 5606 3157 5665 est,
3185 5612 3252 5652 ne
3277 5597 3465 5652 deser-

1888 5701 1971 5747 tus
1997 5692 2212 5748 deserat
2235 5690 2492 5757 Christus,
2534 5691 2761 5747 oderunt
2788 5692 3004 5760 insuper
3031 5689 3261 5745 animam
3290 5703 3462 5745 suam.
3540 5684 3541 5687 “

1888 5785 1964 5841 De
1989 5784 2065 5857 iis
2097 5783 2292 5855 quippe
2325 5782 2573 5840 omnibus
2600 5783 2908 5839 mandatum
2945 5790 3297 5854 acceperunt,
3325 5778 3466 5854 quod
