4004 6372
632 463 787 520 aliter
824 457 1069 530 discipuli
1105 454 1303 512 ChrlSti
1344 467 1461 509 esse
1499 465 1601 505 non
1643 446 1845 520 possint
1885 444 2046 517 (Luc.
2084 460 2175 498 xw
2199 486 2214 511 ,

631 554 722 623 se,
750 552 883 626 εγ).

706 642 795 701 36.
842 639 952 699 Nec
992 650 1168 697 tamen
1210 637 1329 709 quia
1361 642 1680 706 praeceptum
1710 640 1792 687 est
1818 632 1895 685 eis
1926 639 1983 683 ut
2011 626 2221 683 oderint

636 750 733 808 pro
768 732 980 790 Christo
1015 741 1069 785 et
1101 728 1306 785 animas
1336 740 1459 781 suas
1482 766 1496 789 ,
1529 721 1833 778 vendendas
1864 736 1953 776 cas
1978 721 2215 784 habent,

634 836 728 883 aut
772 824 929 880 illatis
968 822 1066 877 sibi
1102 818 1343 875 manibus
1367 815 1713 872 effundendas
1741 833 1753 869 :
1785 812 1879 869 sed
1906 814 2072 884 parati
2097 819 2222 867 sunt

635 931 725 973 eas
746 914 990 971 amittere
1004 954 1020 980 ,
1047 926 1144 983 pro
1165 906 1361 964 Christi
1391 908 1603 962 nomine
1624 905 1919 967 moriendo,
1942 920 2008 958 ne
2032 901 2222 957 mortui

633 1009 852 1075 vivant,
897 1002 1166 1059 Christum
1210 999 1475 1072 negando.
1530 1000 1619 1053 Sic
1656 999 1815 1053 etiam
1861 994 2108 1060 divitias,
2158 992 2223 1047 ad

633 1112 765 1169 quas
806 1094 1109 1152 vendendas
1140 1092 1303 1163 parati
1332 1107 1434 1145 non
1462 1088 1673 1145 fuerunt
1696 1095 1946 1143 monente
1970 1084 2182 1142 Christo
2205 1126 2220 1151 ,

637 1191 703 1245 ad
746 1187 1043 1259 perdendas
1069 1201 1160 1241 eas
1189 1184 1385 1239 debent
1416 1183 1582 1253 parati
1610 1196 1729 1237 esse
1758 1196 1853 1250 pro
1882 1178 2094 1235 Christo
2114 1219 2128 1244 ,
2158 1191 2225 1231 ne

634 1295 753 1334 cum
797 1276 876 1333 eis
909 1285 1127 1347 pereant
1153 1274 1361 1346 perdito
1386 1272 1622 1328 Christo.
1658 1271 1921 1326 Habemus
1950 1269 2072 1323 hinc
2098 1268 2226 1322 utri-

634 1384 802 1440 usque
841 1383 1001 1423 sexus
1028 1366 1219 1421 divites
1248 1364 1674 1433 clarissimasque
1704 1376 1957 1433 personas
1986 1357 2225 1431 martyrii

633 1458 798 1531 gloria
836 1456 1167 1513 sublimatas.
1214 1456 1285 1509 ita
1314 1455 1462 1509 multi
1494 1470 1624 1524 quos
1650 1467 1825 1507 rerum
1853 1466 2066 1505 suarum
2094 1465 2223 1505 ven-

634 1551 834 1606 ditione
860 1549 1101 1620 piguerat
1126 1556 1246 1601 ante
1279 1546 1493 1615 perlici,
1522 1544 1716 1599 Christi
1749 1544 1949 1597 imitata
1982 1542 2228 1612 passione

637 1654 760 1701 sunt
783 1651 1005 1712 repente
1036 1639 1299 1711 perfecti;
1332 1649 1383 1693 ct
1412 1640 1499 1708 qui
1532 1638 1837 1693 nominllatn
1866 1634 2226 1691 infirmitatem

636 1733 814 1789 carnis
836 1740 889 1786 et
906 1731 1179 1801 sanguinis
1202 1728 1309 1783 suis
1335 1728 1531 1783 divitiis
1552 1726 1907 1798 perfecerunt,
1934 1726 2109 1781 subito
2134 1725 2227 1779 ad-

640 1837 823 1880 versus
857 1831 1130 1896 peccatum
1162 1835 1257 1890 pro
1288 1819 1391 1874 fide
1420 1834 1585 1890 usque
1614 1820 1679 1872 ad
1710 1820 2021 1889 sanguinem
2053 1827 2225 1872 certa-

637 1920 783 1971 runt.
825 1913 1027 1983 Quibus
1070 1921 1245 1965 autem
1296 1925 1399 1963 non
1446 1910 1687 1980 provenit
1723 1925 1915 1963 corona
1951 1908 2222 1979 martyrii,

639 2020 811 2076 neque
837 2004 977 2058 illius
1006 2000 1340 2072 perfectionis
1369 1999 1437 2055 de
1459 1998 1750 2055 vendendis
1778 2000 1939 2054 rebus
1965 2001 2074 2054 suis
2096 2016 2225 2055 con-

638 2096 812 2150 silium
858 2102 963 2147 tam
999 2090 1199 2162 grande
1228 2102 1439 2161 tamque
1463 2089 1773 2162 praeclarum
1802 2099 2145 2160 receperunt,
2176 2098 2229 2145 et

637 2194 813 2241 tamen
839 2200 868 2239 a
896 2181 1286 2238 damnabilibus
1310 2179 1889 2236 immunescriminibus
1905 2182 2227 2237 esurientem

638 2276 909 2333 Christum
951 2282 1245 2345 paverunt,
1275 2273 1474 2328 sitienti
1500 2284 1680 2343 p0tum
1708 2272 2001 2337 dederunt,
2030 2273 2227 2327 nudum

638 2368 952 2431 vestierunt,
978 2366 1402 2435 peregrinantem
1427 2374 1811 2433 susceperunt;
1839 2381 1943 2418 non
1968 2364 2232 2420 sedehunt

639 2459 851 2531 quidem
897 2472 1017 2513 cum
1065 2458 1275 2511 Christo
1322 2456 1621 2510 sublimiter
1658 2456 1975 2525 judicaturi,
2026 2455 2115 2510 sed
2164 2456 2228 2509 ad

642 2550 807 2621 ipsius
822 2550 1092 2605 dexteram
1111 2549 1325 2602 stabunt
1347 2546 1757 2601 misericorditer
1772 2546 2037 2616 judicandi
2056 2544 2228 2618 (Matt.

640 2658 781 2710 xxv,
809 2640 1018 2711 54-40).
1048 2641 1193 2695 Beati
1216 2641 1354 2694 enim
1380 2640 1753 2694 misericordes
1771 2683 1784 2704 ,
1811 2640 2058 2709 quoniam
2083 2640 2220 2708 ipso-

642 2752 757 2791 rum
800 2734 1138 2790 miserebitur
1178 2735 1315 2787 Deus
1357 2731 1464 2804 (Id.
1515 2748 1580 2797 v,
1626 2732 1703 2804 7).
1746 2732 1815 2787 Et
1834 2733 2088 2801 judicium
2116 2734 2231 2787 sine

643 2825 1005 2882 misericordia
1039 2825 1128 2879 [iet
1153 2824 1225 2877 illi
1254 2825 1340 2893 qui
1368 2837 1471 2876 non
1497 2822 1620 2877 fecit
1643 2824 2057 2878 misericordiam
2093 2844 2103 2877 :
2137 2839 2231 2878 su-

642 2918 966 2989 perexsultnt
985 2924 1158 2969 autem
1181 2914 1540 2968 misericordia
1561 2913 1760 2983 judicio
1785 2912 1983 2986 (Jacobi
2008 2917 2025 2968 1
2046 2917 2087 2973 1.
2120 2917 2227 2989 15).

715 3011 806 3065 37.
848 3007 1076 3064 Proinde
1118 3006 1203 3060 isti
1250 3006 1491 3060 desinant
1515 3013 1699 3061 contra
1729 3006 2030 3075 Scripturas
2059 3007 2229 3077 loqui,

644 3112 701 3157 ct
744 3102 795 3155 in
838 3100 949 3155 suis
986 3097 1440 3153 exhortationibus
1463 3097 1531 3152 ad
1560 3097 1760 3167 majora
1788 3099 1863 3151 sic
1888 3099 2148 3164 excitent,
2178 3107 2234 3151 ut

648 3193 853 3247 minora
894 3207 998 3245 non
1032 3191 1303 3245 damnent.
1346 3189 1480 3244 Num
1511 3191 1653 3244 enim
1678 3200 1732 3245 et
1755 3200 1992 3245 sanctam
2018 3191 2235 3259 virgini-

648 3293 812 3339 tatem
839 3284 994 3338 aliter
1016 3282 1347 3337 exhortando
1374 3282 1695 3352 persnadere
1721 3296 1825 3337 non
1849 3292 2100 3351 possunt,
2133 3284 2233 3338 nisi

649 3375 946 3445 eonjugalia
963 3374 1171 3427 vincula
1182 3372 1571 3438 damnaverint,
1582 3387 1703 3428 cum
1720 3372 1944 3427 docente
1957 3374 1994 3425 Α
2005 3373 2233 3440 postolo,

652 3467 1012 3535 unusquisque
1032 3463 1230 3518 donum
1260 3463 1525 3531 proprium
1544 3462 1734 3517 habeat
1753 3478 1782 3516 a
1807 3464 1934 3525 Deo,
1957 3463 2091 3517 alius
2119 3463 2195 3517 sic
2218 3505 2233 3529 ,

647 3557 783 3614 alius
801 3565 975 3610 autem
991 3556 1068 3611 sic
1088 3553 1130 3627 (Ι
1140 3554 1255 3609 Cor.
1271 3569 1361 3619 vn,
1380 3554 1459 3626 7)?
1474 3553 1761 3631 Ambulent
1775 3555 1949 3624 itaque
1961 3555 2241 3624 perfectio-

650 3646 733 3701 nis
774 3646 911 3701 viam
932 3688 945 3708 ,
989 3644 1217 3699 venditis
1246 3644 1490 3697 omnibus
1511 3643 1623 3697 suis
1643 3644 1803 3698 rebus
1821 3686 1835 3708 ,
1861 3656 1915 3699 et
1939 3646 2241 3701 misericor-

649 3739 789 3795 diter
825 3739 1078 3809 erogatis.
1117 3737 1222 3794 Sed
1266 3738 1311 3792 si
1350 3754 1475 3791 vere
1502 3753 1760 3809 pauperes
1782 3739 1978 3795 Christi
2006 3749 2157 3804 sunt,
2187 3750 2241 3795 et

653 3846 756 3885 non
778 3829 909 3894 sibi,
936 3829 1030 3883 sed
1056 3828 1275 3884 Christo
1303 3829 1589 3899 colligunt,
1623 3828 1913 3884 infirmiora
1936 3832 2051 3901 ejus
2071 3847 2239 3885 mem-

652 3923 745 3978 bra
793 3938 954 3993 quare
1000 3924 1221 3992 puniunt
1260 3931 1549 3992 antequam
1574 3923 1732 3978 sedes
1755 3923 2057 3992 judiciarias
2083 3940 2238 3980 acce-

653 4014 865 4086 perint?
892 4016 945 4069 Si
976 4016 1116 4069 enim
1147 4015 1273 4069 tales
1303 4023 1459 4068 erunt
1478 4056 1493 4080 ,
1517 4014 1763 4083 qualibus
1799 4016 2050 4069 Dominus
2073 4016 2235 4083 dicit,

651 4108 901 4165 Seaebitis
949 4122 1101 4177 super
1142 4106 1408 4159 duodecim
1452 4105 1628 4171 sedes,
1667 4106 1956 4175 iudicantes
1982 4108 2239 4161 duodecim

650 4197 808 4250 tribus
852 4194 1016 4250 Israel
1056 4195 1271 4265 (Matth.
1304 4212 1394 4250 χιι
1418 4238 1431 4261 ,
1458 4196 1553 4266 28)
1577 4213 1592 4261 ;
1624 4204 1679 4251 et
1705 4196 1774 4251 de
1795 4197 2037 4266 qualibus
2066 4199 2238 4267 Apos-

651 4292 791 4344 tolus
857 4290 987 4343 dicit
1017 4331 1029 4350 ,
1090 4288 1304 4343 Nescitis
1353 4290 1591 4360 quoniam
1644 4289 1861 4361 Angelos
1898 4289 2240 4361 judicabimus

653 4382 699 4453 (l
746 4382 864 4436 Cor.
892 4397 945 4435 Vl
968 4424 980 4445 ,
1015 4382 1069 4453 ὅ)
1094 4399 1107 4447 ;
1141 4392 1436 4451 praeparent
1459 4399 1517 4437 se
1547 4384 1720 4452 potius
1750 4400 1853 4437 non
1883 4385 2235 4455 criminosus,

650 4474 744 4532 sed
774 4472 1049 4542 religiosos
1078 4472 1268 4527 divites
1287 4474 1525 4542 recipere
1558 4475 1611 4528 in
1642 4474 1977 4529 tabernacula
1998 4484 2197 4530 aeterna
2217 4518 2232 4540 ,

650 4580 679 4617 a
729 4564 919 4635 quibus
966 4563 1119 4619 amici
1171 4563 1290 4617 facti
1336 4574 1461 4617 sunt
1499 4565 1568 4620 de
1601 4580 1899 4621 mammona
1946 4567 2239 4637 iniquitatis

649 4655 799 4725 (lac.
832 4671 949 4716 xvi.
977 4652 1057 4726 9).
1087 4654 1221 4708 Puto
1246 4653 1389 4709 enim
1410 4655 1548 4725 quod
1569 4657 1782 4726 quidam
1803 4672 1985 4713 eorum
2014 4660 2103 4729 qui
2124 4660 2238 4714 haec

650 4750 987 4821 impudenter
1027 4758 1187 4820 atque
1228 4749 1592 4819 imprudenter
1626 4750 1897 4822 garriunt,
1930 4768 1957 4805 a
1986 4752 2237 4807 divitibus

649 4844 956 4899 christianis
996 4851 1051 4897 et
1078 4843 1176 4912 piis
1203 4843 1256 4895 in
1284 4843 1391 4895 suis
1424 4842 1823 4897 necessitatibus
1849 4852 2233 4898 sustentantur.

652 4934 818 4988 liabet
862 4934 1033 5016 enim.
1050 4933 1285 4987 Ecclesia
1328 4931 1719 5002 quodammodo
1757 4948 1879 4986 suos
1918 4934 2144 4995 milites,
2179 4940 2237 4987 et

648 5026 1038 5094 quodammodo
1059 5026 1409 5096 provinciales
1434 5043 1446 5078 :
1476 5024 1612 5078 unde
1634 5024 1761 5079 dicit
1782 5025 2086 5095 Apostolus.
2108 5024 2236 5089 Quis

647 5117 831 5171 militat
876 5117 982 5171 suis
1027 5118 1288 5187 stipendiis
1335 5117 1603 5187 unquam?
1652 5116 1814 5171 Habet
1858 5126 1912 5171 et
1948 5118 2155 5171 vineam
2180 5126 2236 5173 et

650 5212 969 5281 plantatores
989 5252 1003 5271 ,
1049 5210 1209 5265 habet
1233 5226 1446 5280 gregem
1474 5218 1530 5265 et
1557 5219 1797 5279 pastores
1830 5227 1842 5262 :
1876 5209 2015 5265 unde
2041 5225 2232 5264 conse-

645 5310 872 5373 quenter
906 5300 1064 5364 dicit,
1098 5300 1226 5373 Δριιὶε
1262 5302 1455 5370 plantat
1488 5302 1683 5355 vineam
1704 5342 1717 5364 ,
1759 5310 1806 5353 et
1841 5300 1905 5353 de
1938 5306 2103 5369 fructu
2124 5303 2234 5373 ejus

647 5410 748 5449 non
784 5394 884 5449 edit
905 5396 931 5448 7
964 5393 1080 5465 quis
1104 5393 1263 5464 pascit
1286 5409 1513 5463 gregem,
1544 5402 1589 5447 et
1617 5393 1678 5446 de
1707 5393 1835 5446 lacte
1853 5392 1965 5460 ejus
1989 5408 2089 5444 non
2114 5407 2231 5460 per-

645 5487 768 5558 cipit
811 5487 855 5559 (l
894 5486 1012 5543 Cor.
1052 5501 1110 5541 ιι
1130 5528 1143 5551 ,
1186 5486 1242 5555 7)
1263 5485 1286 5538 ἲ
1309 5484 1559 5551 Quamvis
1587 5485 1704 5539 talia
1732 5485 2032 5554 disputare,
2056 5483 2232 5552 qualia

646 5580 733 5635 isti
760 5581 1056 5650 disputant,
1085 5596 1190 5635 non
1212 5580 1282 5634 sit
1307 5580 1563 5645 militare,
1587 5579 1684 5633 sed
1708 5578 2002 5641 rebellare;
2029 5590 2132 5630 non
2160 5576 2232 5630 sit

646 5673 888 5744 plantare
921 5674 1161 5742 vineam,
1206 5672 1304 5729 sed
1343 5672 1653 5739 eradicare;
1698 5688 1802 5727 non
1844 5671 1911 5725 sit
1940 5669 2232 5739 pascendos

647 5778 1003 5835 congregare.
1026 5764 1123 5821 sed
1152 5764 1455 5836 perdendos
1479 5779 1510 5821 a
1536 5779 1698 5838 grege
1720 5778 1991 5835 separare.

1880 333 1939 389 s.
1977 328 2343 389 AUGUSTINI
2371 327 2675 387 EPISCOPI
3743 338 3827 399 ω,

2397 442 2485 497 58.
2517 443 2663 497 Sicut
2688 452 2862 497 autem
2885 443 2984 513 ipsi
3003 443 3093 514 qui
3113 442 3328 499 divitum
3348 444 3590 517 religiosis
3607 450 3822 525 obsequiis

2323 534 2536 587 aluntur
2575 542 2732 602 atque
2776 533 3071 588 vestiuntur
3103 532 3295 605 (neque
3320 536 3454 590 enim
3476 537 3535 589 ad
3560 553 3666 595 suas
3686 557 3826 599 neres-

2322 624 2504 679 sitates
2549 622 2673 678 nihil
2718 624 3018 696 accipiunt,
3068 626 3168 680 nisi
3213 625 3279 679 ab
3308 627 3385 681 eis
3410 629 3491 696 qni
3517 644 3595 683 res
3616 646 3718 687 suas
3736 651 3831 691 vcn-

2323 714 2505 788 dunt),
2535 731 2638 770 non
2667 725 2841 771 tamen
2862 712 3166 785 judicantur
3190 726 3342 788 atque
3369 718 3671 776 damnantur
3695 725 3747 778 ab
3766 741 3831 781 ex.

2325 805 2721 861 cellentioribus
2765 805 2964 860 Christi
3012 806 3299 870 membris,
3349 808 3433 878 qui
3472 809 3642 879 majori
3661 813 3831 877 virtute,

2326 914 2481 967 quam
2515 898 2737 952 multum
2762 896 3097 953 commendat
3117 898 3398 967 Apostolus
3418 943 3432 967 ,
3456 904 3558 956 suis
3576 918 3627 956 se
3646 906 3835 960 manibus

2327 988 2623 1058 transigunt
2647 986 2781 1063 (Act.
2809 1004 2877 1043 xx
2898 1032 2911 1053 ,
2942 986 3033 1061 54)
3072 1008 3083 1042 :
3113 990 3189 1043 sic
3217 1003 3313 1043 nec
3336 989 3419 1045 isti
3440 991 3670 1047 damnare
3691 994 3837 1051 debent

2327 1080 2594 1135 inferioris
2628 1080 2803 1137 meriti
2831 1080 3179 1147 christianos,
3208 1097 3427 1151 quorum
3455 1082 3627 1150 opibus
3651 1086 3665 1116 ¹
3691 1089 3836 1141 trans.

2327 1181 2559 1243 guntur;
2588 1172 2682 1228 sed
2708 1181 2852 1228 recte
2880 1172 3108 1227 ViVCndt)
3130 1180 3184 1227 et
3206 1182 3346 1228 recte
3372 1172 3600 1229 docendo
3622 1177 3760 1246 magis
3780 1181 3838 1234 eis

2329 1263 2535 1329 dicere,
2580 1263 2641 1319 Si
2667 1280 2759 1319 nos
2784 1262 2921 1318 vobis
2946 1261 3236 1335 spiritantia
3263 1264 3629 1333 seminavimus,
3656 1283 3842 1336 magnum

2330 1365 2401 1409 est
2430 1356 2475 1409 si
2518 1364 2679 1409 uestra
2721 1352 2951 1409 carnalia
2991 1364 3230 1410 metamus
3263 1352 3303 1424 (l
3333 1353 3447 1410 Car.
3475 1371 3526 1410 ις
3549 1398 3563 1420 ,
3590 1354 3843 1427 ll)?llulto

2330 1448 2523 1519 quippe
2550 1445 2739 1502 minori
2760 1444 3085 1517 impudentia
3107 1448 3244 1501 servi
3270 1446 3388 1511 Dei,
3413 1448 3497 1517 qui
3521 1461 3738 1502 manuum
3757 1462 3845 1503 sua-

2329 1554 2448 1594 rum
2483 1538 2721 1595 honestis
2747 1540 2997 1611 operibus
3029 1538 3255 1596 venditis
3279 1540 3459 1594 vivunt
3476 1581 3490 1605 ,
3513 1539 3733 1595 damnant
3752 1541 3846 1596 istos

2330 1646 2359 1686 a
2386 1632 2576 1704 quibus
2604 1632 2729 1687 nihil
2752 1633 3037 1703 accipiunt,
3060 1647 3217 1703 quam
3246 1632 3331 1687 isti
3356 1632 3440 1703 qui
3456 1643 3656 1703 propter
3670 1632 3846 1703 aliquam

2330 1726 2567 1796 corporis
2612 1727 2969 1783 inlirmitatem
2995 1743 3101 1783 non
3131 1728 3368 1783 valentes
3396 1728 3628 1782 manibus
3653 1729 3847 1797 operari,

2331 1816 2584 1873 damnant
2608 1836 2701 1874 eos
2730 1821 2872 1891 ipsos
2893 1819 2958 1876 de
2983 1836 3205 1893 quorum
3234 1819 3563 1875 facultatibus
3583 1821 3754 1875 vivunt.

2401 1909 2485 1965 39.
2538 1911 2647 1982 Ego
2686 1911 2775 1981 qui
2812 1912 2922 1965 hare
2947 1912 3152 1976 scribo,
3185 1911 3555 1980 perfectionem
3584 1910 3644 1965 dc
3666 1926 3752 1981 qua
3776 1910 3849 1967 llo-

2332 2003 2507 2057 minns
2533 2004 2734 2059 locutus
2761 2013 2860 2067 est,
2894 2004 3104 2074 quando
3124 2004 3196 2057 ait
3215 2004 3364 2058 diviti
3389 2002 3707 2069 adolescenti,
3729 2001 3847 2071 Vade,

2332 2096 2487 2150 vende
2528 2095 2697 2149 omnia
2744 2110 2855 2161 qua:
2900 2094 3068 2161 habes,
3093 2105 3140 2149 et
3187 2094 3254 2148 da
3295 2094 3615 2165 pauperibus,
3641 2094 3850 2148 ethabebis

2333 2187 2621 2241 thesaurum
2642 2187 2693 2239 in
2718 2187 2840 2240 caelo
2854 2204 2873 2250 ;
2889 2195 2933 2239 et
2959 2186 3087 2247 veni.
3115 2202 3321 2256 sequere
3338 2202 3414 2239 me
3436 2185 3633 2256 (.llattlt.
3655 2185 3849 2255 xuﬁl),

2336 2278 2677 2332 vehementer
2704 2277 2963 2337 adamavi.
2984 2289 3031 2332 et
3052 2293 3153 2331 non
3170 2276 3303 2330 meis
3315 2276 3531 2339 viribus,
3552 2276 3636 2331 sed
3649 2277 3784 2346 gratia
3800 2275 3835 2346 ip

2335 2370 2445 2424 sius
2462 2369 2742 2439 adjuvante
2764 2370 2839 2425 sic
2862 2369 2979 2424 feci.
3008 2368 3190 2440 Neque
3207 2367 3349 2424 enim
3372 2369 3490 2438 quia
3509 2369 3645 2422 dives
3663 2384 3748 2421 non
3773 2366 3846 2431 fui,

2337 2460 2455 2516 ideo
2476 2463 2649 2516 minus
2680 2462 2809 2516 mihi
2828 2463 3167 2531 imputabitur
3186 2480 3198 2515 :
3220 2476 3341 2521 nam
3358 2477 3527 2531 neque
3544 2460 3631 2531 ipsi
3650 2459 3851 2531 Apostoli,

2334 2554 2421 2623 qui
2468 2554 2672 2623 priores
2710 2553 2810 2607 hoc
2838 2552 3109 2618 fecerunt,
3142 2553 3333 2607 divites
3360 2551 3583 2606 fuerunt.
3611 2550 3705 2606 Sed
3731 2559 3852 2604 totum

2338 2646 2587 2700 mundum
2635 2645 2852 2700 dimittit
2896 2646 2983 2715 qui
3029 2653 3082 2698 ct
3127 2644 3251 2697 illud
3296 2643 3437 2715 quod
3479 2642 3658 2710 habet,
3686 2639 3852 2711 etquod

2336 2748 2480 2810 optat
2511 2739 2707 2793 habere
2728 2782 2741 2805 ,
2770 2738 3002 2793 dimittit.
3034 2739 3299 2804 Quantum
3329 2746 3502 2791 autem
3546 2738 3593 2791 in
3631 2736 3715 2790 hac
3731 2733 3854 2805 perie-

2336 2830 2527 2885 ctionis
2556 2830 2635 2883 via
2670 2829 3187 2899 profecerim,magis
3216 2828 3432 2898 quidem
3464 2829 3577 2883 novi
3602 2841 3718 2899 ego,
3742 2840 3851 2897 quam

2336 2922 2609 2991 quisquam
2650 2920 2785 2975 alios
2823 2919 2981 2974 homo
3007 2936 3021 2981 ;
3051 2919 3142 2973 sed
3173 2921 3342 2991 magis
3372 2919 3507 2974 Deus
3532 2935 3674 2991 quam
3698 2932 3789 2988 ego.
3812 2917 3855 2971 Et

2335 3010 2401 3064 ad
2424 3010 2523 3063 hoc
2547 2991 2870 3079 propositum
2892 3010 3101 3081 quantis
3123 3024 3342 3079 possum
3366 3010 3558 3064 viribus
3577 3011 3694 3064 alios
3710 3008 3856 3063 exhor-

2337 3111 2451 3163 tor,
2495 3109 2549 3156 et
2590 3101 2643 3155 in
2692 3108 2903 3156 nomine
2951 3101 3159 3155 Domini
3200 3101 3378 3157 habeo
3403 3109 3690 3166 consortes,
3715 3100 3858 3170 quibus

2337 3191 2438 3247 hoc
2466 3207 2559 3261 per
2580 3208 2753 3246 meum
2786 3192 3131 3245 ministerium
3157 3207 3472 3261 persuasum
3501 3202 3578 3245 est
3606 3210 3616 3243 :
3644 3193 3709 3245 sic
3728 3199 3857 3244 tamen
3956 3180 3957 3183 “

2340 3293 2395 3338 ιιι
2437 3284 2704 3355 praecipue
2744 3298 2869 3337 sana
2912 3282 3147 3337 doctrina
3179 3292 3455 3347 teneatur,
3484 3298 3577 3338 nec
3600 3296 3681 3337 eos
3702 3280 3771 3350 qui
3791 3281 3858 3335 ista

2341 3390 2446 3428 non
2470 3373 2701 3437 faciunt,
2733 3388 2863 3427 vana
2891 3374 3222 3428 contumacia
3240 3374 3569 3441 judicemus,
3593 3370 3859 3426 dicentcscis

2341 3465 2471 3519 nihil
2505 3465 2756 3534 prodesse
2787 3465 2924 3536 quod
2957 3465 3175 3534 pudice,
3206 3466 3451 3534 quamvis
3480 3460 3859 3533 conjugalitervj-

2341 3567 2467 3612 vunt
2495 3601 2509 3625 ,
2537 3558 2676 3629 quod
2699 3558 2887 3612 domos
2916 3573 3034 3611 suas
3066 3567 3119 3613 et
3150 3557 3379 3612 familias
3399 3557 3672 3610 Christiane
3692 3560 3856 3623 regunt.

2342 3650 2479 3721 quod
2501 3650 2752 3719 operibus
2778 3648 3151 3702 misrricordia:
3172 3648 3272 3703 sibi
3294 3649 3642 3703 thesaurizant
3664 3648 3706 3699 in
3727 3652 3858 3713 poste-

2341 3758 2492 3807 rum;
2527 3758 2589 3794 ne
2617 3741 2715 3795 ista
2738 3740 3069 3808 disputando.
3093 3754 3196 3793 non
3221 3739 3858 3811 Scripturarumsanctamm

2342 3842 2656 3888 tractatores
2674 3873 2689 3897 ,
2715 3831 2806 3885 sed
2834 3846 3015 3885 earum
3041 3839 3380 3887 accusatores
3404 3832 3728 3886 inveniamur.
3748 3822 3857 3893 Quod

2342 3924 2460 3979 ideo
2486 3924 2918 3989 commemoravi,
2950 3922 3197 3992 quoniam
3230 3921 3339 3989 isti,
3374 3923 3581 3992 quando
3606 3922 3709 3975 talia
3729 3918 3858 3971 dicere

2344 4016 2691 4085 prohibentur
2716 4013 2784 4068 ab
2809 4014 2887 4069 eis
2912 4013 2997 4084 qui
3032 4015 3130 4068 hoc
3152 4014 3365 4068 Domini
3396 4014 3657 4068 consilium
3682 4026 3765 4064 non
3788 4023 3851 4059 ee-

2342 4114 2562 4178 perunt,
2600 4104 2918 4175 reSpondent
2939 4119 3031 4160 eos
3055 4106 3177 4160 talia
3200 4105 3458 4176 disputari
3488 4105 3639 4167 nolle,
3663 4099 3858 4173 quoniam

2341 4198 2481 4252 vitiis
2522 4198 2634 4251 suis
2678 4196 2854 4251 favent
2873 4238 2887 4263 ,
2930 4203 2983 4251 et
3011 4195 3273 4251 dominica
3301 4208 3562 4267 praecepta
3590 4193 3775 4264 implere
3795 4189 3861 4243 de-

2342 4297 2571 4343 trectant
2598 4306 2613 4341 :
2646 4288 2793 4358 quasi
2826 4304 2929 4342 non
2953 4330 2967 4353 ,
2998 4298 3055 4342 ut
3080 4287 3145 4342 de
3171 4288 3234 4342 iis
3263 4298 3469 4343 taceam
3495 4331 3509 4354 ,
3539 4286 3650 4359 qui,
3679 4286 3777 4338 licet
3797 4281 3859 4335 in-

2342 4373 2604 4428 ﬁrmiores
2624 4415 2639 4439 ,
2672 4374 2918 4443 religiose
2942 4381 3117 4427 tamen
3144 4381 3365 4427 utuntur
3388 4373 3579 4427 divitiis
3598 4414 3611 4437 ,
3632 4370 3764 4425 etiam
3787 4362 3857 4433 ipsi

2339 4466 2515 4535 cupidi
2564 4474 2622 4519 et
2667 4467 2809 4518 avari
2852 4464 2991 4519 male
3021 4464 3103 4517 his
3132 4474 3341 4519 utentes
3361 4507 3375 4530 ,
3403 4473 3459 4519 et
3487 4465 3537 4517 in
3568 4472 3751 4517 terreno
3771 4456 3855 4510 the-

2338 4570 2498 4610 sauro
2534 4570 2630 4610 cor
2670 4556 2864 4609 luteum
2920 4554 3172 4624 ligentes,
3197 4555 3319 4623 quia
3349 4563 3404 4608 et
3431 4556 3570 4624 ipsos
3596 4560 3778 4606 necesse
3799 4552 3857 4598 est

2340 4662 2505 4716 usque
2532 4647 2598 4700 ad
2630 4647 2788 4701 linem
2820 4655 2995 4715 portet
3024 4645 3255 4701 Ecclesia
3274 4686 3289 4710 ,
3322 4645 3460 4699 sicut
3489 4645 3571 4699 illa
3598 4642 3713 4697 retia
3734 4648 3855 4703 usque

2337 4740 2404 4796 ad
2432 4740 2578 4794 littus
2605 4739 2776 4808 pisces
2805 4738 2970 4793 malos
2999 4736 3189 4809 (Idem,
3221 4752 3319 4791 xm
3338 4779 3351 4801 ,
3382 4738 3451 4791 47
3470 4779 3483 4799 ,
3520 4734 3626 4807 48),
3656 4724 3853 4788 tolerabi-

2339 4833 2500 4887 liores
2526 4832 2576 4886 in
2604 4847 2666 4885 ea
2697 4834 2803 4884 sint
2823 4845 2978 4900 quam
3007 4831 3090 4884 isti
3116 4870 3132 4894 ,
3163 4831 3251 4899 qui
3283 4831 3403 4884 talia
3436 4820 3796 4884 sermocinando
3816 4822 3854 4870 et

2336 4923 2733 4981 disseminando
2758 4964 2771 4986 ,
2814 4923 2885 4975 ita
2922 4937 2980 4976 se
3007 4922 3169 4976 videri
3202 4936 3422 4991 magnos
3447 4922 3647 4984 volunt,
3671 4913 3769 4985 quia
3788 4907 3849 4961 di-

2338 5018 2493 5071 vitias
2534 5031 2657 5071 snas
2701 5017 2781 5069 vel
2826 5015 3304 5085 quantulacumque
3344 5012 3647 5085 patrimonia
3675 5016 3850 5075 exprm-

2336 5118 2491 5177 cepto
2520 5107 2723 5161 Domini
2756 5105 3137 5171 vendiderunt,
3167 5116 3222 5158 ut
3240 5106 3355 5175 ejus
3381 5102 3850 5164 lnrreditatemﬁuz

2338 5215 2503 5269 usque
2548 5198 2613 5251 ad
2662 5197 2795 5251 lines
2841 5206 2996 5251 terra:
3028 5196 3277 5249 dilatatur
3303 5206 3460 5264 atque
3486 5191 3760 5248 dill‘unditur
3776 5184 3849 5237 hac

2334 5293 2571 5347 doctrina
2622 5306 2726 5343 non
2779 5305 2905 5343 sana
2952 5288 3263 5358 perturbare
3305 5297 3461 5359 atque
3508 5292 3726 5341 evertere
3760 5290 3849 5332 m0-

2338 5385 2545 5438 liautur.

2405 5474 2630 5531 CAPUT
2661 5473 2726 5528 V.
2753 5474 2928 5529 ~40.
2954 5472 3111 5529 Unde
3151 5474 3271 5543 quia
3296 5488 3360 5527 ex
3391 5470 3490 5525 bac
3517 5467 3708 5539 quidem
3730 5473 3848 5518 orca-

2334 5569 2483 5622 sione
2503 5608 2517 5630 ,
2545 5566 2637 5622 sed
2669 5576 2843 5619 tamen
2864 5565 2971 5635 jam
3000 5566 3229 5619 breviter
3253 5564 3354 5618 dixi
3382 5562 3503 5633 quid
3530 5561 3674 5615 etiam
3696 5554 3750 5608 de
3766 5550 3845 5605 Ec-

2331 5698 2850 5831 opébiddqoperibus,
2871 5698 3134 5764 cujusloco
3156 5698 3487 5751 unusevatic.
3508 5681 3847 5748 mw
