4004 6384
190 409 324 467 clesia
349 402 534 461 Christi
560 401 615 455 in
641 398 746 454 hoc
771 393 970 452 saeculo
988 389 1215 450 sentiam
1233 430 1250 457 ,
1278 386 1333 444 id
1359 395 1479 453 est,
1505 384 1627 455 quia
1652 396 1743 437 us-

188 514 274 572 que
292 496 355 553 ad
382 495 536 551 ﬁnem
556 490 715 560 nntius
733 486 915 543 saeculi
944 497 1164 540 necesse
1189 489 1273 536 est
1300 484 1477 550 portet
1500 476 1670 530 bonos
1688 479 1751 561 et.

188 568 331 647 [illius
346 628 362 653 ,
385 583 632 656 quoniam
657 588 713 638 et
736 579 839 634 hoc
862 577 1002 633 Inter
1024 583 1140 630 tuas
1168 571 1495 642 quaestiones
1515 568 1745 620 interro-

182 681 295 755 gain
310 718 327 744 ,
357 677 611 747 prolixam
629 670 908 743 epistolam
932 668 1041 740 iam
1064 664 1281 722 tandem
1307 656 1593 730 aliquando
1614 670 1746 755 con-

183 747 383 829 cludam.
394 764 724 823 iurationem
736 776 867 818 cave
881 765 1137 831 quantum
1155 763 1328 825 potes.
1349 751 1537 809 Melius
1549 747 1747 818 quippe

183 878 267 921 nec
306 862 483 916 verum
523 857 765 928 iuratur,
806 868 967 925 quam
1009 848 1222 922 iurandi
1250 842 1665 906 consuetudine,
1692 846 1749 896 et

182 959 225 1012 in
264 950 542 1023 periurium
583 962 729 1017 smpe
773 945 1015 1007 ceditur,
1043 950 1096 996 et
1120 952 1334 1009 semper
1358 933 1591 1005 periurio

182 1019 455 1120 pinqualur.
494 1039 601 1096 Sed
640 1037 753 1104 illi,
796 1045 1050 1107 quantum
1094 1031 1300 1100 aliquos
1322 1040 1506 1082 eorum
1536 1019 1746 1087 audivi,

180 1116 285 1209 quid
307 1136 376 1191 sit
399 1134 579 1204 iurare
607 1143 824 1202 prorsus
856 1128 1100 1199 ignorant
1127 1140 1141 1177 :
1176 1127 1359 1192 putant
1383 1116 1525 1175 enim
1555 1130 1614 1171 se
1642 1128 1751 1169 non

181 1204 355 1301 iurare,
377 1224 589 1297 quando
612 1223 664 1278 in
688 1237 779 1276 ore
801 1219 1020 1283 habent,
1043 1216 1154 1273 Scit
1178 1214 1315 1267 Deus
1337 1210 1404 1278 (ll
1421 1208 1539 1264 Cor.
1551 1221 1651 1301 an,
1669 1204 1749 1275 2);

185 1298 249 1386 et,
286 1318 439 1374 Testis
476 1325 549 1371 est
582 1313 719 1368 Deus
749 1311 925 1381 (Rom.
964 1324 1009 1374 ι,
1043 1306 1107 1374 9,
1134 1314 1181 1361 et
1208 1302 1441 1374 Philipp.
1464 1315 1511 1364 ι,
1540 1298 1637 1369 8);
1665 1303 1749 1365 et,

188 1412 362 1469 Testem
390 1409 551 1463 Deum
577 1407 751 1461 invoco
785 1416 935 1473 super
959 1401 1180 1454 animum
1209 1412 1370 1450 meam
1418 1398 1438 1462 ί
1465 1391 1509 1446 ll
1534 1389 1654 1446 Cor.
1686 1389 1712 1443 1
1732 1427 1750 1455 ,

187 1506 297 1576 23);
328 1503 446 1571 quia
476 1516 581 1555 non
606 1498 799 1555 dicitur
818 1538 833 1563 ,
862 1494 966 1551 Per
994 1494 1154 1548 Deum
1172 1531 1186 1556 ,
1214 1498 1269 1545 et
1295 1489 1418 1558 quia
1446 1485 1567 1540 talia
1593 1495 1750 1551 repe-

190 1599 372 1654 riuntur
397 1595 448 1649 in
470 1592 711 1662 apostolo
737 1589 919 1647 Paulo.
942 1586 1046 1642 Sed
1070 1586 1229 1641 etiam
1256 1583 1343 1638 illa
1368 1580 1437 1634 ibi
1458 1584 1644 1632 contra
1660 1588 1756 1630 eos

193 1690 380 1745 inventa
427 1694 509 1741 est
555 1698 713 1755 quam
742 1684 758 1716 ⁸
789 1680 1111 1737 conﬁtentur
1138 1692 1258 1734 esse
1281 1673 1637 1744 iurationem,
1668 1664 1759 1723 ubi

191 1789 251 1837 att
286 1778 567 1849 Apostolus
597 1794 611 1831 :
645 1774 877 1842 Quotidie
906 1771 1127 1837 morior,
1156 1785 1245 1839 per
1267 1776 1482 1822 vestram
1505 1763 1757 1836 gloriam,

196 1858 381 1936 fratres,
430 1886 582 1941 quam
635 1867 790 1922 habeo
836 1868 890 1920 in
935 1864 1134 1921 Christo
1176 1860 1301 1916 Iesu
1333 1858 1556 1913 Domino
1589 1862 1761 1912 nostro

195 1964 229 2033 (Ι
257 1962 363 2019 Cor.
380 1975 478 2026 xv,
496 1960 557 2015 5i
572 1960 611 2028 ).
632 1957 686 2011 In
701 1956 889 2027 graecis
904 1955 1048 2010 enim
1068 1952 1339 2008 codicibus
1360 1949 1627 2021 reperitur
1644 1960 1762 2002 om-

194 2054 300 2108 nino
337 2066 457 2107 esse
498 2049 638 2105 hanc
674 2047 997 2118 iurationem
1031 2062 1046 2100 :
1077 2059 1143 2100 ne
1173 2043 1293 2113 quis
1320 2042 1371 2096 in
1399 2040 1558 2095 latina
1582 2039 1762 2108 lingua

196 2144 281 2201 hoc
315 2142 391 2199 sic
436 2140 694 2209 intelligat
728 2138 960 2205 dictum,
1005 2152 1094 2208 per
1113 2144 1328 2190 vestram
1352 2132 1602 2204 gloriam,
1632 2144 1766 2201 quo-

196 2233 334 2290 modo
358 2232 555 2289 dictum
582 2239 693 2296 est,
725 2246 814 2303 per
843 2245 1009 2284 nicum
1038 2228 1312 2282 adventum
1340 2228 1520 2281 iterum
1549 2225 1616 2279 ad
1640 2238 1764 2290 vos;

195 2336 239 2382 et
275 2327 432 2381 multa
461 2324 654 2380 similia
675 2365 689 2387 ,
718 2321 808 2377 ubi
835 2321 1058 2386 dicitur,
1090 2335 1184 2389 per
1209 2317 1406 2388 aliquid
1426 2357 1442 2382 ,
1474 2325 1528 2373 et
1554 2330 1660 2370 non
1686 2321 1769 2370 est

193 2418 386 2491 iuratio.
408 2417 511 2475 Sed
534 2432 646 2473 non
670 2415 792 2471 ideo
820 2414 942 2485 quia
964 2413 1017 2467 in
1041 2412 1151 2467 suis
1171 2410 1389 2466 Litteris
1405 2408 1603 2479 iuravit
1626 2408 1769 2476 Apo-

204 2510 386 2576 stolus,
416 2510 499 2565 vir
519 2509 573 2563 in
602 2507 825 2563 veritate
854 2503 1190 2560 ﬁrmissimus
1208 2540 1226 2570 ,
1256 2500 1411 2556 ludus
1433 2499 1586 2555 nobis
1610 2498 1771 2553 debet

197 2618 299 2659 esse
330 2601 541 2672 iuratio.
582 2599 746 2654 Multo
771 2599 915 2653 enim
939 2596 1103 2651 tutius
1123 2636 1139 2662 ,
1170 2602 1229 2651 ut
1255 2594 1392 2658 dixi,
1423 2601 1675 2664 quantum
1702 2590 1770 2647 ad

200 2709 283 2750 nos
316 2694 531 2759 attinet,
574 2706 843 2762 nunquam
863 2690 1139 2760 iuramus;
1167 2694 1225 2743 ut
1247 2687 1318 2741 sit
1343 2687 1397 2743 in
1425 2701 1520 2741 ore
1550 2693 1769 2754 nostro,

200 2786 305 2853 Est,
336 2797 447 2852 est;
477 2803 578 2841 non
599 2826 614 2850 ,
642 2802 774 2853 non,
802 2784 940 2839 sicut
966 2782 1222 2839 Dominus
1253 2787 1437 2836 monet
1463 2778 1674 2851 (Matth.
1704 2794 1766 2845 v,

200 2876 299 2950 57).
325 2877 436 2932 Non
460 2878 582 2947 quia
615 2884 888 2946 peccatum
918 2883 1001 2929 est
1019 2912 1036 2930 .
1067 2887 1249 2929 verum
1275 2870 1457 2942 iurare
1487 2889 1500 2926 :
1532 2870 1626 2925 sed
1650 2871 1773 2940 quia

196 2968 547 3040 gravissimum
593 2975 869 3038 peccatum
915 2973 999 3022 est
1025 2964 1214 3021 falsum
1232 2963 1455 3035 iurare;
1486 2977 1590 3031 quo
1618 2962 1774 3019 citius

201 3060 328 3116 cadit
353 3060 440 3132 qui
462 3058 739 3114 consuevit
754 3058 955 3129 iurare.

258 3154 341 3211 tl.
388 3152 657 3222 Accepisti
696 3151 835 3222 quod
862 3149 994 3205 mihi
1017 3148 1226 3205 videtur
1257 3163 1271 3201 :
1301 3146 1491 3203 melius
1509 3153 1777 3216 exponant

199 3245 285 3301 ista
326 3246 608 3311 meliores;
653 3258 759 3298 non
800 3242 887 3298 isti
919 3256 1143 3311 quorum
1175 3238 1299 3295 novi
1317 3238 1430 3310 iam
1457 3238 1775 3294 sententiam

200 3336 603 3409 reprobandam,
645 3333 739 3389 sed
774 3333 863 3388 alii
889 3332 978 3403 qui
1006 3330 1268 3388 veraciter
1295 3338 1535 3402 possunt.
1562 3329 1693 3385 Nam
1720 3335 1778 3385 et

200 3443 287 3499 ego
315 3428 546 3497 paratior
574 3440 693 3481 sum
722 3424 900 3480 dicere
926 3439 1087 3495 quam
1113 3422 1346 3489 docere;
1372 3429 1427 3478 et
1450 3431 1503 3477 tu
1526 3436 1776 3492 magnum

202 3517 429 3575 conteres
476 3516 793 3574 beneﬁcium
813 3555 828 3579 ,
875 3515 919 3570 si
959 3529 1021 3569 ea
1046 3529 1165 3584 qua:
1194 3513 1305 3570 illic
1327 3529 1357 3568 a
1382 3513 1579 3570 sanctis
1603 3513 1780 3569 fratri-

202 3607 289 3663 bus
313 3607 569 3664 adversus
594 3605 818 3661 istorum
844 3604 1143 3673 vaniloquia
1173 3601 1508 3659 disseruntur
1527 3644 1540 3667 ,
1565 3618 1669 3656 non
1692 3618 1779 3660 me

205 3697 350 3755 iacias
376 3698 642 3769 ignorare.
668 3693 727 3750 In
757 3694 982 3750 Domino
1008 3700 1153 3748 recte
1182 3703 1236 3748 et
1262 3692 1488 3749 ﬁdeliter
1507 3694 1675 3761 vivas,
1697 3693 1780 3748 di-

204 3788 477 3845 lectissime
505 3788 599 3842 ﬁli.

619 3901 952 3959 EPISTOLA
975 3897 1176 3955 CLVIII
1204 3903 1221 3923 ‘
1238 3896 1339 3972 (α).

202 4019 413 4075 Euodius
446 4015 710 4074 Usalensis
736 4015 1001 4088 episcopus
1028 4011 1306 4066 laudabiles
1328 4025 1491 4065 mores
1510 4025 1569 4062 ac
1585 4008 1781 4079 felicem

265 4110 589 4167 adolescentis
635 4108 902 4180 cujusdam
941 4105 1127 4160 obitum
1156 4114 1477 4177 prosecutus,
1506 4105 1708 4176 eiusque
1736 4111 1782 4157 et

270 4206 483 4260 aliorum
512 4203 865 4274 defunctorum
890 4199 1109 4253 narratis
1130 4197 1546 4267 apparitionibus,
1573 4196 1782 4265 inquirit

269 4308 437 4351 utrum
457 4295 629 4349 anima
661 4310 749 4365 per
778 4300 986 4347 mortem
1013 4289 1180 4345 soluta
1201 4305 1300 4343 non
1324 4289 1460 4342 omni
1480 4297 1646 4341 careat
1666 4304 1782 4341 cor-

270 4403 411 4459 pore,
455 4402 555 4460 quo
590 4384 747 4458 possit
774 4383 898 4455 ferri
924 4383 985 4437 de
1013 4381 1122 4437 loco
1146 4380 1200 4435 in
1221 4379 1404 4435 locum.
1434 4378 1565 4433 Tum
1589 4378 1785 4433 edoceri

270 4482 403 4553 cupit
440 4497 540 4553 qua
582 4479 724 4534 varia
760 4480 955 4532 ratione
989 4473 1052 4530 de
1084 4474 1192 4530 Deo
1222 4482 1268 4529 et
1295 4475 1580 4529 hominibus
1602 4475 1786 4528 dicitur

271 4574 536 4646 sapientia.

218 4687 425 4755 Domino
453 4684 934 4756 venerabiliterque
965 4682 1311 4738 dilectissimo
1343 4680 1497 4737 fratri
1528 4689 1581 4737 et
1600 4695 1788 4737 consa-

280 4776 474 4837 cerdoti
494 4779 816 4842 Auens'rmo,
841 4788 895 4832 et
913 4775 1161 4830 fratribus
1178 4774 1267 4844 qui
1287 4782 1457 4828 tecum
1480 4781 1633 4841 sunt,
1657 4774 1791 4830 Evo-

285 4887 415 4939 otos,
430 4880 482 4926 et
502 4867 698 4926 fratres
717 4868 804 4939 qui
827 4882 1036 4923 mecum
1057 4872 1201 4931 sunt,
1223 4864 1273 4918 in
1296 4864 1520 4917 Domino
1540 4863 1787 4919 salutem.

290 4964 334 5018 I.
366 4962 595 5018 Debitum
620 4962 795 5033 ﬂagito
817 4956 1040 5031 epistoltz
1060 4974 1210 5028 quam
1238 4957 1386 5022 misi;
1412 4966 1456 5010 et
1476 4957 1607 5010 volui
1628 4958 1789 5028 primo

230 5056 340 5112 illud
374 5060 565 5114 discere
589 5056 722 5127 quod
755 5054 1060 5125 interrogavi
1082 5093 1095 5117 ,
1128 5062 1174 5107 et
1205 5061 1375 5122 postea
1403 5051 1495 5104 hoc
1520 5051 1787 5116 requirere.

228 5146 344 5202 Audi
369 5166 503 5215 rem,
535 5148 652 5217 quia
681 5147 906 5217 dignaris
924 5186 939 5211 ,
971 5161 1082 5215 qua:
1108 5160 1185 5197 me
1210 5144 1326 5214 fecit
1350 5143 1717 5212 impatientem,
1738 5149 1792 5194 ut

228 5241 329 5295 etid
347 5244 634 5313 festinarent
661 5257 823 5305 nosse,
840 5241 882 5292 si
910 5238 1022 5308 ﬁeri
1049 5236 1300 5307 potest,in
1329 5236 1423 5288 hac
1454 5236 1572 5288 vita.
1606 5234 1795 5299 Quem-

284 5374 301 5405 ⁸
451 5380 504 5424 et
527 5370 885 5445 pleriqueatss.,
902 5380 995 5445 non
1009 5365 1307 5433 conﬁtentur.
1327 5372 1397 5417 At.
1418 5367 1525 5416 Bad.
1543 5372 1797 5418 ωλι-,ει

232 5440 304 5483 tis.
325 5437 513 5486 Cisterc.
541 5435 802 5497 negatione
825 5439 1011 5483 carent.

290 5521 305 5539 ‘
339 5519 396 5570 Ad
419 5522 634 5571 codicem
660 5519 948 5579 vaticauum,
973 5517 1023 5566 in
1044 5529 1143 5580 quo
1186 5514 1292 5565 solo
1315 5523 1393 5565 Ms.
1420 5514 1686 5577 reperitur,
1710 5524 1795 5563 re.

234 5584 407 5645 comata
430 5593 524 5645 est,
550 5590 603 5634 et
630 5582 686 5631 ad
712 5587 819 5631 ων.

289 5666 363 5733 (a)_
388 5668 506 5721 Alias
546 5667 813 5733 2358mm
854 5670 1018 5716 autem
1064 5662 1154 5715 158
1176 5668 1300 5724 erat,
1323 5673 1452 5712 nunc
1485 5658 1593 5711 139.
1616 5660 1796 5722 scripta

237 5738 309 5777 mo
330 5731 512 5797 didier
530 5730 643 5787 tu.

1339 199 1815 326 EPIS'IOLARUM
1853 261 2125 319 CLASSIS
2161 260 2245 317 Ill.

3324 258 3429 317 69L

1843 380 1963 433 dam
2030 395 2239 449 puerum
2278 376 2431 431 habui
2490 376 2767 445 presbyteri
2807 374 3011 427 Armeni
3039 373 3336 427 Melonitani
3367 375 3430 428 ﬁ-

1845 472 1970 526 lium
2010 473 2258 525 notarium
2295 485 2313 523 :
2348 470 2481 522 hunc
2510 470 2623 537 jam
2662 466 2844 520 satculo
2873 481 2926 519 se
2958 474 3283 533 mergentem,
3313 481 3433 516 nam

1846 562 2143 616 scholastica
2175 561 2483 629 proconsulis
2512 558 2815 627 excipiebat,
2848 572 2934 623 per
2957 571 3116 608 meam
3145 554 3271 606 eruit
3293 552 3429 608 Deus
3526 592 3535 598 ο

1849 653 2198 707 humilitatem.
2236 651 2353 705 Fuit
2382 652 2601 722 quidem,
2624 659 2678 703 ut
2700 649 2903 718 puerilis
2930 657 3051 701 tetas
3076 646 3239 711 habet,
3266 661 3434 714 prorn-

1850 752 1966 815 ptus
1985 785 2000 809 ,
2040 743 2407 811 aliquantulum
2449 742 2694 810 inquietus
2713 780 2727 804 ,
2758 749 2804 793 et
2831 737 3093 793 accedente
3118 746 3267 791 (etate
3295 737 3437 806 (nam

1849 838 2086 909 vigesimo
2139 846 2185 890 et
2231 835 2450 891 secundo
2484 851 2617 887 anno
2673 830 2934 902 solvitur),
2974 831 3046 883 ita
3074 847 3186 884 eum
3215 830 3436 900 gravitas

1851 943 2081 992 morum,
2130 935 2175 980 et
2217 934 2385 979 custos
2426 923 2556 978 bona
2601 925 2704 977 vita
2748 922 2962 988 ornavit,
2999 927 3057 974 ut
3081 920 3203 974 satis
3228 918 3441 974 delectet

1854 1021 1962 1091 ejus
2005 1017 2186 1073 habere
2219 1020 2529 1073 memoriam.
2568 1016 2694 1069 Erat
2738 1023 2906 1068 autem
2938 1021 3169 1066 strenuus
3193 1010 3244 1064 in
3272 1010 3439 1076 notis,

1854 1120 1904 1165 et
1950 1110 2003 1163 in
2042 1109 2303 1164 scribendo
2347 1110 2466 1162 bene
2494 1107 2805 1171 laboriosus,
2834 1101 3091 1158 studiosus
3114 1116 3310 1172 quoque
3336 1116 3442 1156 esse

1856 1212 2070 1274 coeperat
2097 1203 2346 1265 lectionis,
2376 1210 2429 1255 ut
2448 1202 2563 1272 ipse
2586 1214 2748 1253 meam
2775 1194 3059 1251 tarditatem
3078 1210 3231 1248 causa
3246 1192 3443 1263 legendi

1858 1297 2113 1349 nocturnis
2157 1295 2294 1348 horis
2337 1295 2727 1355 exhortaretur;
2766 1304 2886 1343 nam
2923 1285 3183 1355 aliquanto
3220 1293 3444 1355 tempore

1859 1388 2019 1442 noctis
2048 1387 2172 1440 mihi
2201 1387 2307 1455 ipse
2334 1384 2521 1457 legebat
2542 1426 2555 1448 ,
2587 1399 2701 1437 cum
2727 1380 2895 1435 omnia
2918 1379 3172 1433 siluissent
3201 1392 3328 1431 :nec
3348 1393 3440 1431 vo-

1861 1477 1990 1533 lebat
2017 1478 2267 1547 praaterire
2304 1478 2598 1542 lectionem,
2638 1473 2737 1527 nisi
2762 1471 3120 1536 intellexisset,
3148 1476 3195 1523 et
3226 1469 3369 1523 tertio
3396 1477 3445 1523 et
3528 1528 3533 1535 ί

1861 1580 2038 1641 quarto
2057 1568 2337 1639 repetebat,
2370 1577 2417 1621 et
2442 1583 2530 1621 nec
2552 1564 2828 1620 dimittebat
2850 1603 2867 1631 ,
2892 1562 2990 1616 nisi
3010 1561 3105 1616 sibi
3128 1559 3447 1630 apparuisset

1861 1663 1997 1734 quod
2025 1662 2295 1731 quaerebat.
2327 1658 2588 1732 Coeperam
2617 1675 2728 1712 eum
2753 1673 2853 1711 non
2876 1655 3019 1725 quasi
3046 1669 3257 1725 puerum
3286 1661 3333 1706 et
3357 1668 3450 1705 no-

1865 1756 2049 1809 tarium
2088 1753 2295 1820 habere,
2326 1751 2415 1806 sed
2441 1753 2658 1804 anticum
2683 1747 2947 1819 quemdam
2970 1746 3091 1799 satis
3118 1742 3452 1797 necessarium

1864 1856 1913 1903 et
1930 1861 2150 1902 suavem.
2180 1843 2507 1900 Delectabant
2527 1844 2657 1897 enim
2680 1858 2759 1894 me
2780 1840 2964 1912 fabula:
2988 1838 3169 1909 ipsius.

1934 1938 1990 1993 2.
2025 1936 2243 2009 Optabat
2265 1952 2475 2008 quoque,
2506 1933 2640 2005 quod
2664 1935 2708 2013 ei
2735 1932 3015 2002 prtleilum
3038 1939 3140 1995 est,
3169 1928 3378 1984 dissolvi
3405 1935 3454 1983 et

1867 2046 1974 2084 esse
1998 2046 2111 2082 cum
2148 2025 2348 2083 Christo
2375 2024 2633 2097 (Philipp.
2667 2040 2705 2089 ι,
2737 2021 2854 2094 25).
2886 2020 3024 2075 Nam
3050 2020 3309 2092 (egrotavit
3332 2035 3453 2074 sex-

1868 2121 2026 2176 decim
2055 2119 2228 2174 diebus
2254 2117 2392 2189 apud
2408 2125 2637 2188 parentes
2658 2130 2791 2179 suos,
2814 2121 2860 2167 et
2880 2112 3133 2167 memoriae
3145 2112 3193 2165 vi
3217 2110 3280 2164 de
3305 2110 3451 2165 Scri-

1870 2215 2030 2287 pturis
2057 2230 2180 2285 pene
2209 2220 2314 2265 tota
2336 2208 2633 2283 azgritudine
2659 2206 2972 2276 loquebatur.
2999 2204 3104 2259 Sed
3131 2213 3185 2257 ut
3214 2201 3284 2257 ad
3301 2203 3455 2273 ﬁnem

1869 2306 1983 2360 vitta
2012 2304 2271 2373 proximas
2299 2316 2404 2355 esse
2444 2298 2619 2370 coepit,
2648 2296 2893 2369 psallebat
2937 2292 3256 2348 audientibus
3292 2292 3458 2347 omni-

1872 2396 1994 2460 bus,
2034 2413 2052 2448 ‹
2084 2390 2348 2448 Desiderat
2376 2401 2424 2446 et
2446 2397 2680 2461 properat
2710 2388 2881 2441 anima
2921 2402 3030 2439 mea
3056 2385 3121 2438 ad
3158 2385 3290 2438 atria
3307 2383 3401 2438 Dei
3429 2399 3450 2435 ι

1875 2485 2042 2559 (Psal.
2092 2499 2320 2550 LXXXIII,
2363 2484 2398 2538 5
2427 2480 2480 2553 );
2551 2490 2597 2535 et
2645 2489 2756 2550 post
2809 2477 2914 2532 ha’c
2951 2478 3131 2530 iterum
3172 2473 3458 2544 psallebat,

1881 2596 1898 2628 ι
1938 2576 2276 2648 Impinguasti
2318 2574 2372 2626 in
2408 2572 2515 2626 oleo
2554 2578 2705 2640 caput
2745 2584 2945 2632 meum;
2974 2576 3020 2619 et
3051 2565 3288 2636 poculum
3317 2574 3461 2619 tuum

1875 2669 2126 2724 inebrians
2165 2682 2319 2736 quam
2365 2663 2668 2735 prteclarum
2706 2669 2775 2714 est
2819 2658 2990 2731 (Psal.
3017 2673 3159 2723 xx",
3188 2654 3281 2725 5)!
3322 2673 3339 2707 ι
3375 2653 3462 2709 lbi

1877 2764 1972 2834 fuit
2012 2768 2321 2829 occupatus;
2348 2758 2443 2809 hac
2482 2771 2535 2810 se
2577 2752 2850 2808 oblectabat
2880 2750 3238 2805 consolatione.
3267 2746 3463 2803 Deinde

1878 2873 1991 2910 cum
2019 2854 2143 2909 solvi
2173 2852 2399 2922 coepisset
2422 2890 2437 2915 ,
2469 2848 2668 2918 signare
2696 2861 2749 2900 se
2781 2845 2927 2913 coepit
2968 2842 3020 2895 in
3059 2841 3253 2911 fronte,
3294 2839 3366 2893 ita
3406 2844 3463 2894 ut

1877 2950 1949 3006 sic
1969 2946 2283 3003 descenderet
2312 2958 2490 2997 manus
2517 2940 2585 2994 ad
2613 2956 2670 2994 os
2704 2937 2840 3008 quod
2863 2935 2956 2989 sibi
2982 2932 3211 3005 cupiebat
3237 2931 3463 3002 signare,

1878 3058 1991 3097 cum
2022 3041 2138 3110 jam
2178 3035 2385 3091 interior
2427 3034 2597 3096 homo,
2649 3038 2695 3085 et
2731 3030 2850 3083 bene
2886 3035 3151 3082 renovatus
3188 3023 3251 3079 de
3287 3022 3369 3077 die
3408 3022 3465 3077 in

1880 3134 2013 3187 diem
2035 3172 2050 3197 ,
2082 3129 2287 3184 domum
2317 3126 2501 3179 luteam
2528 3121 2812 3175 dimisisset.
2844 3117 2974 3171 Mihi
3002 3124 3194 3169 tantum
3219 3113 3464 3185 gaudium

1880 3203 2128 3286 accrevit,
2165 3229 2221 3273 ut
2260 3216 2472 3271 arbitrer
2513 3211 2649 3284 quod
2689 3210 2895 3264 dimisso
2936 3206 3141 3278 proprio
3168 3221 3377 3275 corpore
3411 3205 3466 3258 in

1880 3329 2047 3370 meum
2070 3312 2294 3365 animum
2321 3309 2574 3379 ingressus
2598 3304 2684 3371 sit,
2723 3310 2768 3356 et
2791 3300 2859 3355 ibi
2886 3299 3008 3353 mihi
3032 3298 3301 3369 quamdam
3332 3297 3464 3352 luci-

1881 3406 2088 3461 ditatem
2113 3400 2392 3473 praesentiat
2416 3412 2522 3451 suta
2550 3401 2769 3465 preestet,
2791 3392 2911 3461 quia
2935 3391 3226 3446 liberatione
3250 3401 3295 3443 et
3315 3406 3465 3445 scca-

1881 3503 2029 3556 ritate
2051 3500 2190 3553 illius
2229 3497 2376 3551 nimis
2410 3492 2650 3566 gaudeo;
2691 3489 2792 3543 dici
2825 3504 2925 3542 non
2952 3496 3129 3558 potest.
3174 3485 3293 3538 Non
3334 3484 3466 3537 enim

1883 3596 2036 3649 levem
2062 3593 2105 3646 ei
2131 3588 2331 3645 exhibui
2357 3584 2769 3647 sollicitudinem,
2803 3582 2982 3633 timens
3009 3578 3145 3632 tetati
3170 3575 3465 3631 adolescen-

1884 3688 1967 3744 tis.
1993 3686 2132 3740 Nam
2160 3682 2328 3738 curavi
2357 3698 2419 3736 ea;
2443 3696 2502 3734 eo
2529 3692 2750 3749 quccrere
2772 3714 2787 3740 ,
2828 3689 2890 3727 ne
2917 3675 3044 3743 forte
3068 3671 3265 3741 femina:
3294 3678 3467 3721 conta-

1883 3784 2030 3853 gione
2057 3781 2231 3852 fuisset
2258 3776 2476 3848 pollutus
2510 3788 2527 3826 :
2556 3773 2766 3827 liberum
2790 3784 2842 3823 se
2870 3783 2975 3822 esse
3001 3775 3206 3819 testatus
3232 3772 3324 3825 est,
3360 3778 3469 3814 nta-

1884 3875 1960 3944 gis
1986 3883 2039 3925 ut
2067 3881 2291 3925 nostrum
2316 3866 2559 3939 gaudium
2591 3860 2950 3915 cumularetur.
2982 3857 3192 3911 Solutus
3218 3864 3287 3908 est
3326 3870 3465 3923 ergo.

1890 3964 2166 4033 Exsequias
2197 3958 2498 4031 praebuimus
2526 3955 2648 4009 satis
2673 3950 3010 4012 honorabiles,
3036 3955 3080 4000 et
3109 3947 3287 4014 dignas
3315 3954 3468 3997 Iantta

1884 4042 2099 4120 animat;-
2130 4068 2246 4105 nam
2286 4066 2372 4121 per
2402 4046 2623 4101 triduum
2662 4042 2860 4112 hymnis
2892 4038 3164 4092 Dominum
3202 4035 3469 4087 collauda-

1886 4149 2045 4203 vimus
2074 4160 2224 4215 super
2260 4140 2547 4211 sepulcrum
2582 4134 2774 4206 ipsius,
2815 4139 2863 4183 et
2890 4124 3245 4197 redemptionis
3281 4118 3469 4177 Sacra-
3566 4148 3571 4153 ’

1888 4247 2052 4295 menta
2079 4235 2221 4289 tertio
2250 4232 2332 4285 die
2358 4227 2646 4285 obtulimus.

1960 4334 2011 4385 5.
2041 4329 2145 4385 Sed
2170 4342 2282 4383 ecce
2312 4331 2421 4393 post
2449 4319 2653 4373 biduum
2680 4312 2910 4386 quaedam
2939 4308 3091 4363 vidua
3120 4307 3328 4360 honesta
3363 4302 3467 4358 Ur-
3552 4302 3569 4365 ξ.

1889 4425 1997 4480 bica
2021 4424 2082 4477 de
2107 4420 2423 4492 Figentibus,
2450 4429 2562 4486 qua:
2596 4409 2857 4465 duodecim
2892 4422 2945 4460 se
2972 4419 3131 4457 annos
3156 4400 3356 4455 viduam
3387 4399 3469 4452 di-

1891 4517 2049 4581 cebat,
2075 4512 2263 4567 ancilla
2288 4510 2417 4572 Dei,
2449 4506 2697 4561 somnium
2720 4500 2841 4556 vidit
2870 4498 2988 4553 tale.
3030 4494 3176 4549 Videt
3204 4493 3472 4565 quemdam

1892 4610 2157 4662 diaconum
2186 4612 2301 4656 ante
2321 4596 2704 4671 quadriennium
2728 4606 2940 4661 corpore
2966 4595 3194 4649 exutum,
3225 4600 3337 4639 cum
3365 4598 3472 4636 ser-

1892 4702 1965 4757 vis
1994 4709 2037 4754 et
2066 4696 2263 4752 ancillis
2292 4692 2387 4747 Dei
2424 4688 2696 4761 virginibus
2736 4694 2782 4739 et
2810 4681 2972 4737 viduis
2998 4678 3243 4749 palatium
3266 4689 3468 4745 praepa-

1893 4808 2024 4847 rare.
2053 4786 2341 4843 Ornabatur
2366 4792 2552 4845 autem,
2578 4788 2631 4834 ut
2651 4778 2853 4833 claritas
2878 4772 2976 4829 loci
2997 4770 3234 4841 fulsisset,
3264 4776 3310 4821 et
3332 4766 3470 4820 locus

1895 4882 2055 4938 omnis
2082 4886 2343 4950 argenteus
2370 4882 2644 4944 putaretur.
2676 4867 2805 4925 Cum
2830 4866 2921 4921 illa
2960 4859 3232 4917 studiosius
3258 4859 3472 4912 interro-

1894 4982 2056 5047 gasset
2081 4948 2283 5025 cuinam
2322 4967 2415 5021 hoc
2448 4969 2855 5037 prwpararetur;
2893 4952 3151 5025 respondit
3185 4948 3273 5005 ille
3300 4950 3475 5004 diaco-

1895 5042 2007 5127 nus,
2038 5078 2191 5134 puero
2218 5060 2303 5131 qui
2329 5059 2556 5113 hesterno
2585 5058 2908 5119 consumptus
2940 5055 3029 5110 est,
3060 5044 3168 5115 ﬁlio
3197 5042 3474 5116 presbyteri

1895 5140 2195 5228 prwparari.
2228 5149 2295 5205 Et
2320 5151 2373 5204 in
2403 5149 2574 5202 eodem
2606 5142 2792 5214 palatio
2815 5137 3081 5209 quemdam
3109 5154 3275 5192 senem
3298 5135 3474 5189 candi-

1898 5247 2069 5301 datum
2095 5243 2410 5316 apparuisse,
2433 5241 2516 5310 qui
2538 5237 2734 5308 jaberet
2760 5230 2953 5287 duobus
2978 5230 3261 5285 candidatis
3280 5236 3332 5281 ut
3358 5243 3472 5299 per-

1898 5346 2087 5410 gerent,
2111 5346 2156 5389 et
2176 5349 2357 5404 corpus
2378 5331 2596 5385 ablatum
2617 5326 2679 5379 de
2699 5323 2927 5389 sepulcro
2948 5322 3016 5375 ad
3034 5320 3213 5375 coelum
3232 5319 3474 5372 levarent.

1899 5429 2138 5501 Cumque,
2170 5428 2357 5496 inquit,
2388 5423 2450 5476 de
2482 5419 2710 5492 sepulcro
2739 5432 2922 5488 corpus
2959 5415 3130 5486 fuisset
3164 5418 3477 5479 assumptum

1901 5535 2048 5596 atque
2076 5525 2125 5576 in
2156 5521 2332 5576 malum
2359 5519 2601 5579 levatum,
2632 5527 2799 5567 ramos
2833 5523 3063 5563 rosarum
3095 5503 3343 5571 virginum
3385 5500 3481 5571 (sic

1901 5619 2035 5671 enim
2059 5616 2244 5669 clausae
2271 5608 2521 5681 appellari
2544 5604 2726 5675 solent)
2760 5604 2821 5657 de
2850 5599 3019 5655 eodem
3049 5598 3279 5667 sepulcro
3304 5607 3478 5649 surrev

1902 5726 2053 5765 ωιεεε.
