4004 6396
603 288 707 346 685

672 407 726 462 4.
757 403 980 458 Narravi
1004 403 1125 476 quid
1146 401 1297 472 fuerit
1321 407 1532 472 gestant.
1563 397 1720 452 Modo
1743 398 2064 470 questianem
2089 414 2184 451 au-

601 501 710 555 dire
734 499 964 570 dignare,
1005 506 1055 551 et
1079 497 1202 551 doce
1224 495 1359 567 quod
1385 509 1575 565 quaero.
1608 491 1752 564 Cogit
1783 493 1914 548 enim
1940 511 2018 548 me
2039 493 2184 548 istius

600 592 785 646 anima:
807 590 1041 661 migratio
1075 589 1197 643 talia
1234 587 1566 659 percunctari.
1601 585 1727 641 Cum
1763 587 1818 641 in
1845 603 2056 656 corpore
2091 604 2180 641 su-

600 702 730 750 mus,
764 693 835 739 est
863 683 1004 738 nobis
1028 698 1202 737 sensus
1227 681 1434 734 interior
1461 680 1618 735 salers
1658 697 1749 751 pro
1777 680 2002 752 agilitate
2029 679 2182 733 studii

598 777 794 838 nostri;
818 786 863 828 et
892 782 1029 828 tanta
1053 772 1337 844 vigilantior
1356 780 1400 824 et
1422 771 1709 842 ferventior,
1733 779 1918 841 quanto
1941 771 2183 840 fuerimus

595 869 951 932 studiosiores,
995 876 1042 920 et
1081 867 1246 920 adhuc
1281 866 1637 936 impedimenta
1668 866 1894 936 corporis
1933 865 2183 919 retardari

505 1010 515 1019 .
596 981 688 1018 nos
712 963 907 1016 videtur
933 978 1039 1014 esse
1065 959 1338 1030 probabile.
1369 959 1494 1025 Quis
1523 968 1688 1012 autem
1727 960 1897 1012 omnia
1933 974 2045 1028 qua:
2071 959 2181 1012 ani-

593 1072 707 1108 mus
728 1070 788 1108 ea:
806 1070 1015 1124 corpore
1028 1053 1237 1124 patitur,
1258 1051 1437 1120 poterit
1452 1068 1689 1105 enarrare
1705 1052 1731 1105 ?
1747 1049 1889 1105 Inter
1906 1051 1994 1106 has
2013 1051 2180 1105 turbas

593 1157 639 1200 et
657 1146 931 1212 molestias,
961 1162 1022 1199 ex
1053 1143 1475 1216 suggestianibus,
1506 1161 1568 1198 ex
1591 1143 1945 1198 tentationibus
1967 1186 1979 1208 ,
2008 1161 2070 1197 ex
2097 1162 2180 1198 ue-

589 1239 922 1301 cessitatibus,
954 1237 1259 1309 diversisque
1279 1235 1650 1291 calamitatibus
1679 1237 1946 1301 venientes,
1972 1237 2177 1304 fortitu-

589 1330 756 1384 dinem
795 1346 940 1383 suam
981 1345 1082 1382 non
1117 1328 1296 1382 deserit
1334 1328 1532 1383 animus
1559 1343 1577 1381 :
1602 1328 1806 1394 resistit,
1850 1328 2038 1391 vincit;
2076 1329 2178 1382 ali-

587 1423 790 1492 quando
811 1423 1044 1475 vincitur.
1088 1420 1276 1474 Tamen
1306 1421 1543 1490 quoniam
1571 1421 1796 1475 meminit
1837 1420 1951 1483 sui,
1995 1421 2177 1490 agilior

587 1523 634 1567 et
653 1514 917 1568 sollicitior
936 1513 1146 1583 efﬁcitur
1166 1514 1408 1566 excitatus
1435 1511 1585 1565 tantis
1610 1511 1883 1574 laboribus,
1916 1520 1963 1565 et
1989 1513 2176 1582 rumpit

586 1623 810 1677 quosque
842 1607 999 1660 nodos
1026 1605 1250 1670 malitiae,
1279 1614 1324 1658 et
1360 1606 1539 1658 transit
1567 1605 1634 1657 ad
1673 1605 1900 1659 meliora.
1935 1604 2068 1670 Quid
2095 1605 2175 1658 di-

586 1715 695 1750 cam
726 1698 964 1768 dignatur
982 1697 1260 1764 intelligere
1283 1697 1541 1752 Sanctitas
1564 1706 1668 1750 tua.
1701 1696 1840 1768 Erga
1860 1714 1973 1751 cum
1999 1699 2052 1751 in
2078 1698 2173 1752 hac

583 1789 687 1841 vita
714 1805 915 1854 sumus,
963 1787 1145 1842 talibus
1174 1788 1477 1858 egestatibus
1515 1789 1818 1858 impedimur
1837 1831 1850 1851 ,
1883 1800 1930 1844 et
1964 1799 2128 1844 tamen
2153 1831 2168 1857 ,

583 1881 710 1934 sicut
736 1881 978 1950 scriptum
1007 1890 1114 1945 est,
1153 1898 1171 1930 ‹
1203 1881 1595 1951 supervincimus
1621 1897 1712 1948 per
1740 1881 1853 1934 eum
1878 1882 1964 1951 qui
1993 1881 2170 1936 dilexit

583 1987 675 2024 nos
707 1990 725 2022 ι
760 1970 931 2041 (Rom.
977 1987 1101 2038 vm,
1131 1971 1244 2040 37).
1281 1971 1534 2026 Exeuntes
1575 1974 1636 2025 de
1679 1988 1921 2042 corpore,
1958 1982 2004 2027 et
2042 1990 2168 2028 onus

580 2082 746 2130 omne,
778 2073 824 2119 et
849 2064 981 2135 agile
1006 2073 1262 2134 peccatum
1289 2064 1567 2129 evadentes,
1595 2065 1682 2135 qui
1703 2067 1919 2120 smnus?

650 2157 702 2212 5.
731 2155 795 2209 Et
816 2157 1032 2227 primum
1055 2173 1228 2227 quaero
1254 2165 1423 2210 utrum
1456 2155 1662 2227 aliquod
1687 2174 1869 2228 corpus
1898 2157 1990 2222 sit,
2028 2158 2165 2228 quod

578 2265 683 2304 rem
707 2250 1076 2320 incorpoream,
1106 2249 1198 2302 hoc
1225 2260 1296 2302 est
1321 2250 1479 2320 ipsius
1503 2250 1688 2303 animle
1710 2249 2035 2303 substantiam
2061 2267 2163 2304 non

577 2341 802 2406 deserat,
843 2356 958 2392 cum
993 2340 1238 2394 dimiserit
1276 2342 1368 2393 hoc
1411 2349 1663 2394 terrenum
1697 2357 1879 2408 corpus
1903 2382 1916 2406 ,
1946 2358 2008 2394 ne
2035 2345 2165 2411 forte

576 2433 641 2484 de
666 2440 880 2499 quatuor
909 2447 1062 2483 unum
1092 2431 1155 2484 sit
1180 2472 1195 2498 ,
1227 2440 1314 2484 aut
1342 2432 1570 2498 aerium,
1607 2441 1693 2485 aut
1725 2433 2006 2486 cet/teriam.
2035 2431 2162 2486 Cum

576 2525 710 2579 enim
735 2525 1033 2593 incorporea
1062 2525 1127 2576 sit
1153 2524 1343 2590 anima,
1379 2525 1423 2576 si
1447 2525 1585 2578 omni
1619 2541 1829 2593 corpore
1861 2535 2021 2585 caret,
2045 2526 2160 2594 jam

575 2631 678 2667 una
704 2625 774 2667 est
800 2615 1041 2667 onmium.
1070 2613 1138 2667 Et
1179 2614 1262 2667 ubi
1299 2615 1391 2667 erit
1425 2616 1510 2668 ille
1550 2616 1686 2669 dives
1721 2627 2029 2685 purpuratus
2053 2658 2066 2680 ,
2111 2625 2159 2669 et

577 2705 801 2758 Lazarus
833 2705 1161 2759 vulneratus?
1191 2704 1454 2768 Quomodo
1479 2707 1628 2759 etiam
1651 2707 1836 2760 meritis
1864 2707 2155 2760 discernen-

573 2805 675 2862 tur,
694 2807 748 2849 ut
769 2797 853 2850 ille
863 2813 1082 2866 poenam,
1103 2795 1190 2849 ille
1209 2796 1452 2867 gaudium
1472 2797 1670 2862 habeat,
1689 2799 1849 2850 siuna
1873 2798 1887 2828 ¹
1915 2815 1976 2852 ea:
1995 2799 2156 2850 omni-

572 2888 662 2940 bus
681 2888 986 2955 incorporeis
1015 2887 1308 2957 apparuerit
1331 2888 1500 2940 anima
1529 2903 1547 2940 :
1575 2888 1619 2939 si
1643 2896 1807 2940 tanton
1829 2889 2044 2958 ﬁgurate
2065 2887 2156 2941 illa

569 2976 855 3046 signiﬁcata
885 2994 986 3030 non
1016 2986 1146 3030 sunt.
1171 2974 1372 3030 Certum
1397 2987 1470 3031 est
1496 2986 1683 3044 autem,
1711 2994 1826 3049 quae
1852 2979 1973 3032 locis
1993 2988 2156 3032 tenen-

569 3079 672 3133 tur,
698 3069 988 3139 corporibus
1012 3080 1256 3132 tenentur,
1286 3079 1342 3122 ut
1363 3071 1448 3125 ille
1472 3070 1607 3125 dives
1633 3071 1682 3124 in
1713 3073 1939 3140 flamma,
1959 3081 2004 3124 et
2021 3089 2154 3142 pau-

573 3162 761 3231 perille
787 3162 838 3213 in
867 3162 980 3214 sinu
1003 3161 1220 3216 Abrahae
1239 3162 1386 3232 (Luc.
1412 3179 1518 3227 xw,
1550 3163 1638 3228 19,
1658 3163 1772 3235 22).
1801 3163 1861 3218 Si
1885 3164 1995 3217 loca
2016 3174 2151 3230 sunt,

569 3267 784 3320 corpora
823 3261 968 3316 sunt,
1007 3262 1052 3304 et
1077 3254 1128 3305 in
1157 3253 1447 3323 corporibus
1477 3255 1660 3309 anima:
1691 3265 1839 3320 sunt;
1868 3257 1920 3310 in
1947 3273 2156 3327 corpore

571 3353 740 3398 autem
767 3345 810 3398 si
838 3360 996 3413 postue
1029 3345 1104 3397 vel
1129 3347 1337 3414 praemia
1359 3347 1412 3399 in
1451 3348 1766 3401 conscientiis
1786 3357 1922 3402 sunt.
1956 3349 2157 3413 Qutevis

573 3447 647 3493 est
667 3438 763 3490 ista
791 3453 895 3490 una
923 3437 1113 3497 anima,
1146 3436 1321 3503 e/fecta
1348 3455 1410 3491 ex
1435 3438 1606 3492 multis
1647 3441 1849 3502 animis,
1883 3442 2152 3512 aﬂligatur,

569 3537 617 3582 et
645 3529 842 3582 lectetur
871 3529 922 3580 in
951 3543 1074 3592 una,
1103 3537 1157 3581 ut
1189 3538 1432 3598 appareat
1460 3529 1738 3584 substantia
1766 3547 1830 3585 ex
1849 3533 2021 3586 multis
2045 3537 2156 3587 ani-
2209 3597 2214 3600 _

566 3617 661 3671 mis
701 3617 910 3671 collecta
933 3633 951 3681 ;
979 3626 1066 3669 aut
1091 3618 1134 3669 si
1169 3619 1263 3670 hac
1290 3617 1474 3672 dicitur
1496 3620 1918 3690 quemadmodum
1949 3640 2050 3677 una
2075 3642 2155 3679 res

565 3708 766 3760 animus
795 3708 1144 3777 incorporeus,
1177 3720 1222 3761 et
1248 3709 1301 3760 in
1329 3725 1386 3761 eo
1417 3711 1656 3762 memoria
1682 3721 1788 3776 est,
1818 3720 1864 3765 et
1887 3713 2116 3768 voluntas
2135 3757 2148 3779 ,

566 3805 612 3853 et
638 3799 950 3863 intellectus,
982 3808 1028 3852 et
1060 3799 1140 3852 ha:
1168 3815 1338 3853 omnes
1365 3817 1530 3854 causa:
1573 3803 1886 3873 incorporea:
1922 3815 2040 3858 sunt
2065 3849 2078 3872 ,
2107 3817 2154 3861 et

566 3895 747 3950 habent
769 3897 1041 3966 ofﬁciorum
1071 3914 1344 3968 congruam
1369 3899 1646 3970 portionem
1668 3902 1689 3932 ’
1712 3943 1725 3966 ,
1765 3917 1855 3955 nec
1880 3911 2045 3955 tamen
2071 3902 2152 3955 al-

566 3998 671 4043 tera
698 3990 907 4043 alterunt
935 3989 1162 4060 impedit.
1199 3989 1480 4059 Utcumque
1506 4001 1625 4062 puto
1666 4010 1808 4062 posse
1833 3994 2146 4064 responderi,

563 4088 622 4134 ut
640 4089 685 4148 et
703 4082 900 4152 aliquas
933 4099 1111 4151 patum,
1135 4091 1182 4136 et
1210 4083 1405 4155 aliquas
1427 4085 1635 4154 prtemia
1659 4087 1954 4140 comitentur
1968 4088 2020 4140 in
2049 4104 2150 4141 una

563 4188 628 4224 ea:
656 4173 823 4227 multis
849 4174 1031 4227 animis
1055 4175 1264 4228 collecta
1286 4175 1582 4230 substantia.

635 4262 688 4315 6.
718 4263 814 4314 Aut
840 4263 884 4316 si
910 4281 1008 4317 non
1035 4265 1105 4316 ita
1130 4273 1220 4329 est,
1249 4267 1370 4334 quid
1393 4268 1600 4338 impedit
1622 4270 1665 4323 si
1686 4272 2021 4342 unusquisque
2039 4273 2153 4326 aui-

563 4371 695 4412 mus.
726 4372 837 4407 cum
866 4373 1075 4428 corpore
1101 4358 1194 4411 hoc
1209 4360 1370 4413 solido
1401 4372 1555 4427 caret,
1585 4363 1726 4416 aliud
1749 4364 1926 4418 habeat
1946 4382 2146 4436 corpus,

563 4455 620 4498 ut
644 4445 750 4515 ipse
780 4447 977 4501 animus
1001 4464 1196 4520 semper
1223 4451 1431 4520 aliquod
1459 4470 1640 4522 corpus
1661 4457 1884 4521 animat;
1922 4467 2008 4510 aut
2050 4475 2148 4530 quo

566 4539 831 4592 transitum
857 4540 1010 4610 facit,
1047 4543 1091 4594 si
1115 4543 1220 4596 ulla
1242 4545 1380 4613 regio
1409 4553 1484 4597 est
1515 4549 1584 4598 ad
1608 4563 1760 4616 quam
1787 4565 1898 4601 eum
1927 4552 2145 4604 necessi-

561 4640 641 4684 tas
676 4631 748 4685 t're
795 4633 1088 4700 compellit?
1137 4635 1553 4705 Quandoquidem
1601 4647 1647 4692 et
1690 4640 1787 4711 ipsi
1829 4641 2012 4712 Angeli
2058 4661 2147 4697 nec

560 4724 706 4776 multi
731 4725 832 4777 dici
871 4735 1114 4794 possunt,
1156 4728 1200 4780 si
1230 4744 1328 4782 non
1369 4731 1662 4800 corporibus
1698 4745 2050 4801 numerentur;
2094 4747 2146 4790 ut

557 4814 630 4867 ait
654 4814 765 4884 ipsa
802 4814 993 4869 Veritas
1021 4815 1073 4870 in
1097 4815 1373 4889 Evangelia
1393 4861 1407 4885 ,
1444 4839 1462 4872 ι
1499 4819 1708 4877 Possem
1732 4842 1912 4896 rogare
1936 4826 2145 4882 Patrem

557 4924 722 4962 meum
756 4918 812 4961 ut
848 4908 1110 4963 duodecim
1152 4911 1277 4965 mihi
1302 4915 1520 4985 legiones
1545 4919 1837 4989 angelorum
1878 4923 2091 4977 misisset
2119 4943 2137 4976 s

558 4997 777 5072 (Matth.
804 5015 928 5054 xxvr
950 5043 966 5068 ,
997 5001 1113 5072 53).
1157 5002 1352 5059 Deinde
1388 5023 1504 5060 cum
1538 5020 1725 5064 constet
1763 5012 2053 5067 Samuelem
2091 5015 2144 5069 in

557 5105 766 5159 corpore
794 5093 946 5162 fuisse
974 5094 1153 5161 visum,
1181 5097 1384 5166 quando
1408 5101 1652 5154 excitatus
1674 5112 1744 5161 est
1764 5104 1832 5156 ad
1856 5106 2142 5172 petitionem

557 5180 690 5236 Saiil
717 5180 759 5254 (Ι
792 5182 917 5253 Reg.
951 5201 1134 5254 xxvtyt,
1164 5187 1282 5260 14);
1316 5199 1364 5244 ct
1396 5191 1643 5263 Moysen,
1677 5196 1820 5266 cujus
1846 5213 2026 5266 corpus
2057 5215 2140 5252 se-

555 5271 751 5343 pultum
791 5284 861 5327 est
896 5278 1173 5330 secundum
1215 5280 1579 5352 Evangelium,
1622 5288 1941 5357 manifestum
1982 5291 2045 5342 sit
2089 5291 2141 5344 ia

552 5379 762 5432 corpore
806 5383 920 5420 eum
967 5369 1158 5421 venisse
1197 5371 1267 5424 ad
1307 5371 1583 5429 Dominum
1631 5376 1682 5430 in
1722 5389 1888 5433 monte
1926 5379 2133 5450 (Matth.

553 5470 683 5524 xvn,
711 5459 789 5530 '5),
812 5476 925 5513 cum
945 5463 1297 5518 constitissent.
1329 5466 1630 5540 Quanquam
1657 5480 1703 5525 et
1727 5472 1780 5526 in
1807 5476 2132 5546 apocrypltis,

552 5558 600 5603 et
625 5550 679 5604 in
704 5553 902 5608 secretis
940 5555 1099 5624 ipsius
1131 5555 1296 5626 Moysi
1321 5600 1334 5623 ,
1368 5577 1479 5627 qua:
1506 5563 1760 5634 scriptura
1784 5575 1919 5620 caret
1959 5577 2135 5622 aucto-

616 5666 635 5737 ξ
669 5673 798 5737 tam,
821 5681 1042 5737 summa._
1057 5669 1146 5737 sed
1172 5671 1336 5721 verius
1359 5679 1440 5737 Ms.
1458 5675 1624 5737 Vatic.,
1648 5676 1692 5728 si
1711 5691 1822 5731 una.

615 5728 636 5759 ³
669 5729 814 5778 vatic.
839 5730 992 5780 codex
1028 5732 1192 5790 habet,
1223 5733 1590 5799 proportionem.

1847 280 1903 334 s.
1946 273 2312 332 AUGUSTth
2351 205 2652 334 EPIS'COPI
3735 297 3824 357 εκ

2289 392 2463 457 ritate,
2507 403 2625 449 tunc
2651 411 2766 452 cum
2793 399 3082 455 ascenderet
3111 399 3166 456 in
3203 411 3420 460 montem
3455 413 3509 461 ut
3550 421 3820 484 mormur,

2288 487 2334 538 vi
2362 487 2587 558 corporis
2607 491 2835 560 efﬁcitur,
2863 501 2919 545 ut
2944 492 3086 547 aliud
3119 505 3241 549 esset
3261 495 3397 568 quod
3422 505 3564 554 terra!
3588 505 3821 561 mandare-

2287 584 2371 631 tur
2387 620 2402 645 ,
2444 580 2588 634 aliud
2623 583 2757 652 quod
2795 582 2975 655 angelo
3015 586 3274 641 comitanti
3299 589 3589 647 sedaretur.
3619 593 3712 649 Sed
3741 615 3821 654 non

2286 673 2409 728 satis
2434 687 2574 745 urget
2617 691 2697 730 me
2732 678 3142 748 apocryphorum
3183 684 3424 752 prteferre
3446 687 3721 741 sententiam
3737 690 3822 746 illis

2285 769 2627 838 superioribus
2653 771 2801 826 rebus
2825 772 3062 842 deﬁnitis.
3100 772 3387 829 Videndum
3411 793 3546 850 ergo,
3578 790 3622 834 et
3640 783 3728 837 sive
3746 801 3822 839 au-

2285 861 2510 916 ctoritate
2543 863 2646 917 sive
2673 863 2869 918 ratione
2904 865 3252 937 indagandum
3287 868 3424 937 quod
3458 871 3703 940 queritur.
3739 875 3822 930 Sed

2285 952 2472 1006 dicitur
2498 954 2634 1025 quod
2660 957 2960 1012 resurrectio
2989 959 3162 1027 futura
3186 960 3414 1014 ostendat
3438 977 3548 1015 eam
3585 965 3708 1019 omni
3728 983 3820 1022 cor-

2283 1062 2406 1115 pore
2423 1047 2662 1102 caruisse.
2689 1046 2800 1103 Nec
2817 1049 2940 1103 satis
2965 1049 3195 1120 impedit,
3224 1052 3624 1123 quandoquidem
3648 1057 3717 1110 illi
3741 1058 3823 1110 An-

2283 1135 2399 1206 geli,
2423 1138 2511 1201 qui
2534 1139 2804 1194 invisibiles
2822 1141 2974 1195 etiam
2997 1152 3134 1207 sunt,
3165 1159 3281 1197 cum
3309 1145 3600 1214 corporibus
3620 1163 3824 1219 apparere

2281 1233 2545 1287 voluerunt
2565 1243 2611 1288 et
2635 1235 2792 1288 videri
2811 1277 2826 1302 ,
2859 1243 2905 1290 et
2927 1252 3251 1307 quwcumque
3268 1237 3363 1292 illa
3393 1239 3570 1308 positio
3593 1255 3822 1310 corporum

2281 1324 2365 1385 sit,
2388 1340 2560 1378 eorum
2580 1325 2840 1394 spiritibus
2859 1327 3033 1398 digna,
3060 1335 3227 1381 tamen
3251 1337 3596 1399 apparuerunt
3612 1329 3674 1383 ad
3692 1329 3822 1385 Abra-

2282 1414 2399 1468 ham
2426 1414 2577 1488 (Gen.
2609 1432 2768 1481 xvsn,
2806 1415 2864 1490 2)
2897 1427 2942 1471 et
2970 1417 3038 1470 ad
3073 1415 3286 1472 Tobiam
3310 1416 3464 1487 (Tob.
3493 1435 3598 1484 xu,
3632 1421 3730 1490 15).
3756 1420 3822 1476 ita

2280 1505 2390 1575 ﬁeri
2416 1515 2576 1576 potest
2601 1516 2657 1560 ut
2683 1508 2980 1562 resurrectio
3007 1508 3206 1580 quidem
3230 1509 3401 1563 carnis
3426 1509 3588 1577 istius,
3611 1527 3711 1582 qua
3725 1513 3823 1569 bene

2281 1596 2502 1650 creditur
2525 1596 2699 1667 futura
2734 1600 2837 1662 sit,
2871 1609 3035 1653 tamen
3074 1600 3146 1653 sic
3182 1600 3356 1653 anima
3381 1599 3475 1654 illa
3509 1601 3757 1669 reddatur,
3778 1614 3821 1658 ut

2279 1703 2490 1760 corpore
2516 1689 2686 1760 aliqua
2709 1707 2965 1759 nunquam
2986 1691 3207 1746 caruisse
3223 1692 3536 1765 reperiatur.
3563 1693 3680 1749 Cum
3708 1697 3816 1750 enim

2275 1798 2338 1837 ea:
2359 1791 2575 1854 quatuor
2600 1782 2856 1838 elementis
2878 1801 3062 1856 corpus
3083 1785 3250 1854 ipsum
3283 1795 3494 1854 constet,
3523 1803 3669 1842 unum
3703 1790 3818 1844 vide-

2277 1884 2360 1928 tur
2381 1876 2607 1929 amittere
2626 1917 2640 1938 ,
2686 1875 2908 1930 calidum
2933 1876 3158 1942 scilicet,
3194 1892 3313 1931 cum
3344 1893 3373 1932 e
3396 1893 3603 1950 corpore
3638 1879 3722 1934 ista
3746 1881 3821 1935 mi-

2274 1986 2422 2039 grare
2448 1969 2694 2023 videatur.
2734 1969 2872 2023 Nam
2901 1979 3123 2024 remanet
3151 1969 3290 2042 quod
3319 1979 3569 2026 terrenum
3592 1982 3684 2038 est,
3707 1983 3746 2026 et
3767 1973 3817 2027 li-

2274 2079 2402 2131 quor
2428 2079 2526 2116 nan
2558 2063 2726 2126 deest;
2762 2079 2853 2118 nec
2879 2063 3082 2135 frigida
3105 2063 3332 2118 materiae
3355 2063 3642 2118 elementum
3667 2065 3820 2120 abest:

2273 2153 2437 2208 soluat
2465 2154 2542 2208 illi
2565 2155 2799 2209 eximitur
2826 2153 3087 2219 calidum;
3113 2155 3250 2226 quod
3278 2159 3409 2226 forte
3427 2171 3590 2210 secum
3611 2157 3707 2228 ipse
3729 2158 3816 2212 ani-

2273 2262 2384 2299 mus
2405 2245 2579 2310 trahit,
2609 2246 2654 2298 si
2681 2246 2744 2299 de
2769 2245 2878 2299 loco
2903 2245 2971 2298 ad
2999 2245 3162 2298 locum
3194 2245 3400 2316 migrat.
3433 2244 3543 2299 Hoc
3576 2247 3750 2301 interim
3769 2249 3817 2301 de

2271 2351 2482 2403 corpore
2515 2336 2750 2388 dixerim.

2345 2429 2396 2483 'l.
2439 2426 2650 2482 Videtur
2683 2445 2878 2499 quoque
2903 2429 3028 2483 mihi
3055 2429 3190 2499 quod
3215 2431 3260 2485 si
3289 2431 3344 2486 in
3381 2447 3586 2505 corpore
3621 2435 3810 2503 positus,

2269 2530 2324 2574 ut
2341 2523 2455 2593 jam
2479 2523 2588 2576 dixi
2613 2564 2627 2584 ,
2658 2532 2825 2592 vegeta
2846 2564 2860 2588 ,
2902 2531 3109 2576 strenua
3147 2524 3311 2577 utitur
3347 2526 3524 2580 mentis
3547 2526 3808 2592 intentione,

2267 2626 2452 2686 quanto
2480 2619 2641 2688 magis
2666 2616 2927 2688 expeditus
2944 2658 2958 2680 ,
2993 2615 3142 2688 agilis
3160 2659 3175 2682 ,
3204 2628 3406 2688 vegetus
3433 2660 3448 2685 ,
3477 2623 3689 2688 fervens,
3715 2629 3810 2673 stre-

2273 2727 2424 2776 nuus,
2452 2711 2669 2764 intentus
2697 2711 2809 2776 erit,
2835 2721 2882 2763 et
2902 2712 3138 2781 capacior
3159 2711 3373 2782 efficitur
3392 2729 3452 2766 ac
3479 2713 3673 2778 melior,
3708 2714 3807 2765 utin

2266 2820 2476 2873 corpore
2506 2805 2696 2872 positus
2725 2805 2996 2875 gustaverit
3015 2807 3285 2861 virtutem!
3304 2805 3420 2873 Qua
3444 2806 3658 2879 deposito
3683 2807 3807 2877 magis

2263 2911 2458 2962 quoque
2477 2894 2698 2948 abstersa
2728 2895 2876 2960 nube,
2905 2905 3036 2952 totus
3056 2914 3266 2952 serenus
3286 2898 3496 2967 effectus
3518 2910 3606 2964 est,
3634 2900 3680 2953 in
3699 2910 3806 2952 tran-
3845 2937 3849 2941 η

2265 2983 2514 3055 quillitate
2535 2984 2643 3037 sine
2672 2986 2944 3040 tentatione
2977 2988 3190 3057 positus,
3227 2989 3397 3042 videat
3433 2990 3564 3059 quod
3589 2987 3805 3043 desidera-

2263 3075 2383 3127 verit
2409 3116 2421 3134 .
2467 3075 2778 3144 amplexetur
2814 3077 2950 3142 quod
2991 3079 3196 3132 amavit.
3231 3079 3545 3135 Recardetur
3575 3096 3742 3151 quoque
3769 3086 3804 3131 et

2262 3165 2566 3229 amicorum,
2595 3177 2640 3220 et
2667 3183 2790 3237 quas
2810 3169 2925 3238 jam
2954 3169 3262 3240 prtemiserat
3283 3213 3298 3237 ,
3341 3181 3606 3244 agnoscat,
3642 3182 3685 3226 et
3707 3186 3803 3233 quas

2264 3266 2374 3327 post
2399 3274 2452 3311 se
2475 3257 2662 3311 dimisit
2691 3273 2709 3312 :
2739 3260 2867 3330 forte
2889 3259 2962 3313 sic
2986 3267 3092 3324 est;
3118 3278 3207 3332 ego
3228 3264 3423 3327 nescia,
3447 3263 3628 3317 discere
3643 3277 3797 3330 quam.

2265 3348 2404 3402 Satis
2427 3358 2594 3402 autent
2623 3365 2702 3402 me
2727 3349 3001 3419 perturbat,
3034 3351 3079 3405 si
3107 3368 3344 3421 soporem
3377 3353 3630 3424 quemdam
3651 3351 3798 3419 accipit

2261 3439 2458 3492 animus
2485 3440 2608 3510 ipse,
2636 3457 2699 3493 ne
2724 3441 2842 3494 talis
2867 3441 2951 3506 sit,
2988 3443 3155 3513 qualis
3179 3459 3297 3497 cum
3333 3444 3516 3498 dormit
3552 3446 3601 3498 in
3629 3457 3795 3512 corpore

2261 3531 2576 3595 constitutus,
2625 3533 2768 3600 quasi
2802 3533 3045 3602 sepultus,
3090 3543 3138 3586 et
3183 3533 3237 3586 in
3279 3551 3370 3605 spe
3407 3544 3590 3589 tantum
3627 3534 3793 3588 vivens:

2261 3633 2493 3676 eceteram
2520 3624 2648 3678 nihil
2672 3627 2858 3678 habens
2877 3667 2892 3692 ,
2921 3627 3049 3680 nihil
3077 3629 3238 3681 sciens
3262 3644 3283 3692 ;
3320 3631 3534 3683 maxime
3563 3630 3604 3683 si
3637 3627 3790 3695 somnia

2261 3715 2402 3768 nulla
2445 3716 2682 3782 pulsetur.
2740 3715 2867 3781 Qute
2909 3734 2986 3772 res
3029 3718 3343 3774 vehementer
3389 3730 3550 3785 terret,
3594 3731 3637 3774 et
3678 3716 3791 3785 quasi

2257 3806 2559 3860 exstinctum
2584 3808 2771 3861 indicat
2793 3810 3038 3863 animum.

2328 3897 2380 3952 8.
2414 3896 2559 3952 Illud
2582 3901 2731 3953 etiam
2759 3917 2948 3971 quaero,
2975 3903 3018 3956 si
3038 3919 3220 3973 corpus
3241 3905 3424 3960 habere
3452 3905 3593 3977 fuerit
3614 3904 3787 3973 indaga-

2257 3999 2357 4054 tus,
2384 4001 2552 4046 utrum
2575 4002 2622 4046 et
2647 3994 2816 4064 aliqua
2833 4011 2979 4048 sensu
3011 4012 3110 4049 non
3129 3999 3337 4052 careat?
3358 3996 3501 4053 Certe
3522 3997 3564 4052 si
3587 4013 3674 4050 non
3691 3992 3788 4048 odo-

2255 4084 2406 4136 randi
2430 4085 2698 4138 necessitas
2720 4086 2764 4139 ei
2787 4125 2802 4150 ,
2841 4094 2892 4138 ut
2918 4096 3036 4156 puto
3061 4129 3076 4154 ,
3116 4087 3282 4158 ingeri
3319 4097 3478 4160 potest
3496 4128 3511 4155 ,
3550 4101 3687 4157 neque
3715 4099 3786 4153 gu-

2254 4176 2457 4238 standi,
2485 4176 2573 4229 sed
2611 4193 2700 4231 nec
2743 4177 2979 4247 tangendi
3005 4193 3023 4231 :
3064 4177 3238 4232 dubito
3267 4194 3519 4235 remanere
3552 4176 3721 4232 videndi
3750 4180 3786 4226 ei

2253 4266 2515 4319 audiendi.
2549 4265 2685 4320 Nam
2708 4267 2828 4336 quid
2856 4279 2926 4321 est
2951 4267 3086 4339 quod
3108 4269 3288 4323 audire
3311 4270 3542 4346 dicuntur
3558 4269 3781 4324 deemones.

2254 4372 2356 4410 non
2385 4356 2437 4410 in
2472 4357 2702 4412 omnibus
2727 4374 2850 4426 quos
2875 4367 3076 4424 vexant,
3098 4376 3215 4413 nam
3240 4370 3288 4413 et
3314 4361 3367 4414 in
3398 4361 3475 4414 his
3496 4359 3681 4431 quentia
3696 4363 3782 4414 est:

2253 4448 2341 4501 sed
2385 4449 2535 4501 etiam
2566 4465 2682 4502 cum
2719 4458 2965 4519 apparent
3012 4450 3066 4503 in
3105 4452 3399 4520 corporibus
3435 4451 3575 4506 suis?
3603 4446 3672 4502 De
3699 4445 3779 4499 visu

2253 4549 2420 4593 autem
2447 4540 2696 4611 quomodo
2730 4549 2987 4594 transeunt
3019 4542 3081 4595 de
3109 4542 3218 4596 loco
3254 4543 3309 4596 in
3338 4543 3499 4597 locum
3520 4583 3534 4609 ,
3563 4541 3603 4595 si
3635 4551 3778 4606 corpus

2253 4629 2453 4696 habent,
2476 4629 2522 4684 si
2543 4645 2691 4684 sensu
2718 4629 2898 4683 visibili
2923 4631 3048 4686 duce
3071 4641 3241 4687 carent
3261 4633 3286 4687 .’
3311 4632 3476 4688 Putas
3498 4649 3591 4687 non
3614 4631 3673 4684 ita
3689 4632 3777 4681 siml

2251 4721 2433 4775 animae
2467 4720 2702 4775 humanae
2738 4738 2850 4775 cum
2891 4724 2952 4776 de
2995 4723 3289 4790 corporibus
3315 4724 3650 4796 egrediuntur,
3676 4723 3774 4771 utet

2250 4831 2433 4883 corpus
2454 4813 2659 4885 aliquod
2695 4814 2934 4877 habeant,
2976 4823 3021 4869 et
3060 4831 3207 4869 sensu
3241 4817 3410 4883 aliqua
3448 4832 3543 4870 non
3575 4807 3775 4867 careant?

2253 4906 2389 4972 Quid
2439 4915 2510 4960 est
2553 4916 2599 4958 et
2631 4905 2788 4972 illud,
2829 4906 2964 4976 quod
3011 4907 3236 4978 plerique
3273 4909 3457 4964 mortui
3490 4907 3577 4961 visi
3607 4910 3705 4960 sunt
3733 4899 3772 4952 in

2249 4999 2476 5053 domibus
2505 5000 2575 5053 ita
2601 5000 2813 5070 ingredi,
2852 5011 2908 5054 ut
2943 5002 3078 5056 soliti
3115 5013 3249 5070 sunt,
3281 5013 3370 5058 aut
3411 5021 3496 5075 per
3530 5002 3680 5065 diem,
3704 5000 3771 5049 all

2251 5105 2338 5158 per
2366 5099 2556 5142 noctem
2586 5106 2616 5142 a
2645 5090 2962 5160 vigilantibus
2979 5134 2993 5157 ,
3035 5095 3098 5146 ab
3122 5093 3484 5149 ambulantibus
3502 5095 3528 5149 7
3564 5090 3670 5147 Non
3695 5088 3768 5141 hoc

2249 5179 2400 5233 semel
2431 5179 2637 5246 audivi,
2673 5191 2718 5235 et
2752 5181 2881 5236 illud
2912 5183 3046 5254 quod
3077 5184 3260 5239 dicitur
3292 5187 3567 5257 plerumque
3596 5183 3640 5236 in
3671 5193 3748 5244 qua

2247 5273 2365 5326 dam
2406 5273 2656 5343 particula
2702 5276 2884 5342 noctis,
2923 5277 2977 5330 in
3015 5277 3135 5332 locis
3162 5279 3216 5332 in
3251 5278 3426 5349 quibus
3463 5279 3650 5332 humata
3678 5285 3766 5324 cor-

2247 5383 2372 5436 pora
2397 5377 2534 5431 sunt,
2572 5376 2616 5421 et
2646 5369 2864 5423 maxime
2899 5370 2952 5423 in
2977 5369 3198 5426 basilicis
3221 5373 3334 5442 ﬁeri
3359 5371 3585 5426 tumultus
3606 5375 3648 5422 et
3673 5376 3763 5417 οηι·

2245 5461 2421 5516 tiones.
2465 5459 2586 5515 Non
2617 5461 2748 5515 enim
2779 5461 2840 5514 ab
2863 5479 2964 5516 uno
2989 5464 3082 5518 hoc
3109 5464 3306 5520 audisse
3333 5481 3410 5518 me
3434 5460 3644 5523 memini;
3665 5467 3760 5509 ³⁸⁸⁸⁵

2245 5555 2383 5609 testis
2410 5564 2478 5609 est
2501 5555 2704 5609 visionis
2725 5557 2867 5610 istius
2891 5557 2965 5611 vir
2983 5559 3190 5626 quidam
3211 5569 3408 5615 sanctus
3429 5555 3671 5630 presbyter.
3691 5544 3760 5618 σεδ

2243 5646 2613 5701 multitudinem
2637 5647 2814 5702 talium
2834 5649 2896 5702 de
2923 5649 3211 5719 baptisteria
3235 5653 3507 5708 exeuntium
3530 5663 3577 5700 tu
3597 5656 3750 5711 carpo-

2241 5735 2378 5791 ribus
2405 5737 2599 5804 lucidis,
2624 5748 2670 5792 et
2693 5749 2865 5808 postea
2889 5741 2940 5795 in
2961 5743 3122 5797 medio
3145 5743 3300 5816 ipsius
3317 5741 3524 5799 ecclesia
3543 5732 3750 5793 oratiana
