4004 6434
222 278 313 338 697
1369 272 1846 332 EPISTOLARUM
1885 274 2154 362 CLASSIS
2190 276 2279 334 Ill.

220 393 476 450 adverterit.
508 390 630 447 Hac
664 406 782 463 ergo
809 390 978 446 omnia
1004 397 1091 445 aut
1123 388 1204 444 illi
1243 397 1426 446 nostra:
1461 389 1772 460 inquisitioni

222 490 365 561 favent
385 526 401 551 ,
439 491 524 536 aut
548 482 592 536 si
614 482 804 554 fabulae
825 489 982 544 sunt,
1021 480 1203 534 mirum
1234 495 1253 534 :
1277 490 1443 534 tamen
1469 479 1646 534 vellem
1676 479 1772 532 ali-

219 578 320 650 quid
337 590 396 629 ex
418 574 509 627 hac
529 589 582 626 re
610 589 778 638 nosse,
801 572 924 644 quia
946 571 1173 636 veniunt,
1201 579 1248 625 et
1275 571 1498 638 visitant,
1527 582 1572 626 et
1598 572 1772 626 viden-

219 681 286 725 tur
301 677 508 733 exceptis
531 681 758 719 somnus.

275 761 321 818 9.
363 758 436 814 Ex
465 756 642 829 quibus
665 757 771 811 alia
796 755 1022 811 nascitur
1046 755 1278 827 quastio.
1309 754 1431 809 Non
1459 757 1592 810 enim
1619 755 1769 811 modo

220 852 502 926 phantasiam
539 865 632 922 ego
657 864 801 909 curo,
829 865 979 919 quam
1004 847 1098 903 sibi
1120 863 1208 901 cor
1230 847 1538 902 ineruditum
1575 849 1720 919 fingit
1750 863 1770 902 :

219 945 487 998 risitationes
512 942 711 1012 loquor.
747 939 1012 1005 Quomodo
1036 939 1275 1010 apparuit
1302 937 1494 1008 Ioseph
1523 955 1613 1008 per
1632 954 1769 994 som-

219 1038 330 1090 nium
356 1033 558 1105 (Matth.
591 1049 630 1096 ι,
653 1033 765 1105 20),
790 1031 1039 1102 quomodo
1071 1029 1292 1102 plerique
1316 1030 1499 1085 visitati
1523 1039 1656 1084 sunt.
1678 1030 1767 1087 Sic

217 1145 311 1200 ergo
329 1137 370 1181 et
398 1126 550 1181 nostri
576 1142 701 1196 quos
732 1125 1066 1194 praemisimus
1095 1123 1371 1195 aliquando
1415 1126 1645 1188 veniunt,
1668 1125 1768 1194 ipsi

215 1228 423 1291 apparent
465 1235 553 1288 per
589 1219 859 1283 somnium,
890 1225 938 1270 et
966 1217 1256 1285 loquuntur.
1287 1213 1427 1269 Nam
1455 1215 1657 1270 memini
1686 1233 1768 1270 me

214 1314 426 1383 egoipse,
464 1321 513 1364 et
545 1309 916 1381 Profuturum,
947 1319 993 1364 et
1024 1307 1316 1375 Privatum,
1367 1318 1413 1361 et
1457 1307 1759 1375 Servilium,

210 1422 309 1478 quos
333 1404 528 1457 memini
551 1413 754 1456 sanctos
794 1403 924 1456 viros
950 1399 1014 1454 de
1051 1400 1355 1454 monasterio
1381 1401 1692 1470 praecessisse
1721 1402 1760 1466 ⁸,

209 1496 372 1550 locutos
416 1495 574 1557 mihi,
619 1504 667 1548 et
708 1495 780 1546 ita
819 1494 1011 1564 factum
1041 1492 1197 1563 fuisse
1224 1501 1278 1545 ut
1308 1492 1564 1546 dixerunt.
1594 1491 1693 1547 Aut
1719 1493 1764 1546 si

205 1588 356 1657 aliquis
381 1587 587 1653 spiritus
617 1576 795 1640 melior
832 1595 933 1650 est,
959 1585 1044 1653 qui
1073 1600 1245 1638 eorum
1271 1585 1490 1656 figuram
1514 1587 1758 1653 assumit,

201 1691 240 1733 et
261 1688 456 1732 mentem
478 1677 644 1731 visitat
665 1719 681 1743 ,
710 1676 888 1730 viderit
916 1674 1005 1730 ille
1033 1675 1117 1729 cui
1144 1676 1314 1729 onmia
1341 1676 1478 1730 nuda
1504 1693 1535 1730 a
1561 1694 1761 1731 summa

199 1771 362 1824 cervice
382 1777 514 1822 sunt.
541 1768 602 1822 Si
631 1767 754 1839 quid
781 1779 900 1838 ergo
927 1767 990 1821 de
1009 1767 1088 1822 his
1114 1766 1342 1820 omnibus
1371 1777 1470 1821 tute
1490 1767 1760 1824 Sanctitati

201 1859 418 1914 Dominus
447 1877 536 1930 per
560 1860 804 1914 rationem
834 1859 974 1928 loqui
1016 1858 1328 1932 dignabitur,
1359 1877 1481 1931 rogo
1509 1872 1562 1914 ut
1592 1866 1760 1932 facere

199 1969 261 2006 me
295 1952 506 2024 digneris
549 1951 845 2023 participem
886 1950 1037 2021 hujus
1069 1951 1309 2005 scientiae.
1361 1950 1629 2008 Prteterire
1663 1969 1758 2007 au-

196 2053 276 2098 tent
299 2054 341 2096 et
367 2043 462 2096 hoc
490 2042 664 2105 nolui;
697 2045 826 2113 forte
867 2041 998 2096 enim
1037 2043 1247 2112 pertinet
1281 2042 1350 2096 ad
1386 2044 1756 2113 inquisitionem

195 2151 348 2189 πιεσηι.

250 2227 328 2282 1ο.
367 2224 505 2280 Puer
541 2226 652 2297 ipse
687 2227 749 2280 de
784 2241 884 2296 quo
918 2227 1105 2298 aqitur,
1155 2236 1376 2296 tempore
1401 2244 1500 2298 quo
1527 2228 1755 2282 solveba-

193 2328 276 2383 tur,
307 2318 552 2374 exhibitas
595 2319 967 2389 quodammodo
1017 2319 1197 2388 pergit.
1245 2317 1386 2372 Nam
1428 2320 1624 2373 videtur
1667 2339 1756 2390 per

192 2412 408 2466 somnium
431 2409 808 2481 condiscipulus
829 2419 876 2464 et
900 2410 1152 2464 conlector
1171 2409 1352 2477 ipsius,
1375 2427 1487 2464 cum
1511 2427 1610 2482 quo
1632 2412 1755 2464 mihi

193 2504 461 2573 excipiebat,
481 2503 565 2573 qui
583 2504 698 2574 jam
726 2493 842 2555 ante
871 2513 982 2556 octo
1011 2519 1201 2557 menses
1231 2487 1440 2573 corpore
1463 2515 1569 2556 erat
1590 2521 1756 2557 exent-

191 2606 319 2664 ptus,
345 2597 550 2650 venisse.
600 2593 727 2650 Cum
764 2595 1156 2666 interrogaretur
1195 2595 1257 2648 ab
1301 2613 1358 2649 eo
1387 2597 1472 2666 qui
1495 2612 1607 2649 eum
1638 2607 1754 2650 tunc

189 2687 428 2752 cernebat,
464 2703 554 2740 cur
585 2685 903 2750 advenisset;
932 2687 1006 2739 ait
1041 2686 1161 2753 ille,
1210 2686 1288 2739 Ad
1331 2689 1548 2740 amicum
1591 2705 1754 2742 nteant

188 2779 303 2833 hunc
325 2779 605 2833 ducendum
632 2779 742 2833 veni
765 2795 784 2832 :
804 2789 850 2833 et
877 2779 948 2832 ita
973 2783 1162 2850 factum
1188 2788 1276 2832 est.
1304 2779 1438 2832 Nam
1467 2781 1580 2834 etin
1603 2781 1755 2835 domo

184 2871 285 2939 ipsa
307 2869 408 2924 seni
430 2871 633 2924 cuidam
657 2887 783 2941 pene
818 2870 1072 2941 vigilanti,
1109 2870 1348 2940 apparuit
1373 2872 1521 2925 homo
1553 2870 1754 2926 laurum

159 2954 368 3033 portans
395 2965 447 3018 in
467 2981 641 3030 manu,
671 2965 934 3035 scriptum.
964 2963 1029 3017 At
1056 2962 1140 3017 ubi
1162 2964 1249 3018 ille
1278 2964 1412 3018 visus
1440 2975 1531 3031 est,
1559 2966 1745 3036 adjun-

181 3058 300 3128 gitur
320 3057 486 3112 adhuc
506 3058 641 3128 quod
669 3067 782 3128 post
810 3057 998 3111 exitum
1051 3057 1194 3126 pueri
1212 3099 1227 3123 ,
1258 3067 1400 3126 pater
1440 3059 1598 3127 ipsius
1634 3076 1748 3128 pre-

181 3150 332 3220 sbyter
364 3166 483 3204 eum
520 3165 638 3204 sene
659 3147 874 3202 Theasio
916 3149 969 3202 in
1012 3149 1314 3202 monasterio
1357 3165 1464 3202 esse
1501 3160 1752 3214 coeperant

181 3241 456 3296 consolandi
498 3257 552 3295 se
577 3240 772 3312 gratia,
804 3239 892 3293 sed
920 3248 1030 3311 post
1061 3240 1260 3292 tertium
1304 3239 1438 3293 diem
1481 3242 1622 3304 pueri
1666 3241 1752 3295 de-

181 3335 357 3405 functi,
389 3334 587 3387 videtur
611 3333 744 3388 idem
768 3349 891 3402 puer
914 3333 982 3385 ad
1007 3332 1364 3386 monasterium
1393 3333 1675 3403 ingressus,
1704 3343 1750 3387 et

179 3441 205 3479 a
236 3426 449 3490 quodam
491 3428 649 3494 fratre
692 3441 780 3493 per
820 3423 1077 3495 quoddam
1117 3425 1369 3478 somnium
1413 3425 1752 3497 interrogatur

181 3530 329 3573 utrum
356 3518 507 3572 sciret
538 3533 593 3572 se
623 3517 782 3587 fuisse
822 3517 1112 3571 ntortuum?
1140 3516 1282 3570 Dixit
1305 3534 1358 3571 se
1387 3519 1534 3574 scire.
1568 3518 1750 3574 Utrum

181 3613 334 3680 fuisse!
355 3627 387 3664 a
419 3609 527 3663 Deo
553 3611 816 3681 receptus?
840 3609 903 3664 Et
933 3609 1026 3663 ltoc
1047 3626 1217 3664 secum
1242 3627 1427 3682 magna
1446 3613 1614 3667 retulit
1632 3630 1752 3684 gra-

179 3705 419 3758 tulatione.
443 3702 667 3771 Cumque
692 3719 845 3756 causa
870 3713 1174 3773 qutereretur
1207 3719 1296 3756 cur
1336 3703 1647 3769 advenisset,
1678 3707 1750 3759 ait

177 3803 276 3849 tunc
299 3796 420 3851 ille:
451 3794 637 3850 Missus
661 3811 772 3848 sum
797 3803 851 3847 ut
877 3793 1136 3847 exhibeam
1171 3803 1365 3863 patrem
1394 3811 1580 3849 meum.
1623 3795 1748 3850 Evi-

176 3885 282 3955 gilat
301 3887 382 3939 cui
411 3887 520 3941 haec
545 3885 949 3949 ostendebantur,
968 3894 1015 3938 et
1044 3895 1239 3941 narrat.
1257 3885 1490 3941 Pervenit
1510 3903 1663 3956 usque
1682 3889 1750 3942 ad

175 3995 328 4033 aurem
352 3979 575 4049 episcopi
602 3977 644 4032 Τ
645 3979 820 4033 heasii.
856 3977 957 4043 Qui
983 3989 1238 4048 permotus
1263 3979 1547 4050 objurgavit
1572 3980 1746 4035 dicen-

177 4079 276 4133 tem,
304 4088 364 4125 ne
396 4070 547 4142 facile
570 4070 844 4141 perveniret
868 4069 936 4122 ad
959 4086 1131 4123 aurem
1157 4070 1445 4141 presbyteri,
1474 4080 1521 4124 et
1545 4082 1746 4141 pertur-

175 4161 356 4217 baretur
385 4163 475 4216 tali
516 4163 709 4217 nuntio.
747 4161 881 4228 Quid
914 4161 1043 4216 diu?
1078 4161 1202 4215 Post
1241 4162 1345 4215 dies
1375 4166 1506 4233 forte
1533 4174 1748 4233 quatuor

176 4257 454 4310 risitationis
489 4272 603 4310 cum
642 4254 884 4326 loquitur,
916 4272 1033 4308 nam
1063 4255 1314 4309 modicam
1342 4267 1562 4310 senserat
1588 4257 1743 4326 febri-

175 4349 351 4416 culam,
383 4349 660 4419 periculum
683 4349 880 4403 nullum
900 4357 1010 4402 erat
1029 4389 1042 4409 ,
1068 4347 1289 4402 medicus
1313 4348 1484 4402 aberat
1504 4391 1516 4408 .
1545 4351 1632 4420 qui
1660 4367 1748 4420 pe-

177 4441 289 4495 nitus
313 4440 703 4495 sollicitudinem
724 4438 921 4493 nullam
947 4455 1054 4493 esse
1075 4435 1379 4494 testaretur:
1403 4448 1456 4493 at
1485 4439 1572 4494 ubi
1603 4458 1656 4495 se
1692 4442 1745 4496 in

177 4531 336 4586 lectum
359 4532 650 4595 inclinavit,
678 4530 874 4585 solutus
896 4538 965 4584 est
987 4529 1122 4584 idem
1145 4531 1418 4600 presbyter.
1445 4528 1557 4585 Nec
1584 4540 1742 4598 taceo,

177 4624 279 4676 etin
317 4623 410 4678 hoc
434 4623 546 4694 ipso
587 4621 669 4676 die
704 4637 802 4693 quo
836 4637 961 4692 puer
981 4618 1284 4686 solvebatur,
1310 4621 1429 4691 petit
1454 4630 1650 4692 patrem
1677 4622 1746 4675 ad

177 4732 358 4782 pacem,
387 4725 433 4770 et
459 4715 583 4785 petit
611 4715 785 4778 tertio,
810 4723 857 4768 et
884 4713 938 4767 in
966 4713 1177 4784 singulis
1203 4713 1387 4767 osculis
1421 4712 1615 4768 dicebat
1648 4731 1744 4786 pa-

176 4809 259 4869 tri,
291 4806 462 4874 Pater,
499 4807 727 4861 dicamus
759 4804 870 4859 Deo
899 4804 1123 4876 gratias;
1149 4813 1196 4857 et
1233 4813 1430 4873 patrem
1459 4806 1660 4875 cogebat
1692 4815 1746 4860 ut

177 4899 342 4966 pariter
375 4915 542 4954 secum
571 4897 808 4961 dixisset,
846 4894 990 4966 quasi
1029 4911 1341 4948 communem
1385 4896 1652 4950 exhortans
1678 4897 1746 4949 ad

177 4991 473 5063 migrandum
499 5007 563 5046 ex
586 4991 682 5045 hac
701 4990 821 5044 vita.
848 4988 986 5042 Nam
1007 4989 1138 5042 inter
1156 4998 1394 5058 utrosque
1419 4997 1609 5058 septem
1637 4989 1744 5043 dies

177 5085 307 5137 medii
329 5092 672 5139 numerantur.
703 5080 840 5149 Quid
888 5081 971 5146 ﬁet
1013 5080 1076 5135 de
1123 5080 1276 5134 tantis
1304 5079 1485 5135 rebus?
1508 5080 1632 5146 Quis
1655 5081 1746 5135 erit

177 5164 466 5230 occultarum
512 5161 727 5230 istarum
770 5189 1038 5228 causarum
1081 5173 1406 5242 ﬁdelissimus
1456 5175 1746 5244 magister?

178 5264 338 5325 «Estus
360 5269 527 5324 cordis
553 5269 650 5322 mei
674 5267 896 5336 refundit
922 5282 974 5320 se
997 5265 1086 5319 tibi
1123 5266 1177 5318 in
1216 5276 1436 5337 tempore
1475 5267 1742 5338 angustiae.

178 5358 476 5434 Dispensatio
501 5363 661 5418 exitus
688 5361 863 5432 pueri,
895 5361 1100 5430 ejusque
1128 5360 1286 5430 patris
1323 5369 1396 5414 est
1433 5362 1707 5432 manifesta
1725 5402 1741 5427 ,

180 5455 280 5521 quia
303 5455 399 5511 duo
430 5470 656 5526 passeres
681 5469 783 5508 non
807 5451 987 5507 cadent
1013 5453 1081 5506 ad
1110 5462 1292 5507 terram
1335 5453 1445 5508 sine
1491 5451 1745 5508 voluntate

183 5542 332 5602 Patris
355 5545 563 5620 (Matth.
597 5563 652 5612 κ,
679 5545 796 5616 ‘29).

245 5639 320 5695 11.
359 5641 594 5696 Animam
625 5655 744 5710 ergo
783 5639 920 5694 omni
945 5653 1155 5710 corpore
1196 5655 1364 5693 carere
1409 5638 1607 5708 penitus
1645 5654 1745 5694 non

245 5750 260 5784 ι
285 5753 423 5804 ratio.
445 5758 552 5816 ιιι,
575 5749 875 5803 processisse.

2829 172 2859 186 ρ
2918 166 3069 190 σου-Αι-

3355 285 3460 346 698

1881 407 2048 459 posse,
2079 392 2170 445 illa
2193 409 2291 459 res,
2325 399 2378 446 ut
2405 400 2544 464 puto,
2576 394 2822 463 ostendit,
2849 395 2968 467 quia
2995 395 3130 454 Deus
3154 400 3291 455 solus
3319 401 3458 456 omni

1877 497 2086 552 corpore
2127 501 2320 554 semper
2353 494 2508 539 caret.
2544 485 2669 541 Post
2693 486 2958 542 transitum
2994 498 3160 542 autem
3199 492 3457 557 animam,

1877 590 2028 644 quam
2052 575 2213 645 magis
2237 575 2600 645 oigilantiorem
2631 579 2740 648 fore
2764 578 2999 645 arbitror,
3031 580 3276 649 expositio
3306 590 3459 637 tanta;

1876 665 2024 719 molis
2047 681 2301 736 corporeae
2326 667 2572 732 ostendit;
2595 677 2712 721 tunc
2738 669 2870 723 enim
2898 670 2951 724 in
2975 671 3171 725 actione
3205 681 3250 725 et
3283 674 3459 744 cogni-

1875 758 2009 812 tione
2035 760 2266 828 expedita
2295 769 2433 814 tanto
2460 762 2678 828 uinculo,
2710 771 2766 815 ut
2804 772 2946 833 puto,
2969 773 3178 835 apparet
3217 775 3461 835 praestan-

1873 851 1990 916 tior,
2020 862 2064 904 et
2094 851 2256 906 omnis
2282 851 2374 905 illa
2406 853 2545 923 quies
2591 853 2869 922 spiritualis
2888 896 2904 918 ,
2934 855 3162 908 omnibus
3191 857 3461 926 perturba-

1874 940 2090 995 tionibus
2113 951 2159 996 et
2186 943 2435 997 erroribus
2455 943 2661 997 liberam
2683 943 3008 1008 demonstrat,
3032 961 3132 998 non
3157 946 3453 1014 marcidam,

1872 1043 1920 1087 et
1957 1035 2101 1103 quasi
2142 1052 2376 1104 segnem,
2419 1044 2464 1089 et
2514 1037 2765 1105 torpidam
2785 1078 2799 1099 ,
2848 1047 2894 1090 et
2932 1037 3244 1107 implicatam
3291 1040 3454 1110 facit:

1871 1126 2055 1197 quippe
2095 1128 2177 1181 cui
2223 1128 2401 1198 sumsit
2443 1129 2636 1199 perfrui
2677 1130 2826 1182 etiam
2869 1130 2982 1203 ipsa
3032 1129 3258 1184 libertate
3307 1149 3458 1203 quam

1870 1216 2054 1289 adepta
2079 1227 2150 1272 est
2169 1259 2182 1283 ,
2215 1236 2328 1273 cum
2368 1220 2557 1273 mundo
2589 1228 2633 1273 et
2658 1237 2867 1292 corpore
2895 1202 3070 1286 caret;
3099 1238 3217 1275 nam
3257 1202 3457 1278 intelle-

1869 1317 2001 1361 ctum
2025 1325 2084 1362 ea
2113 1310 2280 1381 pasci,
2313 1320 2358 1364 et
2383 1327 2567 1382 ponere
2607 1327 2662 1366 os
2701 1313 2966 1381 spirituale
3007 1312 3074 1366 ad
3115 1316 3301 1385 fontem
3343 1317 3458 1371 vita:

1871 1399 2140 1466 prudenter
2165 1401 2355 1462 dixisti,
2384 1400 2468 1454 ubi
2490 1411 2562 1455 est
2583 1400 2706 1470 felix
2725 1411 2768 1455 et
2786 1402 2928 1455 beata
2955 1404 3256 1474 proprietate
3281 1408 3458 1461 utentis

1868 1505 1992 1543 suae.
2021 1488 2159 1542 Nam
2184 1490 2457 1561 aliquando
2504 1508 2594 1561 ego
2641 1491 2911 1545 Servilium
2951 1492 3159 1562 fratrem
3201 1503 3310 1565 post
3349 1498 3458 1568 ejus

1867 1581 2056 1634 exitum
2093 1598 2183 1652 per
2204 1582 2455 1636 somnium
2494 1582 2596 1636 vidi
2633 1582 2801 1636 adhuc
2842 1583 3033 1652 positus
3056 1584 3108 1636 in
3134 1588 3455 1652 monasterio,

1865 1672 1953 1742 qui
1977 1673 2105 1726 dixit
2128 1674 2261 1743 quod
2288 1690 2379 1728 nos
2409 1690 2497 1744 per
2537 1674 2785 1728 rationem
2829 1673 3111 1729 laboremus
3149 1677 3350 1731 tendere
3390 1678 3457 1731 ad

1864 1764 2186 1831 intellectum,
2209 1783 2261 1819 se
2287 1776 2452 1820 autem
2481 1777 2525 1820 et
2553 1766 2676 1820 tales
2702 1766 2755 1820 in
2781 1766 2892 1836 ipsa
2911 1767 3343 1837 contemplationis
3367 1770 3458 1824 de-

1865 1855 2130 1912 lccfbtione
2159 1875 2382 1912 manere.

1936 1949 2022 2003 12.
2073 1949 2198 2003 Peto
2248 1967 2444 2021 quoque
2486 1961 2541 2004 ut
2585 1961 2703 2022 quot
2745 1953 2908 2008 modis
2948 1953 3194 2025 sapientia
3239 1955 3453 2024 dicatur,

1863 2041 2095 2096 ostendas
2121 2043 2282 2107 mihi;
2317 2052 2371 2096 ut
2410 2044 2658 2113 sapientia
2697 2043 2837 2098 Deus
2857 2087 2871 2110 ,
2901 2053 2954 2098 ut
2981 2047 3229 2116 sapientia
3257 2046 3456 2102 animus

1861 2133 2094 2203 sapiens,
2125 2134 2374 2204 quomodo
2401 2135 2586 2187 dicitur
2614 2145 2667 2189 ut
2694 2135 2816 2199 lux,
2859 2146 2912 2190 ut
2949 2137 3198 2206 sapientia
3231 2136 3457 2194 Beseleel

1861 2224 1948 2291 qui
1972 2223 2244 2294 fabricatus
2269 2235 2341 2278 est
2373 2223 2773 2278 Tabernaculum
2793 2266 2808 2292 ,
2839 2225 2918 2280 vel
2940 2229 3358 2298 unguentariam,
3391 2238 3450 2281 ut

1861 2316 2108 2381 sapientia
2136 2315 2445 2380 Salomonis,
2477 2317 2554 2370 vel
2575 2317 2619 2370 si
2648 2333 2745 2386 qua
2770 2327 2841 2370 est
2861 2316 2984 2382 alia,
3015 2326 3061 2372 et
3089 2316 3210 2387 quid
3238 2318 3450 2372 invicem

1862 2407 2082 2460 distent:
2108 2417 2153 2460 et
2195 2417 2362 2460 utrum
2388 2425 2489 2461 una
2527 2408 2618 2462 illa
2657 2409 2904 2478 sapientia
2930 2418 3118 2463 wterna
3148 2426 3262 2463 cum
3299 2410 3451 2464 Patre

1859 2498 1913 2551 in
1935 2498 2012 2552 his
2032 2498 2270 2568 gradibus
2292 2499 2619 2570 intelligenda
2640 2501 2734 2569 sit,
2758 2504 3007 2572 quomodo
3027 2501 3223 2556 diversa
3246 2519 3453 2557 munera

1861 2590 2098 2643 dicuntur
2135 2591 2359 2660 Spiritus
2400 2593 2562 2645 sancti
2597 2594 2685 2662 qui
2729 2594 2906 2648 dividit
2943 2595 3211 2661 unicuique
3248 2597 3456 2666 propria

1861 2693 2008 2752 prout
2034 2683 2155 2736 vult.
2175 2682 2255 2737 An
2281 2694 2487 2756 excepta
2517 2686 2608 2740 illa
2635 2686 2746 2740 sola
2772 2689 3020 2758 sapientia
3047 2705 3159 2757 quea
3183 2693 3320 2760 facta
3350 2707 3452 2744 non

1859 2784 1960 2840 est,
1988 2775 2101 2829 ista:
2125 2775 2275 2844 facta:
2303 2785 2420 2830 sunt
2441 2817 2452 2838 ,
2487 2785 2533 2830 et
2567 2778 2825 2848 propriam
2868 2779 3052 2833 habent
3089 2779 3455 2834 substantiam?

1859 2883 1926 2920 an
1955 2866 2130 2933 eﬂ'ecta
2154 2877 2268 2921 sunt
2293 2876 2339 2922 et
2362 2885 2424 2923 ex
2443 2869 2734 2940 deﬁnitione
2749 2870 2914 2941 operis
2934 2873 3270 2941 acceperunt?
3288 2871 3454 2926 Multa

1859 2959 2091 3028 requiro;
2121 2959 2202 3012 det
2232 2959 2319 3012 tibi
2348 2959 2596 3014 Dominus
2625 2971 2672 3014 et
2695 2963 2912 3031 gratiam
2949 2963 3232 3017 inveniendi
3251 3005 3265 3026 ,
3290 2973 3335 3017 et
3365 2981 3451 3017 sa-

1861 3053 2096 3121 pientiam
2125 3053 2371 3120 dictandi,
2398 3063 2444 3108 et
2466 3053 2532 3107 ad
2553 3070 2644 3108 nos
2669 3052 2894 3109 celeriter
2911 3055 3178 3110 scribendi.
3207 3054 3448 3125 Imperite

1858 3153 1904 3198 et
1931 3144 2114 3198 rustice
2132 3145 2310 3216 scripsi
2334 3161 2351 3198 :
2376 3145 2463 3198 sed
2482 3145 2598 3215 quia
2629 3145 2856 3216 dignaris
2886 3162 3030 3200 nosse
3051 3147 3172 3214 quid
3199 3163 3444 3217 quteram,

1859 3251 1950 3306 per
1975 3233 2231 3289 Christum
2261 3221 2530 3288 Dominum
2552 3235 2753 3290 obsecro
2784 3246 2838 3289 ut
2866 3237 2920 3290 in
2963 3237 3042 3291 his
3085 3238 3307 3308 corrigas
3331 3255 3410 3292 me
3433 3277 3448 3305 ,

1857 3329 1903 3374 et
1931 3321 2111 3375 doceas
2137 3321 2271 3389 quod
2296 3323 2532 3392 intelligis
2558 3339 2636 3375 me
2661 3323 2788 3377 scire
2812 3339 3017 3393 cupere.

2284 3433 2614 3489 EPISTOLA
2657 3435 2816 3490 CLIX
2852 3440 2872 3459 '
2901 3432 3000 3508 (a).

1857 3546 2169 3620 Augustinus
2200 3547 2417 3614 Evodio,
2445 3547 2752 3618 respondens
2781 3547 2846 3602 ad
2871 3550 3165 3619 quaestiones
3191 3549 3253 3604 de
3278 3550 3450 3604 anima

2107 3642 2271 3696 soluta
2297 3658 2540 3712 corpore,
2569 3651 2617 3695 et
2644 3641 2707 3695 de
2727 3642 2846 3696 visis
2876 3642 3198 3714 prodigiosis.

1856 3753 2084 3809 Domino
2103 3753 2431 3820 beatissimo,
2455 3762 2511 3808 et
2530 3752 2819 3808 venerabili
2848 3768 2912 3808 ac
2933 3752 3271 3808 desiderabili
3293 3753 3442 3808 fratri

1926 3858 1990 3900 ac
2025 3843 2389 3899 consacerdoti
2419 3858 2540 3898 meo
2568 3843 2805 3907 Evomo,
2847 3850 2902 3898 et
2939 3852 3113 3899 tecum
3159 3843 3410 3900 fratribus
3433 3885 3446 3906 .

1925 3936 2294 3998 Auousrmus,
2340 3944 2395 3990 et
2437 3949 2648 3990 mecum
2691 3934 2922 4002 fratres,
2951 3934 3005 3989 in
3045 3935 3271 3990 Domino
3306 3937 3451 3991 salu-

1927 4035 2054 4081 tem.

1927 4140 1977 4194 1.
2018 4138 2209 4194 Frater
2251 4139 2350 4193 iste
2397 4138 2614 4194 nomine
2661 4138 2961 4204 Barbarus,
3003 4153 3192 4193 servus
3225 4139 3316 4193 Dei
3365 4149 3448 4194 est

1850 4228 1958 4299 jam
1988 4230 2082 4284 diu
2111 4230 2250 4300 apud
2283 4229 2577 4300 Hipponem
2604 4229 2942 4295 constitutus,
2973 4237 3027 4283 et
3053 4229 3196 4283 verbi
3221 4229 3310 4284 Dei
3343 4229 3448 4285 fer-

1852 4322 2006 4378 vidus
2028 4338 2091 4378 ac
2117 4323 2388 4377 studiosus
2416 4321 2646 4378 auditor.
2682 4321 3014 4378 Desideravit
3040 4321 3106 4377 ad
3137 4330 3279 4377 tuam
3304 4321 3442 4378 San-

1852 4415 2088 4470 ctitatem
2105 4415 2308 4470 litteras
2329 4423 2571 4480 nostras;
2598 4415 2650 4469 in
2670 4414 2861 4485 quibus
2882 4414 2975 4469 tibi
3001 4429 3122 4468 eum
3146 4415 3198 4468 in
3221 4414 3447 4471 Domino

1852 4506 2290 4562 commendamus
2308 4548 2323 4572 ,
2351 4506 2550 4576 tibique
2580 4521 2677 4576 per
2701 4520 2823 4561 eum
2849 4505 3073 4560 salutem
3100 4505 3332 4562 debitam
3362 4507 3444 4561 di-

1851 4599 2044 4654 cimus.
2073 4597 2288 4653 Litteris
2313 4607 2490 4652 autem
2518 4597 2823 4652 Sanctitatis
2846 4605 2971 4664 tute,
2994 4597 3186 4667 quibus
3207 4597 3448 4667 ingentes

1851 4691 2068 4748 texuisti
2097 4691 2454 4762 quaestiones,
2486 4689 2813 4761 respondere
2852 4689 3284 4760 Operosissimum
3321 4700 3443 4756 est,

1851 4787 2011 4842 etiam
2037 4785 2244 4850 otiosis,
2268 4794 2322 4839 et
2348 4785 2516 4839 multo
2544 4785 2744 4855 majore
2764 4798 2923 4854 quam
2953 4798 3051 4837 nos
3077 4797 3280 4847 sumus,
3306 4796 3447 4851 pra:-

1851 4877 1976 4933 ditis
2020 4875 2270 4931 facultate
2317 4875 2615 4931 disserendi
2661 4885 2714 4931 et
2760 4874 3048 4930 acrimonia
3095 4874 3441 4944 intelligendi.

1851 4966 2086 5025 Duarum
2113 4984 2240 5023 sane
2269 4967 2611 5039 epistularum
2650 4976 2892 5032 tuarum,
2938 4967 3131 5037 quibus
3175 4968 3342 5022 multa
3389 4977 3444 5024 ct

1851 5077 2038 5132 magna
2066 5061 2369 5132 conquiris,
2404 5077 2509 5116 una
2539 5061 2720 5117 nescio
2761 5059 3029 5130 quomodo
3064 5061 3361 5129 aberravit,
3390 5071 3447 5118 ct

1851 5154 1942 5210 diu
1968 5154 2187 5226 quaesita
2220 5170 2325 5209 non
2358 5154 2523 5225 potuit
2556 5151 2814 5224 reperiri:
2839 5152 3004 5207 altera
3035 5168 3181 5219 vero,
3212 5170 3332 5225 quae
3357 5153 3443 5207 in-

1853 5254 2008 5301 venta
2026 5256 2127 5306 est,
2146 5245 2304 5302 habet
2321 5245 2834 5302 commendationem
2871 5244 3238 5300 suavissimam
3301 5245 3442 5299 servi

1852 5340 1948 5396 Dei
1977 5339 2100 5394 boni
2140 5349 2194 5395 et
2231 5341 2360 5395 casti
2389 5337 2770 5402 adolescentis,
2805 5337 3074 5407 quomodo
3099 5353 3163 5392 ex
3196 5337 3293 5390 hac
3337 5337 3443 5392 vita

1851 5433 2178 5504 migraverit,
2193 5439 2249 5488 et
2263 5433 2453 5504 quibus
2478 5431 2740 5485 visionum
2764 5429 3115 5486 fraternarum
3145 5430 3441 5484 attestatio-

1915 5547 1933 5566 ‘
1969 5549 2219 5598 Recensita
2243 5547 2302 5596 ad
2323 5545 2393 5595 bl.
2427 5558 2496 5596 cc.
2520 5545 2600 5595 ch.
2641 5545 2690 5594 il'.
2723 5558 2809 5609 ες.
2847 5559 2891 5594 r.
2917 5545 2994 5594 sb.
3019 5555 3094 5592 vc.
3119 5543 3241 5592 duos
3275 5547 3312 5592 t.
3338 5548 3444 5593 tres

1849 5623 1898 5659 ν.
1925 5615 1977 5660 et
1999 5610 2057 5659 ad
2076 5621 2176 5658 Am.
2203 5609 2312 5658 Bad.
2333 5615 2408 5658 Er.
2429 5614 2540 5658 Lov.

1913 5691 1988 5755 (a)
2012 5692 2136 5742 Alias
2180 5691 2270 5742 100
2293 5705 2306 5740 :
2331 5704 2442 5755 quae
2483 5696 2648 5741 autem
2693 5689 2786 5741 159
2829 5694 2956 5748 erat,
2978 5698 3109 5738 nunc
3130 5685 3239 5737 155.
3261 5687 3443 5751 Scripta

1851 5761 1959 5817 post
1980 5755 2304 5817 superiorem.
