4004 6440
600 360 703 417 699

602 470 759 526 uihus
782 464 1027 522 meritum
1052 461 1168 532 ejus
1202 458 1353 517 vobis
1382 454 1635 514 insinuari
1678 450 1927 524 potuerit.
1976 446 2177 504 Deinde

528 590 529 593 η
600 579 664 621 ex
696 561 795 616 hac
821 557 1098 614 occasione
1134 551 1387 624 proponis
1408 559 1463 604 et
1487 562 1665 604 versas
1692 544 1757 600 de
1783 544 1956 598 anima
1991 542 2183 595 obscu-

603 652 866 707 rissimam
910 645 1295 719 quaestionem,
1350 650 1525 695 utrum
1568 653 1687 692 cum
1734 635 1913 704 aliquo
1956 645 2182 700 corpore

603 742 902 814 egrediatur
934 756 966 796 e
1005 752 1259 808 corpore,
1288 750 1392 805 quo
1424 733 1590 803 possit
1627 729 1694 784 ad
1732 724 2027 796 corporalia
2069 724 2182 778 loca

606 836 751 901 ferri,
780 833 858 889 vel
887 832 1018 886 locis
1045 826 1408 898 corporalibus
1432 821 1709 879 contineri.
1738 820 1903 889 liujus
1928 817 2083 887 igitur
2106 818 2185 873 rei

606 933 860 982 tractatus
879 963 892 986 ,
930 922 973 977 si
1016 931 1188 974 tamen
1218 918 1283 972 ad
1311 915 1564 986 liquidum
1591 928 1619 967 a
1651 912 1840 967 talibus
1868 910 2052 979 quales
2078 920 2181 963 nos

606 1030 808 1081 sumus,
838 1013 1125 1069 examinari
1156 1018 1357 1080 potest,
1381 1022 1561 1063 curam
1592 1015 1752 1075 atque
1777 1018 1993 1073 operam
2019 1015 2182 1070 nego-

607 1106 944 1162 tiosissimam
987 1100 1252 1172 postulat,
1284 1114 1347 1153 ac
1374 1113 1467 1167 per
1493 1097 1593 1152 hoc
1632 1103 1863 1150 mentem
1894 1093 1960 1147 ab
1990 1092 2073 1147 his
2097 1106 2187 1145 oc-

601 1195 969 1269 cupationibus
983 1194 1379 1250 otiosissimam.
1397 1190 1450 1245 Si
1468 1199 1646 1245 autem
1663 1186 1895 1243 breviter
1912 1184 1990 1239 vis
2003 1183 2187 1239 audire

603 1288 727 1358 quid
773 1288 903 1344 mihi
944 1286 1203 1351 videatur,
1245 1284 1388 1339 nullo
1426 1282 1583 1337 modo
1621 1280 1849 1333 arbitror
1887 1276 2118 1332 animam
2151 1288 2182 1329 e

601 1396 824 1452 corpore
851 1380 999 1436 exire
1026 1393 1149 1433 cum
1178 1390 1423 1445 corpore.

672 1471 728 1525 2.
771 1470 1015 1526 Visiones
1040 1477 1217 1523 autem
1244 1468 1365 1531 illae,
1391 1465 1795 1531 futurorumque
1818 1459 2189 1531 prazdictiones

601 1563 867 1634 quomodo
909 1561 1069 1626 fiant,
1098 1560 1184 1615 ille
1219 1559 1327 1629 jam
1369 1556 1635 1626 explicare
1663 1562 1901 1617 conetur,
1930 1552 2018 1622 qui
2044 1551 2191 1608 novit

605 1673 706 1726 qua
734 1655 783 1709 vi
807 1654 1105 1710 efficiantur
1126 1652 1176 1707 in
1200 1664 1515 1721 unoquoque
1551 1649 1729 1703 animo
1757 1655 1920 1713 tanta,
1951 1661 2070 1700 cum
2097 1659 2188 1700 c0-

603 1748 750 1818 gitat.
787 1746 1035 1802 Videmus
1060 1744 1231 1808 enim,
1261 1742 1523 1812 planeque
1550 1740 1821 1795 cernimus
1874 1739 1929 1792 in
1973 1752 2038 1792 eo
2075 1735 2189 1792 fieri

602 1855 780 1895 rerum
813 1837 1098 1892 multarum
1131 1835 1444 1895 visibilium,
1479 1841 1531 1886 et
1574 1831 1639 1884 ad
1687 1839 1913 1885 czeteros
1950 1820 2189 1898 corporis

602 1946 791 1986 sensus
837 1928 1248 1998 pertinentium,
1298 1921 1710 1977 immmerabiles
1754 1919 2191 1990 imagineszquze

601 2036 707 2075 non
732 2022 953 2075 interest
976 2033 1131 2087 quam
1162 2015 1401 2071 ordinate
1432 2013 1511 2067 vel
1546 2010 1752 2068 turbide
1778 2010 1931 2074 fiant;
1955 2008 2052 2064 sed
2075 2018 2189 2063 tan-

601 2120 711 2166 tum
739 2110 861 2180 quia
892 2108 1020 2162 fiunt
1041 2148 1054 2170 ,
1082 2105 1222 2176 quod
1260 2105 1595 2160 manifestum
1623 2110 1736 2165 est,
1772 2116 1875 2171 qua
1903 2103 1950 2155 vi
1980 2109 2034 2155 et
2059 2116 2188 2168 quo-

598 2202 759 2257 modo
794 2200 925 2254 fiant
968 2198 1207 2268 quisquis
1250 2196 1478 2266 potuerit
1516 2195 1782 2264 explicare
1817 2193 1971 2265 (ψιιὲ
2011 2194 2188 2248 omnia

605 2301 751 2348 certe
774 2289 1079 2360 quotidiana
1106 2298 1229 2343 sunt
1259 2297 1414 2357 atque
1436 2286 1733 2355 continua),
1758 2284 1949 2340 audeat
1990 2300 2189 2354 praesu-

600 2399 747 2438 mere
769 2381 964 2452 aliquid
990 2397 1051 2435 ac
1074 2380 1297 2435 definire
1317 2380 1477 2433 etiam
1507 2378 1574 2434 de
1600 2378 1704 2433 illis
1733 2378 2017 2432 rarissimis
2041 2379 2189 2437 visis.

602 2473 722 2543 Ego
752 2482 925 2528 autem
972 2480 1117 2526 tanto
1158 2471 1332 2525 minus
1362 2469 1464 2523 hoc
1490 2468 1678 2534 audeo,
1708 2476 1908 2538 quanto
1938 2470 2111 2523 minus
2141 2468 2193 2524 id

612 2580 825 2636 quoque
845 2565 896 2619 in
923 2564 1078 2619 nobis
1123 2562 1263 2633 quod
1308 2564 1411 2616 vita
1459 2561 1704 2615 continua
1756 2561 2030 2629 vigilantes
2072 2562 2195 2617 dor-

610 2657 943 2727 mientesque
972 2656 1298 2725 experimur,
1322 2670 1427 2724 quo
1456 2663 1610 2725 pacto
1636 2654 1724 2709 fiat
1752 2655 2018 2723 explicare
2043 2656 2191 2710 suffi-

602 2750 707 2805 cio.
731 2749 843 2803 Non
866 2764 986 2802 cum
1008 2747 1073 2801 ad
1096 2756 1147 2801 te
1173 2744 1428 2799 dictarem
1454 2746 1589 2800 hanc
1609 2745 1886 2814 epistolam
1907 2786 1919 2809 ,
1967 2747 2191 2815 teipsum

600 2843 779 2895 animo
803 2840 1113 2903 contuebar,
1153 2848 1205 2894 te
1232 2838 1413 2907 utique
1450 2836 1669 2891 absente
1697 2846 1855 2908 atque
1901 2838 2188 2901 nesciente,

601 2944 655 2989 et
688 2934 957 3004 quomodo
987 2932 1158 3002 possis
1188 2930 1274 2985 his
1298 2931 1475 2984 verbis
1506 2929 1739 2995 moveri,
1768 2928 2059 2982 secundum
2092 2945 2192 2982 no-

603 3026 771 3079 titiam
810 3039 928 3093 qua:
958 3021 1088 3076 mihi
1136 3021 1203 3076 de
1244 3029 1295 3074 te
1339 3020 1513 3084 inest,
1558 3017 1913 3088 imaginabar;
1944 3027 2099 3087 atque
2140 3016 2193 3072 id

603 3130 832 3185 quonam
868 3114 1025 3168 modo
1062 3113 1115 3167 in
1155 3112 1333 3166 animo
1379 3126 1499 3165 meo
1525 3108 1712 3175 fieret,
1742 3123 1935 3178 capere
1960 3124 2021 3162 ac
2046 3109 2193 3177 inve:

602 3208 797 3276 stigare
827 3222 929 3260 non
953 3214 1210 3274 poteram,
1245 3212 1423 3258 certus
1450 3210 1626 3257 tamen
1655 3218 1759 3257 non
1787 3201 1898 3257 fieri
1921 3201 2193 3271 corporeis

607 3298 833 3351 molibus
855 3338 868 3358 ,
904 3312 1001 3349 nec
1026 3296 1298 3363 corporeis
1323 3294 1663 3363 qualitatibus
1683 3336 1697 3360 ,
1727 3309 1845 3348 cum
1876 3294 2083 3364 corpori
2116 3294 2192 3348 si-

605 3387 884 3441 millimum
913 3387 1100 3440 fieret:
1131 3384 1233 3438 hoc
1257 3383 1468 3437 interim
1502 3383 1696 3437 habeas
1717 3424 1731 3449 ,
1762 3391 1819 3437 ut
1845 3384 1911 3437 ab
1936 3394 2194 3452 occupato

605 3488 659 3532 et
683 3477 963 3533 festinante
988 3474 1261 3529 dictatum.
1289 3471 1343 3527 In
1376 3472 1692 3527 duodecimo
1722 3483 1897 3527 autem
1940 3475 2075 3528 libro
2104 3490 2195 3528 eo-

608 3583 722 3622 rum
767 3580 899 3636 quos
939 3565 1005 3620 de
1047 3562 1243 3620 Genesi
1287 3562 1503 3632 scripsi,
1534 3570 1775 3618 versatur
1820 3563 1933 3617 haec
1973 3564 2194 3633 qumstio

606 3660 967 3720 vehementer,
1000 3665 1057 3711 et
1096 3671 1159 3709 ex
1206 3655 1384 3709 multis
1430 3671 1605 3710 rerum
1651 3662 1990 3723 expertarum
2035 3666 2194 3726 atque

607 3748 933 3803 credibiliter
957 3747 1254 3800 auditarum
1279 3746 1540 3814 exemplis
1573 3745 1860 3815 disputatio
1900 3746 1987 3799 illa
2029 3748 2192 3802 silve-

608 3842 727 3896 scit.
755 3840 891 3907 Quid
921 3841 971 3893 in
1001 3854 1063 3893 ea
1102 3839 1429 3908 potuerimus
1459 3838 1539 3892 vel
1566 3837 1929 3903 effecerimus,
1958 3844 2077 3891 Cum
2118 3840 2194 3893 le-

607 3933 770 4004 geris,
795 3931 1089 4002 judicabis;
1114 3931 1159 3984 si
1190 3939 1367 3985 tamen
1394 3931 1647 3984 Dominus
1672 3930 1971 4000 dignabitur
1994 3932 2196 3989 donare

610 4034 666 4078 ut
708 4039 801 4080 eos
850 4023 977 4077 mihi
1030 4022 1233 4088 libros,
1280 4031 1536 4090 quantum
1578 4035 1791 4089 possum
1843 4032 2197 4092 congruenter

609 4115 950 4181 emendatos,
975 4114 1083 4183 jam
1114 4114 1267 4169 liceat
1306 4112 1499 4177 edere,
1552 4121 1608 4166 et
1648 4112 1932 4168 multorum
1975 4115 2194 4169 fratrum

610 4207 1057 4276 exspectationem
1071 4221 1174 4260 non
1182 4204 1292 4273 jam
1310 4204 1461 4274 longa
1473 4203 1831 4273 disputatione
1845 4206 2193 4273 suspendere.

682 4300 734 4351 3.
780 4297 1016 4351 Narrabo
1046 4303 1221 4349 autem
1250 4310 1411 4348 unum
1444 4294 1638 4364 aliquid
1679 4295 1911 4350 breviter
1936 4296 2076 4349 unde
2101 4312 2195 4351 co-

611 4389 765 4457 gites.
791 4386 979 4440 Frater
1008 4394 1189 4439 noster
1218 4384 1542 4451 Gennadius,
1562 4384 1872 4440 notissimus
1892 4386 2001 4441 fere
2026 4386 2197 4440 omni-

613 4477 731 4541 bus,
764 4476 1017 4544 nobisque
1052 4474 1395 4529 charissimus
1425 4473 1695 4539 medicus,
1734 4474 1823 4544 qui
1868 4491 2008 4530 nunc
2050 4476 2194 4545 apud

613 4565 985 4636 Carthaginem
1017 4564 1191 4636 degit,
1221 4574 1273 4619 et
1300 4564 1482 4618 Romae
1517 4580 1626 4618 suae
1650 4564 1784 4618 artis
1818 4566 2196 4625 exercitatione

616 4658 949 4730 praepolluit,
974 4666 1034 4731 ut
1055 4657 1322 4712 hominem
1351 4656 1653 4725 religiosum
1683 4657 1853 4723 nosti,
1877 4668 2036 4725 atque
2072 4674 2195 4728 erga

612 4763 901 4820 pauperum
945 4763 1127 4804 curam
1172 4746 1389 4816 impigra
1438 4745 1798 4801 misericordia
1844 4747 2197 4819 facillimoque

612 4840 790 4893 animo
814 4836 1249 4907 benignissimum
1270 4877 1285 4902 ,
1310 4834 1586 4890 dubitabat
1612 4844 1787 4891 tamen
1813 4836 2115 4907 aliquando,
2141 4847 2197 4894 ut

614 4929 772 4984 modo
798 4928 948 4983 nobis
974 4927 1189 4991 retulit,
1222 4942 1340 4981 cum
1372 4926 1547 4982 adhuc
1589 4936 1733 4982 esset
1775 4928 2119 4994 adolescens,
2143 4941 2196 4985 et

614 5021 666 5075 in
696 5021 777 5074 his
801 5022 1153 5092 eleemosynis
1188 5018 1641 5083 ferventissimus,
1688 5029 1861 5076 utrum
1905 5032 2047 5077 esset
2091 5024 2193 5079 ulla

617 5115 718 5167 vita
746 5123 864 5181 post
890 5122 1134 5167 mortem.
1164 5112 1327 5182 Hujus
1360 5112 1517 5183 igitur
1548 5120 1780 5168 mentem
1819 5122 1871 5168 et
1910 5129 2069 5183 opera
2098 5116 2196 5170 mi-

614 5202 914 5258 sericordiae
939 5205 1184 5273 quoniam
1216 5204 1353 5259 Deus
1382 5204 1529 5261 nullo
1570 5204 1728 5261 modo
1770 5206 2074 5272 desereret,
2102 5225 2194 5279 ap-

612 5296 787 5371 paruit
816 5295 889 5350 illi
917 5296 970 5349 in
1007 5298 1207 5351 somnis
1235 5297 1550 5367 conspicuus
1574 5296 1786 5367 juvenis
1810 5310 1865 5353 et
1899 5300 2088 5367 dignus
2115 5301 2193 5355 in-

614 5388 791 5452 tendi,
819 5388 973 5455 eique
998 5386 1130 5441 dixit
1156 5404 1167 5439 2
1191 5386 1427 5464 sequere
1457 5404 1565 5444 me.
1595 5390 1763 5455 Quem
1789 5390 1913 5445 dum
1944 5407 2192 5460 sequere—

616 5490 717 5545 tur,
744 5480 886 5533 venit
912 5477 975 5533 ad
1006 5478 1285 5547 quamdam
1322 5478 1616 5543 civitatem,
1654 5480 1953 5533 ubtaudire
1979 5483 2140 5549 coepit
2164 5497 2191 5535 a

614 5574 827 5629 dextera
844 5580 988 5643 parte
1002 5586 1160 5626 sonos
1176 5572 1502 5626 suavissimae
1519 5573 1815 5637 cantilenae,
1834 5573 1964 5628 ultra
1983 5574 2189 5629 solitam

615 5676 900 5733 nouunque
940 5664 1285 5727 suavitatem;
1317 5672 1440 5716 tunc
1472 5664 1556 5717 ille
1588 5664 1788 5717 intento
1822 5663 2069 5733 quidnam
2106 5680 2191 5719 es-

615 5764 729 5819 set,
778 5756 851 5807 ait
895 5754 1118 5826 hymnos
1163 5769 1284 5809 esse
1329 5755 1601 5808 beatorum
1642 5764 1798 5825 atque
1840 5764 2184 5809 sanctorum:

1834 339 1895 398 s.
1932 333 2298 396 AUGUSTINI
2336 314 2635 389 EPISCOPI

3728 348 3812 406 700

2290 445 2505 500 sinistra
2534 455 2707 501 autem
2737 455 2886 519 parte
2908 448 3035 520 quid
3063 465 3123 507 se
3145 451 3339 510 vidisse
3363 456 3569 522 retulit,
3594 474 3688 515 non
3710 471 3814 523 satis

2289 539 2525 593 memini.
2557 539 2854 610 Evigilavit,
2882 550 2938 599 et
2962 545 3223 601 somnium
3252 543 3386 615 fugit
3406 549 3445 614 ί,
3468 558 3745 626 tantumque
3762 559 3816 617 de

2290 628 2378 683 illo
2407 640 2659 700 quantum
2687 631 2753 687 de
2781 635 2988 688 somnio
3006 637 3270 706 cogitavit.
3375 639 3378 642 ’

2359 722 2412 777 4.
2451 722 2566 778 Alia
2596 737 2724 780 vero
2764 734 2953 791 nocte,
2983 742 3107 784 ecce
3136 728 3275 785 idem
3308 730 3423 801 ipse
3455 732 3653 801 juvenis
3674 738 3816 799 eidem

2292 828 2472 868 rursus
2496 816 2773 885 apparuit,
2805 826 2965 887 atque
2999 818 3068 874 ab
3112 820 3203 877 illo
3244 831 3422 877 utrum
3458 839 3816 894 cognosceretur

2290 904 2666 977 interrogavit:
2696 910 2969 978 respondit
2992 912 3091 966 iste
3120 912 3260 981 quod
3292 930 3414 968 eum
3444 914 3575 971 bene
3601 919 3817 992 planeque

2290 1007 2650 1066 cognosceret.
2676 999 2823 1055 Tunc
2846 1001 2933 1057 ille
2953 1003 3193 1071 quaesivit
3214 1004 3303 1059 ubi
3329 1020 3389 1059 se
3414 1016 3604 1062 nosset.
3623 1008 3717 1065 Nec
3736 1029 3820 1067 nie-

2291 1091 2474 1146 moria;
2493 1091 2662 1147 defuit
2679 1093 2803 1164 quid
2828 1096 2929 1151 iste
2950 1095 3236 1153 identidem
3263 1099 3635 1168 responderet;
3664 1111 3821 1161 totum-

2291 1196 2395 1250 que
2424 1182 2593 1238 visum
2631 1185 2788 1251 illud,
2824 1185 3153 1258 hymnosque
3182 1198 3490 1246 sanctorum
3517 1193 3579 1248 ad
3606 1210 3723 1264 quos
3743 1214 3819 1253 au-

2292 1272 2514 1329 diendos
2541 1291 2607 1330 eo
2628 1277 2762 1332 duce
2791 1286 3029 1345 venerat,
3060 1297 3163 1351 qua
3190 1285 3589 1340 recentissimos
3616 1291 3823 1345 recorda-

2293 1364 2450 1419 batur
2504 1367 2753 1424 facilitate
2812 1373 3063 1427 narravit.
3121 1372 3218 1429 Hic
3272 1375 3365 1431 ille
3412 1387 3727 1445 percontatus
3758 1394 3823 1438 est

2294 1466 2592 1512 utrumnam
2624 1459 2676 1514 id
2699 1461 2842 1530 quod
2870 1473 3195 1529 narraverat,
3225 1466 3281 1520 in
3307 1468 3510 1521 somnis
3537 1469 3749 1534 vidisset,
3769 1487 3820 1529 an

2296 1552 2515 1623 vigilans
2543 1554 2871 1624 :respondit,
2902 1556 2954 1611 in
2986 1557 3205 1614 somnis.
3238 1558 3307 1612 At
3338 1558 3447 1625 ille,
3480 1559 3646 1629 Bene,
3669 1562 3821 1632 inquit,

2296 1645 2486 1701 recolis
2515 1664 2527 1701 :
2555 1662 2738 1702 verum
2774 1658 2887 1713 est,
2918 1649 2972 1705 in
3000 1652 3200 1705 somnis
3229 1651 3318 1705 illa
3350 1652 3558 1718 vidisti;
3584 1655 3668 1709 sed
3697 1656 3823 1713 etiam

2296 1752 2435 1792 nunc
2456 1738 2509 1792 in
2528 1739 2729 1794 sonmis
2751 1749 2801 1796 te
2827 1741 3005 1796 videre
3022 1742 3178 1797 scias.
3207 1742 3335 1798 Hzcc
3354 1758 3475 1799 cum
3492 1745 3708 1802 audisset
3729 1748 3821 1811 iste.

2298 1829 2367 1883 ita
2398 1845 2516 1886 esse
2543 1830 2787 1896 credidit,
2816 1840 2974 1902 atque
3000 1833 3051 1888 id
3080 1835 3433 1903 responsione
3455 1835 3686 1891 firmavit.
3706 1838 3822 1894 Tunc

2297 1922 2382 1989 qui
2422 1921 2690 1979 hominem
2734 1923 2986 1991 docebat,
3026 1924 3219 1994 adjecit
3247 1935 3303 1982 et
3331 1927 3441 1981 ait:
3477 1926 3571 1984 Ubi
3603 1937 3678 1985 est
3700 1930 3823 1986 modo

2297 2028 2490 2082 corpus
2511 2022 2655 2068 tuum
2676 2015 2699 2068 ?
2718 2013 2811 2071 Ille
2826 2016 3099 2085 respondit
3123 2034 3134 2069 :
3160 2015 3217 2071 In
3239 2018 3489 2074 cubiculo
3507 2035 3637 2075 meo.
3656 2022 3822 2088 Scisne,

2299 2104 2464 2173 inquit
2495 2105 2607 2169 ille,
2648 2105 2698 2158 in
2740 2104 2928 2160 eodem
2957 2108 3272 2176 corpusculo
3302 2124 3445 2165 nunc
3472 2110 3683 2180 illigatos
3703 2127 3820 2177 esse,

2297 2204 2351 2250 et
2378 2197 2605 2264 clausos,
2636 2207 2689 2252 et
2717 2197 2917 2253 otiosos
2940 2199 3122 2256 oculos
3149 2210 3288 2264 tuos,
3321 2202 3554 2273 nihilque
3578 2206 3672 2258 illis
3694 2208 3824 2261 mulis

2300 2297 2350 2342 te
2374 2288 2588 2343 videre?
2616 2289 2905 2359 ReSpondit
2926 2309 2939 2344 ε
2962 2290 3104 2346 Scio.
3132 2292 3283 2347 Tunc
3309 2293 3399 2348 ille
3419 2311 3432 2347 :
3455 2293 3552 2360 Qui
3575 2304 3687 2349 sunt
3707 2311 3821 2365 ergo,

2300 2381 2495 2450 inquit,
2538 2381 2623 2437 isti
2654 2383 2793 2438 oculi
2840 2383 3027 2452 quibus
3056 2400 3140 2441 me
3182 2385 3375 2441 vides?
3404 2386 3486 2441 Ad
3515 2388 3607 2442 hoc
3634 2388 3720 2443 iste
3743 2405 3820 2445 nos

2300 2472 2572 2527 inveniens
2598 2473 2720 2541 quid
2750 2474 3131 2543 responderet,
3172 2477 3419 2533 obticuit.
3446 2478 3540 2534 Cui
3568 2479 3816 2547 liaasitanti,

2300 2563 2387 2617 ille
2432 2563 2574 2634 quod
2614 2564 2695 2618 his
2738 2565 3241 2635 interrogationibus
3286 2568 3483 2624 docere
3527 2569 3817 2633 moliebatur,

2297 2656 2533 2724 aperuit;
2564 2663 2617 2710 et
2646 2657 2932 2711 continuo:
2962 2657 3140 2725 Sicut,
3186 2658 3394 2730 inquit,
3441 2661 3512 2718 illi
3537 2662 3664 2718 oculi
3686 2662 3818 2717 carnis

2301 2756 2402 2801 tua:
2432 2747 2608 2816 utique
2638 2748 2688 2801 in
2712 2748 3011 2803 dormiente
3031 2750 3259 2819 atquein
3279 2752 3696 2823 lectulojacente,
3716 2767 3817 2809 nunc

2302 2846 2505 2901 vacant,
2540 2854 2636 2892 nec
2660 2838 2858 2908 aliquid
2886 2851 3192 2909 operantur,
3216 2853 3273 2897 et
3302 2853 3477 2901 tamen
3506 2853 3620 2901 sunt
3638 2846 3711 2903 isti
3733 2844 3815 2916 qui-

2299 2928 2397 2983 bus
2424 2946 2509 2985 me
2539 2932 2790 2994 intueris,
2830 2941 2882 2988 et
2922 2934 3020 2988 ista
3062 2936 3225 2991 uteris
3269 2937 3501 3001 visione;
3538 2939 3605 2993 ita
3622 2936 3815 2994 cumde-

2298 3017 2510 3075 fnoctus
2539 3021 2705 3077 fueris
2726 3064 2741 3090 ,
2777 3022 2906 3077 nihil
2933 3026 3209 3096 agentibus
3237 3030 3409 3083 oculis
3433 3029 3604 3085 carnis
3628 3038 3714 3084 tua:
3738 3027 3813 3082 vita

2301 3111 2392 3167 tibi
2436 3113 2591 3168 inerit
2633 3130 2734 3187 qua
2782 3114 2962 3182 vivas,
3011 3132 3307 3189 sensusque
3344 3135 3449 3190 quo
3483 3120 3679 3175 sentias.
3712 3117 3815 3175 Cm

2293 3202 2403 3272 jam
2440 3204 2691 3274 deinceps
2718 3221 2786 3261 ne
2814 3206 3023 3262 dubites
3050 3208 3207 3263 vitam
3237 3224 3455 3265 manere
3481 3218 3592 3279 post
3617 3216 3811 3265 mortem.

2301 3294 2371 3348 Ita
2417 3296 2517 3350 sibi
2557 3298 2715 3352 homo
2754 3297 2921 3354 fidelis
2959 3298 3194 3354 ablatam
3236 3300 3368 3356 dicit
3408 3300 3559 3369 hujus
3594 3300 3660 3356 rei
3695 3297 3812 3353 dubi-

2302 3389 2553 3443 tationem
2588 3408 2600 3442 :
2632 3405 2738 3461 quo
2772 3389 3034 3459 docente,
3080 3391 3182 3447 nisi
3228 3393 3555 3462 providentia
3580 3400 3628 3448 et
3648 3388 3811 3465 miseri-

2298 3478 2477 3534 cordia
2508 3481 2600 3536 Dei
2623 3481 2646 3535 ?

2370 3572 2423 3628 5.
2464 3570 2565 3627 ista
2597 3573 2898 3628 narratione
2923 3572 3117 3629 dixerit
3141 3574 3336 3646 aliquis
3367 3586 3521 3631 tantas
3546 3576 3615 3631 rei
3636 3588 3716 3630 nos
3729 3584 3808 3627 non

2300 3665 2552 3730 solvisse,
2600 3666 2693 3720 sed
2738 3666 2969 3722 vinxisse
3010 3668 3030 3697 ¹
3077 3668 3447 3737 quzestionem.
3496 3668 3806 3723 Verumtamen

2299 3771 2417 3811 cum
2448 3756 2532 3812 his
2560 3757 2733 3813 verbis
2776 3758 3032 3825 credere,
3081 3760 3163 3813 vel
3208 3776 3315 3815 non
3358 3760 3593 3825 credere,
3634 3758 3807 3813 liberum

2300 3850 2489 3921 cuique
2520 3850 2619 3917 sit;
2650 3851 2883 3921 seipsum
2908 3853 3130 3922 quisque
3160 3854 3343 3922 habet,
3372 3870 3475 3925 quo
3500 3869 3554 3908 se
3585 3845 3805 3907 avocetsd

2301 3941 2763 4011 profundissimam
2790 3944 3155 4013 quaestionem.
3182 3946 3248 4000 Et
3270 3948 3449 4016 vigilat
3469 3948 3632 4008 homo,
3653 3950 3696 3997 et
3712 3939 3807 3993 dor-

2302 4035 2396 4087 mit
2426 4034 2585 4088 homo
2613 4036 2864 4104 quotidie,
2895 4046 2947 4090 et
2971 4040 3166 4107 cogitat
3192 4037 3354 4094 homo
3382 4058 3393 4093 :
3420 4039 3551 4094 dicat
3578 4035 3695 4090 unde
3712 4032 3805 4085 ﬁant

2303 4124 2400 4181 ista
2432 4127 2620 4180 similia
2646 4126 2849 4193 formis,
2882 4128 3071 4181 similia
3103 4130 3461 4196 qualitatibus,
3489 4126 3659 4183 similia
3682 4120 3803 4179 meti-

2302 4219 2398 4273 bus
2427 4232 2730 4285 corporum,
2769 4234 2867 4273 nec
2894 4227 3068 4274 tamen
3095 4221 3315 4275 materie
3344 4218 3586 4292 corporali
3609 4235 3621 4282 ;
3649 4215 3758 4270 dicat
3772 4210 3802 4264 si

2301 4319 2494 4380 potest.
2539 4308 2594 4365 Si
2646 4319 2821 4365 autem
2875 4326 2978 4364 non
3028 4320 3216 4379 potest,
3250 4312 3375 4381 quid
3403 4328 3458 4365 se
3487 4300 3804 4379 prmcipitatdc

2302 4399 2585 4454 rarissimis
2614 4408 2703 4453 aut
2728 4398 3015 4469 inexpertis
3042 4402 3189 4470 quasi
3219 4402 3482 4455 definitam
3505 4400 3626 4453 ferre
3642 4401 3801 4449 senten-

2304 4493 2426 4546 tiam
2454 4535 2465 4556 ,
2499 4507 2616 4546 cum
2647 4492 2894 4547 continua
2937 4501 2990 4545 et
3031 4492 3335 4561 quotidiana
3379 4507 3477 4547 non
3507 4484 3688 4544 solvat?
3720 4482 3801 4550 £30

2302 4592 2511 4649 autem,
2559 4583 2800 4651 quamvis
2828 4598 2932 4653 quo
2963 4584 3121 4637 modo
3148 4584 3275 4638 fiant
3308 4587 3403 4640 ista
3433 4583 3579 4637 veluti
3601 4586 3797 4646 corpora!

2302 4676 2416 4731 sine
2444 4691 2666 4745 corpore
2689 4719 2703 4741 ,
2744 4677 2922 4732 verbis
2966 4693 3183 4746 prorsus
3212 4680 3474 4748 explicare
3496 4690 3591 4731 non
3618 4668 3795 4741 possim;

2305 4781 2477 4825 tamen
2509 4770 2641 4825 sicut
2669 4770 2779 4825 scio
2808 4784 2913 4824 non
2944 4785 3006 4824 ea
3026 4784 3249 4840 corpore
3280 4772 3411 4836 fieri,
3443 4768 3622 4823 utinam
3643 4761 3705 4816 sic
3721 4756 3796 4810 sci-

2302 4878 2413 4917 rem
2434 4876 2538 4933 quo
2560 4861 2718 4917 modo
2738 4861 3166 4917 discernerentur
3193 4880 3307 4931 quin
3328 4861 3560 4916 videntur
3576 4846 3794 4921 aliquando

2302 4969 2397 5024 per
2436 4953 2709 5023 spiritum,
2756 4962 2809 5008 et
2857 4969 2949 5022 per
2988 4969 3179 5023 corpus
3207 4953 3369 5009 videri
3398 4949 3792 5022 put:tntur;qIIOVe

2300 5045 2460 5100 modo
2489 5045 2874 5116 distinguantur
2901 5046 3012 5098 visa
3036 5060 3219 5100 eorum
3245 5059 3374 5117 quos
3400 5055 3543 5097 error
3562 5035 3635 5092 vel
3654 5026 3792 5099 impie’

2302 5147 2382 5193 tas
2412 5139 2723 5209 plerumque
2758 5138 2992 5203 deludit,
3041 5138 3251 5209 quando
3298 5138 3418 5192 visis
3460 5134 3639 5205 piorum
3673 5132 3788 5190 ³⁸1³⁸

2301 5239 2604 5285 sanctorum
2628 5230 2817 5285 similia
2844 5229 3093 5301 pleraque
3118 5228 3423 5283 narrantur!
3447 5233 3642 5295 quorum
3655 5223 3787 5270 exem-

2302 5323 2384 5393 pla
2412 5322 2455 5377 si
2482 5334 2902 5377 commemorare
2934 5321 3213 5375 voluissem
3233 5363 3249 5388 ,
3294 5330 3487 5390 tempus
3510 5310 3620 5368 mihi
3653 5302 3784 5376 potius

2300 5432 2456 5487 quam
2484 5417 2632 5485 copia
2660 5413 2929 5467 defuisset.
2962 5412 3018 5467 ln
3044 5414 3247 5468 Domini
3274 5405 3602 5467 misericordia
3624 5402 3782 5466 vegcle'

2364 5640 2379 5670 ¹
2415 5646 2463 5688 In
2502 5645 2607 5687 Mss.
2650 5650 2798 5700 prope
2820 5638 3060 5697 omnibus,
3083 5642 3129 5688 et
3148 5636 3439 5689 ammissum
3461 5622 3687 5693 Ῑιάιῖίδηθ
3716 5620 3779 5666 ιω

2298 5700 2547 5824 “filia,
2813 5769 2866 5814 At
2886 5762 2936 5812 in
2960 5770 3065 5814 uss.
3090 5762 3301 5813 melioris
3315 5761 3446 5819 notae,
3469 5748 3657 5806 W-
