4004 6382
249 350 333 412 illi
1403 343 1762 400 EPIS'I‘OLAF

1917 344 2191 405 CLASSIS
2231 349 2315 406 ΙΙΙ.

247 467 327 531 ris,
352 461 552 517 domine
581 458 898 521 beatissime,
924 467 978 512 et
1001 458 1315 513 venerabilis
1342 469 1397 513 et
1421 459 1791 515 desiderabilis

248 556 401 611 me"
655 620 983 677 EPISTOLA
1021 620 1158 678 CLX
1188 626 1205 644 ο
1237 619 1337 695 (α).

272 738 473 794 Erodius
509 737 817 807 Augustino,
858 752 1061 791 movens
1096 737 1421 807 quaestionem
1458 738 1522 793 de
1558 740 1755 793 ratione

894 838 943 885 et
969 827 1101 885 Deo.

399 943 622 998 Eventus
652 942 950 1000 Avcvsrtno
978 942 1266 1015 Episcopo,
1298 944 1521 1001 salutem
1550 945 1588 999 ⁸.

294 1059 334 1114 l.
377 1055 601 1127 Perfecta
630 1056 759 1111 ratio
783 1055 875 1111 illa
901 1065 972 1110 est
1000 1073 1113 1127 quae
1132 1058 1354 1113 onmium
1380 1075 1551 1114 rerum
1582 1068 1790 1131 prestat

232 1153 480 1216 scientiam,
521 1160 567 1207 et
610 1151 829 1205 maxime
863 1160 1166 1206 aeternorum
1192 1169 1362 1207 rerum
1390 1169 1503 1224 qua:
1526 1152 1786 1207 intellectu

233 1244 696 1316 comprehenduntur
732 1258 752 1297 .°
788 1244 919 1298 hanc
954 1253 1199 1299 mternam
1237 1261 1370 1309 esse,
1412 1254 1653 1299 aeternam
1680 1262 1787 1300 esse

230 1337 459 1399 debuisse;
484 1345 729 1390 aeternum
758 1334 887 1391 illud
928 1352 1032 1392 esse
1059 1335 1193 1407 quod
1223 1353 1311 1391 nec
1336 1337 1484 1408 coepit
1505 1378 1519 1402 ,
1554 1355 1642 1391 nec
1670 1356 1783 1392 mu-

228 1437 367 1491 tatur,
411 1442 498 1481 nec
541 1428 795 1492 variatur,
842 1427 955 1499 ipsa
998 1428 1140 1482 docet
1182 1436 1330 1499 atque
1362 1428 1575 1483 ostendit
1611 1430 1741 1483 ratio
1765 1444 1784 1483 :

224 1538 348 1589 quam
372 1536 565 1575 necesse
594 1530 667 1575 est
693 1536 800 1575 esse
824 1530 1083 1584 teternam,
1116 1536 1217 1574 non
1240 1520 1406 1575 solum
1430 1522 1565 1590 quod
1589 1532 1779 1575 aeterna

222 1612 369 1666 doceat
392 1620 436 1666 et
461 1612 802 1674 demonstret,
835 1612 924 1666 sed
955 1612 1112 1665 multo
1141 1613 1301 1684 magis
1324 1612 1461 1683 quod
1485 1613 1597 1683 ipsa
1632 1621 1780 1667 teter-

221 1704 329 1757 aitas
363 1719 455 1756 non
497 1711 663 1772 potest
694 1719 800 1757 esse
832 1703 942 1756 sine
976 1702 1206 1766 ratione;
1234 1703 1384 1773 quia,
1414 1703 1649 1767 arbitror,
1680 1720 1781 1757 non

219 1804 319 1848 esset
340 1792 608 1855 aeternitas,
640 1794 684 1849 si
713 1794 841 1847 ratio
875 1795 986 1863 ipsa
1014 1802 1201 1847 aeterna
1227 1810 1327 1846 non
1357 1794 1552 1863 fuisset.
1581 1792 1781 1850 Deinde

215 1883 351 1940 Deum
393 1902 529 1952 esse,
577 1884 657 1939 vel
698 1902 801 1939 esse
842 1885 1097 1951 debuisse,
1150 1902 1238 1939 nec
1278 1886 1424 1939 aliter
1450 1886 1564 1955 ﬁeri
1602 1886 1779 1941 debere

211 1994 335 2047 quam
359 1989 408 2029 ut
435 1976 576 2031 Deus
603 1986 759 2043 esset,
792 1979 921 2031 ratio
949 1977 1275 2031 demonstrat.
1325 1977 1450 2043 Qua:
1478 1978 1647 2050 utique
1674 1979 1777 2032 sive

209 2082 344 2127 essent
369 2073 451 2141 qui
476 2072 577 2125 hoc
604 2072 807 2136 scirent,
832 2076 933 2127 sive
964 2090 1061 2126 non
1089 2083 1272 2137 essent,
1307 2082 1473 2126 tamen
1494 2084 1772 2128 cumwter-

207 2180 285 2218 nus
306 2165 363 2217 sit
392 2162 552 2229 Deus,
576 2165 909 2218 dubitandum
931 2182 1029 2217 non
1052 2174 1121 2219 est
1139 2176 1377 2219 aeternam
1396 2182 1505 2220 esse
1530 2167 1774 2220 rationem

203 2272 297 2325 qua'
319 2253 472 2309 Deum
494 2273 606 2312 esse
629 2258 908 2328 oportuisse
937 2256 1231 2323 intenderet,
1265 2267 1310 2312 et
1339 2259 1407 2310 ita
1434 2267 1487 2311 ut
1512 2258 1589 2313 illi
1613 2276 1667 2313 se
1684 2260 1773 2314 de-

206 2356 474 2401 monstraret
513 2365 618 2401 esse
641 2358 964 2402 coaeternam.

261 2437 305 2491 2.
345 2438 474 2494 Sunt
511 2449 676 2492 autem
700 2439 930 2510 quautam
950 2456 1061 2510 qua
1078 2441 1273 2495 ratione
1297 2450 1547 2512 coguntur
1564 2442 1627 2495 ut
1647 2443 1766 2509 sint,

148 2596 149 2599 η
203 2542 246 2586 ut
268 2534 473 2588 anterior
504 2533 567 2588 sit
598 2533 758 2599 ratio,
787 2544 834 2587 et
861 2532 1066 2601 e/fectus
1095 2536 1344 2605 posterior
1370 2536 1481 2606 ejus
1510 2537 1580 2589 rei
1617 2552 1770 2607 quant

201 2628 397 2695 futuram
423 2642 538 2680 esse
561 2626 777 2679 ostendit
806 2626 936 2680 ratio
960 2641 979 2680 :
1002 2635 1058 2679 ut
1087 2626 1220 2682 verbi
1260 2628 1447 2697 gratia,
1476 2645 1589 2681 cum
1618 2645 1765 2682 mun-

198 2717 279 2771 dus
304 2720 457 2791 factus
478 2727 577 2783 est,
600 2719 731 2772 ratio
753 2718 924 2774 [tabuit
954 2728 1011 2773 ut
1038 2719 1180 2789 ﬁeret
1210 2720 1447 2776 mundus.
1478 2719 1631 2775 Prior
1650 2738 1767 2792 ergo

200 2811 308 2863 ratio
334 2828 487 2880 quam
510 2809 731 2865 mundus
754 2819 845 2865 est.
884 2810 959 2864 Ea
988 2828 1106 2883 ergo
1130 2828 1244 2883 qua:
1271 2812 1412 2866 scivit
1440 2813 1568 2867 ratio
1594 2814 1767 2883 futura

196 2918 301 2963 esse,
328 2902 591 2956 subsecuta
617 2910 758 2969 sunt,
784 2910 837 2955 ut
862 2903 924 2955 sit
950 2903 1182 2974 princeps
1208 2905 1360 2970 ratio,
1390 2914 1563 2975 postea
1591 2906 1767 2958 mundi

194 2994 406 3060 Operatio.
440 2992 572 3046 Jam
597 3009 730 3046 nunc
758 2994 999 3063 quoniam
1036 2995 1165 3049 ratio
1190 2997 1407 3050 ostendit
1436 2996 1600 3051 Deum
1639 3016 1763 3067 esse,

190 3085 256 3138 sel
290 3100 484 3141 necesse
526 3101 633 3139 esse
668 3096 723 3139 ut
763 3084 905 3141 Deus
942 3097 1099 3155 esset,
1126 3088 1248 3157 quid
1272 3090 1355 3143 cui
1376 3094 1767 3161 praeponemus?

190 3178 403 3230 rationem
432 3176 549 3231 Deo
571 3218 588 3243 ,
616 3186 707 3231 aut
730 3179 979 3233 rationem
1004 3180 1194 3235 mundo
1214 3222 1227 3244 ,
1253 3198 1322 3235 an
1352 3179 1513 3235 Deum
1543 3184 1759 3248 rationi,

188 3269 280 3322 sine
312 3286 405 3339 qua
446 3269 618 3324 Deum
662 3270 953 3325 nullatenus
986 3286 1093 3325 esse
1134 3271 1391 3340 probabile
1425 3275 1539 3329 est?
1566 3276 1609 3329 si
1632 3276 1764 3329 enim

193 3360 333 3416 Deum
358 3381 467 3419 esse
491 3373 735 3419 catmum
754 3404 770 3431 ,
812 3373 886 3419 est
913 3366 1110 3419 ratione
1136 3381 1241 3419 esse
1265 3375 1526 3433 teternum,
1550 3384 1665 3437 qutv
1692 3379 1761 3422 est

187 3456 333 3509 ratio?
365 3456 507 3529 Ergo
529 3466 619 3510 aut
644 3457 774 3511 Deus
804 3466 896 3523 est,
928 3466 1016 3510 aut
1044 3456 1136 3511 Dei
1164 3465 1256 3522 est,
1282 3466 1334 3512 ut
1362 3460 1473 3529 ipsa
1503 3460 1645 3513 docet
1672 3479 1761 3513 ra-

186 3548 241 3602 tio
266 3567 411 3621 :qute
444 3552 491 3605 si
520 3553 631 3621 ipsa
662 3560 732 3605 est
763 3551 926 3615 Deus,
955 3553 1087 3606 ratio
1113 3552 1325 3605 ostendit
1352 3551 1512 3608 Deum
1542 3570 1647 3606 esse
1673 3572 1760 3607 ra-

185 3642 364 3710 tionem,
392 3653 444 3698 et
480 3654 687 3713 possunt
714 3644 810 3696 ista
835 3659 1001 3697 eoteva
1027 3654 1071 3697 et
1089 3653 1337 3698 coaeterna
1358 3661 1479 3698 esse.
1508 3645 1567 3699 Si
1592 3657 1760 3701 autem

184 3731 265 3787 Dei
284 3744 353 3789 est
378 3734 666 3790 similitudo
696 3735 804 3788 [uec
830 3734 981 3799 ratio,
1013 3735 1229 3789 ostendit
1256 3736 1501 3791 rationem
1533 3736 1629 3792 Dei
1653 3755 1760 3793 esse

182 3823 385 3880 similiter
409 3841 430 3880 :
456 3834 503 3880 et
525 3825 617 3878 hoc
638 3825 729 3879 erit
752 3840 973 3880 cotevum
993 3835 1039 3880 et
1060 3835 1383 3881 coaeternunt.
1410 3828 1571 3907 Deum
1592 3842 1757 3884 autem

182 3932 271 3971 esse
295 3919 530 3972 similiter
560 3920 673 3987 ﬁeri
700 3935 801 3973 non
831 3936 994 3990 posse,
1027 3921 1123 3975 nisi
1145 3932 1271 3975 esset
1297 3921 1455 3988 Deus,
1487 3924 1597 3991 ipsa
1624 3926 1753 3978 ratio

180 4011 375 4065 ostendit
403 4026 423 4065 :
451 4026 564 4080 qua:
588 4011 719 4066 ratio
752 4012 796 4066 si
825 4012 1087 4082 auferatur
1105 4053 1120 4078 ,
1161 4013 1297 4086 quod
1321 4014 1459 4067 dictu
1489 4016 1632 4084 nefas
1659 4025 1751 4084 est,

180 4114 263 4152 non
307 4102 399 4156 erit
454 4100 590 4156 Deus
614 4145 630 4169 ,
677 4103 722 4157 si
770 4104 900 4157 ratio
950 4120 1049 4159 non
1102 4105 1370 4159 ostenderit
1416 4122 1613 4160 necesse
1649 4124 1757 4162 esse

178 4187 341 4246 Deum.
382 4193 529 4247 Tunc
554 4210 673 4267 ergo
712 4193 848 4249 Deus
878 4206 968 4263 est,
1002 4212 1116 4249 cum
1146 4197 1253 4267 ejus
1288 4198 1417 4251 ratio
1455 4199 1669 4252 ostendit
1700 4208 1755 4252 ut

178 4281 231 4332 sit
262 4282 415 4340 Deus.
454 4283 588 4339 Deus
614 4302 730 4357 ergo
758 4286 879 4358 quia
906 4295 980 4341 est
1004 4302 1020 4341 :
1049 4290 1156 4342 sine
1185 4286 1336 4342 dubio
1373 4298 1444 4343 est
1479 4291 1611 4344 ratio
1642 4307 1755 4362 gare

178 4373 330 4430 docuit
350 4378 473 4448 quia
500 4389 592 4433 est.

239 4466 287 4520 5.
330 4468 470 4535 Quid
499 4487 615 4541 ergo
638 4480 729 4537 est,
758 4472 801 4525 si
828 4471 929 4525 dici
952 4481 1131 4541 potest,
1160 4474 1213 4527 in
1242 4472 1347 4528 Deo
1377 4475 1596 4546 primum
1614 4516 1631 4543 ,
1662 4492 1748 4529 ra-

178 4556 254 4623 tio,
285 4575 347 4612 an
375 4558 556 4615 Deus?
587 4559 691 4615 Sed
720 4561 857 4616 Deus
884 4578 984 4617 non
1013 4564 1136 4629 erit,
1169 4565 1266 4619 nisi
1298 4567 1449 4635 fuerit
1484 4567 1613 4620 ratio
1641 4584 1753 4637 qute

177 4647 333 4703 doceat
362 4650 527 4704 Deum
549 4668 654 4706 esse
679 4652 874 4707 debere.
917 4652 1069 4707 Ratio
1110 4672 1304 4726 quoque
1341 4674 1439 4711 non
1474 4660 1606 4723 erit,
1655 4662 1752 4714 nisi

176 4734 300 4793 Deus
319 4743 431 4794 erit.
458 4740 610 4796 Nihil
631 4759 749 4813 ergo
769 4744 835 4797 ibi
857 4744 1097 4815 primum,
1122 4755 1168 4799 et
1192 4756 1515 4816 postremum.
1548 4751 1751 4805 Natura

176 4844 280 4900 ergo
308 4833 413 4886 haec
439 4833 611 4886 divina
639 4834 791 4888 simul
825 4836 1196 4905 quodammodo
1236 4837 1383 4892 habet
1421 4850 1467 4893 et
1506 4843 1751 4896 rationem

176 4928 215 4971 et
238 4919 414 4978 Deum.
444 4924 612 4978 Unum
642 4935 809 4979 autem
835 4943 992 4981 unum
1020 4938 1253 4999 generat,
1282 4938 1372 4983 aut
1396 4933 1523 4986 ratio
1555 4932 1745 5002 Deunt,

176 5021 250 5063 aut
274 5011 409 5070 Deus
437 5017 707 5071 rationem.
745 5018 1043 5090 Subjectum
1085 5031 1283 5087 autem,
1316 5033 1405 5076 aut
1445 5026 1496 5078 in
1523 5025 1747 5097 subjecto

178 5107 293 5172 forte
319 5108 517 5165 dicatur
539 5112 669 5165 ratio
708 5122 757 5166 et
786 5110 946 5168 Deus.
989 5111 1128 5169 Deus
1157 5126 1202 5170 et
1232 5118 1361 5171 ratio
1387 5134 1515 5172 unus
1542 5121 1594 5173 in
1623 5137 1743 5176 uno.

174 5192 299 5254 Bene
337 5212 501 5257 autem
540 5202 679 5259 Deus
722 5217 927 5276 generat
961 5209 1249 5264 rationem:
1278 5211 1395 5281 quia
1421 5213 1551 5265 ratio
1584 5212 1747 5267 Deum

172 5303 270 5345 esse
295 5292 616 5348 demonstrat.
664 5294 978 5369 Intelligitur
1015 5310 1181 5354 autem
1210 5300 1347 5354 Deus
1387 5320 1417 5355 a
1459 5305 1653 5359 ratione
1692 5316 1747 5359 ut

231 5402 575 5481 Lsalntat'ionp
610 5408 815 5481 tiu-triuia
836 5412 1144 5481 desideratur
1167 5415 1220 5481 in
1242 5423 1348 5465 Mss.
1372 5415 1628 5481 solumque
1664 5420 1747 5470 ha-

323 5467 569 5543 :‘tspistola
581 5470 739 5543 sancti
754 5472 948 5543 Eeodii;
966 5476 1091 5543 siye,
1107 5479 1178 5527 uti
1199 5485 1480 5529 constanter
1501 5467 1561 5529 ω·
1574 5467 1747 5543 pleris-

172 5536 263 5585 que
277 5528 513 5583 codicibus
533 5536 778 5598 scribitur,
814 5528 1031 5588 Eubodii.

231 5612 246 5628 ‘
267 5617 435 5692 ‘Ep'tstt.
448 5626 541 5692 etc
557 5628 609 5670 et
626 5629 714 5671 LXI
736 5624 982 5687 castigatae
1003 5631 1117 5675 sunt
1137 5639 1233 5687 ope
1255 5627 1470 5677 codicum
1493 5628 1573 5678 ob.
1596 5642 1679 5692 gg.
1698 5643 1739 5679 r.

171 5671 242 5721 sb.
267 5671 396 5728 L'vc.
422 5684 564 5731 trium
589 5698 633 5733 γ.
668 5692 721 5736 et
740 5671 850 5736 in};

230 5756 559 5840 (“LAAlli‘asij‘q
574 5780 587 5815 :
614 5780 726 5831 quae
768 5776 937 5821 autem
961 5768 1052 5822 160
1075 5777 1200 5834 erat,
1233 5784 1362 5823 nunc
1407 5773 1515 5825 154.
1560 5778 1740 5840 scripta

170 5826 248 5864 an.
272 5823 452 5872 citata
471 5824 581 5871 ιιι.

3386 359 3497 421 702

1906 461 2071 517 Filius
2101 483 2130 515 (ι
2160 465 2342 535 Patre,
2373 479 2419 523 et
2444 471 2575 525 ratio
2600 488 2633 527 a
2656 472 2764 529 Deo
2782 516 2797 540 ,
2827 481 2885 531 ut
2914 475 3069 532 Pater
3095 493 3127 532 a
3156 476 3315 535 Filio.
3349 480 3491 538 Nam

1902 566 1948 610 et
1972 558 2083 625 ipsa
2113 562 2242 614 ratio
2265 578 2380 616 eum
2415 562 2524 619 Deo
2555 564 2693 621 Deus
2725 576 2814 622 est.
2860 568 3039 642 Neque
3060 572 3193 627 enim
3220 574 3360 630 Deus
3384 575 3488 631 ali-

1897 650 2100 718 quando
2129 653 2234 705 sine
2254 655 2445 709 ratione
2469 658 2584 729 fuit,
2615 669 2701 711 aut
2730 662 2860 715 ratio
2881 661 2988 717 sine
3012 662 3142 719 Deo.
3186 665 3326 720 Tunc
3350 668 3485 723 enim

1900 738 2035 793 Deus
2065 753 2138 795 est
2166 744 2208 797 si
2234 754 2303 799 est
2330 748 2458 801 ratio
2480 790 2493 813 ,
2527 759 2572 803 et
2596 759 2711 805 tunc
2742 750 2907 807 Filius
2939 763 3011 809 est
3039 757 3084 810 si
3111 766 3183 811 est
3216 757 3403 824 Pater;
3431 770 3487 815 ut

1896 832 1943 885 si
1962 836 2090 887 ratio
2116 837 2397 905 auferatur,
2422 842 2549 894 sicut
2571 843 2757 897 dictum
2776 854 2870 911 est,
2894 846 3030 917 quod
3050 849 3147 903 dici
3171 853 3251 921 fas
3275 868 3373 906 non
3392 863 3481 921 est,

1826 932 1829 933 '
1896 940 1957 979 ne
2002 929 2107 998 ipse
2143 931 2343 999 quidem
2374 932 2509 990 Deus
2546 943 2619 991 est
2652 954 2669 991 :
2705 955 2794 1009 per
2821 939 2929 1010 ejus
2968 942 3097 995 enim
3136 945 3380 1000 rationem
3410 960 3483 1003 est

1894 1027 2034 1074 actus
2064 1031 2107 1074 et
2134 1026 2358 1093 operatio
2380 1035 2431 1079 ut
2457 1027 2519 1081 sit
2546 1027 2704 1084 Deus.
2737 1029 2935 1087 Rursus
2961 1035 3135 1088 eadem
3152 1038 3399 1095 dicamus.
3421 1041 3483 1097 Si

1892 1112 2021 1165 ratio
2047 1130 2145 1166 non
2168 1116 2297 1185 fuit,
2338 1116 2473 1172 Deus
2500 1137 2600 1173 non
2630 1122 2758 1191 fuit;
2786 1132 2831 1176 et
2859 1124 2899 1176 si
2924 1124 3060 1179 Deus
3088 1143 3187 1181 non
3217 1138 3319 1193 est,
3352 1134 3482 1185 ratio

1892 1222 1991 1259 non
2014 1210 2129 1279 fuit.
2156 1209 2306 1264 Ratio
2328 1230 2445 1283 ergo
2476 1225 2523 1267 et
2554 1213 2688 1270 Deus
2719 1219 3021 1287 sempiterna
3052 1238 3128 1274 res
3154 1239 3172 1275 :
3200 1232 3246 1276 et
3272 1223 3409 1278 Deus
3436 1234 3481 1279 et

1889 1299 2019 1351 ratio
2054 1300 2208 1354 simili
2239 1306 2386 1355 modo
2415 1323 2491 1359 res
2516 1309 2832 1378 sempiterna.
2860 1309 3115 1366 (Ionuexio
3142 1323 3306 1389 autem
3333 1304 3480 1389 atque

1888 1397 2044 1451 unitio
2073 1400 2284 1453 rationis
2314 1401 2380 1454 ad
2412 1403 2572 1456 Deum
2591 1446 2605 1470 ,
2639 1414 2683 1458 et
2714 1403 2810 1458 Dei
2836 1407 2903 1459 ad
2932 1408 3191 1472 rationem,
3220 1388 3481 1467 Pdtrisiad

1889 1486 2103 1553 Filium,
2144 1489 2265 1544 Filii
2290 1493 2358 1545 ad
2387 1492 2615 1559 Patrem,
2648 1494 2896 1566 principia
2921 1498 3013 1553 sibi
3040 1501 3406 1568 quodammodo
3431 1514 3479 1557 et

1886 1596 2064 1635 causas
2087 1584 2331 1637 existendi
2361 1596 2602 1654 praestant
2626 1602 2644 1651 ;
2669 1589 2787 1660 quia
2810 1588 3027 1644 alterum
3055 1591 3165 1646 sine
3192 1595 3348 1647 altero
3374 1610 3479 1650 esse

1885 1690 1983 1728 non
2017 1687 2197 1747 potest.
2231 1678 2477 1747 Deﬁcitur
2501 1684 2553 1736 in
2582 1683 2738 1737 verbis
2764 1726 2777 1750 ,
2807 1698 2853 1739 ει
2883 1686 3229 1758 quodcumque
3253 1690 3474 1756 dicitur,

1844 1794 1845 1797 η
1883 1769 1950 1820 ad
1971 1769 2062 1821 hoc
2088 1770 2291 1837 dicitur,
2318 1788 2378 1826 ne
2392 1774 2617 1827 sileatur.
2650 1773 2832 1829 Utrum
2855 1785 3023 1830 autent
3048 1796 3249 1848 germen
3270 1781 3478 1835 rationis

1882 1858 2049 1914 Deum
2078 1863 2323 1929 dicamus,
2358 1883 2421 1918 an
2457 1865 2547 1919 Dei
2575 1884 2776 1937 germen
2804 1870 3073 1929 rationem,
3103 1871 3221 1941 quia
3250 1888 3339 1925 uec
3364 1876 3477 1944 fru-

1881 1961 1987 2005 ctus
2016 1954 2123 2006 sine
2148 1958 2316 2010 radice
2346 1976 2450 2013 esse
2475 1969 2652 2027 potest,
2683 1978 2771 2013 nec
2791 1962 2897 2015 sine
2919 1962 3089 2031 fructu
3116 1965 3267 2018 radix
3284 1966 3477 2029 aliquid

1879 2056 1951 2100 est
1968 2048 1992 2101 ἴ)
2019 2046 2338 2119 (Similitudo
2367 2052 2429 2105 sit
2462 2054 2612 2106 ducta
2634 2095 2648 2119 ,
2683 2065 2736 2107 ut
2765 2056 3005 2125 quiddam
3032 2056 3377 2129 intelligentiae
3413 2063 3475 2115 de

1879 2139 1988 2194 Deo
2015 2142 2277 2213 signetur;
2304 2145 2418 2198 vivit
2446 2147 2576 2199 enim
2602 2156 2648 2200 et
2686 2148 2737 2201 in
2765 2166 2925 2217 grano
2956 2149 3105 2203 tritici
3129 2151 3258 2204 ratio
3297 2151 3472 2223 fecun-

1878 2233 2023 2299 dans,
2057 2253 2155 2306 qua
2180 2237 2347 2291 sterile
2372 2257 2471 2293 non
2498 2240 2679 2294 sinitur
2706 2258 2849 2295 esse:
2873 2242 2962 2296 sed
2992 2243 3171 2297 iterum
3191 2245 3237 2299 si
3255 2263 3470 2317 granum

1877 2325 2028 2379 tritici
2058 2344 2158 2381 non
2184 2339 2339 2395 esset,
2384 2347 2447 2385 ea:
2469 2349 2568 2402 qua
2603 2350 2658 2386 re
2696 2332 2793 2388 ista
2823 2334 3151 2404 produceret,
3191 2338 3322 2392 ratio
3370 2356 3471 2393 non

1876 2418 2125 2491 haberet.)

1946 2514 1998 2567 4.
2042 2514 2167 2569 Cum
2193 2516 2347 2587 igitur
2375 2518 2506 2576 ratio
2536 2536 2648 2591 qua:
2663 2518 2803 2575 Deus
2829 2531 2923 2587 est,
2950 2532 3038 2576 aut
3059 2525 3289 2579 ostendat
3305 2522 3468 2581 Deam

1872 2609 2139 2676 rationem,
2166 2620 2254 2661 aut
2278 2611 2521 2666 rationem
2548 2630 2655 2666 esse
2674 2613 2859 2678 Deum,
2894 2633 3050 2669 unum
3075 2619 3292 2687 quodam
3316 2620 3467 2676 modo

1873 2699 2086 2751 alterum
2103 2701 2400 2766 ostendens;
2422 2720 2523 2755 non
2540 2704 2819 2759 ostenditur
2842 2704 2997 2760 Pater
3017 2708 3115 2761 nisi
3134 2726 3224 2779 per
3250 2709 3463 2779 Filium,

1873 2806 1962 2842 nec
1990 2789 2037 2843 F
2040 2791 2155 2845 ilius
2184 2793 2459 2846 ostenditur
2483 2795 2582 2847 nisi
2607 2812 2696 2866 per
2726 2795 2967 2863 Patrem;
3006 2810 3049 2853 et
3089 2809 3205 2853 tunc
3241 2803 3387 2872 quasi
3413 2804 3467 2857 in

1871 2882 2067 2935 silentio
2084 2884 2148 2936 sit
2170 2882 2219 2935 F
2223 2884 2360 2952 ilius,
2384 2886 2584 2955 quando
2605 2904 2695 2957 per
2714 2886 2923 2943 Patrem
2945 2892 3139 2944 venitur
3160 2892 3227 2946 ad
3249 2892 3461 2960 Filium,

1872 2983 1923 3024 ut
1952 2990 2105 3026 unum
2122 2976 2340 3047 quodam
2363 2978 2510 3031 modo
2532 2979 2889 3048 abscondatur,
2914 2984 3126 3038 alterum
3150 2988 3463 3042 demonstre-

1871 3079 1985 3121 tur:
2014 3080 2067 3121 ut
2098 3070 2447 3127 demonstrans
2485 3090 2538 3126 se
2575 3091 2707 3129 unus
2729 3117 2743 3141 ,
2783 3074 3088 3130 demonstret
3137 3088 3183 3132 et
3220 3080 3459 3149 alterum,

1869 3177 1958 3215 nec
1984 3163 2139 3231 possit
2164 3180 2291 3216 unus
2328 3165 2475 3229 sciri,
2510 3176 2564 3219 ut
2589 3167 2741 3221 lateat
2771 3166 2930 3232 alter;
2954 3170 3073 3239 quia
3106 3189 3124 3220 ι
3155 3170 3253 3235 Qui
3280 3189 3357 3226 me
3377 3174 3453 3226 vi-

1869 3254 1959 3319 dit,
1981 3271 2004 3308 s
2025 3255 2201 3326 inquit,
2226 3275 2243 3306 ι
2272 3256 2390 3311 vidit
2407 3269 2453 3312 et
2470 3258 2696 3324 Patrem;
2716 3279 2735 3312 s
2758 3270 2823 3326 et,
2855 3281 2873 3313 ‹
2906 3260 3071 3317 Nemo
3101 3265 3230 3318 venit
3255 3265 3323 3318 ad
3353 3266 3461 3319 Pa-

1867 3354 2012 3411 trem,
2044 3348 2139 3401 nisi
2168 3366 2257 3417 per
2279 3366 2356 3402 me
2389 3369 2406 3401 s
2443 3349 2620 3422 (Joan.
2647 3369 2756 3417 xw,
2780 3354 2833 3418 9,
2864 3354 2952 3425 6);
2982 3365 3049 3421 et,
3087 3374 3105 3405 ι
3142 3355 3304 3412 Nemo
3327 3360 3459 3412 venit

1866 3438 1933 3490 ad
1978 3455 2088 3505 me,
2134 3441 2229 3493 nisi
2271 3458 2415 3513 quem
2450 3442 2605 3498 Pater
2633 3447 2893 3499 attraxerit
2925 3464 2943 3498 ι
2981 3445 3091 3514 (Id.
3118 3464 3191 3511 γι,
3224 3448 3334 3520 44).
3365 3449 3461 3503 Ar-

1867 3530 2023 3583 duum
2049 3532 2454 3604 vehementerque
2479 3536 2678 3606 diﬂicile
2711 3539 2965 3608 negotium
2990 3539 3243 3604 iuivimus,
3277 3552 3333 3595 ut
3362 3541 3461 3595 ali-

1865 3622 1989 3693 quid
2027 3622 2089 3676 de
2138 3623 2242 3679 Deo
2286 3642 2384 3679 non
2434 3628 2766 3699 intelligentes
2810 3630 3218 3701 intelligeremus.
3265 3631 3458 3687 Tamen

1863 3717 2285 3787 quemadmodum
2313 3723 2482 3774 omnia
2504 3740 2615 3792 qua:
2639 3734 2775 3791 sunt,
2803 3726 2911 3780 sine
2933 3726 3152 3797 quadam
3170 3728 3333 3797 specie
3355 3746 3459 3784 non

1863 3812 2212 3883 intelliguntur
2233 3855 2249 3881 ,
2298 3827 2343 3869 et
2393 3817 2807 3887 incognoscibilia
2831 3829 2984 3884 sunt;
3014 3822 3085 3875 sic
3112 3822 3270 3875 multo
3296 3824 3458 3895 magis

1861 3904 1969 3957 sine
2008 3903 2147 3957 Filio
2169 3945 2182 3969 ,
2229 3907 2324 3959 hoc
2366 3917 2472 3975 est,
2504 3911 2613 3963 sine
2651 3915 2844 3965 ratione
2882 3912 3166 3983 incognitus
3194 3924 3265 3967 est
3296 3914 3452 3969 Deus.

1865 3992 2000 4058 Quid
2027 3996 2200 4048 enim?
2223 4013 2288 4049 an
2317 3998 2593 4070 aliquando
2613 4000 2722 4053 sine
2741 4002 2935 4053 ratione
2958 3999 3115 4056 Pater
3132 4003 3311 4074 alogus
3331 4004 3457 4073 fuit?

1865 4082 1989 4148 Quis
2019 4085 2111 4138 hoc
2140 4087 2323 4141 audeat
2362 4088 2565 4142 dicere?
2605 4090 3015 4160 Cognoscendum
3054 4092 3220 4162 itaque
3258 4095 3454 4147 ratione

1860 4168 2027 4222 Deum
2057 4188 2211 4224 unum
2237 4189 2297 4225 ea:
2318 4189 2436 4237 uno,
2465 4174 2542 4227 vel
2566 4190 2719 4226 unum
2748 4175 2801 4227 in
2826 4191 2924 4228 uno
2951 4176 3102 4229 simul
3126 4192 3282 4230 unum
3305 4194 3411 4231 esse
3434 4193 3453 4232 :

1859 4261 1976 4324 quia
1998 4278 2126 4315 unus
2154 4272 2224 4315 est
2249 4262 2403 4327 Deus,
2426 4265 2509 4318 cui
2532 4282 2730 4319 necesse
2764 4274 2833 4320 est
2862 4266 3005 4319 illam
3028 4268 3189 4322 inesse
3221 4269 3451 4323 dilectio-

1858 4370 1972 4406 nem
1998 4371 2145 4423 quam
2172 4372 2365 4423 semper
2386 4356 2664 4410 habendam
2703 4357 2814 4427 ipsa
2852 4358 2981 4412 ratio
3013 4359 3182 4428 docet,
3212 4360 3289 4417 vel
3312 4360 3451 4418 Deus

1858 4446 2087 4517 praecipit
2112 4446 2428 4503 dilectionem
2456 4449 2787 4504 exhibendam
2810 4467 2936 4506 esse.

2326 4541 2656 4596 EPISTULA
2693 4541 2853 4599 CLXI
2887 4542 2987 4618 (a).

1858 4629 2081 4685 Evodius
2124 4632 2439 4702 Augustino,
2487 4633 2549 4686 de
2586 4650 2643 4687 eo
2686 4635 2821 4704 quod
2856 4637 3102 4706 scriptum
3133 4646 3207 4692 est
3239 4638 3293 4692 in
3337 4641 3447 4708 epi-

1926 4725 2055 4777 stola
2087 4724 2183 4777 157
2206 4765 2220 4788 ,
2251 4724 2319 4776 ad
2355 4722 2717 4795 Volusianum,
2756 4746 2773 4778 ι
2805 4729 2865 4783 Si
2890 4730 3018 4782 ratio
3042 4731 3315 4798 quaeritur,
3344 4748 3449 4787 non

1933 4833 1950 4863 t
1984 4815 2075 4867 erit
2101 4815 2349 4881 mirabile,
2374 4836 2391 4866 ι
2418 4826 2547 4883 etc.,
2579 4835 2676 4889 quo
2702 4819 2834 4873 dicto
2859 4821 2998 4874 abuti
3013 4837 3093 4875 eos
3115 4838 3261 4892 posse
3280 4832 3450 4878 osten-

1924 4908 2030 4973 dit,
2058 4908 2143 4978 qui
2169 4908 2350 4962 vellent
2378 4911 2634 4979 corporeis
2662 4912 2823 4965 oculis
2868 4929 2897 4963 a
2942 4910 3139 4966 Christo
3182 4912 3346 4968 Deum
3373 4916 3447 4970 vi-

1924 5002 2051 5069 deri,
2080 5011 2257 5056 contra
2287 5020 2441 5073 quam
2467 5005 2637 5058 docuit
2663 5004 2972 5073 Augustinus
2999 5005 3055 5058 in
3107 5006 3321 5078 epistola
3351 5008 3442 5077 9:2,

1924 5094 1990 5146 ad
2018 5093 2274 5148 Italicam.

1854 5186 2077 5242 Domino
2120 5197 2334 5251 sancto,
2379 5188 2755 5245 venerabiliter
2812 5188 3160 5247 dilectissimo
3212 5194 3357 5248 fratri
3389 5204 3443 5249 et

1923 5280 2288 5335 consacerdoti
2346 5281 2676 5344 Aucusrmo,
2736 5291 2790 5335 et
2832 5280 3083 5338 fratribus
3127 5285 3215 5353 qui
3268 5296 3440 5340 tecum

1921 5382 2060 5437 sunt,
2097 5374 2347 5440 Evomus,
2373 5382 2427 5427 et
2454 5372 2647 5428 fratres
2677 5375 2765 5444 qui
2794 5391 3002 5431 mecum
3035 5386 3177 5442 sunt,
3208 5378 3437 5431 salutem

1923 5480 1976 5517 tn
2009 5466 2251 5520 Domino.

1925 5558 1972 5611 l.
2017 5555 2121 5611 Per
2143 5557 2383 5610 Jobinum
2412 5558 2429 5588 ¹
2454 5558 2538 5627 qui
2558 5558 2627 5611 ad
2649 5562 3005 5629 possessionem
3031 5559 3436 5616 Marcianensem

1913 5692 1929 5723 ί
1966 5699 2015 5740 tn
2037 5692 2243 5741 vetustis
2265 5690 2525 5753 codicibus,
2545 5707 2631 5757 per
2652 5691 2891 5744 Jorinum.

1909 5776 1982 5841 (a)
2016 5776 2250 5844 Alias?”
2277 5791 2289 5826 :
2315 5790 2427 5840 quas
2450 5786 2616 5829 autem
2638 5779 2721 5828 161
2752 5787 2875 5841 erat,
2900 5792 3028 5829 nunc
3048 5778 3129 5830 49.
3154 5782 3341 5844 Scripta
3365 5785 3413 5832 vi
3430 5819 3442 5829 .

1848 5839 1993 5891 detur
2015 5851 2077 5888 an
2099 5839 2208 5889 414.
