4004 6372
660 323 764 380 105

660 439 840 492 missus
869 440 995 499 erat,
1024 434 1217 488 dudum
1241 449 1393 489 unam
1416 433 1740 504 quaestionem
1760 432 1823 486 de
1842 433 2036 486 ratione
2063 442 2111 487 et
2136 432 2241 486 Deo

660 527 816 582 missa
843 526 1054 599 epistola
1083 542 1191 580 mea
1211 526 1515 595 interroqavi
1530 541 1549 588 ,'
1579 526 1724 594 cujus
1753 525 1919 578 adhuc
1948 542 2245 595 responsum

660 637 763 675 non
788 620 964 673 merui.
995 617 1101 675 Sed
1125 620 1241 687 quia
1266 618 1502 688 epistolas
1530 616 1830 673 Sanctitatis
1856 629 1974 683 tute,
2000 636 2153 672 unam
2174 619 2244 671 ad

659 712 907 765 illustrem
943 711 1103 763 virum
1154 708 1486 763 Volusianum
1515 751 1530 774 ,
1580 720 1626 765 et
1664 711 1879 765 alteram
1917 713 1983 766 ad
2008 711 2247 767 Italicam

659 802 911 857 illustrem
944 800 996 855 in
1038 800 1233 856 Christo
1262 801 1504 871 feminam
1523 843 1538 867 ,
1566 803 1617 856 in
1643 803 1872 857 manibus
1903 804 2116 873 legentes
2149 805 2244 856 Im-

659 892 893 957 buimus;
924 893 1136 946 occurrit
1164 892 1299 962 quod
1322 894 1374 946 in
1402 894 1571 963 priore
1586 894 1799 964 epistola
1818 894 1880 947 de
1903 894 2104 948 Domini
2119 894 2152 947 J
2158 912 2245 949 esu

661 980 847 1037 Christi
876 981 972 1036 Dei
993 982 1151 1036 nostri
1177 981 1373 1036 carnali
1399 985 1452 1037 in
1492 983 1696 1056 Virgine
1722 986 2045 1055 conceptione
2065 1027 2080 1049 ,
2108 996 2155 1039 et
2184 1004 2246 1042 ex

657 1089 717 1125 ea
750 1073 1006 1127 nativitate
1031 1074 1264 1143 posuisti,
1302 1092 1321 1125 ι
1351 1074 1411 1129 Si
1438 1076 1573 1128 ratio
1601 1076 1873 1145 quwritur,
1902 1094 1999 1130 non
2024 1079 2115 1131 erit
2146 1080 2243 1132 mi-

657 1164 852 1230 rabile;
881 1167 926 1219 si
953 1169 1241 1239 exemplum
1278 1172 1536 1239 poscitur,
1568 1188 1669 1225 non
1695 1172 1787 1226 erit
1812 1174 2070 1243 singulare
2095 1192 2111 1229 :
2142 1194 2159 1226 ι
2196 1184 2244 1228 et

655 1258 816 1311 visum
838 1268 910 1312 est
940 1275 1083 1327 posse
1110 1261 1173 1314 de
1197 1262 1335 1315 omni
1355 1264 1629 1331 netivitate,
1659 1271 1704 1318 et
1729 1266 1944 1321 hominis
1971 1269 2045 1321 vel
2072 1271 2243 1338 cujus-

656 1349 774 1403 libet
813 1351 1085 1405 animantis
1128 1354 1206 1407 vel
1250 1356 1453 1410 seminis
1496 1357 1596 1410 tale
1638 1356 1835 1426 aliquid
1864 1360 1982 1411 dici.
2016 1359 2077 1413 Si
2113 1362 2241 1415 ratio

654 1441 788 1495 enim
812 1442 922 1511 ejus
950 1454 1230 1513 quieratur,
1263 1462 1362 1499 non
1392 1447 1736 1519 indagabitur,
1764 1458 1808 1503 et
1834 1452 2005 1519 utique
2023 1453 2115 1506 erit
2141 1454 2242 1505 mi-

653 1532 848 1596 rabile;
879 1544 924 1587 ct
952 1535 996 1587 si
1024 1538 1309 1606 exemplum
1349 1548 1580 1608 poscatur
1600 1581 1613 1603 ,
1658 1543 1777 1613 quia
1806 1542 1935 1595 nihil
1963 1543 2062 1595 tale
2097 1545 2161 1598 sit
2186 1546 2239 1598 in

653 1626 912 1696 exemplis,
940 1628 1031 1681 erit
1051 1628 1324 1700 singulare.
1362 1628 1539 1701 Neque
1566 1634 1697 1685 enim
1722 1634 1831 1702 quis
1858 1643 2125 1687 conventus
2148 1637 2239 1689 viri

652 1728 701 1770 et
727 1718 947 1788 feminae,
971 1720 1046 1789 vel
1068 1721 1331 1789 cujuslibet
1354 1724 1691 1791 conceptionis
1711 1724 2006 1795 aliquando,
2032 1728 2167 1795 quod
2185 1728 2238 1780 in

652 1818 842 1861 secreto
872 1811 1139 1880 formatur,
1166 1812 1361 1866 ratione
1388 1814 1568 1882 poterit
1597 1815 1777 1882 exponi
1802 1830 1821 1868 :
1849 1825 1935 1868 aut
1957 1832 2068 1869 vero
2088 1818 2238 1871 semi-

653 1914 773 1951 num
789 1914 854 1952 ea:
866 1909 998 1953 terra
1015 1902 1343 1965 nascentium,
1372 1903 1605 1973 primitus
1625 1907 2032 1975 putrescentium,
2065 1918 2236 1977 postea

650 1990 1066 2058 fructiﬁcautium
1094 1992 1202 2045 ulla
1236 1994 1365 2047 ratio
1394 1993 1689 2048 invenietur.
1725 1994 1848 2050 Non
1884 1997 2017 2051 enim
2054 2008 2098 2051 et
2140 2000 2235 2053 hoc

650 2081 878 2134 mirabile
903 2098 1004 2135 non
1032 2093 1104 2136 est
1131 2100 1343 2137 vermem
1370 2101 1524 2140 unum
1550 2087 1657 2140 sine
1686 2087 1790 2140 ullo
1820 2099 2054 2159 parente,
2095 2090 2137 2143 si
2166 2090 2235 2143 ad

647 2170 1047 2241 singularitatem
1072 2174 1267 2243 aliquid
1291 2176 1597 2245 requiratur,
1620 2178 1755 2230 intra
1782 2196 1985 2249 pomum
2013 2180 2234 2251 virgineo

646 2276 891 2332 conceptu
916 2263 1207 2330 formatum,
1236 2270 1512 2336 perfectum
1540 2267 1750 2320 inveniri
1774 2284 1792 2321 :
1816 2269 1948 2322 unde
1969 2269 2037 2322 ad
2065 2286 2233 2323 exem-

647 2355 787 2424 plum
798 2354 1012 2407 arbitror
1023 2356 1231 2422 dictum,
1261 2374 1279 2406 «
1306 2354 1415 2427 Ego
1432 2359 1631 2422 vermis,
1655 2368 1701 2412 et
1718 2377 1816 2413 non
1838 2360 1986 2413 homo
2014 2380 2032 2413 ι
2056 2360 2227 2431 (Psal.

646 2461 755 2508 xxt,
792 2446 871 2515 7).
902 2445 979 2499 De
1017 2449 1423 2518 conceptionibus
1443 2465 1561 2519 ergo
1581 2451 1682 2504 sive
1704 2453 2106 2522 eonjunctorum,
2130 2454 2231 2507 sive

644 2537 1001 2609 singularium,
1032 2539 1198 2592 nescio
1227 2556 1459 2610 quaenam
1488 2542 1644 2612 possit
1670 2542 1798 2595 ratio
1827 2543 2067 2597 exhiberi.
2108 2543 2229 2599 Non

644 2644 761 2699 ergo
788 2629 851 2683 de
876 2631 1199 2700 conceptione
1229 2629 1452 2703 Virginis
1488 2642 1679 2685 tantum
1712 2650 1810 2687 non
1838 2634 2093 2700 redditur,
2138 2636 2229 2690 sed

642 2720 704 2772 de
740 2718 881 2772 nulla
907 2720 1107 2790 quidem
1136 2722 1356 2775 arbitror
1380 2724 1703 2791 conceptione
1728 2741 1872 2794 posse
1896 2726 2109 2797 persolvi
2137 2743 2225 2780 ra-

642 2812 825 2866 tionem
837 2852 849 2864 .

709 2904 762 2956 2.
813 2904 873 2959 Si
910 2905 1194 2976 exemplum
1223 2908 1446 2975 poscitur
1472 2923 1490 2960 :
1519 2924 1629 2961 ecce
1656 2918 1704 2962 et
1730 2909 1792 2962 de
1820 2917 1962 2962 vento
1990 2910 2227 2964 dicuntur

640 3011 811 3065 equce,
843 3004 890 3049 et
932 2996 994 3050 de
1019 2998 1185 3051 cinere
1208 2996 1443 3068 gallintc,
1486 3008 1533 3053 et
1560 3000 1622 3053 de
1654 3016 1785 3071 aqua
1818 3010 1988 3054 anates
2007 3044 2021 3068 ,
2052 3010 2095 3054 et
2121 3002 2225 3056 alia

641 3089 886 3142 nonnulla
934 3090 1196 3154 animalia,
1238 3090 1346 3143 sine
1382 3091 1515 3143 virili
1556 3092 1777 3157 semine,
1823 3095 1951 3162 fetus
1995 3095 2225 3165 preprios

639 3179 803 3233 edere.
838 3178 979 3232 Certe
1003 3180 1047 3232 si
1074 3181 1282 3250 integrte
1318 3198 1418 3234 non
1444 3181 1693 3249 reddunt,
1738 3193 1901 3236 tamen
1930 3195 2135 3254 possunt
2159 3186 2224 3240 il-

640 3267 807 3321 libatas
834 3270 1127 3337 concipere:
1147 3272 1394 3338 quomodo
1416 3287 1533 3343 ergo
1564 3274 1781 3341 ponitur,
1810 3292 1829 3325 ί
1854 3273 1915 3328 Si
1940 3276 2222 3345 exemplum

641 3360 884 3430 ponitur,
908 3376 1009 3414 non
1034 3362 1127 3413 erit
1151 3363 1437 3432 singulare,
1470 3381 1488 3413 ι
1510 3363 1711 3432 quando
1741 3372 1812 3417 tot
1840 3368 2071 3434 exempla
2099 3385 2221 3437 pro-

638 3451 858 3507 cedunt?
887 3450 1048 3506 Nasci
1070 3453 1221 3507 etiam
1241 3454 1291 3506 in
1318 3455 1629 3524 corporibus,
1658 3472 1757 3508 non
1784 3458 1947 3509 solum
1972 3460 2218 3527 femineis,

636 3560 806 3599 verum
830 3544 978 3597 etiam
1006 3544 1248 3609 virorum,
1280 3544 1578 3598 intrinsecus
1607 3546 1740 3611 dico,
1764 3548 1993 3616 qutedam
2022 3550 2219 3603 anima-

636 3634 727 3700 lia,
758 3644 931 3687 notum
959 3643 1029 3687 est
1056 3633 1286 3687 omnibus
1308 3650 1325 3687 :
1352 3635 1594 3704 numquid
1615 3647 1659 3689 et
1682 3636 1749 3689 ibi
1768 3654 1934 3691 semen
1960 3639 2081 3709 facit
2102 3656 2222 3694 con-

636 3724 951 3794 ceptionem?
998 3722 1130 3777 Ecce
1174 3726 1424 3793 exempla,
1467 3741 1578 3779 ecce
1618 3725 1898 3793 miracula,
1945 3728 2007 3781 de
2044 3730 2219 3800 quibus

635 3817 765 3869 ratio
796 3815 1081 3870 nullatenus
1122 3816 1367 3869 redditur.
1396 3817 1495 3871 Aut
1520 3818 1563 3871 si
1599 3818 1666 3871 ad
1694 3820 1788 3872 hoc
1822 3819 2068 3884 redditur,
2100 3824 2219 3891 quia

634 3908 689 3961 in
704 3906 892 3978 virgine
905 3908 1107 3961 homine
1125 3907 1251 3961 nihil
1269 3908 1368 3962 tale
1386 3925 1608 3980 unquam
1622 3910 1863 3981 contingit
1881 3927 1901 3975 ;
1921 3921 2084 3967 tamen
2101 3924 2218 3969 sunt

635 3998 864 4068 exempla
891 3998 945 4053 in
981 3996 1096 4053 aliis
1120 4016 1285 4052 rerum
1314 4000 1538 4067 naturis,
1569 4002 1688 4070 quia
1716 4011 1834 4055 nata
1861 4012 1905 4056 et
1932 4004 2039 4059 sine
2063 4006 2216 4059 semi-

634 4089 779 4142 nibus
822 4088 1193 4157 concipiuntur,
1243 4105 1307 4143 ex
1331 4091 1509 4160 quibus
1551 4093 1749 4162 penitus
1778 4093 1905 4145 ratio
1934 4094 2079 4147 reddi
2126 4112 2215 4149 ne-

633 4195 887 4250 quaquam
912 4189 1090 4248 potest.
1122 4178 1311 4234 Tamen
1331 4190 1378 4234 et
1402 4182 1455 4234 in
1476 4184 1794 4252 generatione
1812 4193 1885 4237 est
1906 4185 2099 4255 aliquid
2117 4187 2217 4241 tale

634 4273 854 4325 invenire
880 4272 1012 4339 quod
1038 4273 1109 4324 sic
1135 4271 1251 4325 edat
1277 4283 1450 4342 partus
1469 4315 1483 4339 ,
1516 4284 1571 4326 ut
1599 4275 1857 4344 integritas
1885 4286 2080 4330 natura:
2114 4294 2214 4331 non

636 4362 860 4415 violetur.
895 4362 1047 4414 Soleo
1076 4362 1207 4415 enim
1233 4363 1408 4417 audire
1434 4363 1567 4433 quod
1595 4382 1783 4418 aranea
1818 4366 1926 4420 sine
1950 4366 2057 4420 ulla
2082 4368 2215 4423 virili

635 4452 954 4521 conceptione
983 4462 1028 4505 et
1074 4462 1248 4522 partus
1292 4455 1644 4521 corruptione,
1688 4456 1779 4509 illa
1817 4459 1984 4510 omnia
2024 4460 2114 4527 ﬁla
2151 4476 2215 4514 ex

633 4547 810 4617 quibus
834 4545 978 4599 tentis
1000 4545 1186 4599 horrere
1204 4545 1348 4608 solet,
1371 4547 1643 4599 secundum
1668 4556 1863 4602 natura:
1884 4566 1989 4603 sua:
2009 4551 2211 4606 modum

632 4639 857 4707 proferat
882 4634 1194 4700 mirabiliter,
1226 4645 1273 4690 et
1296 4636 1389 4689 sibi
1415 4646 1609 4690 tantum
1634 4639 1777 4707 quasi
1802 4640 2050 4709 singulari
2074 4660 2208 4712 prte-

629 4729 801 4781 stitum
855 4744 960 4782 esse
1007 4726 1327 4781 demonstret.
1384 4726 1524 4799 Ergo
1574 4730 1619 4783 si
1672 4738 1717 4784 et
1769 4730 1862 4785 hoc
1915 4742 2203 4803 queratur,

630 4834 731 4872 non
766 4828 959 4872 tantum
986 4818 1215 4873 mirabile
1240 4827 1339 4883 est,
1385 4820 1473 4873 sed
1501 4822 1728 4892 exempla
1759 4822 1881 4876 talia
1910 4840 2075 4877 rerum
2096 4825 2210 4880 dari

627 4910 913 4964 nullatenus
950 4920 1175 4979 possunt.
1223 4910 1396 4965 Metuo
1436 4912 1568 4965 enim
1610 4930 1673 4967 ne
1715 4914 1775 4968 ob
1806 4914 1899 4968 hoc
1938 4917 2047 4986 ipsa
2078 4935 2209 4987 pra:-

627 5002 861 5055 cesserint
886 5003 939 5055 in
976 5003 1243 5073 exemplis,
1285 5013 1342 5056 ut
1367 5003 1455 5073 qui
1487 5020 1589 5058 non
1623 5006 1945 5062 credidissent
1963 5009 2207 5080 virginem

628 5094 886 5162 concipere
924 5111 1094 5164 posse,
1140 5097 1217 5150 his
1256 5097 1497 5166 exemplis
1524 5099 1931 5155 convincerentur
1958 5119 2063 5157 esse
2088 5104 2203 5175 qui-

626 5185 740 5240 dem
764 5186 1008 5251 mirabile,
1039 5189 1125 5241 sed
1146 5198 1310 5243 tamen
1334 5207 1435 5244 non
1463 5190 1557 5245 erit
1579 5193 1836 5264 singulare
1858 5210 1878 5249 :
1897 5212 2013 5250 nam
2036 5200 2204 5253 omnia

625 5278 721 5332 Dei
764 5293 916 5347 opera
956 5277 1238 5345 mirabilia;
1279 5282 1395 5349 quia
1431 5282 1485 5335 in
1525 5283 1775 5352 sapientia
1804 5290 1938 5355 facta
1973 5298 2107 5343 sunt.
2141 5288 2204 5344 Si

621 5386 740 5440 ergo
765 5370 859 5424 hoc
885 5369 1024 5423 nobis
1047 5368 1331 5440 objiciatur,
1360 5372 1482 5442 quid
1510 5373 1957 5443 respondebimus?

692 5464 746 5518 5.
778 5460 922 5516 Illud
948 5462 1098 5516 etiam
1118 5478 1196 5516 me
1216 5473 1357 5534 urget
1382 5464 1822 5533 vehementissime,
1852 5468 1986 5538 quod
2010 5471 2082 5523 sic
2109 5488 2200 5542 po-

619 5568 711 5615 test
738 5560 838 5613 dici
863 5560 924 5613 de
942 5559 1167 5630 corporis
1194 5559 1353 5629 ipsius
1380 5558 1585 5613 Domini
1609 5562 1875 5631 clariﬁeati
1900 5564 2193 5633 substantia,

618 5652 736 5721 quia
766 5660 811 5703 et
838 5652 949 5721 ipsa
979 5652 1158 5721 poterit
1197 5650 1361 5704 videre
1400 5650 1496 5705 Dei
1532 5651 1859 5706 substantiam
1899 5654 2039 5723 (aisti
2066 5658 2197 5711 enim

619 5745 671 5795 in
702 5744 912 5811 epistola
950 5744 1016 5796 ad
1054 5742 1289 5797 Italicam
1329 5761 1429 5798 non
1468 5761 1649 5814 posse;
1675 5755 1719 5800 et
1761 5757 1951 5802 certum
1974 5749 2067 5811 est)
2094 5765 2113 5803 :
2142 5760 2196 5803 ut

1890 320 1949 377 S.
1990 316 2357 377 AUGUSTINI
2396 317 2694 376 EPISCOPI
3767 352 3847 413 cm

2354 446 2467 484 eum
2509 434 2748 486 rationem
2778 435 2986 492 reddere
3012 440 3299 509 ceperimus
3326 446 3438 515 quia
3474 465 3567 505 non
3594 442 3755 529 potest,
3778 466 3848 521 hac

2357 522 2495 576 nobis
2524 524 2803 593 objiciatur,
2833 530 2952 595 quia
2976 532 3019 584 si
3045 534 3179 597 quod
3203 535 3293 589 illa
3317 522 3616 612 conceptione
3642 559 3681 602 et
3705 522 3847 611 nativi-

2356 621 2455 666 tate
2472 618 2659 685 factum
2686 627 2776 683 est,
2802 620 3028 674 mirabile
3047 633 3119 676 est
3144 635 3190 677 et
3212 621 3481 698 singulare,
3512 651 3593 688 nec
3610 642 3718 694 ratio
3736 662 3849 714 quam

2350 708 2544 773 volunt,
2577 726 2665 763 nec
2704 713 2988 781 exemplum
3023 715 3249 771 redditur
3277 720 3317 784 ¹,
3346 722 3458 787 quia
3490 727 3624 781 unico
3647 731 3725 786 hoc
3745 708 3850 805 'pm.

2354 798 2521 851 stitum
2544 808 2617 854 est
2639 816 2656 853 :
2682 805 3099 870 quemadmodum
3121 809 3188 863 eis
3212 812 3340 864 ratio
3360 829 3458 868 non
3480 818 3686 874 redditur
3702 798 3852 883 decan-

2352 893 2578 961 ceptione
2605 905 2650 948 et
2678 899 3013 966 generatione,
3041 902 3131 956 sed
3153 903 3205 956 in
3230 903 3318 958 illo
3346 904 3451 960 solo
3476 910 3699 969 invenitur
3718 920 3851 990 singu-

2354 983 2491 1048 lare;
2517 987 2588 1038 sic
2618 987 2679 1040 de
2707 991 2813 1059 ejus
2843 992 3030 1045 visione
3066 995 3195 1047 ratio
3218 1012 3317 1050 non
3346 999 3591 1070 reddatur,
3629 1023 3705 1060 nec
3728 983 3853 1065 exon-

2353 1075 2491 1144 plum
2512 1078 2816 1146 requiratur,
2840 1080 2928 1132 scd
2946 1082 3042 1135 soli
3061 1084 3136 1136 illi
3157 1086 3473 1155 singulariter
3492 1092 3627 1147 licere
3640 1096 3855 1158 divinitati;

2351 1169 2679 1223 substantiam
2709 1189 2917 1243 corpore
2958 1175 3140 1230 videre.
3174 1177 3235 1233 Si
3278 1183 3639 1250 respondebitur
3663 1191 3856 1247 rationem

2352 1278 2496 1331 posse
2516 1263 2679 1329 reddi,
2729 1267 2845 1334 quia
2872 1283 3111 1338 corporea
3135 1287 3191 1325 re
3234 1272 3570 1342 incorpoream
3596 1296 3688 1335 rem
3710 1300 3857 1352 nequa-

2350 1368 2499 1421 quam
2525 1372 2723 1409 cernere
2751 1359 2928 1423 liceat;
2958 1370 3122 1415 metuo
3143 1379 3205 1416 ne
3228 1366 3580 1433 respondeatur
3598 1372 3701 1440 quia
3722 1385 3757 1427 et
3773 1393 3857 1431 con-

2348 1445 2509 1511 ceptio
2544 1446 2634 1499 illa
2662 1449 2856 1501 ratione
2894 1452 3112 1518 exponi,
3156 1462 3201 1505 et
3229 1456 3468 1525 exemplis
3506 1461 3648 1527 possit
3685 1464 3854 1531 firmari.

2352 1534 2449 1587 Aut
2478 1537 2608 1589 enim
2638 1538 2688 1590 in
2715 1539 2997 1595 hominibus
3024 1544 3153 1597 ratio
3182 1545 3400 1614 deﬁciet,
3427 1558 3474 1603 et
3500 1553 3707 1624 exempla
3730 1572 3857 1612 cessa.

2348 1624 2498 1690 bunt,
2531 1637 2575 1679 et
2621 1630 2989 1697 conﬁrmabant
3018 1649 3227 1704 corpore
3268 1652 3362 1690 suo
3396 1638 3697 1711 Unigenitum
3734 1649 3858 1703 videre

2348 1732 2495 1785 posse
2526 1717 2685 1771 Deum
2711 1736 2728 1772 :
2757 1732 2841 1773 aut
2867 1724 2908 1775 si
2936 1726 3063 1778 ratio
3085 1726 3165 1779 hic
3188 1730 3387 1782 reddita
3413 1732 3576 1800 fuerit,
3596 1751 3857 1807 consequetur

2346 1810 2591 1862 rationem
2613 1811 2757 1863 reddi
2779 1830 2923 1881 posse
2943 1815 3005 1867 ab
3026 1817 3276 1885 aliquibus
3299 1822 3444 1874 nimis
3462 1825 3738 1894 sapientibus
3754 1830 3855 1895 viris,

2346 1910 2390 1954 et
2414 1901 2552 1955 illius
2579 1906 2939 1973 conceptionis,
2970 1918 3015 1961 et
3036 1913 3384 1977 consequentis
3412 1918 3734 1985 generationis.
3760 1923 3858 1989 Quid

2345 2010 2461 2064 ergo
2489 1996 2670 2050 talibus
2699 2002 3082 2065 respondeatur,
3114 2017 3428 2072 percunctor.
3459 2007 3573 2063 Non
3600 2013 3717 2065 enim
3740 2024 3857 2067 certa-

2345 2085 2481 2137 mina
2505 2088 2714 2148 semino,
2740 2088 2829 2142 sed
2852 2093 3270 2159 quemadmodum
3291 2097 3542 2153 insidiosis
3564 2103 3858 2171 respondeatur

2342 2173 2613 2246 interrogo.
2648 2176 2755 2247 Ego
2793 2188 2957 2234 tamen
2998 2183 3069 2235 sic
3107 2184 3257 2238 credo
3310 2185 3525 2257 Virginis
3550 2192 3857 2262 conceptionem

2342 2274 2387 2319 et
2412 2276 2631 2336 partum,
2665 2272 2914 2337 quomodo
2942 2289 3136 2344 semper
3164 2278 3357 2330 credidi
3382 2294 3401 2331 :
3428 2290 3473 2332 et
3498 2296 3689 2351 corpore
3707 2300 3856 2352 quoque

2341 2358 2617 2429 clari/icato
2646 2361 2804 2417 Deum
2826 2366 2982 2419 videri
3005 2384 3104 2420 non
3128 2386 3295 2439 posse,
3323 2382 3583 2440 utcumque
3599 2375 3765 2429 ratione
3778 2375 3855 2430 col-

2342 2451 2462 2521 ligo.
2495 2454 2807 2510 Obviandum
2836 2468 3000 2513 tamen
3044 2478 3218 2516 censeo
3246 2466 3527 2520 hominibus
3553 2469 3631 2538 qui
3655 2479 3732 2522 aut
3758 2471 3854 2525 sedi-

2340 2544 2497 2598 tiones
2519 2563 2581 2599 ex
2603 2550 2960 2619 quaestionibus
2980 2551 3138 2606 solent
3159 2556 3401 2621 excitare,
3422 2568 3507 2611 aut
3527 2558 3714 2625 ferventi
3728 2562 3852 2615 studio

2288 2671 2291 2675 μ
2337 2636 2405 2687 ad
2432 2636 2722 2691 discendum
2750 2642 3003 2710 evigilare.
3031 2643 3135 2697 Ora
3159 2635 3251 2713 pro
3285 2646 3446 2701 nobis.
3475 2647 3585 2703 Pax
3603 2659 3645 2704 et
3670 2648 3851 2705 Charitas

2338 2725 2524 2781 Christi
2554 2729 2886 2786 Sanctitatem
2909 2742 3047 2787 tuam
3074 2738 3230 2790 nostri
3259 2754 3525 2794 memorem
3550 2743 3764 2810 perﬁciat,
3788 2742 3850 2796 do-

2337 2819 2469 2872 mine
2494 2832 2684 2887 sancte,
2713 2824 3156 2897 venerabiliterque
3186 2828 3468 2885 beatissime
3496 2831 3658 2901 frater.

2759 2962 3085 3019 EPISTOLA
3124 2965 3351 3022 CLXII‘
3380 2969 3478 3040 (a).

2334 3068 2641 3141 Augustinus
2671 3072 2862 3127 Evodio
2908 3077 3174 3147 respondet
3212 3081 3510 3136 solutionem
3547 3084 3792 3155 quastionis
3813 3086 3848 3138 in

2407 3163 2618 3231 epistola
2654 3165 2754 3218 160
2777 3168 3051 3236 praposita:
3073 3171 3342 3237 petendam
3363 3190 3467 3227 esse
3485 3187 3545 3228 ex
3566 3174 3669 3228 aliis
3685 3192 3849 3245 opuscu-

2406 3255 2468 3308 lis
2493 3272 2524 3308 a
2546 3272 2597 3309 se
2619 3258 2785 3311 editis.
2816 3256 3095 3328 Confirmat
3137 3264 3425 3331 opinionem
3447 3283 3589 3336 quant
3616 3268 3661 3320 in
3684 3268 3847 3337 epistola

2405 3345 2506 3401 159
2537 3348 2763 3417 tetigerat
2805 3349 2868 3402 de
2905 3352 3075 3404 anima
3113 3369 3327 3423 corpore
3363 3357 3557 3421 soluta,
3600 3359 3733 3427 deque
3761 3359 3847 3411 visis

2404 3438 2721 3509 prodigiosis.
2766 3439 3030 3496 Postremo
3074 3446 3298 3499 vindicat
3344 3451 3629 3503 sententiam
3660 3452 3772 3504 illam
3808 3451 3845 3502 in

2401 3531 2661 3597 praemissa
2690 3533 2916 3600 proxime
2944 3534 3155 3602 epistola
3192 3540 3588 3609 reprehensam:
3620 3560 3637 3594 ι
3663 3541 3714 3596 Si
3749 3542 3844 3594 ratio

2399 3622 2661 3692 quteritur,
2690 3640 2787 3677 non
2818 3626 2910 3677 erit
2938 3627 3182 3693 mirabile,
3219 3648 3238 3680 s
3274 3640 3379 3687 etc.

2331 3733 2552 3787 Domino
2582 3735 2906 3802 beatissimo,
2936 3748 2989 3793 et
3015 3742 3305 3797 vcncrabili
3340 3744 3484 3800 fratri
3517 3755 3567 3801 et
3591 3746 3841 3817 coepiscopo

2399 3839 2583 3899 sancto
2608 3830 2809 3883 livomo
2828 3871 2843 3897 ,
2867 3841 2924 3886 et
2950 3840 3119 3887 tecum
3149 3834 3433 3906 fratribus,
3462 3841 3784 3903 Aucvsrluvs,
3804 3848 3840 3894 et

2399 3933 2603 3972 mecum
2630 3919 2839 3987 fratres,
2875 3922 2926 3975 in
2958 3923 3182 3978 Domino
3210 3928 3460 3983 salutem.

2398 4032 2449 4086 1.
2479 4031 2635 4085 Multa
2668 4034 2862 4102 qureris
2889 4034 2955 4088 ab
2984 4034 3200 4092 homine
3228 4040 3454 4095 multum
3497 4049 3752 4111 occupato;
3778 4049 3839 4101 et.

2326 4122 2463 4192 quod
2480 4132 2561 4177 cst
2575 4125 2813 4193 gravius,
2833 4140 2891 4179 ea
2914 4135 3064 4195 putas
3086 4130 3408 4200 prmcipitari
3429 4132 3615 4189 debere
3628 4130 3840 4194 dictando,

2324 4229 2442 4285 quia
2471 4225 2589 4269 sunt
2624 4224 2727 4269 tam
2758 4217 2992 4273 difficilia
3014 4262 3028 4285 ,
3063 4232 3117 4273 ut
3142 4238 3262 4276 cum
3309 4240 3495 4296 magna
3525 4226 3755 4295 diligentia
3781 4224 3842 4277 di-

2322 4316 2460 4362 ctata
2493 4309 2572 4363 vel
2608 4309 2834 4379 scripta,
2869 4311 2957 4364 vix
3000 4313 3221 4381 perduci
3253 4318 3458 4383 possint
3485 4317 3548 4372 ad
3578 4317 3838 4372 intellectum

2322 4400 2479 4454 etiam
2510 4401 2690 4454 talium
2719 4403 2888 4471 qualis
2921 4404 3032 4472 ipse
3070 4419 3147 4459 es.
3179 4406 3291 4461 Huc
3318 4410 3523 4464 accedit
3558 4410 3665 4481 quia
3694 4424 3774 4462 non
3799 4415 3837 4459 tu

2322 4500 2377 4545 et
2402 4491 2530 4544 tales
2558 4492 2919 4546 tantummodo
2943 4494 3207 4563 cogitandi
3236 4499 3367 4554 estis
3395 4499 3575 4555 lecturi
3610 4496 3835 4566 essequod

2320 4585 2630 4648 scribimus;
2660 4585 2753 4640 sed
2787 4588 2965 4657 utique
3004 4598 3053 4644 et
3082 4590 3155 4645 illi
3185 4595 3273 4661 qui
3312 4596 3488 4651 minus
3514 4608 3657 4652 acuto
3678 4595 3835 4649 minus-

2318 4692 2420 4747 que
2446 4679 2731 4733 exercitato
2764 4679 2978 4750 ingenio
3019 4685 3227 4752 prmditi
3248 4727 3263 4753 ,
3306 4702 3374 4741 co
3404 4699 3573 4742 tamen
3606 4686 3753 4743 studio
3774 4684 3834 4738 ic-

2318 4781 2504 4822 rumur
2530 4770 2595 4823 ad
2621 4772 3016 4840 cognoscendas
3045 4774 3249 4830 litteras
3280 4787 3492 4833 nostras
3510 4822 3525 4845 ,
3560 4781 3661 4834 sive
3685 4777 3831 4837 amico,

2316 4864 2425 4918 sive
2449 4865 2661 4919 inimico
2686 4868 2883 4934 animo,
2916 4879 2975 4923 ut
3003 4871 3081 4925 eis
3108 4874 3349 4928 subtrahi
3381 4878 3591 4931 omnino
3618 4892 3707 4930 non
3734 4888 3828 4944 pos-

2315 4955 2437 5009 sint.
2469 4956 2570 5010 lsta
2604 4958 2851 5027 cogitanti
2895 4962 3068 5015 cernis
3104 4974 3298 5032 quanta
3344 4983 3470 5022 cura
3511 4970 3560 5023 in
3605 4965 3829 5023 scribendo

2314 5060 2432 5100 esse
2459 5045 2670 5111 debeat,
2700 5051 2993 5118 praesertim
3025 5051 3090 5107 de
3117 5055 3273 5109 rebus
3300 5056 3371 5111 ita
3404 5060 3615 5128 magnis,
3644 5066 3691 5113 ut
3712 5057 3752 5109 in
3773 5054 3829 5107 cis

2311 5143 2366 5192 et
2393 5138 2568 5207 magni
2594 5138 2856 5193 laborent.
2899 5140 2956 5196 Si
2984 5152 3160 5199 autem
3189 5138 3307 5201 cum
3335 5150 3532 5221 aliquid
3561 5152 3611 5205 in
3636 5147 3826 5204 manibus

2311 5223 2502 5294 habeo,
2535 5227 2989 5285 intermittendum
3021 5242 3104 5289 est
3144 5245 3198 5291 et
3223 5237 3600 5309 differendum,
3626 5249 3676 5295 ut
3703 5238 3755 5291 ad
3780 5249 3823 5289 ca

2372 5410 2390 5441 ί
2414 5410 2496 5479 δίο
2514 5415 2620 5461 tres
2649 5412 2794 5479 vatio.
2820 5417 3020 5479 Mss._et
3040 5414 3243 5479 _a_liquot
3271 5429 3299 5466 e
3322 5420 3515 5469 nostris.
3559 5425 3610 5479 At
3646 5415 3739 5465 add.
3758 5413 3822 5461 ha-

2306 5470 2457 5521 bent:
2484 5480 2576 5522 Nec
2593 5471 2776 5523 ratione
2798 5473 2954 5537 quaeri
2977 5470 3249 5537 voluit,'nec
3268 5479 3515 5545 exemplo;
3533 5477 3649 5543 quia,
3669 5484 3747 5527 etc.

2370 5554 2388 5621 _‘
2418 5552 2593 5603 Collata
2614 5567 2723 5603 cum
2746 5554 2813 5603 bl.
2839 5557 2916 5605 cb.
2935 5557 2984 5605 if.
3006 5572 3094 5621 ες.
3134 5573 3175 5608 r.
3202 5574 3274 5610 vc.
3299 5560 3486 5611 duobus
3506 5563 3575 5611 sb.
3617 5559 3775 5609 duobus
3792 5560 3817 5602 t.

2305 5616 2461 5664 tribus
2482 5631 2511 5665 v
2550 5623 2600 5665 et
2615 5630 2725 5666 cum
2758 5625 2855 5665 Am.
2929 5616 3134 5669 BadTEr.
3160 5629 3265 5672 ων.

2368 5697 2440 5767 (a)
2464 5697 2692 5767 Alias_l_01
2723 5712 2734 5747 :
2760 5713 2870 5763 qua:
2916 5708 3080 5752 autem
3128 5704 3217 5754 t62
3236 5711 3354 5767 erat,
3400 5719 3521 5757 nunc
3560 5703 3629 5752 45.
3670 5700 3816 5761 scripta

2306 5760 2430 5809 [crte
2453 5772 2533 5811 an.
2556 5760 2663 5810 MS.
