4004 6372
600 285 708 346 707

671 401 724 458 6.
761 400 886 457 Haec
906 399 1026 456 ideo
1050 399 1183 456 mira
1199 407 1352 461 sunt.
1376 401 1498 472 quia
1528 400 1870 457 occultiorem
1890 401 2184 457 habentra-

598 493 821 560 tienem,
850 509 1008 564 quam
1042 502 1096 548 ut
1123 494 1289 550 videri
1338 493 1420 550 vel
1467 493 1616 548 reddi
1643 495 1710 549 ab
1738 493 1954 551 homine
1984 495 2183 550 homini

597 587 784 658 possit.
815 585 946 640 Nam
973 587 1088 641 ista:
1131 602 1308 642 causae
1350 595 1472 644 sunt
1523 585 1914 654 admirationis,
1944 602 2064 641 cum
2098 585 2184 642 vel

594 686 732 740 ratio
758 684 1013 757 cujusque
1032 684 1105 738 rei
1133 675 1279 746 latet,
1299 684 1378 736 vel
1403 682 1587 738 cadem
1614 699 1700 738 res
1724 685 1915 740 usitata
1945 700 2048 737 non
2076 691 2174 750 est,

594 775 736 847 quod
780 785 870 829 aut
899 774 1176 845 singularis
1207 783 1294 827 aut
1341 789 1456 828 rara
1487 784 1588 830 est.
1631 776 1704 829 Ex
1738 775 1826 828 illa
1855 789 1981 845 ergo
2019 788 2178 828 causa

592 867 804 923 latentis
841 868 1077 932 rationis,
1110 881 1208 935 ego
1239 867 1346 922 dixi
1374 868 1425 920 in
1455 868 1675 937 epistola
1721 884 1878 938 quam
1912 877 1960 923 te
1987 867 2178 937 legisse

589 974 976 1016 commemoras
1011 956 1210 1032 (Epist.
1238 959 1361 1027 l57,
1406 960 1472 1013 ad
1529 957 1859 1014 Volusianum
1883 961 1921 1030 ),
1953 975 2072 1015 cum
2099 959 2177 1015 eis

584 1053 973 1123 reaponderem
1005 1052 1091 1122 qui
1116 1061 1314 1122 negant
1341 1066 1460 1107 esse
1488 1051 1830 1115 credendum,
1856 1051 1994 1121 quod
2021 1049 2172 1106 Chri-

584 1153 722 1198 stum
745 1144 891 1214 virgo
923 1143 1208 1214 pepererit,
1234 1146 1385 1214 virgo
1407 1144 1775 1214 permanserit,
1797 1143 1857 1197 Si
1882 1143 2011 1196 ratio
2030 1158 2171 1214 quc-

581 1238 728 1304 ritur,
758 1253 858 1291 non
874 1237 964 1292 erit
982 1236 1208 1292 mirabile
1231 1254 1248 1291 :
1271 1237 1372 1292 hoc
1393 1239 1533 1292 enim
1560 1238 1755 1292 dictum
1780 1247 1878 1301 est,
1907 1252 2010 1291 non
2031 1237 2168 1305 quod

579 1329 784 1383 ratione
802 1344 888 1384 res
908 1338 1108 1393 careat,
1125 1329 1218 1384 sed
1246 1329 1386 1399 quod
1406 1344 1498 1384 eos
1515 1330 1673 1383 lateat
1697 1329 1885 1397 quibus
1909 1327 2008 1382 boc
2030 1328 2170 1383 Deus

578 1421 742 1478 voluit
763 1436 884 1477 esse
914 1422 1175 1476 mirabile.
1198 1422 1279 1476 Ex
1309 1422 1408 1476 alia
1440 1436 1566 1476 vero
1591 1420 1954 1474 admirationis
1985 1435 2162 1483 causa,

575 1526 696 1581 quas
739 1511 859 1566 ideo
887 1520 990 1577 est,
1035 1513 1158 1582 quia
1189 1511 1456 1566 insolitum
1489 1510 1688 1580 aliquid
1715 1510 1964 1572 occurrit,
1995 1509 2162 1578 scrip-

574 1611 686 1662 tum
706 1614 786 1658 eat
807 1601 871 1657 de
890 1603 1112 1656 Domino
1134 1602 1270 1671 quod
1290 1602 1508 1656 miratus
1529 1601 1594 1655 sit
1617 1600 1952 1655 Centurionis
1976 1600 2162 1664 fidem;

575 1709 747 1768 neque
773 1695 915 1750 enim
943 1710 1062 1748 eum
1096 1694 1171 1748 rei
1194 1694 1352 1748 ullius
1379 1694 1514 1747 ratio
1540 1693 1705 1763 potuit
1738 1693 1921 1757 latere,
1953 1691 2046 1747 sed
2068 1692 2163 1746 ad-

573 1784 784 1846 miratio
815 1800 910 1853 pro
940 1785 1094 1840 laude
1125 1786 1290 1854 posita
1321 1792 1402 1840 est
1441 1784 1556 1853 ejus
1581 1785 1734 1854 cujus
1763 1799 1855 1854 par
1882 1785 1933 1838 in
1967 1784 2163 1852 popqu

574 1875 800 1931 Hebraeo
838 1893 942 1932 non
980 1886 1298 1947 apparuerat
1330 1894 1342 1930 :
1375 1877 1514 1931 unde
1566 1877 1678 1946 ipsa
1722 1876 2000 1931 admiratio
2030 1878 2161 1933 satis

567 1970 808 2036 exposita
839 1977 950 2036 est,
980 1983 1100 2022 cum
1130 1968 1384 2022 Dominus
1413 1969 1506 2033 ait,
1536 1967 1696 2022 Amen
1728 1968 1841 2022 dico
1879 1969 2036 2036 vobis,
2060 1985 2159 2023 non

565 2057 730 2114 inveni
757 2067 947 2112 tantam
969 2058 1123 2128 [idem
1152 2060 1205 2112 in
1229 2056 1395 2112 Israel
1420 2057 1584 2130 (Luc.
1613 2073 1706 2124 vtt,
1741 2058 1833 2130 9).

641 2151 693 2206 7.
725 2149 874 2218 Quod
918 2160 1092 2204 autem
1139 2149 1308 2220 adjeci
1337 2150 1388 2205 in
1418 2150 1604 2205 eadem
1632 2150 1874 2218 epistola,
1907 2150 1967 2205 Si
1991 2167 2158 2204 exeni-

564 2244 705 2314 plum
731 2244 972 2314 poscitur,
1029 2261 1128 2298 non
1157 2245 1253 2299 erit
1278 2245 1574 2316 singulare;
1624 2244 1818 2300 frustra
1871 2246 1963 2300 tibi
2010 2245 2156 2302 visus

563 2351 622 2391 es
652 2337 793 2391 velut
811 2336 1053 2405 exempla
1081 2335 1348 2391 invenisse
1379 2336 1444 2392 de
1477 2338 1770 2392 vermiculo
1799 2337 1889 2407 qui
1919 2337 1971 2392 in
1995 2353 2154 2408 pomo

565 2429 820 2491 nascitur,
849 2435 904 2482 et
945 2442 1143 2482 aranea
1175 2444 1292 2497 qua:
1323 2427 1469 2483 lilum
1502 2429 1745 2484 textrina”:
1788 2443 1899 2483 suae
1928 2444 2153 2500 corpore

560 2520 704 2575 velut
731 2521 936 2590 integro
979 2520 1136 2590 parit.
1174 2521 1434 2578 Dicuntur
1479 2521 1621 2576 enim
1651 2522 1824 2591 aliqua
1851 2531 2036 2592 argute
2061 2539 2154 2577 cu-

555 2610 771 2681 jusdam
821 2611 1184 2668 similitudinis
1231 2614 1420 2682 gratia,
1447 2614 1550 2668 alia
1577 2615 1851 2680 remotius,
1883 2615 1987 2669 alia
2017 2630 2149 2670 con-

557 2703 831 2772 gruentius
860 2717 876 2767 ;
909 2702 1005 2776 sed
1050 2705 1195 2760 solus
1244 2702 1489 2761 Christus
1516 2715 1671 2760 natus
1700 2715 1782 2761 est
1820 2723 1884 2763 ex
1908 2707 2145 2777 virgine:

555 2793 698 2847 unde
721 2793 828 2862 jam
872 2793 1144 2863 intelligis,
1177 2805 1430 2864 quantum
1475 2797 1743 2865 existimo,
1777 2814 1876 2853 cur
1903 2797 2005 2852 hoc
2028 2814 2148 2854 esse

556 2883 780 2940 dixerim
806 2885 919 2939 sine
946 2887 1212 2955 exemplo.
1267 2887 1473 2942 [labent
1513 2889 1707 2958 .itaque
1747 2891 1924 2944 omnia
1955 2905 2144 2946 causas

553 2991 676 3034 suas
707 2985 866 3046 atque
895 2978 1128 3033 rationes
1169 2986 1342 3034 rectas
1363 2990 1416 3034 et
1447 2979 1814 3050 inculpabiles,
1847 2997 1964 3052 qua:
2002 2982 2143 3037 Deus

553 3068 635 3122 vel
664 3070 850 3122 usilata
880 3069 966 3128 vel
996 3070 1240 3125 inusitata
1262 3082 1531 3141 eperatur.
1550 3072 1654 3129 Sed
1686 3074 1767 3129 lue
1788 3091 1962 3131 causa:
1985 3087 2145 3150 atque

552 3161 786 3214 rationes
811 3175 930 3214 eum
973 3162 1155 3228 latent,
1189 3165 1444 3218 miramur
1473 3181 1590 3234 qua:
1618 3165 1786 3233 fiunt;
1815 3183 1933 3224 cum
1965 3180 2142 3226 autem

550 3260 754 3322 patent,
787 3263 1176 3323 consequenter
1224 3269 1288 3310 ea
1329 3256 1413 3310 vel
1455 3257 1833 3313 convenienter
1861 3258 1976 3315 fieri
2005 3260 2141 3317 dici-

549 3360 701 3410 mus;
730 3360 829 3402 nec
853 3345 1151 3400 mirandum
1193 3362 1334 3414 esse,
1383 3349 1505 3418 quia
1535 3348 1668 3404 facta
1696 3362 1839 3417 sunt,
1863 3367 1982 3422 qua:
2006 3356 2141 3412 ratio

548 3437 794 3508 exigebat
835 3446 896 3492 ut
942 3437 1150 3493 tierent.
1182 3440 1308 3506 Aut,
1345 3440 1389 3494 si
1420 3440 1696 3506 miramur,
1736 3457 1840 3498 non
1871 3445 2139 3515 inopinata

547 3530 829 3599 stupende,
887 3529 981 3586 sed
1025 3531 1338 3586 excellentia
1388 3531 1649 3588 laudando
1701 3535 1956 3590 miramur
1989 3555 2002 3592 :
2033 3555 2139 3608 quo

546 3635 746 3690 genere
787 3621 1152 3678 admirationis
1197 3623 1451 3677 Centurio
1498 3623 1588 3679 ille
1630 3625 1874 3682 laudatus
1901 3639 2001 3684 eSt.
2030 3629 2137 3687 Nec

546 3713 671 3768 ideo
699 3715 1140 3786 reprehendenda
1171 3725 1251 3771 est
1297 3719 1558 3772 sententia
1586 3735 1687 3789 qua
1718 3719 1916 3776 dictum
1948 3730 2050 3791 est,
2075 3723 2137 3784 Si

544 3807 677 3860 ratio
722 3807 980 3877 quaeritur,
1027 3825 1126 3863 non
1170 3809 1262 3863 erit
1292 3810 1557 3872 mirabile;
1589 3813 1839 3880 quoniam
1885 3825 1966 3869 est
1992 3815 2133 3870 aliud

543 3913 714 3969 genus
737 3898 1122 3966 admirationis,
1146 3902 1306 3955 etiam
1339 3917 1458 3955 cum
1483 3901 1616 3956 ratio
1642 3903 1920 3959 manifesta
1936 3915 2018 3960 est
2041 3907 2136 3962 ad-

542 3991 756 4045 miranti
782 4007 795 4044 :
829 4007 998 4062 neque
1022 3992 1162 4047 enim
1188 4003 1466 4063 propterea
1488 3995 1730 4064 culpatur
1745 4001 2006 4053 sententia
2028 4016 2130 4070 qua

541 4080 738 4137 dictum
765 4091 866 4150 est,
889 4081 1032 4139 Deus
1057 4085 1304 4139 neminem
1327 4094 1483 4139 tentat
1523 4084 1735 4158 (Jacobi
1761 4104 1797 4153 ι,
1826 4089 1927 4162 l5)
1954 4132 1967 4154 ,
2000 4108 2131 4162 quo-

541 4178 680 4231 niam
710 4186 794 4232 est
827 4178 966 4232 aliud
1009 4194 1176 4248 genus
1201 4179 1529 4244 tentationis,
1563 4193 1779 4251 prepter
1804 4183 1944 4252 quod
1985 4194 2129 4240 recte

540 4267 722 4324 itidem
770 4269 967 4322 dictmn
1018 4281 1123 4336 est,
1169 4269 1346 4325 Tentat
1392 4287 1478 4325 vos
1525 4270 1773 4326 Dominus
1808 4273 1944 4329 Deus
1973 4286 2130 4331 vester

541 4358 728 4428 (Deut.
749 4374 868 4424 xm,
900 4361 990 4431 5).

609 4452 662 4506 8.
694 4452 804 4506 Nec
832 4453 1107 4522 quisquam
1139 4453 1408 4508 existimet
1446 4455 1566 4509 ideo
1605 4458 1794 4512 merito
1821 4475 1979 4529 posse
2022 4462 2124 4518 dici

538 4542 812 4611 corporeis
840 4542 1010 4597 oculis
1039 4559 1069 4597 a
1098 4543 1232 4598 Filio
1256 4544 1476 4599 Patrem
1506 4548 1692 4614 videri,
1725 4565 1787 4604 ac
1807 4567 1914 4606 non
1943 4554 2118 4622 potius

535 4633 673 4690 sicut
696 4650 725 4687 a
756 4635 912 4689 Patre
943 4633 1158 4698 Filium,
1207 4637 1327 4704 quia
1356 4637 1430 4690 illi
1455 4638 1544 4708 qui
1571 4638 1672 4694 hoc
1691 4651 1895 4711 putant,
1919 4661 2042 4700 cum
2066 4647 2118 4701 iu

533 4725 800 4782 reddenda
844 4726 1048 4783 ratione
1076 4727 1386 4792 defecerint,
1416 4743 1638 4799 possunt
1684 4743 1738 4788 et
1780 4735 1883 4805 ipsi
1921 4738 2120 4805 dicere,

535 4819 597 4876 Si
615 4821 745 4875 ratio
769 4823 1031 4891 quaeritur,
1059 4839 1159 4876 non
1188 4824 1280 4876 erit
1310 4823 1538 4878 mirabile
1564 4842 1582 4879 :
1610 4826 1711 4882 hoc
1747 4831 1888 4886 enim
1917 4833 2120 4891 dictqu

531 4923 633 4977 est,
653 4930 758 4969 non
784 4915 903 4983 quia
932 4931 1035 4971 non
1052 4925 1135 4971 est
1156 4917 1312 4980 ratio,
1341 4917 1434 4971 sed
1457 4919 1574 4987 quia
1597 4921 1740 4975 latet.
1766 4923 1909 4979 Illius
1935 4936 2113 4983 autem

532 5017 637 5058 non
665 5005 925 5071 miraculi,
953 5008 1045 5062 sed
1074 5009 1292 5072 erroris.
1322 5008 1689 5066 demonstrare
1717 5013 1876 5070 debet
1907 5020 2116 5075 nullam

529 5111 651 5152 esse
679 5096 961 5165 rationem,
987 5100 1227 5170 quisquis
1268 5101 1318 5156 id
1344 5103 1622 5171 epinantes
1647 5104 1894 5164 refellere
1927 5128 2112 5182 aggre-

529 5185 689 5241 ditur.
724 5186 872 5241 Sicut
903 5189 1046 5242 enim
1070 5191 1206 5243 nulla
1240 5192 1374 5245 ratio
1399 5203 1481 5246 est
1509 5210 1613 5264 qua
1649 5195 1740 5251 Dei
1771 5209 1958 5256 natura
1996 5219 2114 5258 mo-

525 5282 712 5348 riatur,
763 5288 858 5336 aut
900 5295 1292 5353 corrumpatur,
1354 5295 1446 5343 aut
1492 5299 1712 5360 peccet;
1745 5301 1798 5347 et
1849 5311 1969 5350 cum
2013 5297 2116 5354 hoc

525 5368 692 5430 Deum
739 5389 845 5430 non
878 5390 1032 5445 posse
1060 5375 1307 5446 dicimus,
1363 5397 1466 5434 non
1507 5384 1826 5452 derogamus
1860 5393 2112 5456 potestati

524 5468 660 5536 ejus,
709 5468 804 5523 sed
857 5471 1211 5525 :eternitatem
1263 5475 1642 5547 veritatemque
1687 5479 2008 5539 laudamus:
2041 5486 2111 5540 ita

522 5573 645 5615 cum
674 5561 899 5618 dicimus
928 5579 1033 5617 non
1064 5579 1220 5634 posse
1261 5565 1428 5621 videri
1457 5571 1626 5625 oculis
1673 5575 1964 5644 corporeis,
2003 5594 2109 5634 non

522 5649 670 5715 latet,
698 5652 791 5707 sed
823 5665 962 5723 patet
983 5657 1120 5710 ratio
1142 5657 1278 5712 bene
1309 5657 1743 5730 iutelligentibus,
1774 5681 1874 5737 qua
1898 5665 2107 5742 perspi-

523 5751 681 5796 cuum
713 5752 790 5796 cst
835 5743 1000 5800 Deum
1024 5762 1215 5818 corpus
1243 5765 1347 5806 non
1372 5763 1512 5821 esse,
1544 5767 1644 5812 nec
1686 5753 1885 5827 aliquid
1913 5775 2105 5835 corpo-

1817 287 1875 344 S.
1915 285 2282 345 AUGUSTlNl
2321 288 2623 348 EPISCOPI
3249 331 3261 336 -
3617 323 3622 327 -
3726 313 3808 376 ⁷08

2295 405 2401 460 reis
2425 407 2591 462 oculis
2632 407 2777 464 cerni
2825 424 3003 481 posse,
3035 412 3137 469 nisi
3167 415 3303 486 quod
3340 416 3551 492 alicujus
3588 425 3804 492 intervalli

2292 495 2694 568 interpositione
2709 512 2965 558 cernatur
2984 521 2997 558 :
3022 503 3074 559 id
3093 515 3268 562 autem
3289 512 3490 567 nonnisi
3504 529 3676 586 corpus
3690 537 3801 593 esse,

2290 602 2512 660 eamque
2540 592 2887 648 substantiam
2923 611 3043 666 quzc
3071 598 3243 652 minor
3269 601 3336 654 sit
3360 602 3409 656 in
3427 615 3573 672 parte
3612 625 3746 680 quam
3767 592 3806 672 in

2292 690 2434 748 toto;
2466 684 2604 754 quod
2639 684 2704 740 dc
2734 686 2840 742 Deo
2870 689 3092 746 credere
3121 690 3268 746 nefas
3293 708 3408 749 esse
3432 694 3581 753 debet
3599 701 3738 759 etiam
3756 706 3807 762 iis

2286 773 2374 846 qui
2405 774 2505 832 hoc
2537 778 2828 850 intelligere
2853 782 3087 837 nondum
3119 783 3319 839 valent.

2358 867 2410 922 9.
2437 868 2589 924 Latet
2613 871 2747 925 ratio
2777 871 3107 930 diversarum
3135 879 3590 936 commutationum
3614 899 3627 949 ;
3652 893 3698 940 et
3713 885 3809 946 hinc

2284 965 2367 1012 est
2395 960 2630 1015 omnium
2659 961 2944 1018 visibilium
2995 965 3126 1020 silva
3174 968 3538 1026 miraculorum
3567 991 3580 1027 :
3605 981 3808 1048 numquid

2283 1057 2458 1105 tamen
2490 1051 2606 1106 ideo
2662 1053 2804 1108 latet-
2824 1070 2944 1114 esse
2987 1071 3233 1128 corpora,
3283 1057 3478 1116 habere
3517 1078 3607 1119 nos
3631 1079 3804 1138 corpus,

2281 1142 2481 1196 nullum
2535 1159 2653 1200 esse
2699 1146 3244 1218 quantulumcumque
3289 1152 3660 1223 corpusculum,
3699 1161 3807 1228 quod

2282 1247 2384 1284 non
2419 1251 2511 1302 pro
2561 1250 2660 1288 suo
2710 1236 2870 1292 modo
2901 1237 3000 1292 loci
3046 1251 3270 1309 occupet
3300 1243 3520 1310 spatium
3549 1261 3562 1309 ;
3591 1262 3678 1300 uec
3698 1250 3739 1302 in
3759 1266 3810 1305 eo

2277 1325 2417 1394 quod
2454 1337 2678 1396 occupat
2720 1328 2915 1400 ubique
2945 1330 3013 1384 sit
3038 1341 3226 1397 totum,
3257 1332 3350 1387 sed
3376 1334 3542 1389 minus
3565 1335 3627 1390 sit
3650 1339 3691 1392 in
3713 1355 3806 1407 par-

2278 1423 2328 1468 te
2351 1431 2506 1484 quam
2531 1418 2580 1471 in
2610 1420 2760 1473 toto?
2788 1419 2911 1476 llaec
2943 1423 3191 1491 quoniam
3223 1439 3326 1477 non
3364 1425 3540 1490 latent,
3566 1426 3641 1481 his
3664 1439 3807 1486 conlc-

2275 1507 2444 1561 xenda
2467 1519 2583 1564 sunt
2612 1514 3010 1583 consequentia,
3033 1515 3173 1586 quod
3205 1533 3344 1572 nunc
3363 1517 3528 1573 facere
3551 1520 3691 1576 nimis
3713 1524 3805 1579 lon-

2275 1614 2398 1668 gmu
2427 1612 2528 1669 cst,
2558 1604 2748 1673 quibus
2779 1607 3092 1662 ostendatur
3136 1625 3239 1663 non
3271 1613 3522 1666 rationem
3551 1614 3714 1682 latere,
3734 1620 3805 1672 sed

2271 1693 2532 1768 rationem
2561 1697 2778 1751 omnino
2827 1697 3026 1752 nullam
3067 1715 3186 1756 esse
3221 1717 3323 1771 qua
3363 1704 3504 1758 credi
3531 1704 3716 1773 debeat,
3741 1711 3807 1766 vel

2206 1792 2209 1795 ·
2269 1782 2437 1849 possit
2489 1783 2737 1856 intelligi,
2769 1787 2934 1843 Deum
2983 1790 3070 1860 qui
3120 1791 3314 1862 ubique
3342 1801 3478 1848 totus
3502 1806 3598 1863 est,
3629 1814 3713 1853 nec
3733 1814 3807 1870 per

2267 1877 2436 1946 spatia
2460 1878 2697 1934 locorum
2723 1896 2979 1953 corporea
3007 1885 3146 1940 mole
3177 1886 3503 1953 diffunditur,
3527 1891 3576 1946 in
3601 1908 3689 1962 qua
3725 1911 3800 1950 ne.

2265 1980 2416 2022 cesse
2467 1967 2658 2026 habeat
2705 1974 2941 2042 partibus
2982 1977 3272 2046 majoribus
3303 1980 3681 2055 minoribusque
3705 2002 3805 2042 con-

2264 2068 2427 2128 stare,
2451 2064 2596 2117 cerni
2625 2067 2901 2136 corporeis
2929 2069 3098 2124 oculis
3146 2086 3325 2140 posse.
3361 2071 3511 2128 Unde
3533 2076 3667 2144 plura
3687 2077 3805 2134 dice-

2268 2169 2384 2208 rem
2425 2155 2469 2209 si
2504 2156 2602 2211 boc
2624 2155 2675 2212 iu
2705 2159 2932 2228 epistola
2960 2161 3056 2215 ista
3084 2165 3461 2234 suscepissem,
3492 2167 3537 2220 in
3561 2167 3694 2238 cujus
3713 2170 3802 2225 lon-

2261 2245 2550 2315 gitudinem
2581 2264 2685 2302 non
2713 2251 2947 2306 sentiens
2995 2269 3310 2323 progressus
3333 2272 3468 2322 sum,
3503 2274 3627 2330 pene
3645 2259 3803 2318 oblitus

2261 2339 2948 2410 occupationummearum,
2983 2344 3048 2397 ita
3084 2355 3138 2398 ut
3177 2345 3422 2414 lortasse,
3449 2350 3709 2419 quodnon
3733 2368 3798 2406 ar-

2261 2423 2514 2493 bitrabar,
2549 2430 2824 2486 intentioni
2857 2442 2958 2488 tuae
2989 2437 3117 2489 satis
3145 2435 3392 2506 fecerim,
3420 2442 3507 2510 qui
3537 2452 3674 2512 potes
3696 2461 3800 2514 pau-

2258 2518 2334 2571 cis
2354 2520 2657 2576 admouitus
2686 2523 2833 2592 plura
2855 2525 3087 2596 cogitare
3114 2545 3232 2598 quae
3260 2542 3593 2601 competunt;
3621 2535 3701 2589 sed
3719 2551 3801 2591 non

2261 2613 2423 2666 etiam
2455 2631 2638 2669 eorum
2691 2617 2742 2670 in
2790 2635 3016 2689 quorum
3053 2637 3241 2676 manus
3283 2641 3387 2678 non
3416 2624 3631 2681 inaniter
3654 2628 3800 2684 venire

2257 2704 2355 2758 ista
2394 2717 2636 2776 possunt,
2689 2710 2731 2764 si
2785 2709 3090 2782 diligentius
3116 2723 3169 2769 et
3199 2717 3468 2786 copiosius
3495 2718 3796 2776 disserantur.

2255 2796 2519 2853 Laborant
2566 2812 2741 2856 autem
2770 2803 3013 2859 heinines
3045 2808 3096 2860 in
3120 2807 3397 2870 discendo.
3436 2821 3488 2866 et
3526 2812 3685 2867 brevia
3715 2828 3795 2868 nou

2255 2892 2429 2946 valent
2460 2893 2770 2964 intelligere,
2795 2897 2997 2966 prolixa
3021 2915 3126 2953 non
3153 2912 3336 2958 amant
3357 2903 3549 2976 legere.
3571 2905 3796 2961 Labomnt

2252 2982 2435 3038 itidem
2465 2986 2515 3039 in
2535 2986 2795 3056 docendo,
2821 2991 2908 3060 qui
2939 3001 2992 3046 et
3017 3008 3185 3063 pauca
3210 2996 3395 3062 tardis,
3415 3006 3468 3052 et
3491 2998 3643 3054 multa
3669 2999 3797 3070 pigris

2250 3073 2445 3130 frustra
2479 3078 2743 3148 ingerunt.
2775 3081 2920 3137 Mitte
2948 3093 3001 3138 et
3052 3085 3192 3139 illius
3242 3088 3481 3162 epistola
3507 3090 3787 3162 exemplum,

2249 3182 2367 3239 qua:
2397 3170 2534 3240 apud
2567 3187 2664 3226 nos
2697 3174 2952 3229 aberrans
2982 3192 3088 3230 non
3116 3158 3555 3247 potuit'inveniri.

2672 3287 2998 3347 EPISTOLA
3041 3293 3247 3351 CLXIII
3270 3300 3287 3318 ‘
3318 3296 3417 3370 (a).

2353 3393 2576 3451 Evodius
2606 3399 2888 3470 Augustino
2914 3408 3149 3476 proponit
3179 3410 3381 3481 aliquot
3407 3415 3706 3486 questions.

2459 3508 2687 3565 Eventus
2715 3512 3012 3585 episcopus,
3046 3517 3357 3577 Aecus'mto
3387 3525 3644 3596 episeopo.

2318 3621 2522 3680 Pridem
2547 3629 2843 3696 quaestiones
2871 3631 2985 3685 misi
3011 3632 3078 3684 ad
3099 3633 3435 3692 Sanctitatem
3461 3647 3590 3694 tuam
3614 3657 3631 3695 :
3659 3657 3783 3694 unum

2241 3714 2304 3771 de
2327 3719 2520 3774 ratione
2545 3731 2591 3774 et
2620 3720 2751 3789 Deo,
2781 3733 2900 3794 puto
2931 3741 3020 3794 per
3042 3724 3286 3782 Jobinum
3317 3731 3405 3800 qui
3443 3732 3586 3786 servit
3611 3732 3777 3785 ancillis

2238 3805 2338 3863 Dei
2355 3809 2371 3840 ¹
2394 3828 2415 3875 ;
2438 3812 2650 3866 alteram
2675 3812 2737 3866 de
2759 3830 2969 3886 corpore
3006 3814 3314 3886 Saluatoris,
3349 3821 3413 3874 de.
3433 3840 3527 3893 quo
3556 3824 3789 3876 testinuttur

2236 3903 2372 3972 quod
2394 3903 2724 3958 substantiam
2745 3904 2842 3960 Dei
2863 3907 3044 3961 videat.
3077 3907 3300 3964 Tertiam
3323 3911 3436 3966 dico
3463 3931 3586 3984 nunc
3607 3932 3624 3968 :
3649 3915 3786 3966 anima

2235 3996 2499 4050 rationalis
2526 4015 2678 4069 quam
2701 3999 2941 4055 Salvator
2969 4018 3082 4055 cum
3104 4019 3319 4074 corpore
3344 4008 3628 4080 assumpsit,
3651 4017 3785 4060 utrum

2234 4090 2288 4142 in
2321 4108 2421 4143 una
2442 4091 2503 4145 de
2531 4093 2847 4162 Opinionibus
2877 4104 2949 4148 est
2988 4095 3089 4150 illis
3117 4113 3231 4168 qua:
3263 4111 3607 4170 proponuntur
3625 4117 3721 4154 cum
3737 4100 3786 4150 de

2233 4181 2417 4236 anima:
2449 4184 2655 4254 origine
2667 4185 2929 4255 quaeritur,
2950 4187 2992 4242 si
3007 4205 3106 4257 qua
3132 4189 3200 4242 ibi
3221 4202 3383 4262 potest
3404 4193 3598 4248 veritate
3613 4191 3783 4264 fulciri;

2231 4288 2296 4325 an
2317 4289 2606 4343 quanquam
2652 4275 2915 4331 rationalis
2941 4281 3024 4343 sit,
3066 4296 3165 4333 non
3197 4290 3365 4337 tamen
3394 4300 3458 4338 ex
3482 4285 3541 4339 iis
3567 4283 3782 4360 speciebus

2230 4381 2341 4434 qua:
2367 4366 2428 4420 de
2452 4366 2749 4421 animalium
2779 4370 2949 4423 anima
2977 4370 3233 4440 dicuntur,
3280 4375 3372 4429 sed
3398 4377 3452 4430 in
3471 4375 3570 4430 alia
3589 4374 3778 4430 habetur.

2233 4456 2483 4522 Quartam
2529 4459 2782 4531 interrogo
2809 4477 2826 4513 :
2849 4463 2934 4531 qui
2964 4472 3080 4516 sunt
3108 4465 3183 4518 illi
3208 4467 3442 4536 spiritus,
3475 4467 3535 4521 de
3559 4464 3775 4540 quibusin

2230 4547 2460 4621 Epistula
2497 4567 2589 4604 sua
2617 4552 2757 4622 ponit
2793 4549 2976 4608 Petrus
3005 4557 3347 4612 testimonium
3377 4559 3438 4613 de
3461 4558 3683 4626 Domino,
3716 4555 3778 4609 di-

2227 4654 2362 4704 cens,
2392 4657 2410 4690 ι
2445 4638 2785 4711 Mortiﬁcatus
2810 4659 2980 4711 carne,
3014 4645 3289 4716 viviﬁcatus
3310 4649 3491 4719 spiritu
3519 4667 3536 4705 :
3564 4650 3611 4703 in
3637 4665 3720 4720 quo
3737 4655 3774 4699 et

2226 4732 2296 4786 eis
2317 4733 2398 4804 qui
2420 4733 2470 4786 in
2495 4751 2691 4788 carcere
2710 4746 2852 4790 erant
2868 4737 3124 4808 spiritibus
3149 4742 3348 4796 veniens
3375 4743 3653 4818 praedicavit
3677 4761 3693 4794 ι
3727 4740 3744 4812 (
3758 4739 3773 4796 l

2226 4821 2368 4878 Petr.
2405 4842 2478 4894 ttt,
2515 4827 2603 4894 l8,
2633 4828 2700 4884 l9
2719 4828 2739 4903 )
2758 4872 2771 4896 ,
2800 4841 2845 4885 et
2870 4841 3080 4899 uetera;
3107 4834 3199 4887 hac
3228 4835 3453 4893 inserens
3490 4837 3679 4909 quodin
3703 4837 3772 4888 in-

2226 4918 2368 4988 ferno
2388 4919 2611 4988 fuerunt,
2642 4931 2688 4976 et
2711 4923 3015 4980 descendens
3043 4925 3270 4983 Christus
3301 4930 3533 4986 omnibus
3552 4928 3768 5001 evangeli-

2221 5009 2372 5074 zavit,
2406 5027 2670 5081 omnesque
2709 5029 2741 5065 a
2769 5015 2981 5071 tenebris
3009 5026 3052 5069 et
3083 5019 3244 5088 pmnis
3266 5036 3355 5090 per
3377 5022 3588 5092 gratiam
3609 5020 3764 5074 libera-

2223 5101 2308 5166 uit,
2336 5113 2387 5154 ut
2417 5119 2446 5155 a
2492 5113 2714 5175 tempore
2756 5109 3132 5166 resurrectionis
3175 5110 3407 5182 Domini,
3429 5114 3669 5188 judicium
3695 5128 3766 5166 e1-

2221 5204 2470 5264 spectetur
2495 5199 2762 5254 exinanitis
2787 5200 2984 5271 inferis.
3013 5201 3148 5270 Quid
3169 5220 3286 5278 ergo
3323 5206 3376 5260 in
3398 5205 3493 5261 liae
3517 5223 3568 5261 re
3588 5202 3762 5262 Sancti-

2222 5286 2313 5349 ιιιιὶ
2333 5295 2431 5341 tua:
2461 5289 2707 5358 videatur,
2737 5293 2885 5365 cupio
2913 5311 3082 5353 nosse.

2282 5465 2300 5497 ι
2338 5467 2483 5516 \‘atic.
2638 5476 2807 5520 (ment
2824 5471 2901 5521 his
2921 5473 3104 5536 verbis,
3127 5487 3212 5540 qus
3234 5473 3376 5528 servit
3391 5473 3572 5528 ancillis
3590 5471 3680 5524 Dei.

2215 5549 2302 5660 Et:
2317 5551 2596 5664 [ﬁscong
2617 5552 2676 5602 ad
2699 5567 2783 5619 gg.
2808 5568 2852 5606 r.
2875 5557 2952 5607 sb.
2971 5556 3096 5610 duos
3116 5564 3153 5610 ι.
3187 5559 3308 5612 duos
3328 5572 3378 5613 ν.
3411 5566 3464 5612 et
3483 5559 3539 5610 ad
3561 5550 3754 5608 Anum!-

2277 5717 2348 5790 (ᾳ)
2383 5715 2510 5790 altas
2527 5719 2744 5784 98:qute
2764 5727 2930 5775 autem
2954 5723 3043 5776 l63
3055 5732 3176 5789 erat,
3201 5739 3325 5778 nunc
3345 5725 3421 5778 44.
3445 5727 3608 5790 amipli
3633 5715 3754 5788 μυιυ

2216 5785 2326 5843 post
2346 5781 2670 5842 superiorem}
