4004 6386
108 880 116 958 l

167 309 255 383 Μ
554 409 882 469 EPISTULA
915 406 1153 465 curva
1182 405 1282 483 (a).

170 500 442 605 “gratiast:
485 525 696 592 Evodio,
748 521 1056 596 respondens
1099 523 1168 577 ad
1211 521 1339 579 duas
1389 524 1707 594 quastiones,

222 639 413 699 quorum
438 619 594 677 altera
621 628 692 674 est
721 618 783 675 de
807 617 915 673 loco
936 617 1145 671 obscuro
1171 616 1350 688 primm
1374 613 1536 684 Petri,
1568 614 1713 671 tertio

176 716 177 719 “
223 717 381 788 capite,
408 710 566 769 altera
585 711 647 765 de
672 712 843 766 anima
863 708 1069 765 Christi.

223 827 421 886 Domino
446 822 775 885 beatissimo,
807 820 952 878 fratri
978 828 1033 875 et
1060 818 1377 890 coepiscopo
1403 817 1633 885 Evonto,

426 918 783 980 Accusa-mus,
823 913 877 971 in
908 911 1135 969 Domino
1160 910 1406 965 salutem.

221 1032 350 1089 CAP.
371 1027 751 1086 PRIMUM—1
765 1066 778 1079 .
797 1025 1031 1094 Quaestio
1046 1039 1206 1095 quam
1224 1022 1353 1077 mihi
1386 1022 1706 1093 proposuisti

169 1141 219 1185 ex
233 1122 437 1195 Epistula
455 1122 679 1192 apostoli
705 1120 865 1186 Petri,
886 1119 1020 1174 solet
1040 1133 1157 1182 nos,
1178 1126 1234 1172 ut
1249 1126 1301 1172 te
1321 1117 1486 1172 latere
1503 1132 1606 1170 non
1625 1131 1713 1169 ar-

169 1220 319 1284 bitror,
360 1214 825 1271 vehementissime
865 1225 1224 1273 commovere,
1272 1224 1378 1280 quo
1424 1206 1583 1263 modo
1621 1207 1711 1261 illa

169 1312 295 1367 verba
321 1306 619 1378 accipienda
662 1307 768 1358 sint
810 1312 1059 1373 tanquam
1098 1301 1165 1357 de
1193 1301 1375 1355 inferis
1400 1300 1559 1353 dicta.
1608 1298 1713 1353 Re-

171 1403 275 1473 plico
300 1412 417 1470 ergo
455 1398 546 1452 tibi
575 1395 818 1451 eamdem
848 1395 1216 1464 quaestionem,
1248 1400 1306 1445 ut
1338 1391 1449 1445 sive
1477 1391 1589 1460 ipse
1616 1402 1712 1459 po-

169 1494 316 1557 tueris,
353 1492 459 1545 sive
494 1491 727 1559 aliquem
763 1489 853 1559 qui
886 1489 1051 1557 possit
1091 1485 1373 1548 inveneris,
1408 1483 1619 1538 auferas
1644 1482 1712 1537 de

169 1585 233 1641 illa
266 1593 406 1652 atque
444 1582 600 1633 liuius
630 1577 1014 1634 dubitationem
1059 1592 1251 1630 meam.
1293 1574 1446 1641 Quod
1484 1575 1527 1628 si
1570 1575 1713 1643 prior

166 1684 369 1748 peluem,
396 1688 518 1727 cum
549 1671 599 1726 id
625 1671 903 1725 donaverit
933 1669 1207 1733 Dominus,
1234 1667 1430 1737 tibique
1453 1665 1713 1735 impartiri

166 1768 360 1831 valuero,
383 1780 487 1818 non
514 1763 769 1817 fraudabo
793 1762 1133 1816 Dilectionem
1160 1768 1301 1814 tuam
1332 1776 1343 1810 :
1373 1773 1514 1812 nunc
1536 1767 1713 1812 autem

165 1876 257 1932 quae
283 1875 359 1913 me
383 1858 451 1912 ibi
501 1869 748 1911 moveant
782 1856 1058 1921 lntimabo,
1097 1864 1154 1909 ut
1178 1854 1471 1908 secundum
1503 1852 1618 1907 haec
1647 1852 1714 1908 do

164 1951 244 2006 illis
267 1948 428 2003 verbis
457 1947 785 2016 apostolicis,
807 1947 888 2000 vel
913 1946 1027 2016 ipse
1049 1946 1271 2017 cogites,
1299 1946 1383 2001 vel
1409 1960 1566 2017 quem
1594 1945 1712 1999 ido-

164 2056 290 2100 neum
315 2042 577 2110 repereris
595 2041 861 2096 consulas.

215 2136 261 2189 2.
294 2135 419 2190 Cum
476 2134 701 2189 dixisset
761 2132 1031 2188 Christum
1081 2131 1454 2188 mortificatum
1509 2147 1710 2199 carne,

163 2226 445 2280 viviﬁcatum
492 2226 708 2295 spiritu;
748 2226 1000 2278 continuo
1040 2224 1284 2295 subjecit,
1321 2222 1386 2277 In
1429 2240 1527 2293 quo
1562 2236 1608 2278 et
1651 2227 1713 2279 iis

160 2320 227 2390 qui
242 2320 286 2374 in
312 2335 511 2373 carcere
538 2329 678 2372 erant
701 2316 945 2381 conclusi,
970 2318 1226 2387 spiritibus
1246 2318 1443 2371 ueniens
1468 2318 1713 2389 prwdica-

161 2412 228 2478 sit,
248 2413 323 2480 qui
346 2411 599 2465 increduli
623 2415 826 2483 fuerunt
852 2411 1145 2479 aliquando,
1173 2409 1376 2479 quando
1397 2410 1714 2480 exspectabat

162 2501 238 2558 Dei
259 2505 493 2575 patientia
530 2504 585 2556 in
611 2503 784 2557 diebus
816 2501 948 2570 Noe,
986 2518 1101 2555 cum
1128 2503 1459 2574 fabricaretur
1487 2520 1626 2566 arca,
1659 2504 1713 2557 in

160 2611 238 2667 qua
255 2598 414 2668 pauci,
434 2596 489 2651 id
502 2605 575 2650 est
590 2604 699 2650 octo
719 2597 902 2679 animae
919 2596 1071 2650 salute
1086 2597 1236 2666 facta
1254 2606 1368 2651 sunt
1386 2615 1475 2667 per
1490 2613 1673 2666 aquam
1695 2613 1713 2651 :

160 2697 316 2754 deinde
338 2698 611 2774 subjunxit
642 2705 696 2752 et
725 2697 817 2761 ait,
850 2696 997 2761 Quod
1024 2706 1071 2750 et
1095 2712 1180 2749 vos
1209 2712 1341 2749 nunc
1366 2697 1518 2748 simili
1546 2695 1713 2766 forma

160 2786 386 2863 Baptisma
413 2793 578 2847 salvos
598 2791 714 2861 fecit
740 2789 781 2861 (1
801 2787 945 2844 Petr.
970 2804 1047 2853 nt,
1081 2787 1287 2860 1821).
1316 2788 1486 2842 Movet
1512 2789 1707 2857 itaque,

160 2882 197 2938 sl
218 2883 333 2954 apud
358 2882 561 2938 inferos
588 2883 861 2947 Dominus,
887 2879 1096 2951 quando
1118 2888 1357 2933 mortuus
1381 2888 1481 2944 est,
1517 2879 1568 2931 in
1595 2894 1711 2931 car-

160 2988 259 3030 cere
291 2974 556 3030 conclusis
597 2973 867 3044 spiritibus
911 2972 1233 3042 praedicavit,
1274 2969 1398 3041 quid
1450 2968 1571 3024 boni
1614 2969 1710 3022 soli

161 3069 439 3132 meruerint,
470 3074 527 3120 ut
556 3067 807 3119 Dominus
835 3064 900 3118 ad
942 3064 1146 3118 inferna
1175 3062 1582 3127 descenderet‘,
1621 3060 1711 3130 qui

159 3162 260 3213 tunc
290 3158 526 3213 inﬁdeles
555 3155 769 3212 fuerunt
796 3170 915 3211 cum
953 3155 1300 3210 fabricarctur
1324 3170 1468 3209 arca.
1503 3155 1708 3209 Etenim

160 3257 255 3319 post
280 3260 513 3323 tempOra
537 3248 669 3313 Nae,
698 3249 859 3303 ntulta
891 3249 1050 3303 millia
1080 3256 1158 3303 tot
1184 3249 1420 3318 gentium
1453 3262 1618 3316 usque
1643 3244 1710 3301 ad

160 3344 425 3411 passionem
452 3341 650 3397 Christi
673 3354 878 3397 mortua
909 3354 1050 3405 sum,
1074 3355 1190 3412 quae
1214 3340 1380 3411 potuit
1412 3342 1549 3412 apud
1580 3342 1710 3397 infe-

161 3436 475 3492 rosinvcnire
503 3455 516 3489 :
546 3451 649 3490 non
668 3437 849 3506 utique
874 3451 1057 3489 eorum
1080 3435 1167 3505 qui
1197 3435 1246 3488 in
1280 3436 1441 3489 Deum
1470 3434 1711 3489 credide-

161 3537 270 3593 rant,
288 3530 422 3585 sicut
450 3530 729 3599 Prophetze
752 3538 807 3584 et
833 3527 1152 3583 Patriarcha'
1172 3526 1238 3582 de
1267 3526 1429 3597 stirpe
1459 3526 1705 3593 Abrahae,

162 3617 268 3673 sicut
290 3621 399 3690 ipse
421 3631 567 3675 retro
591 3620 704 3676 Noe
729 3632 781 3675 et
814 3630 917 3674 tota
939 3619 1130 3675 domus
1153 3619 1288 3689 ejus,
1312 3636 1429 3690 quae
1455 3620 1598 3674 salva
1630 3619 1710 3674 fa-

161 3716 226 3764 cta
247 3722 319 3765 est
343 3728 437 3784 per
465 3726 676 3782 aquam,
701 3721 922 3782 excepto
946 3711 1184 3767 fortassis
1209 3729 1315 3767 uno
1342 3713 1465 3777 filio,
1502 3713 1589 3783 qui
1619 3727 1710 3782 po-

161 3812 247 3857 stea
286 3806 595 3877 reprobatus
637 3815 749 3869 est;
792 3805 927 3859 sicut
974 3804 1132 3858 etiam
1174 3813 1368 3875 praeter
1403 3804 1705 3874 progeniem

161 3891 312 3963 Iacob,
352 3898 438 3953 alii
487 3900 699 3952 fuerunt
742 3898 1023 3952 credentes
1069 3896 1118 3949 in
1167 3898 1353 3961 Deum,
1407 3896 1541 3949 sicut
1587 3895 1707 3959 Job,

162 3986 270 4043 sicut
301 3991 484 4044 civitas
510 3988 717 4057 Ninive,
749 3999 802 4043 et
828 3989 870 4043 si
898 3989 986 4058 qui
1022 3987 1108 4043 alii
1150 3996 1294 4054 sunt,
1324 3989 1411 4058 qui
1440 3988 1517 4041 vel
1550 4002 1711 4056 appa-

161 4091 254 4135 rem
281 4084 328 4137 in
358 4082 669 4154 Scripturis,
699 4080 784 4136 vel
812 4081 861 4135 in
889 4096 1086 4151 genere
1115 4079 1348 4133 lnnnano
1374 4079 1539 4133 latent
1569 4097 1580 4132 :
1616 4077 1708 4132 sed

162 4184 316 4227 eorum
352 4176 471 4229 dico
500 4175 662 4227 multa
702 4172 864 4227 millia
898 4172 1190 4237 ltotninum,
1236 4172 1322 4241 qui
1366 4172 1527 4223 Deum
1562 4171 1712 4239 igno-

163 4275 332 4331 rantes,
368 4277 419 4321 et
451 4264 752 4320 daemonum
779 4265 859 4319 vel
898 4264 1303 4318 simulacrorum
1333 4261 1497 4316 cultui
1526 4260 1709 4326 dediti,

164 4369 189 4409 δ
209 4360 512 4429 temporibus
538 4358 648 4413 Noe
668 4373 835 4428 usque
862 4356 926 4411 ad
954 4358 1252 4427 passionem
1274 4355 1489 4418 Christi,
1521 4370 1586 4409 ex
1617 4354 1715 4407 hac

164 4447 249 4503 vita
267 4450 600 4521 etnigmrunt,
624 4465 756 4520 quos
775 4449 913 4520 apud
935 4450 1130 4504 inferos
1152 4447 1395 4504 Christus
1418 4449 1712 4513 inveniens,

166 4546 394 4610 quomodo
424 4544 527 4598 illis
557 4558 661 4597 non
688 4542 1010 4613 praedicavit,
1038 4541 1132 4595 sed
1160 4541 1263 4595 illis
1287 4550 1510 4603 tantmn,
1544 4540 1632 4609 qui
1662 4538 1712 4593 in

167 4628 319 4689 diebus
346 4636 453 4691 Noe
484 4636 738 4691 increduli
768 4634 1004 4695 fuerunt.
1032 4649 1151 4689 cum
1181 4634 1529 4690 fabricaretur
1553 4634 1714 4688 arca?

167 4723 253 4781 Aut
273 4730 311 4782 si
332 4731 576 4785 omnibus
603 4728 929 4798 pra-dicavit,
950 4744 1044 4783 cur
1067 4728 1185 4781 illos
1213 4729 1356 4782 solos
1378 4728 1563 4782 Petrus
1580 4743 1719 4794 com,

167 4823 463 4888 memoravit,
500 4822 853 4891 praetermissa
889 4819 1228 4875 multitudine
1266 4826 1373 4874 tam
1414 4819 1718 4875 innumera-

168 4904 242 4966 bili
262 4913 603 4991 caeterornm?

226 5003 427 5065 CAPUT
452 5007 516 5061 ll.
538 5007 665 5062 —5.
707 5006 771 5062 Et
803 5007 1082 5062 Dominum
1107 5004 1322 5077 quidem
1353 5021 1513 5060 carne
1535 5005 1718 5059 morti-

224 5156 580 5223 lveteres
597 5158 676 5210 hic
695 5159 1100 5221 intexuntJocum
1114 5172 1261 5223 quem
1284 5159 1407 5223 infra
1431 5176 1480 5211 η.
1498 5164 1526 5211 7
1546 5162 1721 5223 legere

173 5220 251 5288 επ,
278 5224 327 5288 ξε
357 5220 428 5288 de
448 5219 553 5273 istis
586 5228 769 5272 unitum
802 5219 1040 5288 duobus...
1074 5219 1389 5288 teitimqnium
1426 5219 1718 5288 perhsbétur.

173 5277 431 5347 Egnedictini
454 5290 639 5343 Patres,
657 5284 1016 5332 Lavaniensium
1059 5284 1337 5346 exeundum
1373 5277 1547 5347 sc'cuti,
1570 5294 1722 5335 totum

174 5335 272 5411 illud
306 5335 644 5408 esploserunt,
687 5347 823 5408 quasi
864 5335 1221 5407 repetitionem-
1259 5335 1546 5411 neglectim'
1575 5348 1723 5397 intro-

226 5483 243 5500 '
271 5484 513 5556 amendato
541 5486 998 5556 subsidiqcodicum
1042 5504 1089 5556 ς.
1120 5491 1212 5556 bg.
1246 5488 1313 5542 bl.
1340 5489 1391 5542 if.
1426 5508 1476 5556 ε.
1502 5507 1585 5555 gv.
1603 5493 1641 5556 j.
1668 5509 1717 5547 η.

176 5550 302 5654 ωε.
338 5548 408 5600 vd.
432 5551 636 5601 duorum
670 5564 713 5600 a.
739 5550 771 5601 2
794 5555 875 5599 lrn.
901 5552 930 5599 2
952 5554 1026 5601 sb.
1050 5550 1098 5601 2.
1124 5548 1218 5603 ῐῗ4
1241 5567 1287 5603 v.
1316 5562 1368 5604 et
1392 5548 1624 5605 11ιῖιῶΜῖ
1645 5562 1716 5604 Er.

226 5684 433 5763 glebas
452 5694 514 5744 99
538 5709 550 5744 :
576 5707 690 5758 quin
733 5704 896 5746 autem
921 5696 1011 5747 184
1034 5707 1158 5758 erat,
1183 5708 1312 5750 nunc
1331 5697 1409 5751 87.
1435 5701 1616 5763 Saipta
1638 5715 1721 5754 eo-

176 5748 270 5799 sum
288 5754 515 5818 tempore.

1330 289 1811 376 EPISTOLARUM
1846 290 2121 351 caussas
2158 291 2246 349 Ill.

3300 301 3408 361 710

1818 402 2030 459 ﬂcatum
2078 406 2290 461 venisse
2335 406 2390 461 in
2435 407 2721 477 infernum,
2777 410 2906 466 satis
2943 421 3169 469 constat.
3215 413 3399 487 Neque

1817 498 1959 552 enim
1992 497 2284 552 contradici
2318 505 2493 567 potest
2520 501 2599 555 vel
2622 500 2914 571 prophetiae
2930 518 3047 573 quae
3076 502 3223 571 dixit,
3257 506 3400 572 Quo-

1817 590 1955 643 niam
1984 606 2085 643 non
2109 590 2418 662 derelinques
2459 594 2681 646 animam
2718 611 2875 648 meam
2904 594 2957 649 in
2991 596 3220 667 inferno;
3258 598 3401 668 quod

1818 696 1887 737 ne
1915 683 2070 737 aliter
2094 684 2371 754 quisquam
2409 700 2596 753 sapere
2637 685 2876 753 auderet,
2920 687 2972 740 in
3002 686 3222 742 Actibus
3252 690 3400 760 Apo-

1817 775 2095 842 stolorum,
2130 775 2269 831 idem
2300 777 2486 832 Petrus
2507 778 2725 848 exponit
2754 795 2767 833 :
2797 779 2880 833 vel
2906 779 3142 849 ejusdem
3175 782 3317 838 Petri
3348 784 3404 839 il-

1820 865 1885 920 lis
1906 865 2104 934 verbis,
2135 867 2322 937 quibus
2334 884 2454 923 eum
2477 870 2667 925 asserit
2686 871 2888 925 solvisse
2905 873 3091 939 inferni
3110 873 3326 941 dolores,
3348 878 3405 932 in

1817 958 1996 1027 quibus
2013 960 2318 1029 impossibile
2333 970 2437 1015 erat
2452 978 2564 1015 eum
2578 963 2733 1017 teneri
2750 962 2916 1035 (Psal.
2935 979 3024 1030 xv,
3050 965 3135 1031 10,
3152 976 3197 1020 et
3211 968 3321 1022 Act.
3338 985 3399 1037 tt,

1819 1048 1885 1105 24
1898 1093 1911 1117 ,
1924 1050 2016 1122 27)
2028 1092 2040 1105 .
2060 1051 2185 1119 Quis
2198 1068 2325 1123 ergo
2343 1054 2439 1107 nisi
2458 1053 2685 1109 infidelis
2702 1071 2831 1125 nega
2841 1057 2974 1110 verit
2991 1056 3151 1112 fuisse
3166 1060 3304 1129 apud
3324 1061 3405 1116 in-

1818 1143 1960 1199 feros
1971 1144 2238 1200 Christum
2252 1146 2436 1216 ?Quod
2450 1149 2493 1201 si
2508 1158 2682 1203 movet
2693 1149 3136 1219 quemadmodum
3149 1153 3406 1222 accipien-

1817 1233 1943 1290 dum
1981 1236 2049 1290 sit
2078 1236 2266 1292 inferni
2308 1238 2374 1292 ab
2405 1238 2494 1292 illo
2534 1239 2735 1294 solutos
2770 1240 2979 1296 dolores
3020 1242 3215 1314 (neque
3248 1246 3389 1300 enim

1817 1338 2051 1397 ceperat
2072 1328 2123 1382 in
2150 1328 2229 1383 eis
2255 1344 2374 1385 esse
2401 1341 2647 1401 tanquam
2669 1332 2721 1385 in
2743 1332 2983 1398 vinculis,
3013 1341 3066 1387 et
3086 1335 3161 1389 sic
3183 1350 3277 1390 eos
3302 1336 3404 1390 sol-

1817 1419 1892 1473 vit
1918 1428 2169 1489 tanquam
2201 1420 2246 1473 si
2279 1432 2493 1475 catenas
2522 1423 2766 1477 solvisset
2791 1425 2980 1493 quibus
3012 1425 3185 1481 fuerat
3213 1429 3401 1499 alliga-

1820 1509 1957 1579 tus);
1998 1509 2151 1565 facile
2186 1520 2268 1566 est
2294 1510 2589 1581 intelligere
2614 1514 2690 1567 sic
2716 1528 2809 1568 eos
2837 1516 3040 1570 solutos
3069 1532 3188 1572 esse
3212 1534 3401 1589 quem-

1802 1602 2103 1657 ‘admodum
2129 1604 2260 1658 solvi
2279 1614 2499 1674 possunt
2519 1604 2693 1675 laquei
2716 1608 3040 1675 venantium,
3068 1625 3134 1664 ne
3156 1619 3399 1677 teneant;

1819 1710 1923 1748 non
1953 1695 2072 1764 quia
2105 1703 2407 1750 tenuerunt.
2436 1695 2614 1749 Potest
2639 1706 2693 1751 et
2714 1697 2809 1762 sic,
2842 1706 2898 1751 ut
2924 1713 3015 1753 eos
3042 1699 3250 1754 dolores
3276 1715 3403 1757 eum

1818 1787 2040 1842 solvisse
2077 1787 2374 1854 credamus,
2413 1786 2607 1857 quibus
2652 1790 2818 1842 teneri
2860 1790 2975 1859 ipse
3023 1806 3126 1844 non
3173 1800 3398 1862 poterat,

1818 1877 1912 1933 sed
1951 1878 2139 1949 quibus
2171 1879 2260 1933 alii
2305 1878 2638 1943 tenebantur,
2685 1895 2817 1951 quos
2874 1882 2961 1937 ille
3000 1893 3219 1939 noverat
3271 1885 3407 1941 libe-

1818 1969 2032 2024 randos.

1889 2064 1941 2115 4.
1990 2062 2182 2115 Verum
2212 2062 2423 2131 quinam
2466 2064 2552 2117 isti
2595 2062 2719 2127 sint,
2762 2067 3100 2121 temerarium
3142 2076 3225 2121 est
3260 2069 3397 2125 defi-

1819 2153 1952 2207 nire.
1987 2153 2041 2207 Si
2070 2156 2211 2207 enim
2249 2167 2436 2207 omnes
2465 2156 2683 2209 omnino
2711 2156 3000 2210 dixerimus
3026 2168 3148 2213 tunc
3177 2174 3298 2216 esse
3328 2159 3396 2215 li-

1817 2243 2050 2310 beratos,
2076 2246 2163 2314 qui
2193 2245 2299 2300 illic
2325 2246 2523 2300 inventi
2551 2258 2693 2311 sunt,
2730 2248 2847 2317 quis
2876 2264 2980 2303 non
3007 2253 3317 2320 gratuletur,
3352 2256 3397 2309 si

1820 2334 1920 2390 hoc
1952 2338 2211 2405 possimus
2237 2338 2552 2393 ostendere?
2584 2341 2873 2409 praesertim
2905 2352 3116 2411 propter
3145 2345 3402 2413 quosdam

1817 2430 1907 2499 qui
1948 2430 2100 2483 nobis
2142 2430 2395 2485 litterario
2429 2432 2609 2487 labore
2656 2449 2753 2487 suo
2792 2433 3120 2505 familiariter
3159 2437 3405 2493 innotue-

1817 2529 1959 2586 runt,
1993 2536 2217 2591 quorum
2258 2521 2528 2591 eloquium
2567 2524 2937 2593 ingeniumque
2979 2528 3261 2593 miramur;
3295 2545 3401 2584 non

1816 2612 1987 2665 solum
2030 2621 2215 2681 poetas
2261 2622 2313 2666 et
2353 2622 2612 2681 oratores,
2668 2616 2754 2684 qui
2796 2616 3011 2670 eosdem
3061 2620 3201 2687 ipsos
3242 2620 3402 2678 falsos

1815 2700 1945 2756 deos
1982 2704 2214 2772 gentium
2246 2703 2425 2757 multis
2466 2707 2839 2773 cpnsculorum
2868 2722 3082 2761 suorum
3114 2711 3241 2764 locis
3270 2727 3401 2766 con-

1817 2794 2129 2848 temnendos
2168 2795 2524 2866 ridendosque
2573 2808 2964 2863 monstrarunt,
3017 2812 3069 2855 et
3120 2802 3402 2873 aliquando

1816 2888 1974 2940 etiam
2006 2902 2165 2940 unum
2198 2887 2363 2941 Deum
2397 2904 2685 2958 verumque
2722 2892 2948 2945 confessi
2991 2902 3135 2956 sunt,
3164 2897 3403 2963 quamvis

1816 2977 1905 3032 illa
1942 2978 2304 3047 superstitiosa
2332 2994 2451 3032 cum
2493 2981 2699 3033 earteris
2723 2982 2989 3048 colerent;
3023 2999 3205 3038 verum
3242 2986 3402 3041 etiam

1816 3070 1936 3125 illos
1961 3072 2047 3141 qni
2090 3072 2201 3125 hare
2231 3088 2334 3125 non
2363 3072 2622 3126 cantando
2652 3075 2730 3127 vel
2761 3074 3124 3141 declamando,
3156 3076 3251 3131 sed
3287 3078 3401 3148 phi-

1817 3161 2146 3232 losophando
2181 3163 2466 3218 dixerunt:
2500 3164 2693 3217 multos
2735 3167 2891 3219 etiam
2934 3181 3156 3236 quorum
3200 3169 3400 3224 litteras

1816 3270 1920 3309 non
1949 3254 2223 3318 habemus,
2256 3254 2348 3309 sed
2376 3256 2425 3308 in
2455 3255 2667 3311 illorum
2692 3256 2883 3311 litteris
2901 3258 3182 3314 didicimus
3206 3275 3401 3316 secun-

1814 3346 1939 3401 dum
1978 3348 2256 3416 quemdam
2305 3346 2518 3401 modum
2562 3347 2852 3402 laudabiles
2892 3351 3044 3413 vitas,
3081 3359 3139 3406 ut
3179 3362 3401 3423 excepto

1817 3434 1909 3492 Dei
1938 3438 2100 3497 cultu,
2143 3436 2194 3490 in
2224 3453 2328 3507 quo
2363 3448 2674 3492 erraverunt
2704 3440 2941 3494 colentes
2972 3457 3102 3495 vana
3149 3458 3267 3512 qtlau
3300 3458 3398 3512 pu-

1812 3526 1953 3583 blice
2002 3528 2221 3581 colenda
2274 3528 2479 3582 fuerant
2522 3528 2781 3595 instituta,
2830 3539 2884 3584 et
2931 3542 3185 3585 creaturae
3227 3535 3398 3603 potius

1815 3633 1971 3689 quam
2002 3619 2235 3673 Creatori
2268 3620 2579 3686 servientes,
2624 3618 2676 3673 in
2716 3622 2923 3676 caeteris
2969 3623 3205 3677 moribus
3229 3623 3401 3693 parci-

1815 3713 2030 3779 moniac,
2054 3712 2414 3779 continentiae,
2446 3714 2721 3777 castitatis,
2748 3713 3070 3781 sobrietatis,
3095 3718 3280 3772 mortis
3300 3733 3400 3789 pro

1814 3806 1997 3876 patriae
2024 3806 2192 3859 salute
2211 3815 2561 3874 contemptus,
2588 3816 2915 3876 servatusque
2942 3808 3063 3862 fidei
3090 3824 3195 3864 non
3223 3811 3397 3866 solum

1815 3897 2039 3960 civibus,
2079 3913 2259 3951 verum
2302 3906 2353 3951 et
2384 3897 2647 3961 hostibus,
2698 3897 2936 3951 imitandi
2978 3901 3166 3954 merito
3207 3915 3402 3969 prope.

1816 3997 2025 4042 nantnr.
2056 3986 2183 4054 Quae
2209 3986 2419 4057 quidem
2449 3989 2624 4040 omnia
2647 3988 2857 4054 quando
2884 4004 2987 4042 non
3008 3990 3308 4044 referuntur
3329 3992 3394 4045 ad

1818 4079 1972 4134 flncm
2028 4089 2187 4133 rectae
2230 4095 2471 4148 veraeque
2517 4079 2745 4147 pietatis,
2792 4079 2883 4132 sed
2924 4080 2988 4133 ad
3036 4081 3224 4135 fastum
3276 4084 3391 4138 ina-

1816 4187 1936 4227 nem
1964 4170 2210 4223 humanae
2237 4168 2404 4223 laudis
2433 4181 2484 4223 ct
2513 4170 2715 4239 gloriae,
2756 4170 2914 4224 etiam
2944 4171 3053 4240 ipsa
3092 4172 3401 4231 inanescunt

1819 4261 2242 4332 quodammodo,
2292 4260 2594 4330 steriliaque
2649 4259 2941 4315 redduntur
2981 4278 2995 4316 :
3034 4272 3400 4322 verumtamen

1819 4353 2042 4423 quadam
2075 4351 2251 4407 indole
2280 4352 2438 4411 animi
2479 4351 2549 4406 ita
2586 4351 2873 4417 delectant,
2905 4363 2959 4406 ut
2989 4368 3081 4408 eos
3122 4356 3171 4408 in
3208 4357 3399 4425 quibus

1819 4444 1935 4500 haec
1966 4445 2193 4511 fuerunt,
2218 4443 2473 4498 vellemus
2503 4443 2587 4497 vel
2624 4444 2903 4513 praecipue,
2929 4446 3013 4500 vel
3040 4461 3159 4502 cum
3195 4452 3404 4508 caeteris

1817 4539 1887 4595 ab
1923 4538 2111 4593 inferni
2148 4536 2467 4593 cruciatibus
2495 4536 2726 4601 liberari,
2770 4538 2869 4592 nisi
2911 4540 3067 4595 aliter
3094 4556 3152 4596 se
3181 4543 3402 4600 haberet

1822 4646 2008 4686 sensus
2030 4630 2310 4697 humanus,
2342 4629 2493 4684 aliter
2512 4629 2713 4700 justitia
2738 4632 3024 4687 Creatoris.

1894 4746 1946 4801 5.
1989 4744 2116 4810 Quae
2141 4760 2258 4797 cum
2287 4742 2357 4796 ita
2380 4742 2505 4805 sint,
2534 4742 2576 4795 si
2607 4756 2793 4795 omnes
2816 4742 2935 4796 inde
2961 4743 3114 4797 solvit
3141 4743 3400 4813 Salvator,

1825 4845 1895 4903 et,
1922 4835 2058 4889 sicut
2085 4834 2361 4905 requirens
2373 4832 2927 4902 scripsisti,ea:inanivit
2952 4833 3165 4901 inferna,
3184 4843 3239 4887 ut
3258 4836 3403 4891 dein-

1825 4945 1939 4998 ceps
1961 4925 2215 4997 judicium
2237 4925 2351 4989 jam
2384 4933 2756 4994 exspectaretur
2781 4934 3054 4978 extremum
3083 4939 3103 4978 :
3133 4924 3245 4980 haac
3281 4940 3404 4983 sunt

1826 5032 1941 5088 quae
1973 5018 2024 5070 in
2062 5015 2159 5069 hac
2190 5030 2246 5070 re
2290 5030 2395 5068 non
2423 5014 2688 5068 immerito
2728 5021 2959 5078 movent,
2992 5029 3108 5083 quae
3152 5017 3279 5070 mihi
3323 5018 3404 5071 in-

1826 5110 1979 5165 terim
2006 5107 2255 5178 cogitanti
2284 5108 2454 5163 solent
2475 5120 2772 5160 occurrere.
2802 5102 3055 5168 Primum,
3088 5121 3187 5177 qua
3220 5119 3404 5163 aucto-

1827 5200 1981 5255 ritate
2010 5199 2249 5254 firmetur
2276 5200 2371 5253 ista
2399 5196 2677 5252 sententia.
2708 5194 2857 5263 Quod
2884 5198 3023 5250 enim
3052 5201 3304 5271 scriptum
3329 5209 3408 5254 est

1829 5292 1882 5347 in
1924 5302 2093 5346 morte
2121 5291 2314 5346 Christi
2355 5290 2542 5343 factum
2584 5286 2761 5340 solutis
2786 5287 3044 5342 doloribus
3072 5290 3257 5360 inferni
3282 5306 3299 5342 :
3328 5290 3407 5344 vel

1830 5385 1896 5439 ad
1922 5386 2089 5456 ipsum
2115 5392 2289 5453 potest
2319 5381 2536 5450 intelligi
2562 5379 2846 5449 pertinere,
2874 5381 3013 5450 quod
3042 5395 3134 5434 eos
3154 5383 3409 5435 hactenus

1832 5475 2066 5542 solverit,
2099 5476 2198 5531 hoc
2226 5484 2307 5531 est
2333 5470 2507 5528 irritos
2537 5472 2741 5540 iecerit,
2772 5488 2841 5528 ne
2866 5473 2932 5527 ab
2961 5473 3038 5528 eis
3072 5474 3181 5543 ipse
3212 5483 3411 5530 tenere-

1831 5584 1931 5639 tur,
1956 5570 2250 5642 praesertim
2278 5566 2397 5638 quia
2421 5566 2677 5635 sequitur,
2707 5566 2759 5618 in
2779 5562 2956 5633 quibus
2980 5564 3283 5635 impossibile
3302 5576 3409 5619 erat

1828 5667 1983 5724 teneri
2001 5680 2132 5719 eum.
2164 5659 2256 5715 Vel
2280 5659 2321 5713 si
2343 5671 2499 5711 causa
2518 5656 2773 5726 quaeritur
2793 5669 2888 5710 cur
2906 5653 3130 5709 voluerit
3152 5656 3333 5711 venire
3355 5657 3407 5714 in

1828 5755 2111 5822 infernum,
2145 5749 2231 5808 ubi
2266 5746 2477 5807 dolores
2508 5745 2581 5804 illi
2620 5755 2817 5813 essent,
2855 5744 3046 5818 quibus
3084 5744 3253 5803 teneri
3286 5760 3407 5806 om.
