4004 6382
666 345 767 407 7“

666 463 794 517 nino
815 474 919 513 non
942 467 1169 528 poterat,
1190 458 1314 531 quia
1333 465 1467 525 erat,
1492 456 1820 527 utscriptum
1843 462 1943 521 est,
1967 455 2020 507 in
2042 451 2250 507 mortuis

667 549 788 601 liber
816 547 986 621 (Psal.
1016 564 1253 612 Lxxxvn,
1292 550 1371 619 6),
1411 548 1593 617 inquo
1618 547 1866 618 princeps
1906 555 1961 601 et
1988 560 2247 616 pra-post—

668 649 751 693 tus
776 641 961 695 mortis
984 657 1088 695 non
1117 641 1316 695 invenit
1340 638 1559 709 aliquid,
1586 638 1727 709 quod
1756 638 2011 707 supplicio
2032 635 2250 691 debere-

666 741 750 784 tur
780 750 793 785 :
828 732 927 786 hoc
956 732 1157 786 scilicet
1194 730 1335 801 quod
1364 730 1619 800 scriptum
1657 739 1759 795 est,
1790 728 1968 783 solutis
1992 728 2249 781 doloribus

662 821 872 893 inferni,
903 836 1006 876 non
1035 822 1086 875 in
1118 822 1384 885 omnibus,
1416 821 1511 875 sed
1540 822 1591 874 in
1617 819 1929 890 quibusdam
1955 818 2123 888 accipi
2153 833 2247 887 po-

664 923 785 979 test,
809 930 940 986 quos
968 915 1055 969 ille
1076 914 1264 984 dignos
1285 914 1382 968 ista
1412 914 1722 968 liberatione
1745 912 2042 982 judicabat;
2079 917 2137 964 ut
2156 924 2248 964 ne-

660 1023 764 1076 que
785 1006 977 1061 frustra
1006 1006 1134 1062 illuc
1166 1006 1507 1062 descendisse
1529 1006 1878 1071 existimetur,
1904 1004 2034 1059 nulli
2060 1017 2247 1057 eorum

659 1098 963 1168 profuturus
996 1098 1083 1169 qui
1114 1098 1187 1153 ibi
1227 1098 1539 1153 tenebantur
1580 1097 1788 1161 inclusi,
1831 1110 1930 1151 nec
1960 1104 2137 1149 tamen
2178 1093 2248 1147 sit

657 1209 988 1263 consequens
1038 1202 1095 1247 ut
1128 1194 1269 1265 quod
1312 1192 1488 1247 divina
1526 1190 1839 1262 quibusdam
1884 1186 2246 1244 misericordia

652 1285 961 1357 justitiaque
981 1286 1268 1353 concessit,
1297 1286 1542 1341 omnibus
1572 1299 1887 1340 concessum
1916 1298 2035 1339 esse
2058 1290 2246 1353 putan-

655 1380 778 1433 dum
811 1380 898 1433 sit.

727 1468 953 1524 CAPUT
984 1468 1071 1523 Ill.
1100 1468 1240 1523 —6.
1285 1469 1349 1523 Et
1375 1468 1441 1523 de
1477 1468 1566 1522 illo
1595 1467 1807 1537 quidem
1839 1466 2009 1536 primo
2031 1464 2244 1520 homine

653 1586 673 1612 -;
699 1571 803 1615 ιιι-ιε
829 1561 1040 1629 generis
1070 1560 1307 1625 humani,
1335 1560 1473 1630 quod
1500 1576 1627 1615 eum
1654 1560 1776 1614 inde
1796 1560 2032 1623 solverit,
2064 1558 2245 1613 Eccle-

678 1658 719 1704 ιι
758 1652 869 1706 fere
901 1662 1005 1707 tota
1032 1654 1329 1717 consentit;
1360 1652 1501 1722 quod
1530 1668 1645 1707 eam
1678 1667 1781 1707 non
1813 1652 2037 1706 inaniter
2066 1651 2241 1706 credi—

688 1764 788 1802 .sse
833 1749 1157 1804 credendum
1195 1758 1295 1814 est,
1331 1749 1696 1819 undecumque
1724 1748 1825 1803 hoc
1865 1750 2114 1802 traditum
2150 1747 2238 1812 sit,

684 1840 861 1894 .iamsi
890 1840 1261 1895 canonicarum
1292 1840 1683 1909 Scripturarum
1708 1838 1831 1893 hinc
1855 1851 2106 1909 expressa
2134 1853 2239 1892 non

654 1931 958 1994 proferatur
999 1932 1289 1987 auctoritas
1316 1950 1327 1986 :
1358 1948 1656 2002 quanquam
1685 1929 1813 1984 illud
1849 1930 1989 2000 quod
2022 1930 2074 1983 in
2103 1928 2240 1982 libro

652 2022 718 2074 Sa
732 2024 943 2093 pientim
972 2024 1225 2093 scriptum
1255 2036 1355 2090 est,
1393 2022 1515 2077 Hau:
1541 2023 1706 2089 illum,
1740 2022 1825 2093 qui
1854 2024 2043 2093 primus
2076 2026 2240 2093 factus

652 2126 743 2179 est,
774 2126 965 2186 patrem
992 2115 1124 2170 orbis
1150 2126 1416 2179 terrarum,
1450 2134 1564 2169 cum
1586 2118 1723 2171 solus
1745 2126 1869 2169 esset
1896 2126 2114 2178 creatus,
2144 2131 2237 2168 cu-

651 2208 867 2273 stodiuit,
900 2218 944 2261 et
970 2225 996 2261 ε
1016 2209 1141 2261 .'u.rit
1173 2209 1317 2261 illuni
1343 2225 1375 2261 a
1401 2208 1581 2261 delicto
1610 2224 1723 2274 suo,
1755 2217 1799 2261 et
1826 2207 1960 2261 dedit
1996 2207 2041 2261 ei
2073 2208 2236 2259 virtu-

652 2308 751 2353 tem
788 2300 1073 2353 continendi
1115 2300 1284 2353 omnia
1314 2299 1466 2370 (Sap.
1510 2316 1565 2363 Χ,
1614 2300 1663 2364 l,
1695 2298 1775 2369 2),
1816 2299 1983 2369 magis
2013 2314 2111 2369 pro
2140 2296 2239 2351 hac

655 2393 917 2446 sententia
959 2408 1115 2463 quam
1146 2409 1243 2461 pro
1276 2394 1383 2447 ullo
1411 2394 1517 2446 alio
1555 2392 1822 2446 intellectu
1855 2392 2026 2446 facere
2061 2391 2240 2445 videa-

654 2493 759 2539 tur.
804 2485 1020 2539 Addunt
1059 2484 1272 2553 quidam
1318 2484 1418 2538 hoc
1447 2484 1766 2539 beneﬁcium
1806 2484 2035 2552 antiquis
2078 2483 2237 2537 etiam

652 2578 851 2631 sanctis
889 2578 1046 2630 fuisse
1075 2591 1409 2637 concessum.
1444 2576 1600 2641 Abel,
1631 2574 1780 2641 Seth,
1822 2574 1954 2638 Noe,
1984 2583 2036 2629 et
2056 2574 2237 2628 domui

652 2668 787 2737 ejus,
819 2667 1107 2732 Abraham,
1139 2666 1303 2730 Isaac.
1343 2676 1396 2721 et
1428 2667 1613 2730 Jacob,
1658 2666 1883 2734 aliisque
1918 2664 2239 2720 l’atriarehis

652 2769 707 2813 et
738 2757 1035 2828 l’roplietis,
1065 2768 1120 2812 ut
1158 2774 1279 2813 eum
1314 2759 1567 2812 Dominus
1598 2758 1650 2812 in
1682 2758 1946 2813 infernum
1983 2756 2234 2823 venisset,

652 2851 756 2905 illis
776 2851 1050 2906 doloribus
1070 2851 1426 2905 solverentur.

724 2943 771 2996 7.
816 2943 919 2998 Sed
947 2958 1177 3013 quonam
1208 2944 1366 2997 modo
1394 2942 1717 3011 intelligatur
1746 2940 2038 3006 Abraham,
2069 2940 2122 2993 in
2148 2954 2241 2993 cu-

645 3035 735 3105 jus
762 3036 933 3089 sinum
964 3035 1080 3105 pius
1100 3035 1259 3089 etiam
1286 3050 1483 3104 pauper
1510 3034 1597 3088 ille
1623 3042 1903 3102 susceptus
1926 3041 2027 3098 est,
2055 3033 2106 3085 in
2136 3032 2240 3086 illis

652 3127 817 3183 fuisse
863 3128 1153 3190 doloribus,
1190 3142 1287 3196 ego
1330 3128 1541 3197 quidem
1589 3143 1693 3181 non
1745 3125 1899 3180 video
1933 3144 1945 3179 :
1975 3124 2240 3194 explicant

652 3204 877 3275 fortasse
901 3221 989 3289 qui
1026 3229 1267 3289 poSsunt.
1299 3221 1453 3274 Solos
1488 3229 1663 3273 autem
1694 3219 1847 3285 ducs,
1881 3218 1931 3273 id
1962 3229 2043 3273 est
2072 3218 2241 3272 Abra-

584 3343 595 3351 -
652 3311 775 3365 ham
820 3320 874 3364 et
920 3310 1197 3376 Lazarum,
1252 3311 1303 3363 in
1351 3310 1439 3363 illo
1484 3310 1841 3364 memorabilis
1884 3310 2076 3379 quietis
2120 3309 2239 3363 sinu

654 3401 817 3456 fuisse
850 3411 1132 3471 antequam
1175 3400 1425 3454 Dominus
1462 3402 1512 3453 in
1552 3400 1756 3453 inferna
1791 3399 2156 3466 descenderet,
2188 3409 2241 3454 et

652 3496 721 3549 de
752 3495 867 3548 istis
895 3503 1094 3547 tantum
1134 3492 1338 3546 duobus
1363 3491 1561 3545 dictum
1603 3491 1763 3545 fuisse
1792 3491 1865 3544 illi
1894 3492 2060 3555 diviti,
2096 3490 2241 3545 Inter

653 3603 738 3639 eos
766 3595 809 3639 et
837 3601 929 3639 nos
966 3584 1117 3639 chaos
1143 3600 1380 3653 magnum
1401 3586 1657 3651 [innatum
1681 3591 1774 3647 est,
1807 3590 1861 3634 ut
1891 3582 1927 3634 ii
1956 3584 2041 3651 qui
2070 3582 2239 3635 volunt

653 3679 770 3731 hinc
800 3677 1013 3729 transire
1045 3676 1110 3728 ad
1139 3691 1223 3728 vos
1252 3690 1348 3728 non
1379 3674 1591 3744 possint,
1616 3690 1771 3742 neque
1796 3672 1913 3725 inde
1943 3673 2038 3725 huc
2073 3682 2238 3727 trans-

656 3767 997 3838 mcuret(Luc.
1036 3783 1147 3831 ινι,
1180 3765 1298 3839 26),
1326 3767 1507 3821 nescio
1543 3775 1717 3821 utrum
1754 3767 2032 3835 quisquam
2059 3766 2128 3821 sit
2153 3766 2237 3821 cui

656 3877 759 3915 non
799 3860 1038 3914 videatur
1072 3858 1379 3913 absurdum.
1414 3858 1582 3912 Porro
1625 3858 1667 3913 si
1716 3858 1894 3927 plures
1930 3872 2088 3927 quam
2132 3857 2237 3913 duo

655 3954 725 4007 ibi
763 3962 936 4019 erant,
982 3952 1102 4021 quis
1129 3950 1322 4005 audeat
1348 3948 1526 4005 dicere
1570 3967 1674 4004 non
1706 3950 1777 4004 ibi
1808 3948 1969 4003 fuisse
2008 3949 2238 4003 Patriar-

652 4046 779 4099 chas
819 4054 872 4099 et
911 4043 1222 4112 Prophetas,
1260 4042 1449 4112 quibus
1493 4043 1545 4096 in
1591 4041 1860 4110 Scriptura
1908 4041 1997 4095 Dei
2020 4040 2237 4109 justitia:

652 4137 966 4208 pietatisque
990 4146 1092 4189 tam
1118 4134 1323 4205 insigne
1348 4133 1704 4188 testimonium
1732 4130 2074 4202 perhibetur?
2100 4130 2235 4197 Quid

654 4232 735 4281 his
761 4243 888 4297 ergo
915 4226 1222 4295 praestiterit
1247 4226 1336 4296 qui
1364 4226 1577 4279 dolores
1602 4223 1758 4277 solvit
1796 4223 2005 4285 inferni,
2036 4223 2086 4276 in
2117 4223 2234 4292 qui-

655 4319 754 4371 bus
796 4318 871 4371 illi
920 4332 1026 4371 non
1070 4316 1299 4383 fuerunt,
1349 4317 1586 4373 nondum
1631 4315 1896 4385 intelligo;
1942 4314 2234 4386 przesertim

653 4408 776 4477 quia
803 4421 870 4460 ne
894 4407 1039 4475 ipsos
1064 4408 1276 4477 quidem
1308 4407 1504 4462 inferos
1527 4405 1731 4475 uspiam
1760 4406 2149 4475 Scripturarum
2180 4411 2234 4463 in

653 4504 794 4557 bono
834 4501 1127 4572 appellatos
1160 4503 1303 4571 potui
1337 4504 1592 4573 reperire.
1629 4503 1781 4570 Quod
1812 4506 1855 4558 si
1896 4520 2152 4575 nusquam
2180 4506 2234 4559 in

651 4594 843 4649 divinis
888 4594 1295 4649 auctoritatibus
1326 4595 1534 4665 legitur,
1578 4611 1683 4650 non
1732 4596 1913 4666 utique
1956 4598 2103 4650 sinus
2146 4597 2233 4653 ille

650 4686 899 4752 Abraltte,
938 4686 991 4740 id
1034 4696 1115 4741 est
1156 4697 1376 4742 secreta:
1418 4687 1691 4757 cujusdam
1733 4689 1925 4759 quietis
1955 4688 2229 4759 habitatio,

648 4782 822 4851 aliqua
861 4797 985 4851 pars
1013 4780 1300 4847 inferorum
1337 4795 1455 4836 esse
1484 4782 1748 4836 credenda
1779 4791 1880 4837 est.
1920 4783 2229 4853 Quanquam

652 4877 704 4930 in
729 4876 808 4930 his
836 4876 961 4947 ipsis
982 4874 1112 4929 tanti
1144 4874 1379 4944 magistri
1411 4873 1607 4938 verbis,
1637 4875 1724 4929 ubi
1745 4875 1817 4929 ait
1846 4875 2043 4930 dixisse
2063 4875 2235 4929 Abra-

653 4970 799 5034 ham,
830 4966 967 5023 Inter
992 4985 1077 5023 vos
1102 4978 1148 5023 et
1175 4984 1266 5022 nos
1293 4968 1445 5022 chaos
1471 4984 1710 5038 magnum
1741 4968 1997 5037 ﬁrmatum
2025 4979 2116 5035 est,
2146 4984 2233 5023 sa-

654 5058 742 5125 tis,
776 5068 833 5112 ut
867 5061 1074 5129 opinor,
1114 5070 1368 5131 appareat
1398 5075 1503 5114 non
1534 5075 1651 5115 esse
1692 5062 1972 5130 quamdam
2004 5070 2227 5130 partem,

650 5158 706 5205 ct
734 5151 881 5221 quasi
912 5153 1207 5207 membrum
1238 5153 1550 5221 inferorum,
1592 5163 1751 5208 tanta:
1790 5155 1928 5208 illius
1963 5153 2230 5209 felicitatis

649 5245 847 5299 sinum.
889 5242 1065 5299 Chaos
1106 5245 1246 5299 enim
1290 5245 1699 5316 magnum.quid
1739 5254 1841 5311 est,
1879 5246 1978 5299 nisi
2014 5245 2230 5316 quidam

652 5334 851 5403 hiatus,
880 5334 1101 5389 multum
1123 5349 1186 5389 ea
1212 5351 1465 5405 separans
1491 5336 1629 5390 inter
1650 5352 1766 5404 qure
1795 5352 1899 5390 non
1930 5336 2099 5390 soluat
2124 5346 2228 5401 est,

649 5441 833 5481 verum
875 5426 1038 5481 etiam
1087 5424 1326 5481 ﬁrmatus
1366 5428 1480 5482 est?
1520 5428 1851 5497 Quapmpter
1896 5428 1940 5483 si
1988 5428 2041 5482 in
2080 5428 2231 5482 illum

654 5518 880 5574 Abrahae
932 5519 1106 5573 sinum
1150 5519 1420 5574 Christum
1472 5530 1737 5575 mortuum
1786 5522 1995 5575 venisse
2048 5532 2229 5575 sancta

649 5611 919 5672 Scriptura
947 5611 1190 5675 dixisset.
1218 5628 1322 5666 non
1359 5613 1629 5667 nominato
1657 5612 1861 5667 inferno
1886 5612 2105 5682 ejusque
2134 5612 2230 5667 do-

650 5704 868 5770 loribus,
910 5706 1073 5760 mirnr
1115 5706 1159 5761 si
1190 5707 1469 5778 quisquam
1500 5706 1566 5763 ad
1611 5707 1809 5763 inferos
1845 5722 1965 5763 eum
2002 5706 2227 5763 descen-

651 5796 791 5852 disse
821 5811 1059 5855 asserere
1084 5798 1322 5857 auderet.

1938 341 1994 395 s.
2036 330 2400 393 AUGUSTINI
2439 334 2743 396 Et’tSCOPt
2966 398 2975 411 ,
3783 361 3863 421 m

2428 450 2481 505 8.
2522 452 2626 508 Sed
2650 454 2772 524 quia
2798 456 3063 513 evidentia
3088 461 3382 519 testimonia
3406 474 3458 522 et
3483 467 3721 528 infernum
3739 490 3850 537 com.

2356 556 2655 601 memorant
2696 556 2751 603 et
2788 547 3022 614 dolores,
3070 552 3214 608 nulla
3255 568 3409 611 causa
3448 563 3659 617 occurrit
3691 580 3771 622 cur
3794 570 3861 628 illo

2356 636 2602 693 credatur
2629 640 2838 697 venisse
2877 644 3134 710 Salvator,
3184 646 3281 701 nisi
3322 659 3378 703 ut
3419 651 3484 705 ab
3516 654 3622 722 ejus
3646 655 3860 720 doloribus

2356 729 2530 785 salvos
2557 730 2790 799 faceret;
2818 734 2912 791 sed
2944 747 3119 791 utrum
3146 752 3331 794 omnes
3357 756 3487 810 quos
3517 743 3564 798 in
3598 745 3668 801 eis
3689 747 3857 818 invenit.

2355 836 2419 876 an
2440 824 2697 893 quosdam
2719 842 2851 896 quos
2872 828 2960 883 illo
2986 828 3239 885 beneficio
3259 831 3444 902 dignos
3462 833 3704 903 judicavit,
3727 842 3858 901 adhuc

2355 913 2567 983 requiro
2596 932 2607 966 :
2639 913 2802 971 fuisse
2830 926 3004 973 tamen
3027 934 3148 973 eum
3175 922 3311 990 apud
3343 922 3554 989 inferos,
3584 936 3632 979 ct
3657 928 3700 981 in
3720 945 3859 988 eorum

2352 1002 2627 1058 doloribus
2664 1008 2963 1063 constitutis
3003 1009 3105 1065 hoc
3134 1011 3447 1066 beneficium
3475 1018 3751 1085 praestitisse
3785 1038 3858 1077 nou

2352 1094 2556 1150 dubito.
2602 1096 2754 1153 Unde
2797 1098 2898 1155 illis
2924 1101 3079 1170 justis
3118 1103 3207 1172 qui
3255 1103 3307 1157 in
3342 1104 3457 1157 sinu
3496 1106 3700 1162 Abrahae
3730 1122 3860 1181 erant,

2352 1201 2472 1241 cum
2499 1188 2587 1242 ille
2610 1189 2665 1242 in
2691 1187 2891 1245 inferna
2909 1190 3273 1258 descenderet,
3296 1195 3522 1249 nondum
3534 1198 3646 1267 quid
3661 1203 3862 1258 contulis-

2352 1286 2433 1332 set
2475 1278 2671 1343 inveni,
2700 1295 2730 1333 a
2765 1281 2958 1350 quibus
2980 1298 3101 1337 cum
3140 1285 3431 1340 secundum
3460 1286 3727 1344 beatiﬁcam
3761 1309 3862 1361 prc-

2351 1371 2575 1425 sentiam
2614 1386 2723 1426 sua:
2764 1371 3056 1429 divinitatis
3099 1391 3368 1447 nunquam
3413 1378 3560 1432 video
3598 1382 3859 1442 recessisse:

2350 1463 2485 1517 sicut
2518 1464 2677 1518 etiam
2719 1465 2905 1521 eodem
2936 1468 3050 1537 ipso
3075 1469 3161 1524 die
3189 1485 3295 1541 quo
3325 1481 3557 1528 mortuus
3593 1485 3683 1540 est,
3707 1478 3860 1546 promi-

2348 1557 2419 1609 sit
2454 1558 2641 1612 latroni
2674 1559 2813 1629 quod
2852 1574 2974 1615 cum
3007 1563 3094 1615 illo
3136 1563 3191 1619 in
3233 1565 3475 1633 paradiso
3499 1564 3669 1623 fuisset
3701 1567 3859 1627 futurus

2349 1647 2500 1717 (Luc.
2534 1665 2683 1712 χχιιι,
2712 1651 2824 1723 45),
2863 1653 3075 1722 quando
3098 1655 3165 1708 ad
3190 1656 3474 1710 solvendos
3493 1658 3665 1713 inferni
3692 1658 3855 1717 dolores

2348 1740 2519 1796 fuerat
2546 1742 2917 1799 desectisurus.
2951 1747 3195 1802 Profecto
3228 1748 3384 1818 igitur
3414 1750 3464 1805 in
3498 1752 3718 1820 paradiso
3741 1763 3858 1825 atque

2346 1834 2463 1888 sinu
2492 1834 2740 1901 Abralnr,
2763 1837 2920 1891 etiam
2947 1848 3069 1893 ante
3096 1839 3204 1908 jam
3226 1851 3343 1895 erat
3363 1844 3675 1898 beatiticante
3697 1848 3858 1915 sapiet}.

2347 1927 2435 1991 tia,
2466 1938 2520 1982 et
2547 1928 2686 1997 apud
2718 1929 2915 1984 inferos
2934 1930 3203 2000 judicante
3232 1934 3467 2003 potentia
3496 1954 3507 1988 :
3535 1936 3616 1990 ubi
3638 1938 3757 1991 enim
3781 1954 3856 1993 non

2345 2026 2427 2071 est
2457 2019 2600 2071 nullo
2629 2020 2747 2074 loco
2774 2022 2991 2076 obsessa
3019 2022 3305 2079 divinitas?
3333 2025 3690 2083 Verumtamen
3714 2043 3858 2083 secun-

2344 2108 2470 2163 dum
2516 2119 2835 2175 creaturam,
2878 2128 3036 2182 quam
3076 2129 3141 2168 es
3196 2116 3427 2184 quodam
3467 2126 3686 2188 tempore
3728 2122 3854 2173 susci-

2346 2201 2557 2269 piendo,
2582 2217 2802 2257 manens
2844 2202 2981 2258 Deus
3021 2205 3179 2261 homo
3226 2208 3397 2262 lactus
3430 2220 3525 2272 est,
3576 2210 3667 2265 hoc
3699 2220 3767 2265 est
3796 2226 3856 2265 se-

2344 2292 2574 2346 cundum
2621 2294 2850 2348 animam
2907 2310 3029 2350 eum
3074 2296 3240 2353 fuisse
3298 2299 3436 2369 apud
3488 2300 3671 2355 inferos
3720 2310 3853 2371 aperte

2343 2380 2612 2452 Scriptura
2665 2385 2931 2454 declarat,
2982 2396 3037 2443 et
3085 2405 3180 2458 per
3233 2392 3559 2461 prophetiam
3607 2396 3851 2463 prmmissa,

2344 2483 2395 2528 ct
2438 2490 2532 2544 per
2575 2477 2922 2545 apostolicum
2974 2480 3301 2536 intellectum
3346 2484 3474 2539 satis
3514 2486 3751 2556 exposita,
3781 2502 3851 2556 qua

2343 2564 2541 2619 dictum
2577 2578 2658 2622 est
2685 2587 2698 2622 :
2726 2567 2847 2623 Non
2875 2570 3185 2641 derelinques
3210 2575 3435 2628 animum
3461 2593 3613 2630 nteant
3638 2577 3683 2631 in
3703 2578 3850 2648 inferno

2345 2654 2512 2722 (Psat.
2543 2674 2634 2724 xv,
2664 2660 2773 2730 ιο).

2415 2750 2467 2804 9.
2507 2750 2629 2806 Scio
2658 2752 2971 2821 quibusdam
3002 2755 3196 2822 videri,
3248 2766 3420 2814 morte
3468 2759 3661 2814 Domini
3700 2760 3847 2814 Christi

2340 2841 2449 2909 jam
2496 2842 2652 2896 talem
2693 2846 3137 2899 resurrectionem
3185 2850 3475 2916 pra-stilum
3515 2850 3688 2920 justis,
3727 2849 3844 2921 qualis

2343 2934 2497 2988 nobis
2536 2934 2588 2987 in
2618 2934 2721 2989 line
2752 2938 3102 3005 promittitur;
3132 2942 3385 3009 qn0uiam
3412 2944 3650 3012 scriptum
3672 2954 3764 3010 est,
3790 2944 3847 2997 illo

2346 3033 2501 3080 terra:
2527 3038 2672 3081 motu
2699 3044 2803 3098 quo
2831 3030 2883 3083 in
2911 3030 3025 3100 ejus
3052 3033 3300 3100 passione
3339 3046 3500 3104 petra:
3523 3037 3684 3092 scissa:
3709 3047 3752 3092 et
3772 3052 3849 3089 mo-

2345 3128 2599 3191 numenta
2641 3130 2821 3190 aperta
2875 3133 3033 3189 sunt,
3082 3126 3245 3179 multa
3300 3141 3520 3199 corpora
3566 3128 3848 3182 rcsurrexisse

2339 3207 2601 3280 justorum
2621 3254 2636 3279 ,
2668 3223 2721 3266 et
2743 3215 2850 3268 visa
2873 3229 2993 3269 cum
3014 3217 3100 3271 illo
3121 3218 3336 3287 quando
3358 3220 3631 3275 resurrexit
3654 3220 3694 3274 in
3714 3231 3847 3271 saneta

2344 3306 2557 3359 civitate
2585 3305 2796 3376 (Matth.
2830 3324 3005 3371 xxvu,
3036 3310 3249 3381 fil-55).
3304 3312 3403 3380 Qui
3424 3314 3594 3382 utique
3611 3313 3648 3367 si
3673 3328 3754 3365 non
3776 3313 3847 3363 ite-

2345 3414 2461 3452 rum
2493 3401 2741 3469 repositis
2772 3402 3084 3469 corporibus
3125 3402 3494 3470 dormierunt,
3527 3403 3761 3458 videndum
3787 3406 3849 3452 est

2343 3490 2788 3559 quemadmodum
2836 3493 3157 3562 intelligatur
3201 3492 3446 3551 Christus
3496 3493 3791 3565 pt'itttogettitttt
3822 3502 3845 3541 tl

2344 3583 2555 3636 mortuis
2591 3582 2773 3655 (Apoc.
2802 3583 2855 3649 I,
2890 3584 2969 3654 5),
2999 3585 3044 3638 si
3071 3601 3189 3639 eum
3233 3586 3286 3639 in
3315 3587 3401 3641 illa
3431 3578 3767 3641 resurrectione
3790 3589 3844 3633 tot

2345 3684 2753 3741 prmeesserunt.
2786 3675 2935 3742 Quod
2984 3676 3028 3729 si
3069 3678 3423 3745 respondetur
3454 3678 3547 3732 hoc
3576 3677 3735 3730 dictum
3758 3686 3843 3726 esse

2344 3778 2439 3831 per
2465 3763 2893 3832 anticipationem
2921 3804 2935 3829 ,
2967 3774 3022 3817 ut
3050 3760 3398 3820 monumenta
3423 3766 3618 3837 quidem
3637 3763 3710 3816 illo
3731 3772 3841 3814 terra:

2344 3867 2490 3909 tnotu
2521 3864 2703 3925 aperta
2757 3856 3117 3925 intelligantur
3141 3898 3156 3921 ,
3202 3872 3327 3911 cum
3379 3857 3605 3912 Christus
3646 3856 3691 3909 in
3727 3863 3839 3906 cruce

2341 3948 2629 4017 penderet,
2666 3950 3020 4003 resurrexisse
3060 3960 3239 4003 autem
3268 3951 3525 4018 justorum
3552 3961 3737 4016 corpora
3764 3956 3837 3995 non

2343 4051 2486 4106 tunc,
2519 4040 2609 4095 sed
2638 4055 2759 4095 cum
2793 4041 2877 4095 ille
2903 4032 3049 4109 prior
3069 4042 3481 4096 resurrexisset:
3508 4037 3714 4110 quamvis
3735 4046 3835 4096 tunc,

2340 4141 2398 4186 ut
2425 4132 2529 4185 dixi
2546 4173 2560 4195 ,
2592 4131 2927 4201 anticipando
2951 4131 3133 4187 fuisset
3158 4134 3488 4201 adjunctum,
3517 4139 3565 4185 ut
3591 4140 3636 4183 et
3658 4127 3836 4181 Chrislus

2342 4226 2726 4295 primogenitus
2750 4240 2779 4278 a
2808 4226 3029 4280 mortuis
3055 4225 3171 4280 sine
3199 4226 3536 4296 ambiguitate
3554 4221 3778 4279 credatur.
3800 4222 3835 4265 ει

2341 4318 2444 4372 illis
2466 4319 2628 4388 justis
2672 4319 2925 4373 continuo
2960 4330 3275 4372 concessum
3305 4327 3361 4371 ut
3389 4318 3501 4386 ipso
3544 4317 3764 4385 prrecunle
3797 4304 3831 4355 in

2339 4424 2594 4469 aeternam
2618 4414 3067 4482 incorruptionem
3093 4422 3253 4484 atque
3270 4410 3684 4467 immortalitatem
3706 4412 3831 4455 resut-

2336 4514 2553 4575 gerent;
2588 4503 2715 4558 illud
2741 4503 2915 4558 adhuc
2944 4513 3110 4558 restat
3135 4504 3277 4572 quod
3314 4510 3548 4566 moveat,
3584 4490 3827 4568 quomodo:

2338 4597 2497 4652 Petro
2543 4596 2646 4650 dici
2690 4597 2952 4667 potuerit,
3005 4595 3145 4667 quod
3190 4597 3369 4665 utique
3398 4594 3648 4650 verissime
3684 4587 3825 4667 dictum

2336 4698 2446 4754 cst,
2472 4666 2697 4758 quando
2713 4703 2807 4758 per
2837 4688 2981 4742 illam
3015 4666 3343 4757 prophetiam
3371 4702 3472 4741 non
3498 4685 3559 4739 de
3583 4675 3737 4740 Dasid,

2335 4778 2403 4833 de
2441 4778 2653 4832 Christo
2696 4778 2921 4833 asseruit
2960 4777 3122 4832 fuisse
3165 4777 3501 4847 praedictum,
3535 4782 3713 4828 carnem
3743 4774 3823 4829 r105

2336 4888 2442 4927 non
2468 4872 2664 4925 vidisse
2691 4871 3083 4939 corruptionem
3105 4887 3119 4935 ;
3141 4880 3193 4925 et
3212 4869 3353 4940 quod
3373 4864 3596 4937 adjunxit
3617 4861 3672 4915 de
3690 4849 3821 4915 David.

2335 4961 2473 5032 apud
2500 4976 2593 5016 eos
2622 4976 2741 5017 esse
2781 4970 3181 5015 monumentum
3210 4961 3326 5030 ejus
3361 4959 3505 5033 (Act.
3533 4973 3594 5019 ιι,
3638 4950 3710 5012 27,
3730 4941 3819 5009 29):

2336 5052 2475 5108 unde
2493 5052 2611 5108 illos
2628 5052 2803 5121 utique
2821 5067 2922 5106 non
2942 5052 3309 5115 convinceliat,
3328 5053 3369 5105 si
3382 5064 3561 5118 corpus
3572 5044 3666 5113 ejus
3683 5034 3815 5103 ibi).am

2335 5159 2439 5198 non
2469 5153 2617 5209 erat;
2648 5143 2768 5212 quia
2790 5142 2836 5196 si
2865 5152 2919 5197 et
2941 5154 3063 5197 ante
3093 5143 3144 5197 in
3173 5142 3371 5197 recenti
3399 5155 3489 5195 sua
3516 5142 3662 5193 morte
3686 5136 3813 5183 r650"

2335 5235 2580 5295 rexisset.
2612 5248 2710 5289 nec
2736 5248 2860 5288 caro
2884 5232 3001 5302 ejus
3029 5232 3249 5287 vidisset
3274 5230 3639 5300 corruptionem
3655 5264 3667 5284 .
3689 5217 3815 5288 p055“

2334 5327 2682 5382 nihilominus
2712 5325 2837 5381 illud
2867 5336 3263 5380 monumentum
3307 5338 3529 5379 manere.
3561 5320 3723 5373 Durum
3746 5318 3813 5359 all-

2334 5427 2441 5473 tem
2471 5417 2679 5471 videtur
2707 5427 2763 5471 ut
2785 5415 2951 5471 David
2986 5432 3090 5471 non
3122 5415 3273 5471 fuerit
3301 5416 3349 5468 in
3384 5413 3470 5467 illa
3506 5396 3813 5493 resurrectione

2327 5510 2612 5581 justorum,
2643 5508 2687 5563 si
2718 5509 2795 5563 eis
2819 5509 2926 5578 jam
2948 5519 3145 5563 aeterna
3175 5509 3193 5539 ί
3221 5506 3407 5562 donata
3428 5512 3531 5567 est,
3556 5497 3680 5566 cnjus
3704 5486 3812 5544 Chn'

2334 5611 2448 5656 stus
2471 5616 2536 5656 es
2565 5600 2771 5655 semine
2799 5609 2901 5654 tam
2932 5599 3139 5663 crebro,
3170 5608 3223 5653 et
3248 5606 3385 5652 tanta
3405 5590 3653 5649 evidentia.
3683 5586 3808 5678 ωῐξιιξ

2332 5708 2437 5762 que
2458 5692 2855 5747 honorificentia
2883 5690 3299 5747 commendatur.
3328 5680 3673 5742 Periclitabitur
3691 5676 3808 5727 etiam

2400 5810 2412 5838 ι
2451 5813 2551 5857 uss.
2572 5813 2805 5866 quatuor:
2840 5810 3022 5855 ,tftcrna
3047 5802 3137 5854 vita
3161 5802 3330 5853 dortata
3351 5806 3431 5851 est.
