4004 6378
202 391 285 449 713
1342 389 1728 446 EPISTOLARl

1856 391 2129 452 CLASSIS
2169 395 2250 451 ιιι.

200 510 306 570 illud
325 507 458 579 quod
487 505 552 562 ad
582 505 828 561 liebneos
845 502 912 559 de
934 500 1088 573 iustis
1107 503 1342 573 antiquis
1367 504 1588 568 dicitur,
1616 507 1747 570 Quia

196 622 272 678 pro
293 603 422 656 nobis
459 599 665 653 meliora
691 596 1016 668 providerunt
1038 637 1053 656 ,
1103 612 1166 650 ne
1208 597 1316 649 sine
1358 596 1498 650 nobis
1545 597 1751 667 perfecti

195 696 521 768 perﬁcerentur
549 689 786 762 (Heb.xt.
816 689 928 757 40);
963 688 1003 740 si
1024 688 1133 757 jam
1159 689 1209 741 in
1234 687 1318 741 illa
1346 690 1749 742 resurrectionis

197 787 564 853 incorruptione
592 785 858 838 emistitnti
888 793 1044 845 sunt,
1073 798 1191 853 qua:
1221 783 1372 836 nobis
1409 781 1744 852 perﬁciendis

194 882 235 936 in
259 884 349 933 line
374 878 713 945 promittitur.

245 968 402 1024 οιιυ
425 970 448 1020 Γ
475 967 727 1022 ιν.-ιο.
751 966 858 1020 Cur
885 983 1012 1037 ergo
1041 968 1226 1022 Petrus
1252 984 1346 1022 eos
1376 977 1575 1022 tantum
1599 984 1745 1021 eom-

189 1079 450 1119 memorare
483 1064 742 1123 voluerit,
774 1061 966 1129 quibus
993 1062 1044 1114 in
1075 1077 1290 1115 carcere
1321 1061 1539 1112 inclusis
1572 1061 1744 1114 Evan-

187 1157 350 1227 geliuni
379 1153 720 1223 pra~dic:uum
749 1163 850 1214 est.
878 1153 966 1222 qui
1004 1154 1055 1206 in
1084 1153 1272 1206 diebus
1304 1153 1413 1207 Noe
1441 1170 1560 1206 eum
1587 1153 1744 1206 fabri-

186 1262 364 1302 caremr
387 1261 506 1299 arca
539 1245 795 1299 inereduli
822 1247 1048 1305 luerunt.
1073 1244 1220 1299 vides
1242 1263 1397 1314 quam
1419 1245 1740 1300 latebrosum

186 1339 264 1395 sit.
307 1346 354 1389 et
382 1352 498 1405 quae
542 1352 627 1388 me
671 1345 921 1388 moveant
971 1351 1034 1389 ne
1078 1336 1346 1389 affirmare
1394 1337 1514 1391 hinc
1543 1337 1738 1406 alqmd

183 1429 389 1482 audeant.
425 1427 538 1481 line
568 1427 802 1488 accedit.
846 1428 969 1497 quia
1015 1442 1134 1480 cum
1165 1428 1386 1482 dixisset
1429 1428 1736 1496 apo~tolus,

185 1521 305 1586 Quod
331 1531 370 1572 et
392 1535 474 1572 vos
504 1536 640 1572 nunc
690 1519 846 1571 simili
878 1523 1042 1589 forma
1086 1517 1348 1589 Buptismu
1393 1519 1555 1572 salvos
1587 1520 1734 1589 facit;

181 1627 258 1664 non
283 1611 438 1663 curuis
464 1610 714 1677 depositio
744 1609 968 1663 sordium
992 1649 1007 1671 ,
1039 1609 1124 1661 sed
1141 1609 1458 1661 conscientia?
1489 1611 1631 1662 bona:
1655 1611 1736 1663 in-

179 1703 407 1771 tcrrogatio
431 1702 484 1754 in
513 1700 674 1754 Deum
702 1718 789 1771 per
820 1701 1227 1754 resurrectionem
1255 1699 1378 1753 Jes'tt
1399 1700 1618 1764 Christi,
1651 1701 1739 1770 qui

178 1809 233 1850 at
257 1799 298 1849 iu
325 1797 526 1849 dextera
563 1795 657 1847 Dei
681 1837 692 1852 .
720 1796 1000 1865 deglutiens
1050 1805 1254 1848 mortem
1273 1837 1286 1858 ,
1318 1803 1369 1846 ut
1400 1797 1512 1846 vita:
1540 1806 1738 1848 mter-nte

177 1891 362 1942 heredes
405 1888 735 1956 rﬂiceremur.
772 1893 1026 1957 profectus
1067 1887 1116 1939 in
1167 1891 1343 1947 caz’os,
1374 1889 1606 1957 snhjzctis
1643 1888 1736 1940 sibi

176 1980 344 2049 Angelis
367 1995 408 2032 et
443 1977 789 2031 l’otestutibus
805 1988 849 2030 et
885 1976 1188 2041 Virtu'ibns;
1215 1983 1466 2032 ριιιιιιιιιιιο
1489 1979 1730 2046 subject,

175 2069 341 2124 Christo
362 2071 514 2140 igitur
553 2070 610 2122 in
636 2085 787 2122 carne
819 2087 998 2138 passo,
1030 2081 1074 2122 et
1105 2086 1188 2122 ros
1215 2072 1387 2123 eadem
1419 2072 1624 2124 scientia
1651 2088 1734 2124 ur-

176 2162 375 2222 ntmuini;
401 2162 518 2230 quin
556 2162 644 2230 qui
675 2179 852 2231 passus
877 2173 948 2214 est
975 2161 1025 2214 in
1047 2179 1196 2214 carne
1214 2204 1227 2223 ,
1252 2162 1396 2215 desiit
1427 2181 1456 2214 (ι
1483 2165 1694 2230 percutis
1712 2205 1726 2227 ,

174 2253 213 2305 iu
241 2254 320 2306 hoc
360 2265 410 2306 ut
442 2256 560 2324 jam
607 2271 706 2306 non
743 2254 1002 2306 hominum
1033 2255 1320 2315 desideriis,
1363 2256 1450 2307 sed
1481 2260 1732 2311 voluntate

175 2342 250 2396 Dei
273 2349 392 2408 quod
419 2345 674 2414 rtliquum
707 2355 775 2399 est
804 2348 855 2399 in
900 2362 1051 2398 carne
1096 2348 1224 2398 vieut
1267 2357 1463 2415 tempus
1495 2363 1512 2400 :
1539 2348 1731 2403 deinde

172 2436 252 2500 ait,
296 2437 480 2506 Str/[irit
523 2438 666 2491 enint
707 2439 1015 2505 prteteritum
1067 2451 1262 2504 tempus
1307 2439 1373 2490 ad
1423 2439 1730 2493 voluntatem

174 2526 392 2581 hominum
416 2540 825 2582 consummatum
847 2530 1222 2582 urtrhdtrntibus
1248 2529 1297 2582 in
1326 2530 1617 2583 libidinibm
1639 2574 1651 2591 .
1683 2543 1730 2584 et

173 2622 581 2688 concupiscentiis,
635 2632 680 2674 et
725 2622 998 2685 ebrietate,
1045 2623 1520 2688 comessationibus,
1576 2635 1724 2692 pota-

174 2711 378 2776 tionibus,
409 2722 452 2766 et
479 2713 678 2765 illicitis
708 2713 960 2765 idolorum
988 2714 1332 2776 serriutibus,
1384 2715 1435 2767 in
1482 2732 1578 2784 quo
1623 2727 1730 2769 stu—

171 2816 343 2873 pescuut
380 2822 476 2858 non
507 2821 810 2858 concurrere
838 2822 922 2858 ros
964 2807 1014 2858 in
1050 2808 1273 2858 eumdem
1312 2809 1528 2860 luxuriet
1554 2810 1730 2878 confu-

169 2896 324 2947 sionem
368 2897 789 2965 blasphemontes.
855 2896 953 2960 Qui
1002 2898 1208 2950 reddent
1255 2909 1494 2951 rutzonem
1551 2901 1595 2951 ei
1643 2902 1731 2969 qui

172 2996 342 3053 paratus
368 2999 434 3040 est
471 2990 717 3058 judicare
744 2989 880 3042 riros
909 2998 953 3041 et
981 2999 1201 3043 mortuos
1239 3006 1255 3043 :
1296 2991 1374 3042 Ιιίη
1405 2993 1560 3046 dictis
1601 2995 1727 3046 sub-

172 3079 340 3141 nectit,
371 3079 593 3149 Propter
623 3081 716 3132 hoc
742 3080 873 3132 enim
898 3089 942 3132 et
972 3081 1181 3134 mortuis
1209 3084 1598 3151 euangelizanti):
1627 3093 1726 3148 est,

171 3178 212 3220 ut
225 3170 500 3239 judicentur
521 3171 727 3238 quidem
749 3171 1018 3223 secundum
1041 3172 1264 3225 homines
1291 3174 1340 3226 in
1369 3189 1537 3240 carne,
1566 3175 1730 3227 vivant

171 3272 305 3315 autent
328 3265 603 3317 secundum
630 3261 792 3316 Deum
818 3264 1016 3332 spiritu.

227 3356 300 3409 11.
336 3359 498 3424 Quem
547 3373 651 3409 non
696 3367 904 3409 moveat
953 3356 1048 3408 ialtl
1096 3357 1457 3424 profunditas?
1511 3358 1729 3414 Mortuis

171 3443 272 3500 dicit
290 3449 704 3518 evangelizatum
739 3466 750 3501 :
782 3463 916 3517 (pios
939 3449 1173 3516 profecto
1199 3452 1241 3502 si
1275 3451 1724 3516 intellexerimus,

173 3542 240 3607 qui
262 3541 319 3594 de
345 3556 575 3610 cei-pore
618 3541 861 3596 exierunt
883 3583 896 3603 ,
948 3541 1020 3594 illi
1051 3544 1240 3610 (ιιιίιειι⁸
1262 3555 1417 3596 erunt
1444 3545 1511 3597 de
1541 3546 1728 3613 quibus

171 3645 298 3700 supra
327 3632 452 3686 dixit
472 3675 487 3695 ,
534 3631 633 3698 Qui
663 3633 906 3686 increduli
937 3633 1137 3701 [uerunt
1165 3634 1215 3685 in
1257 3634 1429 3687 diebus
1465 3635 1610 3700 Noe;
1637 3645 1728 3690 aut

171 3735 286 3780 certe
331 3742 550 3789 onines,
598 3742 731 3795 quos
775 3726 914 3794 apud
964 3726 1161 3780 inferos
1204 3724 1446 3782 Christus
1503 3729 1722 3784 invenit.

170 3814 277 3884 Quid
318 3820 408 3872 sibi
449 3833 584 3888 ergo
620 3820 764 3880 vult,
797 3827 850 3870 ut
887 3819 1180 3887 judicentur
1224 3819 1424 3888 quidem
1452 3821 1726 3873 secundum

171 3910 360 3963 homines
377 3912 425 3965 in
454 3926 632 3975 carne,
669 3911 831 3964 tivunt
851 3921 1016 3962 autem
1033 3912 1303 3963 secundum
1330 3909 1485 3963 Deum
1512 3912 1730 3976 spiritu?

169 4003 398 4067 ιιιιυιιιοιιυ
421 4003 732 4072 judicantur
759 4003 807 4055 in
837 4017 998 4056 carne
1019 4044 1032 4066 ,
1077 4019 1233 4071 quam
1279 4019 1379 4055 non
1412 4002 1602 4056 habent
1630 4045 1644 4068 ,
1682 4004 1726 4058 si

170 4094 280 4157 apud
305 4094 498 4149 inferos
536 4103 690 4152 sunt;
735 4095 815 4147 vel
842 4110 998 4163 quam
1033 4094 1266 4147 nondum
1306 4107 1649 4163 receperunt,
1683 4096 1725 4148 si

170 4182 298 4236 etiam
321 4202 348 4237 a
375 4186 651 4239 dolorihm
688 4186 874 4238 inferni
906 4184 1064 4239 Stiitlli
1092 4185 1254 4237 situt?
1281 4185 1458 4254 Neque
1486 4188 1628 4240 enim
1657 4189 1723 4253 si,

171 4280 214 4325 ut
234 4278 506 4345 quzcreudo
537 4276 670 4330 dicis
689 4317 703 4337 ,
730 4276 973 4329 exinnniti
1001 4287 1115 4328 sunt
1143 4276 1321 4343 inferi,
1350 4292 1535 4329 (nunties
1566 4278 1725 4331 etiam

171 4366 239 4431 qui
266 4375 376 4422 tunc
405 4368 474 4421 ibi
510 4367 722 4421 fuerunt
743 4408 759 4433 ,
794 4367 844 4420 in
875 4383 1038 4422 carne
1071 4368 1427 4421 rcsurrexisse
1475 4369 1725 4422 credendi

171 4467 297 4522 sunt;
324 4471 408 4513 aut
432 4461 525 4530 qui
559 4469 895 4529 resurgentes
923 4466 1282 4528 apparuerunt
1312 4474 1432 4514 cum
1467 4459 1690 4515 Domino
1708 4503 1722 4524 ,

172 4546 222 4600 ad
249 4547 337 4604 hoc
359 4567 576 4605 carnem
608 4561 922 4620 receperunt
943 4592 957 4615 ,
989 4552 1120 4604 utin
1152 4566 1212 4604 ea
1245 4551 1610 4621 jlldiC:ll‘Cltll|l‘
1635 4569 1721 4607 se-

171 4643 366 4694 cundum
390 4643 660 4697 hominem
687 4661 702 4696 :
729 4642 871 4712 qtuid
907 4657 1004 4695 nec
1028 4641 1095 4695 de
1122 4641 1225 4695 illis
1246 4642 1402 4696 video
1431 4659 1534 4714 quo
1565 4643 1725 4697 modo

171 4733 308 4802 accipi
340 4739 538 4805 [3053“,
582 4737 669 4804 qui
718 4734 976 4789 increduli
1018 4737 1230 4788 fuerunt
1268 4735 1321 4788 in
1356 4734 1545 4789 diebus
1572 4736 1721 4802 Noe;

173 4838 256 4877 non
282 4830 413 4882 enim
443 4844 538 4884 eus
566 4830 618 4882 in
649 4845 809 4883 carne
837 4829 1030 4883 vixisse
1052 4828 1303 4897 scriptum
1327 4837 1435 4890 est,
1470 4839 1559 4881 aut
1579 4830 1722 4884 credi

173 4926 317 4981 potest
341 4921 455 4975 ideo
485 4925 687 4975 solutos
715 4920 929 4974 dolores
958 4918 1146 4973 inferni
1169 4959 1183 4983 ,
1220 4929 1274 4973 ut
1308 4920 1396 4988 qui
1439 4920 1559 4974 inde
1597 4921 1724 4975 libe-

173 5021 414 5075 rarentur.
458 5029 676 5068 carnem
723 5013 787 5066 ad
835 5012 1081 5066 luendum
1133 5027 1340 5082 pteuam
1401 5013 1717 5081 reciperent.

174 5097 285 5166 Quid
326 5117 405 5159 est
445 5121 601 5175 ergo,
648 5117 700 5157 ut
738 5106 1033 5174 judicentur
1080 5104 1351 5157 secundum
1399 5104 1623 5157 homines
1670 5105 1722 5157 in

172 5207 327 5258 curae,
367 5201 526 5251 rieant
567 5209 732 5249 autem
757 5198 1030 5249 secundum
1065 5194 1224 5247 Deum
1245 5196 1423 5263 spiritu
1448 5196 1471 5246 ἰ)
1499 5215 1562 5248 an
1589 5197 1720 5250 forte

172 5280 198 5334 Ιι
218 5300 253 5335 re
282 5289 562 5356 pnesitum
594 5299 672 5341 est
702 5290 778 5341 eis
805 5304 937 5357 quos
961 5287 1097 5355 apud
1127 5286 1324 5341 inferos
1365 5287 1606 5340 Christus
1635 5288 1719 5340 in-

173 5379 311 5439 \‘euil,
339 5393 391 5436 ut
413 5400 502 5450 tn'l‘
527 5382 866 5451 Evangeliuni
892 5381 1062 5433 \ivtlic
1099 5390 1282 5433 rentur
1300 5396 1341 5448 s,
1367 5380 1507 5444 iritn,
1535 5397 1724 5450 qnam-

173 5467 236 5518 λίς
263 5471 306 5522 in
348 5475 511 5527 futura
541 5476 931 5528 resurrectione
977 5477 1027 5526 in
1058 5489 1216 5527 carne
1258 5474 1528 5539 jndieandi
1577 5474 1716 5540 sint,

173 5567 217 5607 ιιι
262 5575 345 5627 per
387 5565 606 5634 aliquam
646 5567 820 5620 carnis
849 5579 1054 5632 tamam
1088 5574 1358 5618 transemtt
1404 5567 1452 5616 in
1498 5579 1717 5632 regnum

176 5646 280 5702 “ei?
312 5655 451 5721 Quod
489 5658 530 5711 si
587 5664 655 5711 ita
702 5669 809 5716 est,
852 5674 946 5709 cur
992 5657 1091 5710 hoc
1141 5666 1341 5709 tantum
1383 5656 1447 5708 de
1492 5657 1594 5709 Illis
1629 5657 1717 5727 qui

169 5745 407 5805 (μηηιιιιιιι
460 5768 560 5801 non
605 5750 942 5804 crediderunt
995 5749 1042 5802 in
1085 5748 1272 5801 diebus
1317 5746 1456 5813 Noe,
1503 5763 1563 5801 ac
1613 5766 1717 5802 non

156 5841 293 5888 ctiam
322 5838 384 5890 dc
420 5845 624 5897 (ueteris
653 5861 786 5912 olims
816 5841 917 5895 illic
940 5840 1135 5895 Chri~ti
1165 5841 1392 5896 visitatio
1421 5843 1679 5914 corruperit
1699 5884 1714 5910 ,

363 5933 600 6004 SANCT.
647 5943 922 6004 Aueusr.
974 5937 1050 6000 ll.

3343 408 3443 473 ιιι

1859 522 1952 575 per
1980 506 2246 578 Evangelii
2295 509 2726 580 prmdicationcm
2756 516 2945 584 spiritu
2977 520 3310 590 revixerunt,
3342 540 3442 597 po-

1854 607 1962 652 stea
1997 601 2297 654 tran~itnria
2329 617 2484 670 pmna
2517 604 2570 657 in
2595 620 2757 663 carne
2780 607 3096 675 judiCandi?
3125 614 3273 679 Quod
3300 618 3341 669 si
3368 617 3440 673 de

1852 690 2098 746 omnibus
2125 696 2490 763 acceperimus
2510 739 2524 755 .
2553 709 2730 752 manet
2759 702 2983 769 inuestiu
3005 745 3020 766 ,
3053 720 3216 773 quare
3247 705 3438 764 Petrus

1850 796 1943 836 eos
1972 792 2170 838 tantum
2199 790 2662 853 eonnnemoravit,
2715 791 2802 861 qui
2848 807 2974 849 tunc
3019 794 3270 854 i.-.creduli
3323 801 3442 855 fue-

1851 887 1968 929 runt
2000 893 2118 930 cum
2150 878 2491 934 faIn-iraretur
2520 897 2665 936 arca.

1928 969 1988 1020 l'Z
2047 969 2217 1022 Movet
2248 973 2404 1024 etiam
2436 973 2591 1037 illml,
2621 974 2760 1043 (paul
2812 977 2842 1029 ii
2889 978 2976 1046 qui
3016 978 3084 1032 de
3113 980 3209 1034 hac
3249 999 3306 1036 re
3347 999 3438 1038 co-

1849 1075 1931 1111 ιιειι
1957 1069 2040 1112 tur
2078 1061 2300 1114 reddere
2341 1064 2633 1128 rationem,
2667 1067 2783 1119 ideo
2811 1068 2992 1122 dicunt
3023 1070 3235 1126 Citrile
3265 1076 3327 1126 ad
3358 1076 3440 1129 in-

1847 1151 1987 1205 feros
2011 1153 2401 1214 descendente.
2438 1156 2500 1207 iis
2529 1157 2617 1226 qui
2653 1160 2722 1210 ibi
2775 1159 2970 1212 inventi
3019 1173 3170 1224 sum,
3203 1164 3289 1216 illa
3318 1166 3435 1220 loca

1848 1244 2070 1312 pteialia
2120 1255 2365 1312 trniqnam
2410 1261 2655 1301 carceres
2704 1253 3030 1314 exinanitos,
3081 1255 3169 1322 qui
3203 1269 3435 1310 nouau-

1844 1334 2048 1389 dierant
2083 1337 2464 1405 Evangelinm,
2509 1341 2650 1408 quod
2705 1342 2810 1394 illis
2859 1344 3152 1398 viventibus
3196 1348 3431 1404 nondum

1845 1435 1954 1481 toto
1979 1430 2107 1482 orbe
2127 1432 2527 1496 prmdieabatur,
2561 1444 2614 1486 et
2632 1437 2800 1500 justas
2826 1434 3094 1489 habebant
3121 1452 3309 1493 causas
3335 1456 3434 1495 cur

1843 1533 1946 1571 non
1979 1519 2334 1574 credidisSt-nt
2357 1562 2371 1583 ,
2415 1523 2554 1591 quod
2584 1524 2663 1577 eis
2687 1541 2789 1577 non
2822 1524 2986 1578 fuerat
3020 1529 3383 1585 annuntiatunt
3413 1551 3430 1586 :

1842 1611 2096 1681 deinceps
2146 1624 2321 1667 autem
2376 1632 2479 1668 non
2529 1615 2807 1672 habituros
2855 1622 3285 1686 excusationem,
3339 1625 3434 1693 qui

1844 1705 2270 1772 pra-dicationem
2323 1706 2593 1776 Evangelii
2647 1724 2739 1777 per
2765 1725 2950 1763 omnes
2978 1724 3163 1780 gentes
3196 1714 3433 1769 celebra-

1843 1804 1945 1850 taxu
1977 1798 2326 1864 ditl'uSamque
2352 1812 2735 1865 euntenmunt;
2791 1813 2844 1856 et
2873 1803 2990 1856 ideo
3022 1806 3124 1857 illis
3155 1815 3277 1861 tunc
3301 1823 3433 1862 eva-

1839 1890 2008 1942 cuatis
2046 1892 2350 1945 carceribus
2393 1892 2499 1959 jam
2544 1893 2746 1961 justum
2775 1905 2976 1949 restare
2999 1895 3290 1964 judicium,
3323 1913 3431 1968 quo

1837 1991 2176 2034 eoutnutaces
2203 1991 2255 2036 et
2279 1984 2517 2036 iulideles
2546 1986 2705 2037 etiam
2738 1995 2939 2038 :eterno
2968 1988 3086 2054 igne
3119 1989 3427 2056 puniantur.

1837 2071 1943 2126 Nee
1970 2074 2248 2126 attendunt
2285 2077 2372 2144 qui
2422 2076 2520 2129 hoc
2546 2078 2778 2130 sentiunt
2806 2117 2820 2141 ,
2861 2077 2996 2132 hanc
3025 2081 3429 2136 excusationem

1840 2161 2035 2216 habere
2083 2180 2236 2231 posse
2281 2181 2467 2219 omnes
2497 2168 2584 2234 qui
2625 2171 2780 2220 etLam
2833 2179 2950 2235 post
2981 2171 3428 2226 resurrectionem

1835 2255 2031 2308 Christi
2073 2269 2352 2324 antequam
2379 2259 2443 2310 ad
2473 2274 2566 2312 eos
2615 2258 2954 2328 Evangelium
2993 2262 3325 2328 perveniret.
3358 2278 3427 2318 ex

1837 2348 1934 2400 hac
1965 2348 2065 2400 vita
2116 2350 2464 2416 emigrm'unt.
2521 2349 2700 2419 Neque
2731 2351 2872 2404 enim
2925 2361 3263 2421 posteaquam
3315 2353 3425 2407 Do-

1837 2439 2010 2490 minus
2051 2443 2303 2492 remeavit
2342 2440 2410 2492 ab
2438 2440 2646 2504 inferis,
2678 2457 2834 2493 nemo
2877 2443 3173 2511 permissus
3204 2453 3284 2497 est
3322 2444 3425 2499 ile-

1834 2545 1949 2582 rum
1985 2532 2060 2584 ire
2088 2531 2150 2584 ad
2183 2533 2412 2594 inferos,
2448 2533 2546 2584 nisi
2584 2535 2764 2586 audito
2812 2533 3132 2602 EValthliU,
3164 2549 3285 2588 eum
3317 2544 3426 2590 tam

1834 2622 1982 2674 ttltlili
2013 2634 2347 2676 morerentur
2378 2634 2488 2675 toto
2518 2623 2646 2676 orbe
2697 2636 2986 2685 terrarum,
3032 2635 3312 2694 antequam
3355 2627 3426 2680 ad

1833 2727 1926 2765 eos
1957 2713 2068 2765 hec
2101 2715 2433 2766 aunumiatio
2467 2715 2798 2782 perveniret;
2827 2715 2914 2783 qui
2946 2731 3132 2768 omnes
3155 2717 3424 2770 habebunt

1833 2804 2248 2868 excusationem,
2284 2821 2401 2873 qua:
2428 2805 2600 2856 ablata
2630 2803 2824 2858 dicitur
2852 2804 2931 2858 eis
2952 2806 3141 2872 quibus
3173 2805 3425 2860 Dominus

1834 2909 1955 2946 cum
1985 2895 2248 2956 venisset,
2290 2896 2410 2964 quia
2455 2907 2578 2949 ante
2623 2912 2724 2949 non
2770 2895 3084 2964 audierant,
3132 2898 3184 2951 in
3216 2897 3424 2952 inferno

1834 2987 2026 3040 dicitur
2055 2988 2391 3055 pra-dicasse.

1907 3080 1991 3132 15.
2023 3078 2128 3131 Νιδί
2161 3079 2296 3132 forte
2325 3079 2532 3132 dicatur
2568 3081 2726 3134 etiam
2756 3080 2884 3133 istos
2915 3081 3002 3149 qui
3051 3091 3167 3150 post
3213 3081 3425 3137 Domini

1835 3173 2275 3227 resurrectionem
2302 3215 2316 3235 ,
2369 3175 2602 3226 nondum
2649 3174 2746 3226 sibi
2781 3176 3094 3226 annuntiato
3139 3175 3425 3245 Evangelia

1834 3265 2026 3318 mortui
2056 3273 2211 3322 sunt.
2242 3265 2352 3317 sive
2399 3266 2732 3328 mminntnr,
2765 3265 2870 3318 illic
2898 3265 3034 3333 apud
3079 3263 3278 3319 inferos
3323 3283 3425 3320 au-

1833 3355 1947 3409 dire
1977 3356 2212 3424 potniSse
2246 3359 2322 3408 vel
2345 3372 2521 3424 posse,
2552 3367 2608 3409 ut
2641 3356 2746 3409 illic
2768 3357 2988 3409 credant
3008 3357 3145 3425 quod
3175 3357 3240 3412 de
3269 3357 3429 3412 Chri-

1832 3448 1898 3500 sti
1923 3449 2138 3501 veritate
2177 3449 2500 3502 credemlum
2527 3458 2642 3513 est,
2677 3460 2729 3502 et
2763 3451 2993 3501 habeant
3019 3451 3178 3502 etiam
3215 3449 3311 3518 ipsi
3339 3466 3427 3504 re-

1834 3541 2140 3594 missionem
2172 3559 2232 3592 ac
2260 3543 2485 3594 salutem
2512 3581 2524 3601 ,
2559 3557 2715 3608 quam
2763 3539 2834 3591 illi
2885 3550 3193 3592 meruerunt
3233 3539 3426 3609 quibus

1835 3632 1902 3686 ibi
1955 3633 2194 3686 Christus
2253 3633 2585 3685 :mnuntiavit
2657 3629 2842 3701 Neque
2889 3634 3029 3686 enim
3076 3634 3193 3703 quia
3243 3649 3426 3691 rursus

1833 3725 2071 3777 ascendit
2107 3725 2350 3778 Christus
2387 3725 2454 3776 ah
2487 3724 2698 3785 inferis.
2733 3723 2852 3777 ideo
2889 3725 2956 3776 ibi
2995 3725 3132 3779 tanta
3162 3725 3278 3795 ejus
3303 3741 3428 3781 exs-

1835 3814 1992 3868 tincta
2028 3826 2141 3879 est;
2172 3831 2291 3867 nam
2322 3825 2371 3867 et
2403 3815 2523 3868 hinc
2552 3815 2792 3868 ascendit
2821 3815 2870 3868 in
2912 3818 3102 3870 (ωξιιιιι
3125 3857 3139 3881 ,
3166 3828 3219 3871 et
3246 3827 3425 3873 tamen

1832 3905 1946 3973 ejus
1985 3906 2422 3971 annuntiatiune,
2465 3906 2553 3974 qui
2603 3906 2653 3958 in
2707 3921 2826 3959 eum
2876 3908 3238 3973 crediderint,
3291 3911 3426 3964 salvi

1833 4007 2006 4048 erunt.
2058 3997 2180 4050 Ideo
2227 3997 2419 4066 quippe
2460 3997 2721 4047 exaltatus
2746 4003 2858 4058 est,
2907 4007 2954 4048 et
2986 3996 3236 4049 donatum
3265 4009 3345 4050 est
3372 3995 3425 4054 (ἰ

1835 4105 2026 4141 neuneu
2063 4089 2202 4156 quod
2237 4098 2315 4141 est
2357 4103 2518 4154 super
2542 4103 2700 4140 omne
2751 4102 2980 4149 nomen,
3031 4099 3079 4139 ut
3125 4089 3176 4138 in
3210 4089 3425 4143 nomine

1833 4181 1946 4248 (‘jtts
1975 4195 2132 4234 ou.ne
2176 4197 2312 4250 genu
2357 4181 2629 4243 ﬂectatur,
2684 4193 2787 4231 non
2840 4179 3011 4230 solum
3042 4181 3336 4234 caelestium
3368 4193 3424 4237 et

1835 4273 2163 4325 terrestriun
2188 4315 2200 4336 ,
2234 4288 2414 4325 verum
2443 4271 2604 4323 etiam
2638 4271 2958 4323 inl'ernorum
2992 4271 3243 4343 (Philipp.
3274 4289 3331 4339 It,
3364 4276 3422 4340 9,

1838 4365 1944 4433 10).
1976 4363 2080 4417 Sed
2129 4365 2263 4416 hatu;
2296 4363 2598 4431 opinionem
2629 4362 2670 4414 si
2716 4361 3043 4414 admittimus
3068 4404 3082 4426 ,
3116 4380 3215 4432 qua
3250 4367 3424 4431 putari

1834 4465 2004 4525 pulCSl
2031 4499 2045 4520 ,
2090 4455 2366 4521 homines,
2411 4455 2498 4524 qui
2529 4471 2648 4506 cum
2685 4457 2954 4518 viverent,
2998 4458 3214 4510 minime
3248 4458 3424 4513 credi.

1831 4549 2051 4606 derum.
2084 4562 2238 4615 posse
2265 4549 2314 4598 in
2347 4545 2616 4600 Christum
2639 4547 2774 4614 apud
2809 4545 3004 4598 inferos
3030 4548 3269 4611 credere,
3299 4551 3421 4617 quis

1833 4643 1964 4695 ferat
1987 4656 2106 4709 qua:
2129 4648 2531 4708 consequuntur
2558 4638 2784 4691 absurda
2807 4678 2821 4701 ,
2854 4639 3078 4706 fideique
3106 4644 3370 4697 eoetraria
3393 4641 3420 4692 ?

1833 4735 2086 4794 l‘rumnn,
2122 4750 2186 4786 ne
2214 4736 2403 4786 frustra
2433 4731 2613 4785 dolere
2645 4731 2917 4784 videamur
2947 4747 3039 4784 eos
3058 4733 3145 4800 qui
3173 4733 3285 4784 sine
3314 4732 3418 4789 ista

1830 4829 1994 4896 gratia
2021 4829 2087 4878 de
2115 4842 2336 4894 Corpore
2367 4824 2640 4890 exierunt,
2675 4826 2970 4893 frustraque
2998 4841 3176 4877 eut'am
3201 4841 3416 4893 gerere,

1831 4930 1986 4987 atque
2019 4919 2276 4970 instanter
2323 4916 2520 4968 hortari
2564 4927 2619 4968 ut
2662 4931 2776 4969 eam
2828 4915 3066 4968 homines
3110 4921 3418 4985 priusquam

1833 5013 2126 5065 moriantur
2159 5009 2476 5079 percipiant,
2523 5025 2588 5062 ne
2620 5009 2938 5077 sempiterna
2986 5019 3154 5060 morte.
3196 5011 3422 5077 punian-

1833 5116 1934 5158 tur.
1985 5107 2087 5157 Ant
2117 5104 2159 5156 si
2201 5103 2273 5156 illi
2305 5113 2504 5154 tantum
2549 5101 2686 5170 apud
2737 5102 2929 5154 inferos
2961 5102 3214 5155 inutiliter
3260 5117 3421 5171 atque

1832 5197 2155 5251 infructuose.
2196 5197 2438 5258 credunt,
2489 5195 2574 5262 qui
2627 5193 2912 5262 Evangelio
2956 5194 3054 5247 sibi
3105 5196 3420 5249 :mnnntiato

1831 5291 1916 5344 hic
1945 5290 2164 5344 credere
2197 5290 2513 5351 noluerunt;
2558 5287 2660 5339 illis
2694 5297 2869 5340 autem
2901 5288 3131 5356 proderit
3161 5290 3416 5352 credere,

1827 5386 1916 5456 qui
1951 5400 2052 5438 non
2094 5384 2179 5437 hic
2206 5389 2640 5448 contempserunt
2678 5380 2816 5448 quud
2845 5382 3029 5434 audire
3073 5381 3288 5433 minime
3317 5395 3415 5448 po-

1830 5489 2071 5539 tuerunt;
2113 5475 2254 5530 aliud
2306 5475 2544 5544 sequitur
2586 5473 2898 5539 absurdius,
2961 5485 3010 5526 ut
3061 5473 3143 5524 hic
3189 5489 3291 5525 non
3347 5472 3423 5526 sit.

1831 5571 2176 5640 livangelinm
2229 5565 2656 5636 przedirandum,
2708 5567 2952 5634 quoniam
2999 5579 3186 5617 onrues
3235 5565 3417 5632 utique

1831 5662 2071 5716 tum-ituri
2113 5669 2268 5720 sunt,
2302 5669 2354 5709 et
2395 5658 2509 5711 sine
2561 5658 2669 5709 ullo
2709 5665 2855 5711 reatu
2903 5656 3188 5723 COtttemp'i
3240 5655 3417 5709 Evan-

1829 5754 1948 5824 gelii
1977 5751 2156 5804 venire
2183 5749 2245 5801 ad
2279 5750 2327 5801 in
2348 5751 2472 5802 ἰιι-υς
2494 5749 2719 5810 debent,
2753 5762 2804 5800 ut
2840 5747 2917 5800 eis
2940 5747 3192 5816 pl't)til,';~SC
3224 5749 3409 5816 possit,

1829 5861 1949 5900 cum
1977 5844 2044 5898 ibi
2061 5840 2382 5897 crediderint
2404 5857 2415 5892 :
2439 5839 2578 5910 quod
2601 5841 2818 5901 s:-nt5r-,
2846 5838 3018 5906 impne
3043 5840 3286 5893 vanitatis
3306 5845 3411 5897 est.

2637 5931 3142 6012 (i’ingt-trois.)
