4004 6382
588 384 688 440 715

655 495 883 551 CAPUT
909 495 967 549 ν.
989 525 1058 549 -τ-
1075 495 1157 552 14.
1176 491 1527 560 Quamobrem
1551 501 1822 548 teneamus
1840 494 2158 561 firmissime,

587 589 726 656 quod
775 588 909 642 ﬁdes
948 588 1103 641 habet
1152 586 1514 641 fundatissima
1561 589 1874 642 auctoritate
1925 589 2158 655 lirtnata,

589 678 719 743 Quia
736 676 966 733 Christus
989 689 1211 734 mortuus
1238 688 1310 730 est
1330 677 1604 730 secundum
1634 678 1948 746 Scripturas,
1977 690 2022 732 et
2043 679 2161 750 quia

585 772 808 839 sepultus
835 781 927 838 est,
956 781 1000 824 et
1024 772 1140 839 quia
1159 773 1424 824 resurrexit
1454 773 1600 825 tertia
1623 773 1704 824 die
1720 774 1996 826 sectandum
2020 775 2164 828 Scri-

589 844 765 928 ptura:
793 860 836 928 (l
871 858 986 912 Cor.
1021 875 1113 922 xv,
1143 861 1194 917 '5.
1225 859 1280 929 4)
1301 901 1314 921 ,
1347 870 1398 914 et.
1424 872 1613 914 castora
1640 879 1758 930 qua:
1783 863 1849 915 dc
1876 863 1968 916 illo
1998 873 2160 917 testa-

586 952 788 1005 tissitna
813 952 1030 1004 veritate
1062 952 1354 1022 conscripta
1385 962 1543 1006 sunt:
1578 954 1627 1006 in
1659 955 1848 1023 quibus
1870 957 2027 1010 etiam
2060 953 2161 1008 hoc

585 1052 662 1094 est
691 1083 705 1107 ,
746 1039 882 1109 quod
913 1040 1051 1108 apud
1084 1041 1282 1096 inferas
1308 1041 1430 1105 fuit,
1467 1042 1757 1113 SolttliSqttu
1793 1059 1973 1098 eorum
2003 1044 2158 1098 dolo-

581 1131 728 1186 ribus
757 1132 946 1201 quibus
993 1149 1112 1186 cum
1141 1142 1254 1187 erat
1299 1133 1621 1203 impossibile
1663 1137 1864 1201 teneri,
1911 1135 2160 1206 aquibus

581 1221 742 1276 etiam
772 1231 916 1275 recte
960 1223 1269 1292 intelligitur
1307 1223 1529 1277 solvisse
1548 1233 1600 1277 et
1632 1224 1883 1279 liberasse
1912 1241 2045 1294 quos
2068 1242 2162 1278 vo-

578 1310 712 1377 luit,
761 1327 954 1381 corpus
983 1313 1121 1379 quod
1172 1313 1222 1366 in
1261 1329 1422 1370 cruce
1465 1314 1751 1383 reliquerat
1800 1317 1850 1370 in
1910 1319 2153 1386 sepulcro

576 1405 806 1469 positum
855 1404 1139 1473 reet-pisse.
1188 1405 1242 1458 In
1274 1405 1368 1458 illa
1399 1421 1522 1458 vero
1560 1423 1716 1475 quam
1748 1411 2063 1477 proposuisti
2092 1409 2160 1464 de

577 1493 754 1548 verbis
797 1495 936 1549 Patri
981 1496 1200 1563 apostoli
1250 1497 1571 1564 quazstione,
1620 1499 1866 1567 quoniatn
1913 1515 2030 1568 qua:
2075 1515 2159 1555 me

575 1593 828 1640 moveant
856 1587 1136 1656 per-picis,
1169 1596 1221 1639 et
1249 1588 1350 1642 alia
1383 1585 1638 1651 fortasse,
1671 1591 1715 1643 si
1749 1590 2048 1659 diligentius
2076 1591 2157 1645 di-

577 1678 904 1739 sentiantur,
957 1687 1176 1746 possunt
1222 1695 1466 1743 movere;
1516 1681 1593 1734 vel
1620 1682 1757 1763 apud
1785 1697 1881 1736 nos
1922 1697 1985 1736 ea
2015 1683 2158 1752 cogi-

577 1769 767 1833 tando,
801 1770 878 1822 vel
910 1784 1042 1838 quos
1065 1769 1279 1839 dignum
1307 1778 1387 1824 est
1411 1780 1463 1825 et
1491 1787 1770 1840 possumus
1793 1773 2118 1828 consulendo
2137 1814 2152 1838 ,

576 1874 897 1928 qtueramus.

650 1950 737 2003 l5.
769 1949 1056 2004 Considera
1088 1960 1264 2004 tamen
1299 1967 1363 2004 ne
1394 1951 1527 2006 forte
1560 1960 1722 2006 totum
1756 1953 1882 2007 illud
1923 1954 2061 2021 qnnd
2088 1954 2156 2008 de

576 2042 840 2097 conclusis
871 2043 922 2095 in
955 2058 1168 2096 carca're
1198 2043 1490 2111 Spiritibus,
1513 2043 1601 2112 qui
1627 2044 1675 2096 in
1701 2045 1887 2100 diebus
1915 2045 2025 2099 Noe
2049 2061 2155 2100 non

576 2134 941 2199 crediderant,
971 2133 1158 2186 Petrus
1182 2133 1453 2204 apostolus
1491 2134 1648 2196 dicit,
1677 2136 1894 2189 etnnino
1923 2136 1986 2189 ad
2019 2135 2156 2191 infe-

573 2240 664 2280 ros
691 2241 790 2276 non
816 2224 1110 2292 pertineat;
1135 2223 1227 2278 sed
1252 2222 1317 2277 ad
1351 2224 1437 2278 illa
1473 2226 1645 2293 potius
1669 2235 1901 2294 tempora
1930 2242 2152 2294 quorum

572 2315 796 2368 fortnam
831 2313 896 2367 ad
937 2313 1049 2367 lucc
1094 2324 1334 2382 tempora
1380 2317 1661 2368 transtulit.
1705 2314 1798 2369 llla
1828 2317 2024 2386 quippe
2069 2332 2155 2371 res

574 2413 722 2473 gesta
754 2402 920 2457 forma
965 2404 1135 2458 fuerat
1173 2403 1506 2469 futurorum,
1559 2416 1613 2459 ut
1645 2406 1676 2459 ii
1727 2408 1814 2477 qui
1860 2407 2016 2460 modo
2048 2423 2154 2462 non

575 2495 800 2548 credunt
844 2494 1129 2565 Evangelia
1148 2536 1163 2560 ,
1207 2495 1332 2550 dum
1361 2497 1412 2550 itt
1439 2497 1684 2552 omnibus
1711 2498 1956 2567 gentibus
1987 2498 2154 2554 aedili-

574 2597 726 2642 catnr
755 2587 1031 2652 Ecclesia,
1066 2588 1168 2642 illis
1219 2587 1574 2658 intelligantur
1621 2605 1741 2644 esse
1784 2591 2016 2658 similes,
2061 2592 2154 2662 qui

574 2687 702 2733 tunc
727 2694 829 2732 non
861 2678 1202 2733 crediderunt
1226 2693 1346 2732 cum
1379 2679 1722 2734 fabricaretnr
1759 2696 1878 2734 arca
1905 2698 1918 2734 :
1948 2682 2021 2734 illi
2056 2697 2153 2736 au-

581 2777 687 2822 tem
714 2768 802 2838 qui
829 2769 1166 2822 crediderunt
1187 2809 1199 2829 ,
1250 2779 1302 2822 et
1340 2783 1438 2840 per
1465 2769 1788 2838 Baptismmn
1828 2772 1960 2826 salvi
1989 2772 2150 2841 fiunt,

572 2858 678 2913 illis
703 2869 1107 2928 comparentur,
1137 2858 1225 2929 qui
1263 2866 1387 2912 tunc
1418 2859 1471 2912 in
1496 2859 1680 2913 eadem
1720 2876 1840 2914 arca
1868 2863 1997 2917 salvi
2027 2862 2152 2918 facti

572 2958 697 3002 sunt
738 2963 832 3017 per
868 2963 1092 3018 aquam;
1145 2950 1284 3004 unde
1325 2950 1430 3014 ait,
1480 2951 1568 3004 Sic
1596 2961 1641 3004 et
1676 2968 1760 3006 vos
1796 2951 1949 3007 simili
1989 2957 2154 3024 forma

573 3037 835 3108 Baptisma
860 3040 1024 3092 salvos
1049 3039 1191 3109 facit.
1233 3040 1313 3094 Ad
1353 3039 1488 3096 banc
1515 3041 1671 3112 igitur
1699 3042 1884 3098 forma:
1902 3045 2150 3100 similitu-

573 3128 788 3195 dinem,
835 3141 1028 3186 cmtera
1068 3131 1226 3185 etiam
1268 3132 1335 3187 de
1379 3132 1664 3188 incredulis
1703 3146 2045 3204 eoaptemus,
2098 3145 2153 3192 et

571 3235 679 3272 non
725 3218 1058 3288 suspicemur
1089 3221 1229 3292 quod
1272 3223 1410 3291 apud
1455 3224 1653 3280 inferos
1681 3226 1747 3280 ad
1795 3226 2062 3284 faciendos
2091 3227 2151 3283 li-

571 3311 720 3366 deles
747 3320 908 3381 atque
947 3311 1248 3372 liberandos
1276 3312 1618 3385 Evangelium
1665 3317 2003 3388 praedicatum
2041 3319 2146 3390 sit,

568 3402 652 3455 vel
679 3402 850 3456 adhuc
881 3401 1039 3456 etiam
1068 3402 1418 3474 praedicetur,
1448 3406 1596 3473 quasi
1627 3415 1680 3458 et
1715 3405 1788 3462 ibi
1815 3407 1884 3461 sit
1911 3408 2149 3466 Ecclesia

568 3494 876 3548 constituta.

643 3585 723 3641 16.
758 3585 838 3640 Ad
883 3585 1029 3640 illum
1056 3600 1183 3654 ergo
1207 3601 1419 3641 sensum
1459 3587 1547 3656 qui
1587 3596 1638 3641 te
1678 3597 1889 3656 movet,
1923 3589 2042 3644 ideo
2074 3578 2148 3646 vi-

571 3677 766 3730 dentur
793 3677 1000 3731 attracti
1030 3679 1118 3747 qui
1145 3677 1247 3732 hoc
1273 3678 1485 3732 Petrum
1515 3679 1748 3734 sensisse
1773 3681 2142 3752 crediderunt,

567 3768 692 3838 quia
715 3767 863 3832 dixit,
892 3768 1154 3823 conclusis
1181 3768 1236 3823 in
1257 3784 1469 3824 earcere
1488 3771 1760 3840 spiritibus
1787 3774 2146 3843 przedicatum,

566 3858 718 3928 quasi
743 3859 933 3911 anima:
970 3874 1076 3912 non
1119 3860 1320 3928 possint
1351 3859 1566 3931 intelligi
1595 3863 1842 3936 spiritus,
1873 3880 1991 3934 qua:
2025 3874 2147 3920 tunc

564 3957 718 4003 erant
744 3948 794 4002 in
817 3964 1010 4016 carne,
1057 3958 1215 4018 atque
1243 3951 1550 4019 ignorantiae
1590 3954 1823 4008 tenebris
1852 3955 1991 4008 velut
2028 3971 2146 4010 car-

563 4055 686 4096 cere
721 4040 1128 4107 claudebantur;
1160 4041 1226 4097 de
1264 4043 1406 4112 quali
1433 4059 1651 4100 carcere
1693 4061 1750 4101 se
1777 4046 2045 4103 desiderat
2079 4049 2144 4103 li-

563 4130 738 4188 berari
769 4133 858 4188 ille
888 4133 976 4202 qui
1003 4133 1165 4200 dicit,
1197 4131 1346 4188 Educ
1383 4135 1446 4188 de
1473 4152 1671 4193 carcere
1701 4139 1919 4192 animam
1945 4156 2139 4210 meam,

562 4231 619 4276 ut
659 4225 958 4292 conﬁteatur
996 4226 1188 4280 nomini
1213 4233 1299 4280 tuo
1328 4225 1496 4300 (Psal.
1526 4243 1686 4293 cxu,
1735 4230 1826 4301 8);
1858 4247 1976 4301 quae
2016 4231 2140 4296 alibi

562 4315 751 4395 umbra
801 4317 988 4369 mortis
1029 4317 1326 4386 appellatur
1355 4337 1366 4371 :
1399 4319 1466 4374 de
1508 4337 1612 4390 qua
1644 4336 1745 4376 non
1791 4325 1968 4392 utique
1997 4323 2138 4395 apud

562 4389 796 4466 inferos,
844 4406 936 4459 Sed
983 4405 1066 4460 hic
1110 4407 1314 4462 liberati
1363 4389 1620 4475 snnt,de
1664 4411 1853 4480 quibus
1883 4389 2138 4484 scriptum

559 4503 671 4558 est,
703 4495 799 4560 Qui
818 4494 1051 4549 sedebant
1076 4497 1127 4550 iu
1153 4498 1326 4551 umbra
1350 4498 1555 4565 mortis,
1589 4500 1754 4554 lumen
1775 4512 1942 4567 ortum
1971 4512 2044 4556 est
2069 4505 2138 4560 eis

560 4585 712 4661 (Isai.
743 4604 814 4652 ιι,
837 4588 915 4659 9.).
941 4589 1046 4646 Illis
1065 4601 1241 4644 autem
1284 4591 1334 4644 in
1369 4590 1555 4646 diebus
1577 4592 1688 4648 Noe
1714 4593 1904 4652 frustra
1945 4598 2135 4666 prmdi-

557 4688 734 4742 catum
765 4690 844 4734 est
869 4721 882 4743 ,
926 4679 1047 4750 quia
1090 4695 1196 4735 non
1222 4681 1590 4748 crediderunt,
1635 4699 1755 4738 cum
1802 4697 2135 4756 esspcctaret

556 4757 653 4824 eos
695 4771 782 4825 Dei
831 4771 1083 4840 patientia
1123 4786 1217 4840 per
1263 4780 1470 4841 tempus
1499 4783 1575 4828 tot
1603 4776 1618 4805 ί
1649 4791 1904 4831 annorum
1943 4780 2134 4849 quibus

552 4875 678 4918 arca
708 4862 894 4917 eadem
935 4863 1181 4918 fabricata
1207 4873 1288 4917 est
1319 4869 1462 4930 (nam
1506 4865 1621 4935 ejus
1657 4870 1815 4924 etiam
1863 4871 2132 4928 fabricatio

555 4952 951 5022 quodammodo
979 4955 1284 5024 przedictttio
1314 4957 1449 5026 fuit);
1478 4959 1612 5012 sicut
1634 4961 1788 5014 modo
1817 4963 2017 5019 similes
2041 4981 2105 5020 eo

554 5059 673 5097 rum
701 5060 803 5096 non
830 5045 1052 5099 credunt
1070 5087 1085 5112 ,
1115 5047 1204 5116 qui
1247 5048 1348 5103 sub
1367 5049 1553 5104 eadem
1585 5049 1748 5105 forma
1767 5095 1780 5118 ,
1824 5053 2130 5123 ignorantiae

555 5132 790 5187 tenebris
821 5133 961 5187 velut
985 5150 1197 5190 carcere
1222 5139 1618 5204 concluduntur,
1652 5141 1836 5196 frustra
1865 5145 2128 5204 intuentes

555 5225 847 5279 Ecclesiam
893 5234 1002 5280 toto
1030 5228 1223 5282 mundo
1252 5231 1484 5285 construi
1510 5272 1525 5296 ,
1558 5231 1864 5290 innninente
1884 5236 2086 5304 judicio
2109 5281 2123 5307 ,

553 5324 800 5385 tanquam
830 5318 1028 5371 diluvio
1055 5335 1160 5388 quo
1181 5330 1304 5374 tunc
1329 5339 1515 5377 otnnes
1538 5323 1789 5379 increduli
1814 5328 2120 5397 perierunt:

549 5408 623 5476 ait
653 5409 847 5479 quippe
885 5409 1168 5475 Dominus,
1203 5411 1344 5464 Sicut
1383 5413 1433 5466 iu
1464 5414 1637 5467 diebus
1668 5414 1808 5477 Noe,
1853 5418 1923 5472 ita
1960 5422 2052 5474 erit
2081 5431 2124 5476 et

549 5495 602 5552 tn
629 5501 800 5554 diebus
829 5499 952 5554 Filii
977 5501 1208 5555 hominis.
1236 5501 1611 5558 Manducabant
1632 5549 1644 5572 ,
1685 5505 1942 5576 bibebant,
1971 5514 2122 5568 nube-

551 5589 669 5642 baut
691 5633 704 5652 ,
736 5608 913 5644 uxores
954 5591 1228 5655 ducebant,
1259 5593 1416 5648 donec
1455 5595 1654 5649 intravit
1681 5596 1790 5651 Noe
1829 5600 1879 5654 in
1914 5618 2120 5671 arcam;

550 5681 678 5732 venit
703 5682 975 5744 diluvium,
1021 5692 1066 5736 et
1105 5684 1319 5750 perdidit
1345 5702 1513 5740 omnes
1537 5685 1683 5755 (Luc.
1716 5707 1820 5746 xvu
1843 5736 1854 5752 .
1878 5694 1989 5763 26).
2016 5679 2116 5752 Sed

616 5791 627 5817 ¹
653 5789 758 5836 Bad.
788 5801 884 5838 Am.
914 5801 963 5840 et
986 5800 1078 5852 En,
1105 5810 1188 5858 per
1211 5803 1390 5861 tempus
1413 5804 1598 5848 centum
1623 5814 1868 5854 (uiuorum.

1791 382 1844 437 S.
1878 380 2241 440 AUCUSTINI
2278 383 2576 440 EPISCOPI
3684 400 3765 460 7l6

2268 496 2387 563 quia
2415 511 2475 548 ea
2508 510 2591 549 res
2611 506 2754 564 gesta
2776 503 2936 552 etiam
2961 496 3189 553 futuram
3216 515 3325 555 rem
3344 503 3649 569 significabat.
3671 512 3762 570 ideo

2270 584 2337 637 ibi
2368 585 2618 638 diluvium
2641 626 2656 650 ,
2703 595 2757 639 et
2781 586 3108 656 B-IllllSIItllln
3137 590 3438 658 signiticav-it
3473 597 3703 663 lldelibus,
3727 613 3768 660 et

2269 677 2565 732 infidelibus
2595 689 2804 747 pinnam
2831 697 2842 730 :
2875 680 3012 734 sicut
3041 680 3090 735 in
3120 683 3281 751 figura
3304 701 3401 738 non
3427 687 3493 738 rei
3515 700 3672 757 gestae,
3696 695 3770 750 sed

2271 769 2632 821 tantummodo
2649 770 2821 834 dieue,
2847 771 2981 838 quod
3005 770 3073 824 de
3102 771 3276 839 lapide
3288 778 3524 843 scriptmn
3544 792 3614 833 est
3639 781 3770 851 (Pint.

2270 858 2554 924 cxvn.9.2;
2589 859 2715 914 lsai.
2751 876 2841 913 vnt
2866 901 2880 925 ,
2920 863 2999 924 l4,
3029 872 3074 915 et
3106 879 3293 926 xxvut,
3328 866 3420 930 l6;
3464 867 3585 924 Dan.
3610 887 3669 933 tt,
3693 875 3773 942 5i,

2267 951 2366 1012 45;
2397 949 2582 1004 Matth.
2607 967 2719 1013 χχι,
2751 951 2854 1014 ιὼς
2890 951 3013 1006 Luc.
3047 969 3145 1016 xx,
3177 956 3234 1008 l7
3261 971 3275 1020 ;
3309 956 3414 1010 Act.
3441 974 3520 1022 tv,
3550 961 3631 1026 ll;
3658 962 3776 1019 llam.

2269 1055 2321 1093 ις
2344 1081 2360 1106 ,
2387 1043 2484 1104 55,
2511 1043 2660 1110 etc.),
2694 1057 2799 1111 quo
2818 1045 3144 1112 siguilicatus
3164 1056 3246 1100 est
3276 1047 3532 1117 Cltrisuts,
3558 1051 3650 1104 duo
3669 1072 3778 1122 qua)-

2268 1129 2387 1182 dam
2411 1133 2756 1197 prarnuntiata
2779 1144 2896 1187 sunt
2917 1174 2933 1200 ,
2957 1145 3005 1188 et
3033 1135 3329 1190 infidelibus
3348 1139 3689 1196 offendiculum
3707 1186 3720 1208 ,
3741 1156 3782 1202 et

2268 1220 2508 1276 ﬁdelibus
2535 1223 2834 1277 aedilicium.
2867 1225 3164 1294 Aliquando
3194 1237 3368 1282 autem
3395 1229 3443 1283 in
3467 1231 3632 1285 eadem
3653 1239 3781 1304 tigun

2268 1313 2347 1365 vel
2377 1325 2520 1381 gesta
2556 1315 2640 1368 vel
2681 1315 2817 1368 dicta
2839 1353 2854 1378 ,
2882 1316 3042 1369 etiam
3083 1316 3200 1370 dua:
3226 1333 3311 1372 res
3335 1319 3524 1388 aliquid
3567 1338 3702 1377 unum
3724 1326 3781 1378 si-

2266 1403 2546 1473 gniﬁcant;
2596 1405 2730 1460 sicut
2776 1407 2961 1462 lidclcs
2995 1408 3421 1476 signiticaveruut
3465 1411 3588 1480 ligna
3626 1430 3722 1482 qnte
3743 1416 3783 1472 in

2265 1510 2401 1548 arc-t:
2421 1493 2670 1552 fabricam
2698 1508 2937 1567 coaptata
2963 1509 3107 1565 sunt,
3127 1500 3448 1571 eosdemque
3464 1505 3608 1558 etiam
3634 1507 3786 1564 animat

2265 1595 2388 1639 octo
2413 1602 2530 1653 qua:
2579 1587 2628 1640 in
2661 1588 2844 1643 eadem
2875 1605 2996 1644 arca
3031 1591 3264 1646 liberant:
3301 1602 3461 1647 sunt:
3491 1613 3634 1664 qtmnt
3657 1599 3722 1650 -t|o
3745 1600 3786 1657 in

2266 1675 2353 1729 illa
2383 1677 2685 1746 evangelica
2717 1680 3058 1736 similitudine
3086 1682 3152 1735 de
3173 1683 3329 1748 ovili,
3379 1684 3510 1738 idem
3539 1687 3638 1756 ipse
3663 1686 3785 1742 Chri-

2264 1776 2379 1823 stus
2403 1779 2486 1824 est
2513 1779 2569 1824 et
2597 1781 2773 1840 pastor
2797 1781 2849 1826 et
2871 1772 3030 1840 jauna
3061 1773 3238 1844 (Joau.
3269 1790 3325 1835 ι,
3358 1775 3408 1841 1,
3438 1776 3512 1847 2).

2333 1860 2558 1917 CAPUT
2592 1863 2770 1916 Vl.—-
2797 1865 2880 1918 Π.
2934 1865 3043 1922 Nec
3087 1877 3295 1920 moveat
3341 1867 3406 1921 ad
3451 1869 3788 1938 impediendum

2263 1951 2418 2005 istum
2444 1953 2801 2018 intellectum,
2830 1957 2968 2024 quod
2999 1957 3526 2014 eumdemerislum
3552 1961 3669 2014 ditit
3690 1977 3790 2032 apo-

2263 2043 2429 2094 stolus
2468 2043 2654 2098 Petrus
2677 2046 2991 2114 praedicasse
3019 2047 3122 2102 illis
3148 2049 3198 2102 in
3225 2064 3441 2104 carcere
3465 2053 3703 2104 conclusis
3723 2053 3788 2122 qui

2262 2133 2526 2200 quondam
2550 2151 2653 2187 non
2675 2135 3011 2190 crediderant
3035 2139 3085 2191 in
3112 2137 3301 2194 diebus
3331 2138 3470 2206 Noe,
3499 2150 3550 2195 ut
3582 2141 3688 2196 ideo
3709 2159 3791 2198 non

2262 2223 2580 2279 arbitremur
2607 2225 2706 2280 hoc
2729 2228 3129 2298 intelligendum
3163 2232 3284 2301 quia
3321 2233 3410 2286 illo
3437 2242 3656 2303 tempore
3683 2224 3790 2289 nuu-

2262 2314 2386 2368 dum
2414 2328 2631 2372 venerat
2659 2319 2920 2377 Christus.
2961 2321 3202 2376 Nondum
3229 2324 3373 2377 enim
3401 2333 3608 2380 vent-rat
3633 2326 3794 2385 scilimt

2263 2404 2315 2461 in
2347 2423 2508 2463 carne
2534 2450 2549 2473 ,
2582 2411 2720 2466 sicut
2760 2415 2903 2467 venit
2923 2413 3134 2484 quando
3166 2425 3283 2485 post
3315 2415 3428 2471 lucc
3454 2417 3503 2471 in
3534 2427 3659 2472 terra
3683 2419 3794 2472 visus

2262 2509 2344 2553 est
2364 2539 2380 2565 ,
2413 2509 2468 2556 et
2509 2518 2628 2556 cum
2660 2501 2962 2560 hominibus
2989 2516 3337 2561 conversatus
3361 2515 3442 2561 est
3486 2505 3688 2578 (Baraclt
3723 2523 3794 2574 ιιι,

2262 2590 2388 2662 58);
2420 2602 2782 2650 verumtamen
2827 2596 2894 2648 ab
2925 2595 3074 2650 initio
3115 2599 3330 2667 generis
3375 2597 3613 2666 humani,
3640 2598 3709 2652 vel
3745 2597 3794 2656 ad

2260 2683 2778 2752 arguendosutalos,
2825 2688 2960 2742 sicut
2984 2688 3049 2742 ad
3097 2687 3340 2752 Cain,ae
3386 2690 3527 2758 prius
3568 2691 3627 2744 ad
3659 2691 3796 2760 ipsum

2261 2775 2428 2829 Adam
2473 2793 2796 2848 uxoremque
2827 2779 2978 2849 ejus;
3030 2782 3112 2834 vel
3156 2781 3220 2834 ad
3258 2782 3606 2837 consolandus
3634 2782 3794 2848 bonos,

2259 2865 2344 2920 vel
2369 2866 2434 2920 ad
2461 2877 2708 2938 utrosque
2738 2870 3120 2937 adntonettdos,
3151 2883 3203 2927 ut
3229 2873 3322 2926 alii
3353 2873 3419 2928 ad
3447 2875 3655 2928 salutem
3679 2888 3796 2928 suam

2259 2958 2574 3024 crederent,
2598 2959 2686 3012 alii
2714 2960 2778 3013 ad
2806 2976 3018 3032 pmuatu
3046 2978 3194 3020 suam
3236 2980 3350 3020 non
3385 2966 3682 3031 crederent,
3709 2966 3796 3035 ipse

2259 3048 2442 3118 utique
2479 3065 2583 3103 non
2617 3049 2668 3104 in
2695 3065 2894 3120 carne,
2938 3054 3030 3110 sed
3076 3052 3127 3110 in
3171 3055 3365 3124 Spiritu
3404 3055 3664 3121 veniebat,
3698 3055 3797 3112 visis

2257 3140 2506 3209 congruis
2531 3142 2826 3210 alloquens,
2854 3145 3242 3213 qttosvolebat,
3275 3149 3416 3204 sicut
3443 3147 3652 3204 volebat.
3678 3146 3797 3213 θυοδ

2258 3241 2434 3285 autem
2456 3232 2562 3286 dixi
2582 3274 2594 3295 ,
2628 3233 2680 3286 In
2705 3235 2891 3304 spiritu
2916 3236 3192 3304 veniebat,
3215 3248 3269 3296 et
3300 3241 3417 3311 ipse
3441 3241 3644 3313 quidem
3664 3240 3796 3296 Filius

2257 3322 2312 3380 in
2349 3323 2642 3381 substantia
2676 3327 2898 3383 Deitatis
2918 3370 2934 3394 ,
2963 3331 3210 3400 quoniam
3241 3347 3442 3402 corpus
3467 3342 3687 3398 nonest,
3715 3333 3796 3386 uti-

2255 3430 2356 3484 que
2386 3414 2606 3485 spiritus
2633 3428 2716 3472 est
2746 3436 2759 3472 :
2792 3419 2886 3474 sed
2929 3421 3054 3492 quid
3097 3421 3224 3478 facit
3273 3424 3318 3477 F
3325 3426 3446 3480 ilius
3490 3428 3600 3483 sine
3638 3425 3794 3496 Spiritu

2254 3517 2475 3581 sancto,
2503 3509 2585 3564 vel
2615 3509 2731 3566 sine
2760 3509 2918 3568 Patre
2937 3553 2954 3582 ,
2983 3528 3104 3572 cum
3140 3515 3514 3586 inseparabilia
3537 3519 3634 3578 sint
3656 3516 3792 3571 amitis

2253 3612 2414 3668 opera
2441 3597 2754 3656 Trinitatis?
3133 3678 3135 3680 η

2326 3688 2411 3744 18.
2443 3687 2554 3757 Ipsa
2574 3706 2783 3761 quoque
2801 3690 3094 3762 Scriptura:
3123 3696 3285 3751 verba
3317 3697 3384 3754 de
3413 3699 3597 3770 quibus
3616 3699 3760 3770 agitur
3778 3738 3792 3764 .

2252 3780 2382 3834 satis
2417 3780 2518 3836 hoc
2538 3823 2553 3848 ,
2581 3793 2635 3836 ut
2669 3792 2823 3854 puto,
2858 3784 3092 3843 indicant
3112 3789 3189 3842 eis
3218 3791 3314 3860 qui
3356 3792 3630 3864 diligenter
3653 3794 3794 3848 atten-

2251 3867 2382 3925 dunt
2411 3890 2423 3925 :
2457 3871 2588 3938 Quia
2610 3873 2859 3941 Christus,
2883 3877 3068 3948 inquit,
3091 3881 3244 3934 lt’tttel
3279 3899 3381 3956 pro
3408 3885 3615 3956 peccatis
3647 3884 3794 3940 nostris

2250 3973 2475 4017 mortuus
2495 3975 2590 4029 cst,
2607 3966 2780 4038 justus
2819 3985 2910 4040 pro
2950 3969 3180 4040 iujustis,
3213 3983 3265 4026 ut
3319 3991 3412 4032 uos
3448 3977 3652 4031 adducat
3677 3973 3791 4043 Deo,

2249 4054 2578 4124 mortiﬁcatus
2601 4058 2799 4123 quidem
2819 4075 2969 4115 conte
2985 4101 2998 4123 ,
3030 4062 3310 4129 rivi/iratus
3340 4079 3508 4126 autem
3534 4069 3694 4138 spiritu
3716 4082 3733 4121 :
3753 4067 3793 4120 in

2247 4158 2346 4212 quo
2373 4154 2418 4196 et
2442 4145 2502 4198 iis
2525 4147 2611 4218 qui
2635 4148 2686 4202 in
2714 4164 2912 4210 carcere
2939 4152 3159 4206 conclusi
3187 4166 3367 4222 erant,
3407 4159 3647 4231 spiritibus
3667 4157 3790 4232 adac-

2248 4233 2388 4288 uicns
2403 4237 2713 4305 pra'dicavit,
2736 4240 2824 4312 qui
2839 4240 3082 4299 increduli
3098 4243 3303 4314 fuerant
3324 4247 3791 4319 aliquaudo,quauda

2245 4327 2561 4396 exspectabat
2583 4329 2676 4384 Dei
2701 4333 2937 4402 patientia
2966 4334 3017 4388 in
3048 4335 3222 4392 diebus
3244 4336 3394 4404 Noe,
3418 4358 3532 4396 cum
3557 4342 3790 4410 fabricare-

2245 4429 2329 4494 tur
2348 4436 2482 4474 arca.
2508 4419 2622 4476 Jatu
2651 4433 2705 4477 ιιι
2728 4425 2978 4492 arbitror,
3007 4428 3300 4486 attenditur
3320 4433 3455 4493 ordo
3480 4435 3497 4466 ¹
3530 4435 3788 4502 verborum,

2241 4507 2472 4566 Christus
2515 4514 2841 4581 martiﬁcatus
2881 4534 3060 4586 carne,
3106 4523 3389 4593 uiri/icatus
3418 4541 3583 4586 autem
3620 4529 3788 4598 spiritu.

2241 4599 2297 4656 lu
2325 4617 2431 4672 quo
2461 4603 2651 4674 spiritu
2678 4605 2970 4666 adveniens
2999 4611 3310 4680 prtedicavit
3350 4626 3408 4688 et
3434 4619 3536 4682 illis
3559 4618 3791 4689 spiritibus

2240 4693 2328 4762 qui
2372 4693 2627 4750 increduli
2655 4695 2863 4753 fuerant
2889 4701 3170 4776 aliquando
3197 4705 3248 4762 in
3274 4707 3468 4765 diebus
3506 4711 3612 4768 Noe
3641 4728 3652 4762 :
3677 4725 3786 4780 quo-

2240 4784 2380 4840 niam
2413 4787 2556 4865 prius
2584 4804 2742 4864 quam
2773 4793 2976 4848 vettirt-t
3005 4796 3058 4850 in
3086 4813 3246 4856 carne
3275 4816 3377 4877 pro
3411 4805 3562 4860 nobis
3604 4804 3786 4859 moritu-

2238 4892 2329 4931 rus
2348 4918 2360 4941 ,
2388 4878 2527 4947 quod
2550 4882 2712 4936 semel
2744 4883 2863 4938 fecit
2885 4926 2899 4949 ,
2921 4900 3068 4956 saepe
3092 4900 3246 4944 antea
3277 4894 3530 4950 veniebat
3560 4896 3609 4952 in
3631 4892 3787 4964 spiritu

2237 4968 2300 5021 ad
2332 4984 2467 5039 quos
2496 4971 2738 5037 volebat,
2767 4975 2894 5029 visis
2921 4992 3014 5031 eos
3037 4979 3334 5038 admonens
3353 5025 3374 5053 ,
3401 4986 3538 5041 sicut
3568 4986 3784 5048 volebat,

2237 5059 2416 5128 tttique
2457 5061 2509 5116 in
2547 5063 2763 5132 spiritu,
2791 5082 2898 5140 quo
2926 5067 3111 5137 spiritu
3135 5084 3186 5126 et
3218 5075 3517 5132 vivilicatus
3540 5087 3645 5143 est,
3685 5089 3783 5130 cum

2235 5152 2286 5204 in
2319 5154 2563 5221 passione
2588 5166 2727 5219 esset
2755 5173 2915 5216 carne
2953 5164 3314 5222 mortificatus.
3369 5169 3510 5236 Quid
3551 5181 3628 5232 est
3665 5170 3781 5223 eniat

2232 5243 2370 5313 quod
2398 5245 2688 5302 vivificatus
2731 5261 2812 5304 est
2856 5253 3042 5321 spiritu
3065 5297 3078 5324 ,
3111 5259 3210 5311 nisi
3254 5262 3398 5328 quod
3438 5264 3618 5318 eadem
3645 5275 3751 5318 caro

2233 5351 2332 5404 qua
2360 5336 2468 5389 sola
2495 5337 2665 5393 fuerat
2694 5342 3070 5413 mortificatus,
3095 5349 3397 5406 vivitlcante
3423 5355 3604 5423 spiritu
3623 5368 3734 5409 resu

2232 5428 2411 5481 rexit?

2300 5516 2526 5574 CAPUT
2553 5519 2659 5578 Vll.
2684 5553 2754 5562 —
2783 5526 2869 5579 19.
2897 5525 3030 5584 Nam
3052 5531 3191 5598 quod
3216 5529 3380 5588 fuerit
3413 5537 3585 5592 anima
3623 5535 3756 5590 morti

2229 5607 2416 5663 licatus
2440 5608 2623 5678 Jesus,
2660 5615 2756 5668 ltoc
2779 5626 2945 5672 esteo
2966 5621 3152 5690 spiritu
3174 5623 3262 5693 qui
3293 5625 3524 5681 hominis
3553 5635 3654 5690 est,
3677 5623 3767 5694 qui.

2226 5702 2418 5756 audeat
2458 5704 2664 5772 dicere,
2697 5724 2816 5762 cum
2852 5726 2997 5768 mors
3033 5715 3221 5772 animat
3247 5732 3356 5774 non
3383 5721 3574 5780 sitnisi
3612 5733 3776 5790 pecca-

2293 5819 2307 5847 ι
2344 5818 2414 5866 sic
2570 5828 2622 5870 Αι
2647 5821 2778 5881 ttdd.,
2801 5823 2973 5884 fama.
