4004 6390
258 435 339 495 m
1393 396 1869 482 Eptsromnmt
1906 422 2178 481 crasse
2216 422 2302 481 Ill.

253 558 378 607 tum,
406 558 433 596 a
458 557 555 611 quo
582 539 668 594 ille
697 539 915 591 omnino
946 536 1196 590 immunis
1220 534 1317 589 fuit
1337 579 1349 597 ,
1375 552 1495 589 cum
1521 554 1614 606 pro
1643 536 1794 590 nobis

249 652 384 692 Carne
411 633 603 687 murtili.
623 630 842 684 aretur?
872 628 924 681 Si
953 629 1095 681 enim
1119 628 1353 680 ouminm
1386 628 1654 680 hominum
1683 628 1798 681 ani-

249 745 331 781 ma:
355 743 414 778 ex
447 726 525 776 illa
558 737 654 774 una
683 732 824 783 sunt,
854 736 971 789 qua:
1003 718 1265 771 itisttl'llata
1295 728 1373 773 est
1403 722 1571 787 primo
1595 719 1793 773 homini

247 832 483 890 pquuem
514 823 780 881 Izcci-atum
814 813 1025 863 intravit
1052 810 1102 863 in
1147 811 1397 863 mundum
1423 852 1437 871 ,
1465 822 1516 864 et
1549 827 1639 879 per
1672 826 1795 880 pec-

246 920 391 961 catum
444 920 620 963 mors.
671 914 723 957 et
771 903 837 956 ita
888 902 1156 955 inmunes
1207 902 1449 955 homines
1493 902 1798 970 pertransiit

248 994 396 1066 (fiant.
429 1012 479 1058 v,
520 994 642 1066 l2);
677 1006 761 1047 aut
796 1011 899 1047 non
930 1005 1007 1048 est
1039 995 1158 1047 inde
1184 995 1357 1047 anima
1388 994 1579 1047 Clzriati
1603 1035 1615 1056 ,
1658 1010 1793 1063 quo-

247 1088 363 1141 niam
393 1086 585 1139 nullum
608 1086 794 1140 habuit
821 1087 1037 1139 omnino
1066 1098 1338 1154 peetalum
1366 1127 1378 1150 ,
1407 1087 1485 1139 vel
1513 1086 1792 1156 originale,

246 1176 312 1231 vel
334 1177 616 1247 proprium,
649 1187 864 1246 propter
891 1178 1030 1247 quod
1053 1194 1098 1230 et
1129 1193 1272 1231 mors
1300 1178 1471 1230 debita
1498 1178 1791 1242 videretur;

245 1280 324 1339 pro
351 1270 490 1323 nobis
508 1280 623 1323 eam
653 1270 849 1339 quippe
878 1285 1036 1338 quant
1066 1286 1168 1321 non
1197 1268 1425 1322 debebat
1462 1268 1707 1330 exsolvit,
1743 1269 1795 1321 in

245 1376 332 1431 quo
360 1362 594 1429 princeps
623 1361 841 1425 mundi,
890 1362 1178 1428 mortisque
1211 1362 1521 1430 praepositus
1552 1358 1680 1414 nihil
1714 1362 1794 1414 in-

242 1450 362 1504 venit
401 1450 573 1521 (Joau.
619 1460 732 1516 xw,
767 1451 888 1519 50);
920 1466 1090 1519 neque
1116 1452 1260 1505 enim
1288 1451 1572 1505 absurdum
1619 1461 1699 1505 est
1738 1462 1797 1505 ut

243 1543 312 1613 qui
334 1543 489 1611 primo
511 1541 710 1595 homini
730 1542 961 1595 animam
986 1545 1209 1605 creavit,
1233 1554 1441 1597 crearet
1461 1553 1512 1596 et
1536 1543 1633 1597 sibi
1662 1561 1673 1596 :
1703 1552 1791 1596 aut

242 1635 337 1688 siet
366 1633 468 1702 ipsa
499 1632 618 1688 inde
640 1643 743 1699 est,
778 1649 893 1687 cam
914 1633 1250 1702 suscipiendo
1279 1635 1572 1699 inundavit,
1598 1644 1653 1687 ut
1681 1636 1795 1687 sine

244 1731 332 1783 ullo
359 1745 565 1800 prorsus
598 1738 848 1799 peccato,
903 1729 981 1783 tcl
1013 1738 1315 1799 perpetrato
1336 1770 1350 1790 ,
1384 1729 1463 1782 vel
1512 1729 1790 1791 traducto,

242 1822 294 1876 ad
314 1837 399 1877 nos
422 1820 633 1876 veniens
660 1822 726 1875 de
750 1822 948 1889 virgine
981 1832 1303 1875 numeretur.
1331 1821 1385 1875 Si
1406 1829 1581 1874 autem
1604 1821 1795 1874 anima:

241 1932 325 1972 non
351 1933 408 1971 ex
452 1917 541 1970 illa
572 1933 671 1969 una
700 1926 1060 1986 propagantur
1087 1957 1100 1978 ,
1150 1924 1201 1968 et
1228 1915 1339 1968 sola
1375 1931 1438 1966 ex
1471 1913 1636 1967 Adam
1669 1928 1795 1965 caro

240 2010 373 2065 trahit
413 2010 664 2079 originale
712 2018 984 2077 peccatum
1010 2050 1021 2065 .
1074 2006 1145 2059 ita
1192 2006 1291 2059 sibi
1323 2006 1524 2059 creavit
1564 2005 1791 2057 animam

238 2101 314 2155 Dei
352 2099 540 2166 Filius,
578 2112 635 2152 ut
664 2100 871 2153 caneris
897 2098 1076 2164 creati,
1122 2114 1278 2166 quam
1309 2112 1410 2149 non
1444 2107 1615 2149 tatucn
1647 2095 1791 2149 carni

238 2193 409 2262 peccati
438 2193 675 2257 miscuit,
701 2190 794 2243 sed
823 2190 1149 2243 similitudini
1179 2190 1353 2241 carnis
1387 2188 1585 2257 peccati
1615 2187 1789 2258 (Rom.

238 2297 331 2349 vat,
356 2285 423 2353 5).
450 2283 687 2352 Sumpsit
714 2282 854 2335 enim
884 2299 947 2335 ex
978 2282 1188 2350 Virgine
1214 2296 1393 2334 veram
1427 2279 1636 2349 quidem
1674 2295 1794 2333 car-

237 2373 306 2428 nis
339 2376 718 2437 substantiam;
755 2389 855 2425 oon
903 2384 1073 2425 tamen
1127 2372 1324 2441 peccati
1376 2388 1626 2435 carnem,
1674 2371 1794 2440 quia

238 2478 324 2517 non
351 2479 407 2517 ex
433 2463 633 2517 carnali
663 2463 1089 2531 COIICllpi.\CCl|llﬂ
1112 2505 1127 2526 ,
1160 2463 1271 2516 sive
1299 2462 1611 2515 scminatam
1638 2504 1652 2525 ,
1684 2461 1794 2515 sive

238 2568 555 2624 conceptam;
606 2556 883 2608 mortalem
917 2568 1045 2607 sane
1069 2595 1084 2617 ,
1134 2569 1195 2607 ac
1225 2569 1320 2623 per
1350 2562 1532 2605 a-tates
1563 2552 1791 2606 mutabi-

240 2644 325 2700 lem
346 2687 359 2708 ,
383 2656 627 2717 tanquam
658 2647 803 2699 carui
835 2648 1030 2714 peccati
1062 2646 1177 2697 sine
1210 2655 1425 2712 peet-ato
1448 2645 1791 2698 simillimam.

289 2735 373 2791 ~20.
400 2740 473 2791 Ac
511 2753 610 2807 per
655 2736 754 2789 hoc
795 2752 1141 2805 quare-umque
1166 2735 1231 2788 de
1262 2735 1433 2787 anima
1463 2736 1643 2802 opinio
1674 2751 1795 2789 vera

239 2828 325 2892 sit,
349 2845 565 2899 quarum
599 2828 794 2881 nullam
834 2837 1036 2881 temere
1074 2826 1340 2880 afﬁrmare
1369 2827 1542 2880 adhuc
1583 2827 1754 2881 audeo
1776 2869 1790 2891 ,

240 2919 323 2974 nisi
352 2931 546 2975 tantum
584 2921 724 2975 illam
776 2917 1079 2985 repudiate,
1127 2933 1227 2985 qua
1269 2916 1558 2970 creduntur
1599 2918 1790 2970 anitum

240 3025 318 3080 pro
344 3014 533 3067 meritis
584 3013 761 3065 nescio
786 3026 1011 3081 quorum
1059 3010 1390 3077 superiorum
1431 3018 1644 3063 actuum
1672 3024 1799 3063 suo-

238 3117 353 3167 rum,
384 3104 603 3174 singultu
635 3105 684 3156 in
709 3103 908 3170 singula
937 3116 1160 3170 Corpora
1194 3110 1438 3168 tanquam
1471 3101 1520 3152 in
1547 3114 1796 3152 carceres

241 3195 385 3257 trudi;
410 3208 558 3250 certe
589 3197 765 3250 anima
789 3194 983 3248 Christi
1018 3208 1123 3246 non
1151 3192 1320 3245 solum
1368 3192 1678 3245 immortalis
1708 3207 1795 3245 se-

240 3286 441 3341 cundum
465 3296 783 3341 Caeterarnm
819 3294 1089 3350 naturam,
1133 3283 1223 3337 sed
1253 3284 1408 3336 etiam
1438 3282 1582 3335 nullo
1614 3282 1796 3335 morti-

241 3378 369 3432 ﬁcata
418 3389 640 3449 peccato
687 3378 768 3430 vel
818 3376 1159 3429 damnatione
1214 3374 1393 3441 punita
1443 3382 1557 3439 est,
1610 3373 1799 3440 quibus

239 3468 415 3526 duabus
439 3473 622 3527 causis
651 3486 795 3524 mors
826 3470 1014 3521 animm
1062 3460 1281 3536 intelligi
1330 3476 1536 3535 potest;
1580 3476 1632 3519 ct
1684 3466 1799 3519 ideo

241 3577 327 3617 non
354 3564 643 3617 secundum
689 3562 857 3630 ipsam
906 3559 1008 3613 dici
1051 3558 1214 3627 potuit
1248 3558 1487 3610 Christus
1527 3558 1800 3625 ririﬁmtus

241 3656 418 3726 spiritu.
445 3655 501 3710 in
536 3670 602 3711 ea
636 3671 693 3710 re
721 3656 913 3723 quippe
944 3652 1239 3705 viviliratns
1264 3662 1337 3703 est
1364 3692 1376 3712 ,
1426 3651 1475 3703 in
1505 3666 1604 3719 qna
1637 3650 1803 3703 fuerat

242 3746 573 3802 mortilicatus
603 3765 615 3798 :
646 3761 771 3815 ergo
807 3745 871 3797 de
910 3760 1070 3797 carne
1117 3742 1313 3795 dictum
1343 3752 1442 3795 est.
1498 3740 1610 3809 Ipsa
1661 3742 1800 3793 enim

243 3840 406 3893 revixit
432 3842 613 3895 anima
643 3838 917 3894 redeunte.
949 3836 1065 3905 quia
1093 3836 1201 3903 ipsa
1230 3844 1343 3887 erat
1371 3842 1597 3897 mortua,
1630 3833 1801 3884 anima

242 3932 513 3987 recedente.
544 3930 880 3996 Morti/iculus
906 3946 1031 3996 ergo
1059 3944 1208 3980 carne
1229 3927 1402 3978 dictus
1430 3935 1509 3979 est
1530 3968 1543 3991 ,
1567 3925 1686 3994 quia
1716 3942 1801 3978 sei-

242 4019 444 4076 Ctntdum
471 4021 645 4076 solam
669 4036 881 4075 Carnem
911 4031 1148 4071 mortuus
1173 4025 1253 4069 est
1278 4036 1289 4069 :
1318 4016 1606 4069 vivilicitus
1631 4026 1804 4069 autem

244 4112 434 4181 Spiritu,
462 4116 588 4186 quia
623 4114 710 4166 illo
736 4113 921 4180 Spiritu
944 4122 1217 4178 operante,
1252 4110 1300 4160 in
1328 4124 1433 4177 quo
1463 4108 1525 4160 ad
1554 4124 1686 4177 quos
1717 4123 1805 4160 vo-

232 4192 365 4260 lebat
387 4207 404 4237 ¹
434 4206 682 4260 Veniebat
712 4214 763 4257 ct
788 4202 1103 4273 praedicabat
1124 4244 1136 4264 ,
1167 4202 1323 4254 etiam
1353 4201 1458 4267 ipsa
1484 4214 1607 4251 caro
1635 4199 1805 4251 viviti-

244 4306 344 4352 cata
362 4299 611 4358 surrexit,
641 4297 691 4350 in
724 4312 825 4366 qua
857 4295 1012 4349 modo
1042 4292 1107 4346 ad
1139 4293 1377 4345 homines
1409 4290 1568 4343 venit.

301 4386 383 4444 2i.
425 4388 658 4445 Proinde
681 4389 838 4442 ctiam
864 4386 988 4441 illud
1021 4386 1157 4454 quod
1191 4393 1369 4452 postea
1411 4382 1609 4437 dictum
1642 4390 1724 4434 est
1745 4382 1808 4433 de

246 4462 508 4535 iucrcdulis
536 4522 553 4544 ,
590 4479 690 4544 Qui
726 4478 930 4531 reddent
972 4478 1214 4529 rationem
1236 4476 1280 4528 ei
1306 4476 1388 4539 qui
1410 4485 1615 4540 paratus
1644 4485 1712 4526 cst
1738 4475 1809 4526 vi-

247 4580 321 4623 m
341 4580 382 4624 et
402 4556 901 4639 mbrtiuosjudicare,
936 4583 1037 4619 non
1062 4576 1142 4618 est
1162 4581 1497 4633 consequens
1526 4574 1578 4616 ut
1606 4579 1696 4616 eos
1725 4563 1810 4617 hic

249 4658 590 4733 intelligamus
628 4669 865 4713 mortuos
896 4659 983 4727 qui
1027 4657 1095 4710 de
1124 4658 1348 4723 ειη-νοω
1374 4656 1635 4709 exierunt.
1670 4653 1807 4708 Fieri

251 4753 371 4807 enim
410 4764 586 4824 potest
612 4763 669 4807 ut
696 4762 931 4806 mortuos
957 4750 1145 4803 dixerit
1191 4748 1465 4806 intidel-s;
1513 4748 1610 4799 boc
1648 4747 1807 4800 estin

251 4844 405 4901 anima
432 4856 697 4907 mortuos,
728 4843 795 4898 de
823 4832 1067 4913 qualibus
1094 4839 1304 4901 dicitur,
1337 4835 1543 4889 Dimitte
1568 4847 1806 4903 mortuos,

254 4946 298 4988 ιιι
317 4940 550 5010 sepelierit
596 4948 819 4991 mortuos
844 4952 961 4988 suos
989 4932 1198 5004 (Matth.
1230 4942 1341 4989 vtn,
1381 4928 1474 4998 9‘2)
1501 4947 1512 4981 :
1548 4931 1693 4981 vivos
1720 4930 1812 4981 au-

256 5036 344 5081 tem
370 5032 455 5099 qui
482 5030 702 5085 credunt
734 5028 786 5081 in
814 5041 956 5090 cum,
988 5040 1093 5079 non
1117 5026 1305 5076 lrustra
1330 5022 1624 5084 audientes,
1651 5019 1812 5091 Surge

250 5120 530 5179 qui‘dortnis
546 5164 559 5185 ,
593 5130 639 5174 et
660 5134 872 5187 exsurge
892 5128 925 5169 ‘a
954 5116 1162 5168 mortuis
1180 5157 1193 5177 ,
1212 5125 1257 5167 et
1280 5110 1578 5165 illuntfnabit
1612 5122 1657 5163 te
1677 5111 1813 5165 Chri-

257 5218 347 5261 stus
385 5210 539 5282 (Eph.
573 5227 627 5275 v,
660 5210 790 5278 M);
834 5208 901 5263 de
930 5207 1170 5277 qualibus
1219 5206 1377 5259 etiam
1408 5204 1517 5272 ipse
1564 5202 1813 5255 Dominus

257 5297 398 5366 dicit,
439 5300 579 5356 Venit
607 5303 760 5367 liora,
790 5310 835 5353 et
859 5315 993 5353 nunc
1021 5307 1121 5359 est,
1159 5298 1361 5366 quando
1392 5294 1572 5347 mortui
1610 5294 1813 5346 audient

258 5404 404 5445 rorem
433 5392 557 5447 Filii
586 5393 679 5447 Dei
703 5411 722 5457 ;
752 5403 796 5446 et
821 5390 905 5463 qui
933 5391 1202 5451 audierint,
1230 5388 1387 5440 vivent
1409 5385 1588 5456 (Joun.
1618 5401 1667 5445 v,
1696 5384 1810 5453 ιΞΒ).

262 5477 466 5537 Proinde
495 5487 652 5539 etiam
692 5484 830 5554 quod
853 5483 1090 5550 sequitur
1114 5490 1169 5533 et
1195 5480 1322 5533 dicit
1363 5479 1567 5537 Petrus.
1600 5476 1815 5546 Propter

264 5574 342 5626 hoc
377 5580 505 5632 enim
538 5589 583 5632 et
623 5579 831 5633 mortuis
873 5574 1265 5645 evuiigetizutum
1304 5580 1404 5632 est,
1435 5581 1485 5622 ut
1524 5569 1816 5637 judiccntur

262 5671 445 5738 quidem
467 5672 732 5725 secundum
753 5669 974 5722 homines
1000 5667 1052 5718 in
1073 5680 1221 5717 Carne
1237 5705 1250 5727 ,
1274 5662 1441 5714 vivant
1469 5674 1629 5711 (tttlcm
1650 5674 1818 5711 secun-

263 5760 371 5816 dum
414 5764 567 5817 Deum
604 5765 819 5834 spiritu,
854 5777 956 5814 non
987 5758 1125 5826 Cogit
1166 5753 1301 5823 apud
1337 5752 1530 5805 inferos
1575 5749 1811 5819 intelligi.

323 5880 341 5908 ⁸
373 5890 468 5927 vss.
497 5896 590 5941 gro;
612 5897 639 5931 e
664 5892 834 5928 Omnes
857 5891 868 5926 :
902 5875 970 5926 Αά
994 5888 1107 5937 quos
1130 5870 1354 5931 veniebat,
1374 5867 1688 5934 pra'dicobat.

3386 434 3489 492 7l8

1906 534 2126 603 Propter
2151 538 2245 589 ltoc
2277 538 2407 590 enim
2438 536 2487 591 in
2516 537 2614 592 hac
2642 540 2747 593 vita
2776 550 2820 593 et
2860 543 3066 596 mortuis
3091 548 3479 614 evangelia/Itum

1905 638 1996 694 est,
2025 628 2074 682 id
2104 641 2185 682 est
2228 630 2527 684 infidelibus
2555 641 2605 684 et
2638 632 2856 701 iuiiptis;
2890 644 2940 685 ut
2976 652 3093 687 cum
3127 638 3487 702 crediderint,

1904 718 2400 784 iudicentur(pridem
2427 724 2701 774 secundum
2732 723 2954 777 homines
2986 726 3035 777 in
3061 744 3242 792 carne,
3280 729 3378 783 ltoc
3411 744 3495 786 est

1907 808 1957 861 in
1985 808 2208 863 diversis
2232 812 2671 875 trilmlationilms,
2696 824 2748 866 et
2777 814 2884 882 ipsa
2918 828 3088 870 morte
3120 821 3315 883 carnis;
3350 822 3491 875 unde

1906 897 2043 951 idem
2068 902 2337 967 apostolus
2361 903 2463 954 alio
2493 903 2606 955 loco
2623 903 2766 963 dicit.
2801 904 3011 975 Tempus
3032 924 3138 959 esse
3164 911 3486 978 utjudicium

1903 990 2107 1062 incipiat
2128 1012 2157 1045 a
2187 994 2334 1046 domo
2372 992 2575 1047 Domini
2606 994 2645 1066 (l
2672 995 2809 1049 Pelr.
2840 1012 2915 1062 ιν,
2954 998 3069 1067 I7):
3106 999 3279 1055 Vivont
3316 1015 3488 1059 autem

1903 1085 2180 1137 secundum
2219 1086 2375 1139 Deum
2402 1088 2578 1158 spiritu
2599 1131 2610 1149 ,
2642 1090 2759 1155 quia
2788 1100 2839 1143 et
2876 1090 2924 1142 in
2961 1090 3073 1159 ipso
3103 1093 3309 1149 fuerant
3340 1114 3486 1152 mor-

1905 1174 2123 1253 trilieati,
2171 1191 2291 1230 cum
2341 1189 2512 1231 morte
2557 1180 2877 1234 inﬁdelitatis
2922 1191 2973 1235 et
3019 1183 3302 1253 impietatis
3354 1188 3492 1243 deti~

1904 1274 2180 1319 nercutur.

1975 1357 2063 1408 9.2.
2092 1356 2212 1410 llmc
2233 1358 2492 1426 expositio
2522 1360 2802 1412 verborum
2834 1358 2972 1414 Petri
2996 1365 3077 1415 cui
3097 1364 3367 1433 displicet,
3401 1371 3480 1423 vel

1904 1449 1986 1502 cui
2016 1449 2222 1503 etiamsi
2256 1467 2359 1504 non
2392 1450 2657 1519 displicet,
2692 1468 2795 1504 non
2825 1462 2998 1506 tamen
3027 1456 3219 1509 sul'licit
3241 1501 3253 1522 ,
3286 1472 3491 1528 quierat

1904 1556 1964 1591 ea
2006 1541 2295 1619 secundum
2351 1541 2549 1596 inferos
2576 1542 2893 1612 intelligere.
2946 1546 3043 1611 Qui
3080 1547 3121 1602 si
3154 1549 3371 1603 valuerit
3400 1552 3489 1608 illa

1903 1630 2096 1699 quibus
2128 1647 2213 1686 me
2245 1634 2444 1687 moveri
2490 1649 2646 1701 supra
2689 1626 3138 1702 commemoravi,
3185 1640 3252 1692 ita
3285 1644 3492 1699 solvere

1906 1730 1961 1773 ut
2002 1728 2186 1775 eorum
2231 1724 2431 1778 aul'erat
2459 1724 2843 1779 dubitationem
2865 1769 2878 1791 ,
2932 1718 3202 1797 impartiat
3232 1742 3282 1785 et
3315 1735 3442 1788 mihi
3476 1754 3487 1788 :

1903 1814 2111 1881 quodsi
2155 1814 2346 1868 factum
2393 1815 2586 1883 fuerit,
2618 1829 2902 1886 potuerunt
2948 1821 3032 1873 illa
3076 1824 3231 1877 verba
3270 1834 3492 1897 utroque

1903 1905 2062 1957 modo
2114 1907 2365 1975 intelligi;
2413 1910 2503 1962 sed
2548 1910 2645 1963 ista
2685 1913 2945 1966 sententia
2986 1916 3051 1967 de
3084 1917 3223 1969 nulla
3269 1918 3493 1976 falsitate

1902 1995 2247 2048 convincitur.
2282 1996 2358 2049 Ad
2394 1998 2509 2051 iélas
2530 2010 2704 2052 autem
2734 2002 3053 2070 qurestioues
3084 2021 3214 2073 quas
3242 2018 3365 2062 ante
3393 2009 3493 2062 mi-

1901 2084 2051 2147 sisti,
2083 2097 2302 2154 excepta
2353 2088 2441 2141 Dei
2493 2091 2694 2144 visione
2742 2107 2836 2161 per
2882 2110 3077 2163 corpus
3102 2137 3114 2155 ,
3150 2096 3288 2150 unde
3320 2100 3490 2169 majus

1902 2190 2034 2243 opus
2082 2176 2401 2231 lllltllt'lltlllll]
2451 2188 2569 2242 est,
2624 2193 2678 2235 nt
2730 2182 2912 2251 potui,
2964 2186 3246 2253 respondi,
3295 2200 3349 2243 et
3398 2207 3493 2260 per

1902 2269 2136 2322 Asellum
2166 2272 2445 2325 diaconum
2477 2275 2625 2339 misi,
2660 2274 2798 2344 quod
2830 2287 2880 2330 te
2906 2279 3176 2346 accepisse
3198 2279 3304 2348 jam
3337 2292 3487 2351 puto.

1902 2359 1959 2413 In
2008 2364 2208 2416 recenti
2259 2374 2436 2419 autem
2487 2367 2894 2421 ('Utlllll0ltll0l‘l0
2951 2378 3069 2433 tuo,
3117 2372 3201 2423 cui
3238 2389 3373 2427 nunc
3406 2388 3493 2428 re-

1901 2454 2120 2520 Spoudi,
2154 2454 2257 2507 duo
2283 2458 2605 2524 quaesieras,
2648 2474 2869 2527 quorum
2898 2471 3182 2531 utrumque
3211 2474 3489 2519 tractatum

1901 2554 1983 2597 est
2004 2588 2017 2607 ,
2050 2563 2209 2599 unum
2239 2549 2394 2601 latius
2418 2592 2431 2612 ,
2481 2549 2703 2603 alterum
2737 2552 2979 2615 brevius,
3012 2552 3077 2605 de
3110 2553 3248 2607 Petri
3289 2556 3492 2611 scilicet

1901 2637 2123 2702 apostOli
2157 2637 2347 2703 verbis,
2374 2649 2425 2691 et
2455 2638 2521 2691 de
2549 2640 2721 2691 anima
2760 2641 2985 2694 Domini.
3021 2642 3332 2710 Exemplum
3361 2660 3490 2701 sane

1902 2724 2193 2781 litterarum
2243 2738 2478 2795 tuarum,
2531 2748 2648 2799 (ιιιίιι
2699 2732 2973 2785 continent
3024 2734 3489 2802 interrogationem

1900 2829 2076 2873 utrum
2121 2822 2209 2874 Dei
2237 2822 2533 2875 substantia
2561 2822 2908 2891 eorpot'alitcr
2936 2824 3077 2877 velut
3101 2824 3150 2877 in
3180 2824 3295 2878 loco
3324 2827 3491 2882 videri

1902 2912 2098 2979 possit,
2143 2920 2193 2963 et
2234 2910 2371 2979 apud
2415 2927 2510 2965 nos
2554 2912 2732 2966 nescio
2757 2913 3024 2982 quomodo
3070 2914 3485 2981 :ibcrraverunt,

1903 3006 2002 3045 nec
2031 2994 2250 3046 inveniri
2284 3000 2400 3048 eum
2432 2990 2521 3048 diu
2552 3007 2917 3064 qmererentur
2948 3007 3261 3067 potuerunt,
3297 3002 3486 3056 iterum

1901 3083 2162 3138 admoneo
2188 3086 2398 3141 mittere
2426 3103 2489 3139 ne
2516 3089 2775 3156 graveris.

2324 3174 2651 3233 EPISTULA
2682 3180 2862 3234 cnxv
2905 3184 2922 3204 ο
2964 3182 3062 3250 (α).

1904 3266 2245 3338 Hieronymus
2278 3266 2576 3323 Marcellino
2599 3278 2646 3324 et
2673 3270 3027 3341 Anupsycliiw,
3051 3289 3305 3341 exponens
3331 3277 3492 3329 diver-

1974 3375 2057 3412 sas
2093 3361 2360 3411 sententias
2390 3359 2451 3413 de
2477 3361 2669 3431 origine
2693 3363 2908 3426 miimw,
2956 3363 3162 3417 hortans
3208 3374 3257 3417 ut
3300 3367 3492 3437 reliqua

1977 3460 2145 3519 petant
2169 3450 2231 3503 ab
2259 3452 2559 3522 Augustino,
2587 3463 2632 3506 et
2661 3452 2891 3507 indicans
2917 3456 3093 3524 quibus
3113 3457 3219 3525 ipse
3243 3457 3305 3509 sit
3336 3462 3486 3512 occu-

1975 3553 2122 3614 patus
2150 3544 2347 3596 studiis.

1907 3636 2147 3689 Dominis
2198 3652 2323 3690 vere
2367 3637 2563 3690 sanctis
2611 3646 2770 3706 atque
2808 3639 2951 3691 omni
2985 3638 3281 3692 ofﬁciorum
3320 3641 3494 3696 chari-

1979 3734 2084 3779 tate
2104 3727 2414 3780 venerandis
2442 3727 2561 3780 tiliis
2580 3727 2920 3783 illanctztuso
2949 3727 3019 3799 (ὁ)
3042 3738 3094 3782 et
3119 3731 3485 3797 ANAPSYthtd-Z,

1981 3820 2338 3883 Illenoxvnus,
2372 3821 2420 3872 in
2447 3820 2659 3874 Christo
2690 3822 2933 3875 salutem.

1981 3932 2205 3987 CAPUT
2227 3930 2609 3986 PRlMUM.—l
2624 3974 2636 3985 .
2652 3932 2878 3986 Tandem
2897 3953 2955 3987 ea:
2971 3935 3143 4005 Africa
3165 3949 3332 3990 restru'
3356 3941 3491 3992 litte-

1910 4040 1994 4077 ras
2027 4022 2383 4076 Unmtimitu’tis
2412 4025 2613 4092 accepi;
2644 4036 2691 4076 et
2731 4042 2828 4077 non
2877 4043 2953 4078 me
2981 4030 3181 4095 poenitet
3220 4032 3490 4096 impuden-

1911 4114 2011 4179 tiat,
2041 4132 2135 4181 quo
2167 4113 2439 4165 tacentibus
2472 4114 2602 4167 vobis
2625 4115 2862 4183 epistolas
2908 4131 3039 4166 meus
3082 4120 3360 4185 frequenter
3408 4120 3491 4172 in-

1910 4206 2039 4277 gessi
2060 4246 2075 4270 ,
2109 4216 2160 4257 ut
2200 4204 2492 4270 rescriptum
2521 4222 2752 4270 mererer,
2780 4218 2830 4257 et
2857 4223 2939 4259 vos
2983 4224 3087 4259 esse
3124 4211 3332 4277 sospites
3350 4252 3362 4274 ,
3392 4229 3489 4265 non

1911 4295 2026 4348 aliis
2051 4294 2409 4354 nuntiantibus.
2438 4295 2523 4348 sed
2550 4306 2708 4348 vestro
2735 4297 3041 4363 potissimum
3067 4318 3292 4353 sermone
3317 4319 3375 4355 ro
3390 4320 3497 4367 pio-

1910 4403 2115 4441 scerem.
2141 4384 2305 4453 Super
2326 4387 2510 4438 uninm'
2533 4397 2662 4438 statu
2686 4388 2884 4440 memini
2909 4398 3078 4441 vestra:
3098 4396 3489 4461 qmt'stiuncutte,

1911 4479 2010 4533 imo
2039 4482 2270 4533 maxima:
2295 4479 2641 4533 ecclesiastica:
2669 4482 2953 4549 qim’stionis
2979 4499 2995 4535 :
3023 4481 3203 4537 Utrum
3252 4488 3393 4554 lapsa
3434 4489 3494 4541 de

1913 4572 2034 4625 caelo
2062 4572 2154 4636 sit,
2183 4584 2232 4625 ut
2266 4570 2581 4642 Pythagoras
2626 4574 2952 4643 pllitosOphus
2972 4616 2985 4635 ,
3020 4593 3283 4646 omnesque
3307 4576 3493 4633 Plato-

1914 4667 2014 4719 nici
2034 4708 2047 4731 ,
2079 4677 2122 4719 et
2163 4665 2401 4733 Origenes
2433 4676 2643 4733 putant;
2674 4684 2737 4718 un
2768 4685 2797 4718 (ι
2831 4669 3033 4736 propria
3068 4668 3157 4721 Dei
3184 4671 3491 4736 substantia,

1914 4768 1964 4810 ut
1988 4758 2148 4811 Stowi
2167 4798 2181 4821 ,
2215 4755 2557 4818 Munichrcus,
2591 4766 2635 4810 et
2684 4756 2911 4822 IIis,-auu
2946 4756 3255 4811 Priscilliani
3292 4761 3495 4814 Iuvresis

1914 4849 2270 4917 suspicantur;
2298 4864 2363 4899 an
2390 4848 2439 4898 iu
2467 4847 2700 4900 tln'suuro
2726 4847 3003 4899 [iubeantur
3029 4846 3124 4899 Dei
3139 4888 3151 4905 .
3176 4849 3495 4903 otim’condi—

1915 4948 1997 5003 ια’,
2024 4947 2074 4989 ut
2102 4938 2305 5005 quidam
2324 4932 2661 4991 Ecclesiuslici
2682 4939 2833 4989 stulta
2859 4954 3177 5004 persuasione
3196 4941 3493 5006 confidunt;

1916 5049 1979 5085 tm
2007 5032 2226 5098 quotidie
2246 5049 2276 5083 a
2308 5030 2411 5084 Deo
2442 5033 2587 5099 ﬁant,
2619 5044 2661 5083 ct
2686 5031 2941 5083 mi'tmttur
2971 5032 3021 5083 in
3048 5048 3280 5099 corpora,
3311 5052 3491 5089 secun-

1916 5120 2035 5175 dum
2079 5122 2208 5175 illud
2255 5122 2388 5191 quod
2436 5122 2487 5173 in
2529 5120 2802 5190 Evangelo
2849 5123 3091 5189 scriptum
3132 5131 3236 5184 est,
3288 5143 3306 5174 ‹
3342 5123 3495 5179 Pater

1983 5232 1999 5249 ‘
2037 5230 2188 5342 stipi.
2223 5232 2308 5280 bu.
2342 5238 2398 5281 tt.
2425 5242 2499 5279 vc.
2533 5229 2767 5293 quiaque.
2792 5245 2840 5280 v.
2868 5239 2918 5280 et
2939 5232 3000 5281 ad
3022 5242 3122 5281 Ain.
3147 5232 3256 5281 ωδ.
3280 5238 3357 5281 Er.
3382 5241 3492 5285 ων.

1983 5307 2112 5342 coam
2136 5308 2181 5341 a.
2956 5311 2961 5315 ’

1917 5306 2181 5355 recogmta.
2956 5311 2961 5315 ι

1981 5376 2052 5438 (a)
2088 5375 2283 5425 :dias‘l?
2309 5387 2458 5438 :Aqnze
2481 5380 2645 5425 autem
2674 5372 2761 5423 l63
2777 5382 2900 5435 erat,
2925 5389 3051 5425 nunc
3073 5377 3151 5426 εἴ).
3176 5377 3355 5438 Scripta
3400 5389 3498 5428 non

1917 5436 2070 5486 malt'o
2089 5445 2195 5498 post
2217 5450 2293 5498 an.
2321 5436 2425 5484 MO.

1983 5499 2054 5571 (1))
2089 5495 2386 5571 Ᾰξίιιῑςςευ-ιὶὶηυδ
2403 5498 2478 5571 llic
2503 5495 2587 5571 ille
2632 5504 2708 5571 est
2732 5498 2971 5571 tribunus,
2994 5510 3149 5571 cgesus
3169 5499 3230 5545 ab
3255 5497 3499 5571 bazreticis

1919 5564 2008 5609 sua
2035 5559 2209 5608 invidia
2233 5559 2489 5622 tyrannidis
2512 5560 2818 5617 ttera-diaxne,
2843 5560 2910 5607 uti
2938 5560 3308 5622 ex_t_tierouymo
3330 5561 3500 5608 obser-

1921 5624 2138 5671 vavimus
2160 5618 2320 5682 supra,
2345 5620 2401 5667 ad
2429 5622 2569 5682 epist.
2602 5623 2703 5670 151.
2730 5622 2809 5668 t‘.ui
2856 5618 3124 5669 Mareelliuo
3156 5618 3348 5671 tametsi
3373 5622 3499 5670 datae

1920 5683 2113 5731 fuerent
2140 5681 2242 5730 istae
2269 5681 2442 5730 litterre
2467 5681 2587 5731 baud
2614 5682 2761 5731 multo
2782 5698 2791 5741 ι
2810 5690 2885 5729 ost
2908 5694 3081 5730 annum
3100 5683 3312 5737 tltt,uoa
3339 5692 3501 5732 tamen

1922 5757 2007 5793 eas
2053 5746 2129 5791 edi
2174 5745 2385 5808 oportuit
2428 5756 2646 5808 Seorsnm
2669 5746 2729 5791 ab
2764 5742 2970 5808 epistola
3010 5745 3499 5808 proxime,Sequenti,

1920 5808 2019 5869 qui;
2039 5819 2099 5869 pe
2120 5803 2261 5869 cujus
2284 5803 2426 5854 illasii
2441 5806 2575 5853 uad-.e
2598 5819 2740 5854 causa
2764 5803 2919 5852 locum
2937 5803 3152 5857 [attinere
3175 5803 3502 5858 lauetur-iusin"-

1921 5866 2000 5917 ter
2012 5866 2071 5927 £1
2088 5866 2251 5915 ls‘tclas
2276 5870 2655 5928 augustiaiaaas.
