4004 6382
553 385 657 442 719

558 514 697 556 meus
725 515 879 570 usque
898 494 1045 551 modo
1062 499 1320 563 operatur.
1340 494 1386 540 et
1402 500 1491 553 ego
1513 495 1694 551 operor
1710 477 1885 549 (Joan.
1906 492 1959 541 v,
1988 472 2111 570 1‘7);
2132 492 2151 523 ι

559 609 624 647 an
659 567 806 649 certe-
832 606 894 644 ex
933 587 1172 646 traduce,
1218 591 1273 634 ut
1314 575 1687 635 Tertulliauus,
1738 567 2078 642 Apollinaris,
2110 575 2158 619 et

564 687 785 741 maxima
804 699 921 753 pars
940 673 1333 733 Occidentalium
1349 675 1634 731 autumant;
1654 674 1702 716 :tt
1717 662 1964 734 quomodo
1980 674 2158 729 corpus

558 796 629 836 ηπ
651 750 881 845 corpore,
909 773 980 827 sic
1009 770 1178 822 anima
1208 773 1443 818 nascatur
1467 776 1530 814 ex
1552 758 1744 820 anima,
1777 765 1822 809 et
1850 750 2001 808 sinuli
2042 766 2159 803 cum

562 870 722 926 brutis
743 843 1085 921 totnnatttibtts
1111 859 1394 913 conditione
1420 853 1675 908 subsistat.
1712 848 1882 917 Super
1910 862 2007 916 quo
2033 843 2157 914 quid

562 963 689 1016 mihi
726 960 993 1020 rideretur,
1020 954 1071 1006 iu
1102 947 1361 1019 opusculis
1386 955 1557 1000 contra
1600 941 1854 1012 Ruﬂiuum
1898 937 2157 1005 scripsisse

565 1071 643 1109 me
672 1052 786 1107 novi
804 1093 819 1116 ,
855 1050 1096 1101 adversus
1121 1060 1233 1097 eum
1266 1037 1491 1095 libellum
1519 1052 1662 1106 queui
1688 1042 1876 1087 sancttt:
1904 1027 2158 1084 memoria:

562 1142 853 1204 Anastasio,
875 1139 1109 1209 episcopo
1130 1135 1373 1189 Romame
1402 1129 1661 1190 Ere/(sitv,
1680 1124 1850 1185 dedit;
1872 1124 1921 1175 in
1950 1137 2049 1191 quo
2070 1120 2156 1174 lu-

562 1233 701 1289 brica
725 1242 772 1286 et
800 1230 1033 1286 subdola.
1060 1229 1161 1281 imo
1183 1225 1339 1279 stulta
1368 1220 1700 1293 confessione,
1726 1217 1846 1269 tlum
1870 1214 2159 1267 auditorum

560 1325 877 1397 simplicitati
904 1323 1117 1378 illudere
1144 1320 1339 1376 nititur.
1362 1331 1467 1371 sua:
1492 1312 1633 1383 ﬁdei,
1662 1310 1763 1363 imo
1790 1307 2015 1377 perﬁdia:
2034 1304 2157 1358 illu-

560 1419 627 1475 sit
651 1434 668 1473 :
690 1434 816 1489 quos
841 1416 994 1470 libros
1020 1429 1133 1467 reor
1156 1421 1386 1465 sanctum
1421 1416 1676 1477 parentem
1716 1412 1933 1456 vestrum
1980 1399 2161 1453 habere

568 1512 866 1573 Oceanum;
899 1507 1018 1561 oliui
1045 1506 1178 1559 enim
1216 1502 1336 1556 editi
1378 1510 1524 1562 sunt,
1574 1496 1745 1551 multis
1793 1494 1976 1564 lla/ﬁni
2020 1490 2159 1545 libris

564 1607 806 1661 adversus
846 1598 1127 1655 calumnias
1161 1593 1539 1665 respondentes.
1566 1588 1710 1644 Certe
1736 1588 1886 1641 habes
1912 1585 1975 1638 ibi
2001 1584 2161 1636 virum

564 1705 793 1752 sanctum
820 1700 866 1747 et
897 1690 1144 1744 eruditum
1174 1685 1512 1757 Augustinum
1538 1681 1858 1751 episcopum,
1895 1677 1981 1749 qui
2022 1676 2157 1741 viva,

566 1798 623 1843 ut
665 1788 837 1852 aiunt,
882 1800 998 1837 voce
1039 1782 1215 1836 docere
1252 1789 1298 1833 te
1335 1777 1549 1849 poterit,
1577 1784 1623 1830 et
1653 1790 1830 1839 suam,
1868 1773 1967 1825 imo
1999 1787 2086 1841 per
2109 1784 2162 1824 se

567 1889 795 1933 nostram
816 1875 1067 1945 explicare
1086 1870 1396 1925 sententiam.

639 1966 790 2023 CAP.
823 1966 886 2020 ll.
906 1996 973 2005 —
990 1962 1044 2017 9..
1072 1962 1351 2016 Ezechielis
1384 1959 1612 2014 volumen
1634 1956 1755 2010 olim
1774 1955 1980 2026 aggredi
2006 1953 2160 2019 volui,

568 2070 615 2113 et
638 2058 956 2129 sponsionem
983 2054 1333 2108 creberrimum
1358 2050 1598 2105 studiosis
1630 2050 1897 2103 lectoribus
1924 2045 2162 2109 reddere;

568 2152 659 2207 sed
674 2152 723 2204 iu
737 2151 845 2221 ipso
863 2146 1083 2202 dictandi
1104 2145 1310 2200 exordio
1324 2145 1393 2197 ita
1405 2147 1605 2195 animus
1623 2159 1689 2194 mt
1702 2158 1761 2194 us
1778 2139 2165 2193 occidentalium

569 2242 970 2314 provinciarum,
1013 2249 1060 2291 et
1105 2237 1323 2291 maxime
1352 2234 1487 2288 urbis
1520 2232 1696 2286 Roma:
1724 2233 1999 2286 vastatione
2040 2247 2164 2284 cou-

570 2334 715 2404 fusus
741 2343 841 2398 est,
872 2342 922 2385 ut
944 2332 1098 2402 juxta
1129 2329 1332 2399 vulgare
1363 2326 1677 2397 proverbium
1696 2366 1711 2388 ,
1743 2326 2003 2396 proprium
2040 2340 2167 2392 quo-

571 2441 668 2495 que
709 2424 997 2494 ignorarem
1031 2419 1363 2475 uocabulum:
1389 2417 1574 2487 diuque
1598 2417 1762 2482 tacui,
1790 2417 1952 2470 sciens
1972 2426 2167 2484 tempus

572 2531 680 2569 esse
704 2517 1068 2583 lacrymarum.
1115 2508 1226 2562 lloc
1257 2520 1423 2562 autem
1454 2524 1587 2561 anno
1630 2523 1745 2561 cum
1792 2518 1888 2561 tres
1920 2506 2169 2577 explicas-

572 2623 674 2660 sem
702 2605 883 2665 libros,
909 2602 1101 2656 subitus
1130 2603 1346 2671 impetus
1381 2600 1705 2654 barbarorum
1723 2642 1737 2664 ,
1768 2599 1829 2653 de
1853 2599 2031 2670 quibus
2054 2610 2168 2653 tuus

572 2697 692 2749 dicit
722 2694 983 2766 Virgilius,
996 2714 1011 2743 ι
1026 2692 1246 2763 Lathue
1266 2702 1501 2763 vagantes
1516 2690 1712 2745 Βανεωί
1723 2712 1741 2743 ι
1763 2690 1935 2762 (Virg.
1951 2689 2166 2745 £ueid.

573 2788 700 2860 tv),
738 2798 784 2842 et
822 2797 997 2841 sancta
1041 2786 1312 2855 Scriptura
1357 2786 1421 2839 de
1459 2785 1675 2849 lsmael,
1708 2803 1725 2835 ι
1765 2784 1951 2839 Contra
1987 2784 2171 2854 faciem

574 2883 799 2936 omnium
826 2880 1045 2950 fratrum
1074 2895 1279 2932 suorum
1306 2876 1549 2929 habitabit
1577 2896 1594 2928 ι
1626 2874 1778 2949 (Gen.
1810 2891 1901 2929 xw
1921 2917 1934 2941 ,
1964 2874 2073 2945 12),
2097 2874 2170 2927 sic

574 2972 795 3045 Egypti
817 2974 1038 3035 limitem,
1071 2970 1376 3035 Pulwstittu',
1399 2967 1683 3033 Phoenices,
1708 2967 1878 3038 Syria:
1902 2967 2168 3037 percurrit,

574 3069 641 3119 ad
671 3069 831 3121 instar
861 3064 1096 3119 torrentis
1124 3071 1305 3116 cuncta
1329 3078 1498 3115 secum
1530 3060 1734 3113 trahens
1754 3101 1768 3125 ,
1800 3070 1854 3112 ut
1880 3060 1963 3114 vis:
1992 3075 2171 3114 manus

576 3175 747 3213 eorum
792 3156 1135 3211 misericordia
1176 3154 1361 3209 Christi
1402 3152 1711 3223 pomerimus
1750 3153 1977 3206 evadere.
2022 3150 2172 3216 Quod

576 3253 649 3315 si,
680 3251 834 3320 juxta
874 3251 1116 3318 inclytum
1148 3259 1414 3309 oratorem,
1449 3268 1466 3298 ε
1493 3247 1639 3302 silent
1670 3248 1798 3301 inter
1824 3264 1967 3300 arma
1987 3248 2119 3318 leges
2144 3267 2163 3299 ο

582 3342 709 3416 (Cic.
739 3359 832 3413 pro
874 3341 1119 3411 Milete);
1160 3351 1346 3409 quanto
1372 3342 1531 3411 magis
1557 3340 1725 3395 studia
1753 3339 2133 3410 Scripturarum
2153 3384 2168 3408 ,

576 3452 691 3507 quc
718 3446 764 3488 et
795 3436 1035 3489 librorum
1062 3434 1404 3495 multitudine,
1438 3444 1484 3487 et
1512 3433 1731 3498 silentio,
1759 3450 1818 3485 ac
1849 3432 2173 3487 librariorum

576 3527 874 3590 sedulitate,
908 3525 1138 3595 quodque
1167 3525 1427 3594 praprium
1456 3533 1563 3590 est,
1594 3524 1861 3578 securitate
1889 3535 1932 3577 et
1960 3525 2061 3577 otio
2089 3524 2171 3577 di-

578 3619 823 3674 ctantium
853 3618 1077 3689 indigent
1095 3618 1115 3670 .'
1140 3614 1285 3671 Duos
1312 3620 1480 3685 itaque
1508 3616 1662 3670 libros
1688 3615 1802 3669 misi
1826 3625 2015 3669 sancta:
2048 3614 2173 3684 ﬁlia:

577 3727 705 3764 mea:
731 3709 954 3763 Fabiola:
973 3752 987 3775 ,
1013 3725 1228 3779 quorum
1253 3707 1481 3777 exempla
1510 3708 1553 3760 si
1582 3707 1794 3761 colueris
1814 3750 1829 3774 ,
1853 3708 1915 3760 ab
1941 3708 2052 3776 ipsa
2083 3722 2173 3777 po-

577 3800 696 3854 teris
721 3803 957 3855 mutuari.
983 3800 1089 3854 Pro
1110 3800 1343 3871 angustia
1370 3800 1555 3870 quippe
1583 3800 1819 3869 temporis
1838 3800 1966 3853 alios
1987 3799 2175 3854 descri-

579 3892 693 3945 bere
732 3909 833 3945 nou
873 3892 1197 3960 potuitquos
1222 3908 1335 3944 cum
1363 3891 1543 3961 legers
1582 3900 1629 3945 et
1672 3890 1910 3945 vestibula
1952 3891 2169 3957 videris,

577 3985 744 4057 facilis
771 3985 1059 4055 conjectura
1092 3984 1215 4048 erit,
1243 3983 1407 4053 qualis
1433 3983 1541 4053 ipsa
1564 3983 1627 4037 sit
1648 3982 1821 4053 futura
1842 3982 2040 4037 domus.
2066 3982 2174 4038 Sed

576 4077 726 4131 credo
756 4077 806 4129 in
838 4074 935 4129 Dei
966 4074 1309 4128 misericordia
1347 4075 1433 4144 qui
1461 4090 1551 4128 nos
1580 4075 1776 4144 adjuvit
1802 4076 1851 4128 iu
1877 4075 2172 4145 difﬁcillimo

577 4170 829 4241 principio
855 4169 1134 4235 supradicti
1155 4169 1341 4239 operis,
1370 4167 1504 4237 quod
1546 4169 1651 4239 ipse
1674 4169 1876 4239 adjuvet
1906 4168 2023 4221 etin
2051 4184 2175 4237 peu-

576 4264 769 4317 ultimis
810 4263 1078 4330 Propheta:
1118 4262 1376 4331 partibus,
1422 4262 1473 4313 iu
1522 4260 1698 4330 quibus
1743 4259 1852 4332 συθ
1895 4271 1939 4313 et
1982 4257 2172 4331 Magog

578 4353 708 4407 bella
739 4362 1011 4405 narrantur
1038 4352 1249 4423 (Ezech.
1284 4367 1511 4412 χχχι-ιιι.
1536 4362 1580 4405 et
1604 4353 1827 4421 xxxix);
1861 4360 1904 4404 et
1930 4352 1981 4404 in
2003 4360 2169 4405 extre-

578 4444 695 4506 mis,
719 4443 770 4495 iu
791 4443 969 4511 quibus
992 4442 1318 4495 sacratissimi
1348 4453 1394 4495 et
1422 4442 1789 4513 inexplicabilis
1817 4443 1989 4510 templi
2009 4443 2174 4512 (ediﬁ-

577 4537 730 4601 catio,
759 4534 991 4599 varietas,
1025 4551 1351 4604 mensuraque
1370 4535 1665 4588 describitur
1693 4533 1801 4606 (ld.
1829 4537 2098 4608 XL-xuu).

647 4624 877 4681 CAPUT
902 4623 1065 4679 1|l.-—
1085 4625 1137 4679 5.
1174 4624 1396 4679 Sanctus
1419 4626 1577 4694 frater
1605 4634 1771 4679 noster
1802 4623 2059 4690 Oceanus,
2087 4630 2173 4682 cui

574 4737 661 4774 vos
700 4719 885 4789 cupitis
924 4716 1296 4781 commendari,
1326 4726 1495 4770 tantus
1519 4726 1563 4770 et
1594 4718 1712 4771 talis
1741 4727 1811 4772 est
1829 4758 1844 4783 ,
1874 4727 1919 4772 et
1946 4718 2018 4773 sic
2056 4736 2173 4774 eru-

574 4809 711 4864 ditus
740 4812 791 4863 in
818 4811 925 4880 lege
956 4809 1193 4873 Domini,
1223 4819 1277 4863 ut
1306 4808 1489 4879 absque
1513 4820 1683 4864 nostra
1707 4821 1887 4882 rogatu
1922 4813 2173 4867 instruere

575 4918 661 4955 vos
686 4902 871 4971 possit,
906 4914 950 4956 et
982 4912 1206 4957 nostram
1239 4918 1391 4971 super
1419 4902 1608 4957 cunctis
1637 4902 1994 4974 quwstionibus
2026 4904 2171 4960 Scri-

574 5002 840 5062 pturarum
876 5011 968 5063 pro
1006 4994 1210 5047 modulo
1235 4995 1513 5048 communis
1543 4996 1732 5065 ingenii
1760 4998 2010 5068 explicare
2049 5014 2167 5052 seu-

574 5084 801 5137 ten‘iam.
867 5083 1153 5140 Incolumes
1221 5102 1305 5140 vos
1368 5095 1415 5140 et
1468 5087 1667 5156 prolixa
1725 5098 1872 5144 wtate
1930 5090 2170 5160 florentes

577 5176 805 5231 Christus
831 5175 971 5232 Deus
1011 5188 1179 5234 uoster
1223 5189 1424 5233 tueatur
1461 5180 1775 5251 omnipotens
1795 5222 1808 5245 ,
1837 5182 2025 5235 domini
2057 5197 2168 5235 vere

572 5282 753 5325 sancti.

575 5409 664 5465 DE
688 5407 960 5467 DUABUS
981 5406 1326 5464 EPISTOLIS
1346 5408 1651 5465 PROXIME
1671 5408 2161 5478 SEQUENTIBUS.

951 5526 1075 5598 (LIB.
1102 5539 1139 5579 tt
1167 5539 1422 5581 nernscr.
1451 5542 1620 5582 CAPUT
1645 5526 1795 5599 XLV.)

648 5641 847 5709 Scripsi
866 5642 1015 5694 etiam
1034 5641 1164 5693 duos
1181 5638 1333 5693 libros
1350 5640 1417 5693 ad
1440 5639 1802 5711 Hieronymum
1824 5644 2166 5714 presbyterum

575 5732 826 5785 sedentem
854 5733 904 5786 in
931 5731 1223 5787 Dethlehcm
1248 5749 1264 5786 :
1285 5749 1438 5786 unum
1465 5733 1526 5785 de
1552 5733 1756 5804 Origine
1780 5734 1973 5790 Anima:
2002 5738 2168 5791 homi-

577 5825 687 5897 nis,-
712 5826 927 5882 alterum
949 5824 1013 5885 de
1037 5823 1300 5885 Sententia
1319 5826 1497 5885 Jacobi
1516 5828 1753 5901 apostoli,
1776 5830 1861 5885 ubi
1880 5831 1972 5903 ait,
1992 5848 2013 5887 ι
2041 5830 2167 5905 Qui.

1806 365 1862 421 S.
1904 352 2268 419 AUGUSTINI
2309 349 2608 416 EPISCOPI

3306 309 3378 318 --υ-ο
3394 310 3441 317 -.ς

3694 360 3808 439 no,

2266 489 2475 541 cumque
2504 480 2657 525 totam
2683 470 2841 542 legem
2866 471 3163 535 servaverit,
3192 469 3404 535 offendat
3430 479 3578 526 autem
3608 476 3652 529 in
3676 493 3773 546 uno,
3812 512 3813 515 η

2264 564 2430 633 factus
2469 574 2540 617 est
2587 564 2808 617 omnium
2855 580 2968 617 reus
3006 583 3023 614 ι
3062 560 3261 634 (Jacobi
3289 578 3321 617 Il
3342 605 3354 629 ,
3381 563 3492 636 10);
3520 567 3576 621 de
3609 577 3816 640 utroque‘

2263 656 2528 709 consulens
2553 672 2687 709 eum.
2714 654 2819 711 Sed
2840 657 2891 709 in
2912 656 3001 710 illo
3025 655 3192 724 priore
3213 656 3516 725 quastionem
3538 675 3669 727 quam
3688 678 3799 731 pro-_

2264 746 2430 816 posui,
2460 747 2568 817 ipse
2591 763 2690 800 non
2716 747 2877 810 solui;
2903 746 2954 799 iu
2982 747 3254 817 posteriore
3287 756 3445 800 autem
3467 749 3577 817 quid
3599 751 3702 804 mihi
3733 755 3780 808 de

2262 838 2353 893 illa
2386 839 2625 893 solvenda
2667 839 2917 892 videretur
2957 838 3066 909 ipse
3094 855 3192 891 nou
3226 838 3392 893 tacui:
3413 840 3495 893 sed
3532 851 3675 895 utrum
3711 844 3781 898 hoc

2262 931 2560 1002 approbaret
2581 932 2730 985 etiam
2757 932 2871 995 ille,
2902 931 3157 986 consului.
3190 928 3455 1001 Rescripsit
3491 943 3669 1000 autem,
3694 937 3781 989 hut-

2262 1023 2390 1078 dans
2416 1024 2641 1080 eamdem
2670 1024 3087 1078 consultationem
3115 1040 3275 1077 meum
3300 1015 3321 1086 ,’
3342 1024 3433 1079 sibi
3455 1033 3604 1079 tamen
3628 1026 3685 1079 ad
3706 1044 3785 1082 res-

2263 1118 2585 1185 pondendum
2614 1118 2773 1171 otium
2800 1133 2899 1170 non
2925 1133 3029 1170 esse
3051 1117 3326 1187 respondit.
3359 1114 3463 1187 Ego
3498 1133 3601 1172 vero
3635 1136 3785 1189 quous-

2262 1224 2358 1278 que
2400 1219 2526 1263 essct
2574 1210 2626 1263 in
2664 1225 2877 1278 corpore
2896 1250 2911 1270 ,
2941 1210 3032 1263 hos
3060 1206 3213 1262 libros
3238 1208 3381 1262 edere
3413 1209 3544 1262 nolui
3564 1251 3576 1273 ,
3603 1226 3657 1263 ne
3689 1214 3789 1281 forte

2263 1300 2581 1369 responderet
2624 1298 2935 1371 aliquando,
2976 1310 3023 1352 et
3071 1315 3185 1353 cum
3230 1300 3342 1369 ipsa
3381 1299 3672 1368 responsione
3702 1301 3787 1371 ejus

2266 1394 2434 1465 potius
2460 1394 2743 1448 ederentur.
2779 1391 2883 1446 Illo
2911 1403 3081 1446 autem
3110 1392 3347 1462 defuncto
3371 1392 3435 1445 ad
3462 1395 3549 1447 hoc
3572 1394 3688 1447 edidi
3711 1396 3790 1465 pri-

2265 1501 2432 1551 orem,
2459 1494 2509 1538 ut
2538 1486 2623 1555 qui
2647 1486 2766 1557 legit
2799 1485 3134 1539 admoneatur
3155 1495 3243 1538 aut
3270 1501 3368 1539 non
3395 1501 3599 1555 quaerere
3631 1488 3792 1542 omnino

2264 1577 2515 1647 quomodo
2554 1575 2701 1630 detur
2728 1577 2900 1631 auinta
2936 1578 3287 1640 nascentibus,
3317 1586 3403 1629 aut
3431 1588 3554 1631 certe
3579 1578 3633 1632 de
3655 1595 3701 1632 re
3729 1582 3793 1633 ob-

2265 1670 2555 1724 scurissima
2594 1686 2704 1722 eam
2741 1669 3038 1724 solutionem
3078 1669 3373 1741 qua'stionis
3397 1670 3539 1740 hujus
3563 1670 3793 1737 admittere,

2266 1778 2381 1832 quw
2408 1779 2436 1814 c
2456 1762 2662 1814 .ntraiia
2693 1778 2791 1815 non
2828 1763 2892 1816 sit
2931 1761 3263 1831 apertissimis
3292 1761 3435 1815 rebus
3464 1778 3579 1833 quas
3598 1762 3653 1815 de
3671 1763 3796 1833 origi-

2268 1852 2375 1906 nali
2405 1864 2606 1921 peccuto
2639 1853 2765 1922 ﬁdes
2791 1852 3038 1907 catholica
3068 1853 3200 1906 novit
3231 1853 3282 1906 in
3315 1852 3558 1923 parvulis,
3585 1854 3671 1907 nisi
3692 1871 3799 1925 rege-

2268 1956 2501 1999 nereutur
2535 1948 2586 1999 in
2625 1944 2825 2000 Christo
2848 1946 2956 1999 sine
2978 1944 3295 1999 dubitatione
3320 1944 3640 2009 damnandis;
3665 1954 3797 2013 poste-

2267 2035 2448 2089 riorem
2480 2051 2592 2089 vero
2625 2036 2693 2088 ad
2737 2035 2831 2089 hoc
2875 2045 2932 2088 ut
2972 2036 3261 2104 qutestionis
3311 2036 3375 2089 de
3417 2053 3512 2106 qua
3554 2034 3614 2088 ibi
3649 2036 3798 2106 agitur,

2269 2128 2417 2182 etiam
2437 2144 2549 2198 qua:
2572 2128 2712 2181 nobis
2738 2128 2843 2182 visa
2868 2138 2940 2182 est
2965 2129 3147 2182 solutio
3170 2129 3281 2198 ipsa
3312 2137 3555 2182 noscatur.
3586 2125 3685 2181 Hoc
3705 2142 3802 2196 opus

2269 2222 2340 2276 sic
2368 2221 2539 2291 incipit
2564 2236 2581 2275 :
2607 2240 2625 2274 ι
2649 2220 2811 2275 Deum
2838 2234 3066 2276 nostrum
3091 2223 3177 2294 qui
3205 2239 3297 2276 nos
3326 2221 3526 2276 vocavit.
3551 2241 3568 2274 ι

2573 2410 2661 2467 DE
2698 2410 2975 2469 ORIGINE
3016 2412 3253 2468 ANHle
3296 2413 3563 2469 ιιυλιιδιδ

2977 2521 3151 2572 unsn,

3009 2611 3107 2653 SEU

2684 2708 3013 2767 EPISTOLA
3052 2709 3255 2765 CLXVI
3299 2714 3319 2735 ·
3360 2710 3457 2782 (a).

2274 2826 2585 2897 Augustinus
2610 2823 2951 2895 Hieronymo,
2980 2840 3241 2879 recensens
3274 2827 3445 2880 varias
3469 2824 3529 2879 de
3558 2825 3718 2878 unione
3735 2824 3810 2877 ori-

2347 2920 2461 2991 gine
2491 2918 2784 2983 sententias,
2820 2919 2957 2989 cupit
2983 2918 3151 2973 doceri
3173 2935 3289 2990 qua:
3320 2920 3619 2989 potissimum
3644 2916 3813 2972 tenendo

2346 3013 2411 3067 sit
2426 3027 2444 3075 ,'
2460 3022 2505 3065 et
2526 3012 2776 3082 quomodo
2794 3012 3034 3065 adversus
3055 3010 3450 3082 Pelagianorum
3468 3013 3639 3088 dogma
3655 3007 3813 3081 defendi

2350 3104 2505 3174 possit
2543 3120 2600 3157 ea
2638 3120 2790 3170 quam
2823 3104 2910 3157 ille
2946 3104 2998 3156 itt
3034 3105 3294 3175 superiore
3332 3106 3539 3175 epistola
3577 3120 3703 3157 suam
3732 3115 3812 3154 esse

2349 3200 2454 3267 fere
2489 3195 2758 3250 insinuavit
2778 3236 2792 3262 ,
2826 3194 3071 3267 Singulas
3116 3196 3316 3251 animas
3362 3213 3515 3251 novas
3557 3191 3814 3249 nascentibus

2350 3289 2481 3358 ﬁeri.

2348 3401 2575 3456 CAPUT
2598 3400 3009 3458 PRIMUM.—-l.
3028 3402 3194 3456 Deum
3224 3412 3468 3457 nostrum
3491 3376 3813 3472 ηυίὶιοςςνοω-

2281 3493 2351 3547 vit
2400 3494 2451 3547 in
2493 3507 2646 3547 suum
2689 3509 2909 3563 regnum
2954 3503 3010 3549 et
3050 3493 3272 3563 gloriam
3313 3494 3358 3565 (Ι
3390 3492 3556 3548 Thess.
3585 3509 3636 3557 ιι,
3664 3487 3814 3559 1Ξ).ει

2279 3585 2457 3655 rogavi
2490 3594 2543 3639 et
2568 3600 2696 3655 rogo
2723 3595 2778 3639 ut
2800 3584 2901 3640 hoc
2920 3585 3061 3656 quod
3089 3584 3154 3640 nd
3184 3596 3237 3640 te
3266 3586 3471 3653 scribo,
3502 3595 3668 3640 sanae
3685 3580 3811 3635 inter

2245 3678 2252 3685 ’
2283 3680 2621 3751 Hieronyme,
2646 3680 2933 3735 consulens
2959 3690 3011 3735 te
3038 3680 3105 3734 dc
3142 3678 3224 3733 his
3252 3696 3379 3751 qua:
3406 3681 3600 3747 nescio,
3625 3677 3815 3732 fructuo-

2200 5924 2262 5982 Υ

2279 3789 2398 3830 sum
2459 3789 2576 3829 esse
2621 3774 2771 3829 nobis
2810 3774 2935 3828 velit
2979 3774 3018 3825 ⁸.
3060 3772 3379 3845 Quanquam
3423 3775 3560 3830 enim
3606 3781 3652 3828 te
3689 3767 3816 3825 multo

2279 3881 2436 3937 quam
2464 3882 2562 3937 ego
2586 3881 2704 3920 sum
2730 3874 2885 3921 aetate
2914 3865 3199 3936 majorem.
3230 3876 3415 3923 tuineu
3444 3867 3598 3923 etiam
3626 3861 3816 3935 ipseiam

2280 3973 2441 4013 setiex
2476 3957 2696 4012 consulo
2735 3973 2748 4008 :
2792 3956 2884 4011 svd
2928 3956 2993 4011 ad
3035 3956 3352 4013 d'scendum
3393 3958 3533 4029 quod
3573 3969 3691 4027 Opus
3725 3960 3815 4015 est.

2282 4050 2421 4104 nulla
2466 4047 2594 4102 mihi
2638 4059 2768 4103 tutus
2806 4065 2923 4104 sera
2967 4048 3132 4103 videri
3181 4059 3396 4119 potest;
3425 4052 3544 4122 quin
3573 4048 3662 4104 etsi
3697 4057 3820 4103 senes

2282 4145 2447 4214 magis
2467 4143 2622 4199 decet
2644 4144 2840 4199 «locere
2859 4160 3016 4216 quam
3038 4143 3267 4202 dist-ere.
3287 4147 3460 4216 magis
3480 4156 3643 4198 tamen
3656 4141 3819 4195 discere

2281 4253 2437 4304 qumu
2464 4239 2590 4307 qunl
2617 4238 2847 4293 doceant
2871 4239 3133 4308 ignorare.
3158 4236 3298 4292 Nihil
3322 4236 3566 4308 equidem
3595 4232 3820 4289 molestius

2281 4327 2395 4383 fero
2421 4328 2473 4383 in
2499 4328 2748 4384 omnibus
2773 4329 3028 4401 attgttstiis
3053 4328 3186 4384 meis
3212 4344 3348 4398 quas
3378 4328 3546 4398 lautior
3580 4327 3627 4380 iu
3656 4320 3819 4378 dillicil-

2284 4421 2424 4477 limis
2447 4422 2849 4493 qun-stiouibus,
2877 4437 3036 4491 quam
3067 4421 3119 4475 in
3152 4430 3256 4474 tum
3280 4418 3571 4491 longinquo
3595 4426 3686 4472 tua:
3710 4411 3818 4469 Cha-

2282 4516 2458 4571 ritatis
2481 4515 2803 4580 absentiam,
2834 4522 2889 4568 ut
2917 4516 3000 4568 vix
3032 4514 3227 4583 possim
3259 4528 3411 4569 meas
3439 4513 3593 4576 dare,
3619 4510 3691 4562 vis
3715 4502 3819 4561 rcci-

2282 4622 2409 4677 pere
2446 4607 2649 4661 litteras
2677 4615 2826 4671 luas,
2861 4620 2959 4675 per
2996 4605 3301 4669 intervalla,
3346 4622 3452 4660 nou
3498 4605 3714 4660 dierum.
3738 4609 3817 4650 non

2282 4700 2570 4766 mensium,
2599 4698 2691 4754 sed
2716 4698 2915 4769 aliquot
2940 4713 3231 4757 annorum:
3262 4714 3385 4752 eum
3407 4740 3423 4765 ,
3447 4699 3489 4752 si
3520 4696 3625 4751 lieri
3649 4697 3816 4763 posset.

2280 4793 2517 4865 quotidie
2545 4802 2862 4864 praesentem
2893 4803 2943 4846 te
2972 4790 3167 4845 habere
3188 4791 3400 4848 Vellem.
3424 4805 3542 4844 cum
3564 4802 3660 4859 quo
3684 4784 3821 4851 loque-

2282 4902 2371 4941 rer
2392 4884 2645 4956 quidquid
2666 4884 2879 4939 vellem.
2903 4882 3012 4939 Nec
3038 4883 3158 4937 ideo
3184 4893 3361 4937 tamen
3385 4898 3490 4937 nou
3510 4880 3656 4937 debui
3679 4875 3818 4931 facere

2281 4977 2422 5049 quod
2451 4977 2617 5048 potui,
2649 4976 2692 5030 si
2723 4991 2828 5031 non
2858 4976 3001 5045 potui
3026 4983 3194 5029 totum
3219 4974 3359 5045 quod
3388 4974 3547 5027 volui.

2351 5071 2405 5125 2.
2453 5071 2590 5125 Ecce
2630 5069 2775 5124 venit
2799 5068 2864 5121 ad
2902 5085 2989 5124 me
3018 5067 3294 5139 religiosus
3324 5067 3567 5137 juvenis,
3605 5058 3817 5120 catholica

2279 5177 2412 5234 pace
2439 5160 2620 5225 frater,
2651 5171 2807 5216 actate
2851 5159 3007 5225 ﬁlius,
3036 5160 3236 5214 honore
3263 5158 3655 5229 Cllllllll'eeltylel'
3677 5160 3820 5205 linem

2278 5253 2529 5317 Orosius,
2581 5251 2703 5321 \‘igil
2752 5252 2982 5322 ingenio,
3030 5260 3305 5322 promptus
3346 5236 3587 5319 eloquio.
3634 5246 3819 5313 nasum!

2278 5347 2480 5410 studio,
2506 5344 2636 5400 utile
2666 5358 2757 5399 vas
2783 5344 2833 5398 in
2865 5330 3025 5398 domo
3058 5343 3265 5399 Domini
3292 5330 3411 5399 chc
3439 5340 3746 5400 desiderans,
3768 5326 3817 5384 ad

2278 5506 2284 5523 ι
2345 5487 2363 5516 ι
2397 5491 2527 5541 ιον..
2561 5480 2691 5533 telis.
2722 5488 2775 5531 At
2801 5482 2910 5530 Bad.
2936 5487 3009 5530 Er.
3036 5488 3088 5532 et
3108 5488 3236 5540 uss...
3261 5480 3441 5531 habent
3462 5474 3583 5528 velit.

2345 5569 2365 5586 '
2398 5574 2447 5617 In
2482 5566 2624 5629 hujus
2645 5565 2933 5615 recensione
2956 5563 3048 5629 (χιι
3065 5572 3114 5614 ιιι
3137 5573 3251 5615 sunt
3274 5566 3321 5613 Ι).
3344 5564 3411 5612 ιι.
3436 5578 3480 5612 c.
3504 5569 3567 5611 ct.
3595 5561 3633 5606 s.
3648 5558 3682 5629 f.
3748 5561 3821 5629 an}

2278 5643 2325 5741 ἶ.
2350 5631 2426 5679 ει».
2452 5636 2488 5679 t.
2516 5620 2571 5679 tt'.
2598 5643 2672 5679 vc.
2697 5628 2796 5677 duo
2836 5630 2917 5677 tm.
2943 5628 3041 5677 duo
3065 5630 3133 5678 th.
3158 5632 3327 5677 ducem
3361 5641 3407 5674 ν.
3455 5632 3505 5674 ct
3528 5635 3621 5671 sui.
3646 5621 3739 5666 Lat.
3760 5620 3819 5661 U-

2300 5706 2393 5741 ω’.

2346 5775 2419 5839 (α)
2447 5774 2569 5825 Alias
2590 5774 2651 5825 28
2676 5789 2687 5824 :
2713 5788 2823 5839 qum
2846 5783 3012 5828 autem
3040 5776 3127 5828 166
3151 5784 3280 5837 erat,
3304 5783 3426 5823 nunc
3453 5768 3553 5821 105.
3576 5764 3737 5828 aerata
3755 5767 3816 5808 αι

2278 5838 2570 5901 “arctoo
2592 5838 2830 5903 tempore.

3118 6013 3159 6037 υ
3219 6016 3231 6031 ⁸
3316 6012 3332 6025 ⁸
