4004 6382
239 361 323 423 πί
1381 337 1860 402 ειδιετοωιωιι
1894 335 2168 398 (ςιΑεεῐε
2202 339 2287 397 ιιι.

239 472 544 537 refellendas
566 470 726 529 falsas
751 465 1187 541 perniciosasqne
1217 458 1518 524 doctrinas,
1543 470 1662 527 qtae
1689 453 1804 509 ani-

239 585 346 628 mas
367 567 714 637 Hispanorum
746 561 912 618 multo
939 559 1219 614 intelicins.
1243 570 1405 633 quam
1431 565 1655 622 corpora
1683 548 1804 603 bar-

239 663 432 721 baricus
444 655 1024 728 gladius,trucidarunt.
1047 651 1177 707 Nam
1206 649 1327 704 inde
1348 647 1412 701 ad
1432 662 1527 700 nos
1553 659 1718 712 usque
1737 639 1806 695 ab

237 753 408 814 oceani
427 747 932 819 littoroproperavit,
947 745 1083 800 fama
1098 742 1301 798 excitus
1322 739 1462 811 quod
1480 753 1507 791 a
1526 753 1611 790 me
1629 741 1806 805 posset

238 848 298 904 de
323 846 400 901 his
423 859 546 915 qua:
569 842 706 898 scire
725 840 902 904 vellet,
931 834 1182 910 quidquid
1213 835 1369 888 vellet
1394 831 1597 886 amlire.
1627 828 1808 898 Neque

241 939 423 996 nullum
459 935 602 1005 eepit
634 933 898 988 adventus
923 931 1003 986 sui
1037 930 1285 984 fructum.
1312 925 1510 984 Primo,
1543 938 1608 977 ne
1630 921 1697 977 de
1721 935 1807 975 me

241 1032 445 1090 multum
477 1030 630 1083 fama»
655 1025 902 1082 crederet
925 1041 937 1077 :
961 1021 1152 1079 deinde
1175 1019 1328 1075 docui
1359 1017 1626 1072 hominem
1665 1011 1806 1084 quod

240 1123 398 1196 potui;
423 1119 564 1192 quod
609 1127 787 1173 autem
835 1132 938 1171 non
985 1114 1165 1183 potui,
1194 1110 1333 1164 unde
1362 1109 1569 1163 discere
1595 1111 1804 1176 posset,

240 1195 469 1268 adntottui
490 1251 508 1273 ,
535 1219 693 1279 atque
717 1218 768 1261 ιιι
801 1207 867 1261 ad
896 1217 947 1261 te
979 1205 1074 1259 iret
1103 1203 1342 1256 hortatus
1363 1214 1500 1252 sum.
1530 1197 1640 1265 Qua
1671 1195 1720 1248 in
1750 1208 1808 1249 re

239 1302 502 1360 consilium
532 1302 612 1354 vel
645 1309 966 1370 praeceptum
992 1311 1166 1352 mcmn
1194 1309 1316 1348 ctttn
1349 1292 1575 1346 libenter
1601 1296 1655 1342 et
1682 1285 1808 1342 obe-

241 1398 426 1453 dienter
451 1395 741 1464 πεῖραι-ιιι,
779 1391 956 1462 rogavi
983 1405 1104 1446 eum
1134 1397 1190 1443 ut
1217 1387 1313 1441 abs
1341 1397 1392 1441 te
1423 1384 1640 1439 veniens
1659 1423 1675 1441 ,
1715 1396 1810 1450 per

240 1504 326 1544 nos
345 1487 406 1542 ad
435 1487 648 1556 propria
676 1491 958 1540 remearet.
1004 1481 1172 1546 Quam
1216 1477 1332 1548 ejus
1376 1476 1807 1547 pollicitationem

243 1592 440 1642 tenens.
470 1578 809 1636 occasionem
842 1573 968 1628 ntihi
999 1569 1202 1626 credidi
1233 1586 1262 1622 a
1292 1568 1516 1622 Domino
1536 1581 1656 1621 esse
1679 1578 1809 1618 con-

238 1687 452 1732 oossam,
497 1684 604 1740 qua
652 1667 744 1722 tibi
792 1666 1080 1720 scriberem
1108 1661 1176 1717 de
1213 1661 1297 1715 his
1325 1675 1445 1730 qtae
1475 1673 1567 1729 per
1597 1667 1647 1711 te
1673 1657 1810 1711 scire

241 1761 395 1833 cupio.
426 1758 744 1828 Qua-reham
786 1755 929 1811 enim
972 1770 1129 1824 quem
1172 1751 1237 1805 ad
1285 1761 1337 1806 te
1383 1749 1684 1813 mitterent,
1712 1760 1809 1802 nec

242 1855 351 1909 mihi
393 1851 548 1906 facile
593 1847 906 1905 occurrebat
951 1845 1209 1909 idoneus,
1255 1854 1308 1896 et
1355 1840 1457 1896 ﬁde
1503 1838 1729 1911 agendi,
1757 1845 1812 1892 et

241 1944 489 2001 alacritate
531 1940 856 2002 obediendi,
895 1948 950 1994 et
992 1936 1170 1994 exet-ei
1196 1937 1373 1991 atione
1417 1929 1808 2004 peregrinandi.

245 2039 324 2096 Ubi
345 2056 468 2112 ergo
494 2038 659 2094 istum
681 2037 931 2105 juvenem
977 2043 1228 2103 expertus
1273 2046 1429 2094 snm,
1477 2043 1596 2082 etnn
1639 2027 1809 2095 ipsum

242 2146 343 2186 esse
366 2131 577 2200 qualem
610 2143 639 2181 a
671 2126 892 2181 D.unino
925 2123 1198 2194 petebam,
1231 2119 1474 2174 dubitare
1513 2133 1614 2173 non
1643 2116 1807 2187 pomi.

301 2219 514 2277 CAPUT
549 2219 692 2274 ll.—
712 2218 763 2272 5.
793 2217 988 2285 Accipe
1011 2213 1168 2284 igitur
1187 2227 1304 2282 qna:
1330 2211 1478 2268 mihi.
1514 2219 1658 2278 peto,
1687 2222 1815 2276 ape-

243 2313 413 2370 rireac.
454 2310 728 2365 disserere
776 2323 881 2362 non
936 2305 1193 2377 graveris.
1241 2301 1477 2368 Quaestio
1521 2298 1589 2352 de
1638 2299 1813 2352 anima

244 2403 419 2459 multos
448 2408 653 2465 movet,
686 2401 737 2454 in
776 2397 968 2468 quibus
1001 2405 1055 2450 et
1093 2409 1177 2448 me
1206 2407 1325 2447 esse
1367 2389 1642 2445 conﬁteor.
1683 2387 1814 2443 Nam

243 2493 348 2565 quid
371 2493 434 2548 de
459 2491 643 2546 anima
662 2488 963 2543 ﬁrmissime
986 2496 1218 2549 teneam,
1247 2500 1350 2538 non
1379 2484 1599 2537 tacebo:
1623 2480 1817 2536 deinde

190 2577 192 2579 ’
246 2584 534 2654 sultjnngam
570 2576 697 2650 quid
729 2579 856 2634 mihi
899 2578 1074 2632 adhuc
1113 2574 1351 2645 expediri
1398 2573 1574 2627 velitn.
1625 2572 1818 2626 Anima

246 2675 450 2733 hominis
477 2674 805 2730 immortalis
829 2681 932 2732 est.
963 2672 1256 2726 secundum
1285 2666 1569 2738 quemdam
1600 2665 1816 2719 modum

246 2783 397 2822 suum.
425 2766 541 2822 Non
579 2765 720 2822 enim
749 2768 890 2818 omni
922 2761 1080 2817 modo
1109 2762 1245 2814 sicut
1275 2760 1432 2821 Dens,
1479 2757 1546 2810 de
1587 2771 1693 2824 quo
1733 2755 1819 2809 di-

246 2870 370 2916 ctum
394 2871 474 2916 est
505 2860 637 2930 quia
670 2858 810 2913 solus
854 2857 999 2911 habet
1042 2854 1468 2908 immortalitatem
1496 2851 1554 2921 (Ι
1591 2849 1706 2904 Tim
1745 2865 1818 2911 vt.

248 2952 341 3027 l6).
372 2954 497 3009 Nam
530 2951 610 3006 tle
634 2954 827 3005 animus
856 2948 1116 3004 mortibus
1139 2954 1322 3002 saneta
1361 2943 1632 3012 Scriptura
1655 2941 1821 2996 multa

245 3051 646 3104 commemorat;
691 3041 830 3097 ttnde
868 3039 992 3094 illtul
1032 3048 1134 3103 est,
1185 3038 1310 3093 Sine
1348 3045 1573 3090 mortuos
1613 3033 1824 3103 sepelire

246 3149 448 3190 mortuos
476 3150 609 3189 suos
637 3131 849 3202 (Matth.
876 3146 991 3194 vut,
1025 3128 1117 3198 9‘2)
1148 3147 1161 3183 :
1195 3129 1286 3184 sed
1314 3127 1453 3198 quod
1494 3127 1564 3180 ita
1599 3124 1824 3179 moritur

247 3228 447 3283 alienata
477 3245 507 3283 a
538 3227 657 3282 vita
692 3226 804 3290 Dei,
855 3235 913 3279 ut
957 3236 1131 3279 tamen
1181 3223 1232 3276 in
1278 3231 1464 3276 natura
1503 3235 1600 3274 sua
1642 3218 1825 3273 vivere

250 3335 340 3376 nea
366 3323 590 3376 omnino
619 3320 842 3374 desistat
865 3335 882 3378 ;
906 3318 975 3372 ita
1007 3314 1250 3371 mortalis
1274 3328 1339 3368 ex
1365 3313 1537 3382 aliqua
1564 3325 1723 3366 causa
1752 3309 1826 3364 in-

253 3386 455 3478 venitnti,
491 3424 549 3468 nt
569 3411 735 3468 etiam
763 3407 1076 3465 immortalis
1104 3421 1209 3460 non
1228 3405 1342 3459 sine
1371 3404 1576 3457 ratione
1595 3401 1823 3456 dicatur.

255 3504 355 3560 Non
380 3515 457 3561 est
492 3522 620 3576 pars
665 3503 756 3559 Dei
783 3502 979 3556 anima.
1023 3499 1078 3555 Si
1130 3499 1273 3551 enim
1321 3495 1422 3550 hoc
1464 3503 1626 3561 esset,
1681 3493 1826 3548 omni

255 3594 857 3652 mmloincommntahilis
873 3600 1034 3662 atque
1056 3588 1474 3658 incorruptibilis
1491 3596 1651 3642 esset.
1675 3584 1827 3654 Quod

256 3687 294 3742 si
316 3697 466 3750 esset,
517 3701 621 3743 nec
658 3685 906 3741 deliecret
939 3683 990 3738 in
1022 3684 1274 3746 deterius,
1322 3694 1420 3734 nec
1447 3679 1728 3748 proliceret
1775 3676 1829 3729 in

258 3781 461 3846 melius;
491 3795 592 3836 nec
621 3777 819 3848 aliquid
851 3777 902 3831 in
926 3775 1212 3844 semetipsa
1245 3773 1321 3827 vel
1353 3773 1608 3841 inciperet
1633 3768 1830 3822 habere

259 3873 381 3940 quod
432 3889 535 3929 non
588 3869 846 3934 habebat,
895 3868 976 3922 vel
1013 3867 1286 3923 desineret
1323 3864 1518 3918 habere
1554 3860 1692 3932 quod
1733 3859 1830 3914 ha-

259 3963 438 4030 bebat,
489 3972 751 4036 quantum
789 3960 855 4015 ad
907 3959 1023 4029 ejus
1081 3957 1246 4027 ipsius
1294 3954 1602 4010 nilei-tiones
1664 3953 1830 4022 perti-

261 4066 337 4113 net
366 4075 553 4128 :quam
586 4071 716 4111 vero
756 4055 909 4109 aliter
936 4069 994 4107 se
1036 4051 1248 4117 habeat,
1297 4063 1402 4102 non
1428 4062 1561 4116 opus
1605 4054 1688 4100 est
1738 4059 1832 4098 ex-

263 4152 502 4208 trinsecus
559 4148 922 4210 testimonio;
967 4145 1206 4216 quisquis
1269 4142 1503 4211 scipsum
1558 4139 1831 4202 advertit,

262 4242 503 4310 agnoscit.
546 4241 766 4297 Frustra
795 4248 971 4294 autem
999 4236 1192 4292 dicitur
1236 4234 1304 4288 ab
1346 4234 1424 4288 eis
1469 4232 1560 4302 qni
1603 4231 1832 4285 animam

265 4331 347 4388 Dei
371 4343 573 4404 partem
608 4347 728 4387 esse
754 4331 958 4396 volunt,
989 4329 1124 4383 hanc
1151 4327 1266 4396 ejus
1313 4325 1486 4379 labem
1517 4339 1578 4378 ac
1607 4321 1834 4391 turpitu-

265 4426 427 4483 dincm
457 4443 618 4500 quatit
642 4423 884 4480 videmus
907 4423 956 4477 in
981 4420 1319 4492 aequissimis
1350 4417 1674 4480 hominibus,
1701 4416 1837 4471 hanc

265 4519 476 4591 denique
505 4519 871 4576 inﬁrmitatem
906 4525 961 4572 et
1002 4514 1364 4586 a'gritndinem
1395 4528 1552 4581 quam
1580 4510 1838 4564 sentimus

267 4611 315 4668 iu
332 4615 570 4671 omnibus
612 4611 936 4674 hominibus,
971 4625 1075 4664 non
1111 4624 1177 4664 ex
1206 4608 1318 4678 ipsa
1341 4607 1413 4660 illi
1442 4621 1584 4669 esse,
1632 4603 1724 4660 sed
1771 4619 1838 4658 ex

256 4716 476 4774 corpore
518 4723 532 4760 :
572 4703 703 4774 quid
741 4702 961 4758 interest
995 4699 1136 4754 unde
1172 4706 1414 4768 (egrotet,
1458 4713 1575 4767 qum
1612 4695 1656 4749 si
1697 4701 1841 4750 esset

270 4793 727 4856 incommutabilis,
757 4794 1024 4851 undelibet
1049 4800 1309 4864 aegrotare
1338 4806 1443 4845 non
1475 4789 1686 4860 posset?
1707 4787 1838 4843 Nam

273 4887 398 4956 quod
429 4904 553 4943 vere
584 4885 1020 4942 incommutabile
1062 4892 1116 4938 ct
1161 4880 1558 4950 incorruptibilc
1588 4888 1690 4944 est,
1721 4877 1840 4932 nnl-

275 4977 364 5034 lius
384 4982 457 5036 rei
477 4994 700 5037 noceasn
721 4976 1033 5034 commutari
1065 4976 1146 5030 vel
1172 4973 1437 5040 corrumpi
1464 4979 1637 5040 potest
1663 4987 1676 5024 :
1706 4969 1840 5024 alio-

276 5072 387 5140 quin
417 5090 518 5128 non
559 5071 798 5127 Achillea
850 5078 1075 5130 tantum,
1121 5067 1257 5122 sicut
1289 5065 1481 5119 fabulae
1517 5063 1712 5128 ferunt,
1747 5059 1839 5115 sed

281 5167 440 5221 onmis
463 5181 592 5221 caro
619 5172 762 5221 esset
790 5161 1206 5224 invulnerabilis,
1238 5159 1279 5212 si
1311 5157 1488 5212 nullus
1516 5156 1562 5211 ei
1581 5171 1735 5211 casus
1754 5169 1840 5208 ac-

281 5256 484 5312 cideret.
515 5258 630 5312 Non
656 5265 741 5312 est
784 5255 960 5325 itaque
995 5263 1180 5308 natura
1221 5248 1687 5311 incommutabilis,
1727 5261 1845 5316 qua:

284 5346 444 5418 aliquo
475 5349 654 5409 modo,
693 5347 865 5418 aliqua
915 5361 1095 5406 causa,
1153 5341 1329 5412 aliqua
1375 5350 1524 5411 parte
1576 5337 1844 5392 mutabilis

285 5447 386 5492 est:
408 5440 568 5496 Deum
595 5447 769 5494 autem
797 5438 943 5493 nefas
963 5447 1066 5502 est,
1098 5434 1198 5488 nisi
1245 5447 1368 5487 vere
1399 5444 1713 5500 summeque
1765 5428 1848 5483 in-

289 5532 699 5587 commutabilem
724 5528 962 5586 credere.
982 5528 1094 5582 Non
1112 5535 1195 5582 est
1216 5526 1372 5596 igitur
1391 5523 1565 5578 anima
1588 5535 1708 5590 pars
1733 5520 1846 5575 Dei.

279 5680 288 5686 ,
353 5621 403 5676 4.
432 5622 797 5692 lncorpoream
824 5636 1034 5693 quoque
1059 5634 1181 5675 ease
1210 5618 1464 5680 animam,
1505 5613 1604 5670 etsi
1634 5613 1850 5669 difﬁcile

294 5711 597 5768 tardioribus
622 5714 922 5784 persuaderi
955 5720 1149 5782 potest,
1179 5709 1304 5764 tnihi
1334 5717 1509 5762 tamen
1543 5707 1712 5760 lateor
1729 5719 1852 5761 esse

287 5813 606 5869 persuasum.
635 5807 740 5864 Sed
771 5823 835 5862 ne
857 5803 1003 5862 verbi
1029 5800 1446 5858 controversiam
1473 5798 1554 5853 vel
1578 5796 1848 5867 superﬂuo

1915 451 2123 518 faciam,
2148 456 2229 510 vcl
2251 457 2444 514 merito
2468 460 2658 530 patiar.
2689 460 2938 532 queniam
2959 473 3081 516 cum
3101 460 3168 518 de
3182 475 3243 519 re
3255 472 3489 534 constat,

1914 563 2018 602 non
2043 559 2125 604 est
2148 564 2282 620 opus
2305 561 2511 606 certare
2540 552 2607 607 de
2639 553 2852 608 nomine
2879 571 2893 608 :
2926 553 2968 605 si
2991 568 3188 622 corpus
3206 564 3285 609 est
3317 553 3494 613 omnis

1913 641 2225 707 substantia,
2252 642 2332 696 vel
2362 644 2612 703 essentia,
2644 643 2726 697 vel
2753 643 2796 697 si
2827 643 2951 715 quid
2970 644 3142 714 aptius
3168 655 3501 715 nuncupatur

1914 731 1964 786 id
1992 730 2132 802 quod
2159 733 2334 804 aliquo
2358 734 2514 787 modo
2543 745 2623 788 est
2653 735 2704 788 in
2735 734 2931 803 seipso,
2969 749 3161 806 corpus
3188 745 3268 790 est
3293 737 3494 791 anima.

1916 824 2043 879 ltcm
2072 825 2114 879 si
2142 842 2256 881 eam
2288 827 2455 882 solam
2499 827 2863 897 incorporeum
2901 829 3068 899 placet
3099 829 3368 899 appellare
3407 843 3502 884 na-
3582 874 3590 900 _,

1914 929 2085 976 turam
2109 937 2226 992 quae
2256 938 2462 976 summe
2486 922 2934 977 incomumtabilis
2960 930 3014 976 et
3044 922 3236 993 ubique
3260 933 3367 978 tota
3393 931 3498 990 est,
3575 970 3586 984 κ

1912 1029 2105 1085 corpus
2134 1023 2216 1069 est
2236 1016 2442 1081 anima;
2469 1016 2718 1085 quoniam
2747 1015 2851 1069 tale
2889 1014 3088 1085 aliquid
3115 1016 3228 1084 ipsa
3259 1031 3362 1070 non
3394 1024 3504 1075 est.
3580 997 3586 1002 ’

1915 1105 2080 1158 Porro
2123 1107 2165 1160 si
2197 1121 2389 1175 corpus
2434 1121 2537 1160 non
2568 1117 2669 1172 est,
2701 1107 2798 1162 nisi
2829 1106 2967 1176 quod
3001 1121 3094 1175 per
3137 1107 3238 1161 loei
3268 1109 3500 1176 spatium

1915 1197 2084 1266 aliqua
2116 1197 2462 1267 longitudine,
2513 1197 2809 1263 latitudine,
2857 1197 3133 1252 altitudine
3180 1199 3249 1270 ita
3294 1199 3502 1253 sistitur

1912 1289 1996 1342 vel
2026 1297 2287 1354 movetur,
2321 1300 2376 1342 ιιι
2408 1287 2606 1358 majore
2631 1290 2709 1342 sui
2749 1300 2895 1358 parte
2919 1288 3172 1357 majorem
3207 1288 3381 1344 locum
3406 1303 3502 1344 oc-

1913 1392 2089 1451 cupet,
2119 1391 2171 1437 et
2203 1382 2443 1437 breviore
2484 1383 2801 1442 breviorem,
2841 1382 3121 1451 minusque
3163 1383 3234 1436 sit
3274 1382 3325 1436 itt
3355 1392 3504 1451 parte

1913 1486 2070 1542 quam
2090 1472 2140 1526 in
2165 1482 2296 1532 toto,
2327 1490 2432 1527 non
2459 1482 2540 1527 est
2561 1489 2755 1542 eorpns
2783 1473 2977 1526 anima.
3002 1471 3102 1528 Per
3123 1481 3287 1527 totum
3308 1472 3504 1543 quippe

1915 1576 2110 1632 corpus
2135 1563 2273 1634 quod
2317 1565 2535 1628 animat,
2565 1580 2669 1617 non
2701 1563 2850 1618 loeali
2881 1563 3183 1628 dill'nsione,
3225 1564 3319 1618 Sed
3368 1577 3503 1633 qna-

1914 1654 2036 1709 dam
2061 1654 2205 1710 vitali
2237 1656 2528 1709 intentione
2557 1635 2840 1726 porrigitur
2869 1671 2883 1708 :
2913 1671 3032 1708 nam
3063 1671 3156 1723 per
3179 1668 3367 1708 omnes
3387 1653 3503 1723 ejus

1918 1746 2203 1818 particulas
2229 1755 2336 1800 tota
2375 1747 2529 1800 sinml
2553 1747 2723 1813 adest,
2758 1762 2856 1801 nec
2885 1748 3059 1800 minor
3106 1747 3157 1799 in
3187 1745 3503 1814 minoribus,

1916 1848 1967 1891 et
1997 1838 2047 1891 in
2073 1837 2361 1906 majoribus
2389 1838 2591 1909 lll:tjul';
2621 1838 2715 1893 sed
2747 1839 2936 1892 alicttbi
2986 1837 3261 1895 intentius.
3305 1837 3501 1892 alicubi

1917 1927 2212 1992 remissius,
2245 1938 2298 1982 ct
2328 1929 2378 1982 in
2415 1929 2662 1982 omnibus
2703 1937 2832 1994 tota,
2862 1937 2916 1982 ct
2937 1928 2989 1982 in
3021 1929 3242 1997 singulis
3266 1937 3372 1982 tota
3403 1939 3506 1984 est.

1916 2017 2098 2088 Neque
2128 2020 2269 2072 enim
2301 2019 2471 2082 aliter,
2522 2019 2663 2090 quod
2715 2019 2766 2073 itt
2801 2034 3026 2088 corpore
3071 2021 3228 2091 etiam
3258 2034 3360 2073 non
3393 2029 3506 2073 toto

1918 2110 2142 2175 sentit‘,
2180 2121 2353 2165 tamen
2385 2121 2490 2164 tota
2524 2111 2687 2165 sentit
2717 2129 2728 2164 :
2763 2126 2882 2164 nam
2920 2127 3041 2165 eum
3077 2111 3266 2180 exiguo
3311 2119 3508 2181 puncto
3568 2171 3570 2173 _

1919 2203 1971 2257 in
1998 2219 2157 2258 carne
2183 2204 2297 2257 viva
2327 2203 2522 2274 aliquid
2551 2204 2801 2274 tangitur,
2834 2203 3071 2272 quamvis
3104 2201 3251 2256 locus
3272 2201 3363 2256 ille
3398 2216 3505 2256 non

1919 2295 2089 2349 solum
2122 2295 2282 2348 totius
2307 2298 2546 2365 corporis
2584 2309 2687 2348 non
2722 2295 2808 2358 sit,
2838 2294 2931 2348 sed
2961 2294 3044 2348 vix
3091 2293 3142 2347 in
3171 2308 3398 2362 corpore
3430 2293 3510 2347 vi-

1921 2386 2130 2453 deatur,
2181 2387 2412 2441 animam
2460 2398 2632 2441 tanien
2676 2395 2839 2440 totam
2887 2401 2990 2439 non
3031 2386 3193 2451 latet;
3240 2399 3411 2455 neque
3455 2385 3510 2439 id

1922 2479 2060 2549 quod
2087 2479 2332 2545 sentitur,
2364 2493 2458 2549 per
2485 2478 2726 2548 corporis
2766 2487 2954 2531 cuneta
2980 2476 3252 2539 di~currit,
3293 2476 3385 2530 sed
3434 2475 3509 2530 ibi

1924 2577 2126 2624 tantum
2149 2571 2374 2624 sentitur
2402 2569 2487 2623 ubi
2513 2569 2586 2623 lit.
2621 2569 2769 2624 Unde
2795 2584 2921 2638 ergo
2948 2568 3010 2622 ad
3041 2577 3203 2622 totam
3237 2583 3360 2622 mox
3389 2583 3512 2637 per-

1924 2663 2071 2716 venit
2096 2662 2236 2730 quod
2269 2678 2372 2714 non
2405 2661 2454 2714 in
2485 2670 2594 2714 toto
2621 2663 2697 2723 lit,
2729 2660 2827 2714 nisi
2859 2660 2977 2730 quia
2999 2672 3051 2714 et
3080 2660 3149 2714 ibi
3179 2668 3286 2713 tota
3314 2669 3394 2714 est
3423 2661 3510 2716 ttbi

1928 2752 2006 2816 ﬁt,
2045 2768 2142 2807 nec
2173 2760 2228 2806 ttt
2258 2761 2362 2806 t-:ta
2412 2752 2481 2806 ibi
2521 2753 2609 2815 sit,
2654 2763 2844 2807 cetera
2873 2751 3109 2806 deserit?
3138 2750 3336 2805 Vivnnt
3364 2751 3509 2806 enim

1927 2855 1977 2900 et
2009 2845 2094 2899 illa
2116 2860 2176 2899 ea
2212 2853 2490 2914 ptest-nte,
2532 2843 2619 2898 ubi
2651 2842 2780 2898 nihil
2813 2843 2914 2897 tale
2937 2842 3128 2897 factum
3154 2851 3255 2899 est.
3284 2842 3436 2909 Quod
3465 2843 3511 2899 si

1929 2937 2098 2996 fieret,
2137 2946 2189 2991 et
2216 2946 2497 3005 utrumque
2543 2934 2698 2990 simul
2731 2935 2902 3000 fieret,
2936 2934 3090 2988 simul
3122 2944 3401 3004 utrumque
3431 2942 3513 2988 to-

1929 3037 2035 3084 tam
2059 3029 2253 3098 pariter
2275 3045 2376 3081 non
2413 3027 2621 3082 lateret.
2652 3027 2877 3081 Proinde
2899 3027 3023 3081 etin
3051 3025 3297 3081 omnibus
3332 3026 3512 3093 simul,

1929 3130 1984 3177 et
2017 3122 2068 3175 in
2097 3122 2313 3190 singulis
2342 3121 2612 3190 particulis
2657 3121 2896 3191 corporis
2923 3119 3024 3184 sui,
3056 3128 3163 3173 tota
3193 3118 3349 3173 simul
3396 3133 3516 3174 esse

1930 3232 2034 3270 non
2059 3223 2256 3285 posset,
2289 3216 2330 3268 si
2364 3230 2457 3284 per
2487 3214 2604 3269 illas
2650 3214 2717 3268 ita
2746 3212 3150 3277 dilTuuderetnr,
3184 3221 3239 3265 ιιι.
3273 3211 3517 3268 videmus

1918 3323 2154 3378 corpora
2187 3306 2373 3360 diti‘nsa
2422 3322 2516 3376 per
2544 3307 2711 3375 spatia
2759 3305 3022 3367 locorum,
3072 3303 3365 3358 minoribus
3407 3304 3518 3358 suis

1934 3400 2171 3469 partibus
2202 3397 2404 3452 minora
2446 3411 2730 3466 occupare,
2777 3405 2830 3449 et
2859 3395 3206 3464 amplioribus
3232 3394 3516 3464 ampliora.

1933 3492 2265 3560 Quapropter
2295 3491 2338 3544 si
2366 3489 2537 3542 anima
2565 3502 2758 3557 corpus
2780 3501 2899 3541 eSse
2925 3484 3146 3539 dicenda
3167 3494 3270 3549 est,
3303 3499 3405 3536 non
3433 3491 3518 3536 est

1934 3593 2078 3638 certe
2102 3595 2296 3650 corpus
2318 3580 2471 3650 quale
2499 3591 2763 3633 terremnn
2787 3587 2887 3643 est,
2916 3592 3012 3631 nec
3037 3576 3192 3646 quale
3217 3573 3516 3640 humidum,

1935 3684 2024 3730 aut
2047 3673 2270 3738 aerium,
2299 3682 2389 3726 ant
2417 3670 2713 3725 a-lherium.
2741 3668 2927 3723 Omnia
2956 3668 3150 3738 quippe
3173 3667 3295 3721 talia
3318 3668 3517 3735 majora

1937 3776 2060 3821 sunt
2099 3767 2149 3820 in
2182 3765 2472 3834 majoribus
2502 3762 2653 3829 locis,
2704 3771 2758 3815 et
2803 3763 3005 3816 minora
3046 3761 3096 3814 in
3125 3759 3437 3822 minoribus,
3467 3766 3522 3814 et

1939 3859 2070 3913 nihil
2095 3873 2279 3911 eorum
2307 3855 2356 3909 in
2387 3855 2559 3924 aliqua
2605 3853 2683 3907 sui
2727 3861 2874 3922 parte
2903 3863 3069 3906 totum
3100 3852 3289 3912 adest;
3337 3848 3428 3904 sed
3461 3858 3520 3903 ut

1939 3960 2061 4008 sunt
2095 3960 2274 4022 partes
2304 3950 2564 4013 locorum,
2597 3947 2666 4001 ita
2697 3954 3021 4015 oveupantnr
3063 3943 3300 4012 partibus
3327 3957 3522 4009 corpo-

1939 4057 2077 4096 rtttn.
2108 4039 2258 4095 Unde
2300 4039 2609 4108 intelligitur
2650 4052 2846 4099 amma,
2891 4035 3004 4088 sive
3046 4050 3260 4103 corpus,
3302 4034 3412 4086 sive
3443 4032 3525 4085 in-

1939 4147 2194 4201 corporea
2222 4130 2442 4184 dicenda
2475 4130 2561 4192 sit,
2589 4127 2853 4198 pmpriant
2892 4123 3174 4195 quamdam
3209 4123 3403 4176 habere
3429 4139 3522 4176 tta-

1943 4233 2134 4280 turam.
2171 4221 2418 4275 omnibus
2461 4220 2543 4274 his
2599 4216 2879 4274 numdana:
2917 4215 3072 4270 moli;
3119 4213 3398 4270 elementis
3423 4228 3522 4269 ex-

1942 4316 2253 4373 cellentiore
2294 4313 2586 4366 substantia
2628 4320 2859 4366 creatam
2887 4351 2903 4376 ,
2949 4325 3068 4380 qua:
3115 4307 3375 4364 veraciter
3418 4323 3524 4364 non

1938 4392 2109 4479 possit
2161 4406 2212 4459 in
2257 4404 2432 4474 aliqua
2483 4402 2754 4474 phantasia
2811 4401 3166 4471 corporalium
3214 4401 3521 4471 imaginum,

1942 4514 2073 4571 quas
2098 4513 2190 4568 per
2209 4499 2383 4552 carnis
2404 4512 2592 4550 sensus
2616 4494 2954 4564 percipimus,
2976 4493 3216 4563 cogitari,
3235 4493 3326 4545 sed
3353 4501 3529 4548 mente

1946 4591 2185 4661 intelligi,
2214 4590 2422 4659 vitaque
2454 4587 2656 4642 sentiri.
2690 4585 2870 4655 Neque
2912 4585 3024 4639 haec
3068 4583 3290 4654 proinde
3320 4582 3527 4652 loquor,

1946 4694 2003 4739 ιιι
2032 4694 2084 4739 te
2107 4700 2226 4751 qme
2266 4681 2358 4734 tibi
2414 4689 2537 4733 nota
2584 4689 2708 4732 sunt
2749 4677 3011 4732 doceam:
3043 4673 3136 4728 sed
3195 4683 3250 4728 ut
3293 4673 3529 4743 aperiam

1945 4775 2070 4847 quid
2104 4771 2405 4827 lirmissime
2438 4769 2504 4824 de
2532 4770 2707 4823 anima
2734 4779 2960 4830 teneam,
2993 4779 3060 4820 ne
3102 4779 3189 4819 me
3226 4767 3528 4833 quisquam,

1946 4883 2067 4922 cum
2093 4863 2158 4919 ad
2185 4879 2247 4916 ea
2275 4877 2471 4916 venero
2518 4876 2637 4930 qua:
2680 4861 2913 4928 requiro,
2959 4855 3088 4911 nihil
3142 4853 3211 4910 de
3236 4855 3413 4908 anima
3442 4854 3528 4910 vel

1947 4956 2163 5010 scientia
2187 4953 2269 5008 vel
2301 4952 2403 5006 lide
2431 4962 2612 5006 tenere
2639 4949 2943 5004 arbitretur.
3564 5012 3567 5015 _

2019 5047 2069 5103 5.
2102 5045 2291 5101 Certus
2316 5042 2473 5099 etiam
2503 5057 2619 5097 sum
2649 5041 2876 5094 animam
2909 5036 3049 5093 nulla
3071 5037 3164 5094 Dei
3191 5035 3534 5104 culpa,nulla

1948 5139 2042 5193 Dei
2074 5136 2388 5192 necessitate
2419 5134 2500 5188 vel
2524 5147 2638 5195 sna,
2670 5130 2762 5184 sed
2786 5127 2993 5198 propria
3023 5131 3292 5185 voluntate
3321 5130 3371 5184 in
3404 5144 3535 5200 pec-

1951 5241 2127 5286 catum
2155 5244 2274 5284 e5se
2305 5214 2588 5296 collapsam
2620 5240 2633 5276 :
2665 5237 2761 5276 nec
2791 5222 2998 5276 liberari
3032 5238 3189 5294 posse
3213 5223 3280 5276 de
3308 5238 3417 5290 cor;
3438 5237 3535 5278 ore

1951 5323 2137 5378 mortis
2165 5321 2321 5390 hujus
2348 5319 2430 5373 vel
2467 5333 2577 5372 sua:
2603 5314 2884 5368 voluntatis
2920 5315 3129 5374 virtute.
3163 5326 3405 5382 tanquam
3433 5315 3533 5370 sibi

1953 5415 2016 5470 ad
2045 5415 2148 5468 hoc
2175 5412 2491 5474 sufﬁciente,
2521 5408 2607 5462 vel
2633 5407 2797 5476 ipsius
2820 5407 3058 5476 corporis
3083 5415 3276 5469 morte,
3299 5406 3390 5460 sed
3413 5421 3556 5481 gra-.

1956 5507 2025 5562 tia
2056 5505 2147 5560 Dei
2177 5520 2269 5574 per
2295 5502 2472 5557 ,Ιεενιιιι
2490 5498 2759 5554 Christum
2786 5498 3064 5552 Dominum
3097 5506 3333 5552 nostrntn
3354 5497 3534 5566 (Rom.

1954 5617 2051 5663 vu,
2072 5598 2164 5662 9.4,
2194 5595 2322 5667 9.5);
2361 5609 2456 5648 nec
2481 5591 2699 5647 omnino
2726 5605 2844 5646 esse
2869 5590 3097 5644 animam
3147 5588 3304 5642 ullam
3356 5588 3408 5642 ιιι
3447 5563 3558 5659 ge:

1957 5704 2088 5746 nere
2119 5689 2364 5748 humano,
2399 5684 2482 5738 cui
2511 5699 2612 5737 non
2635 5682 2705 5737 sit
2732 5679 3062 5736 nece-Ssarius
3081 5681 3144 5735 ad
3171 5680 3534 5735 liberationem

2023 5805 2040 5834 ί
2075 5809 2181 5850 Mss.
2209 5799 2412 5861 aliquot,
2435 5795 2562 5860 quod
2592 5795 2642 5846 in
2678 5804 2876 5857 corpore
2900 5806 2992 5844 non
3038 5801 3131 5845 tota
3162 5793 3216 5860 ﬁ:
3241 5801 3417 5854 tzmten,
3442 5798 3539 5846 etc.
