4004 6382
547 374 651 430 723

545 488 804 547 mediator
829 487 918 543 Dei
943 495 996 541 et
1026 486 1294 540 hominum
1323 483 1484 538 homo
1507 480 1753 538 Christus
1777 479 1950 534 Jesns.
1975 479 2132 546 Quaa-

542 561 772 651 cutnque
799 591 975 635 autem
1009 581 1124 634 sine
1152 577 1314 648 gratia
1346 574 1647 629 Mediatoris
1688 585 1742 628 et
1787 573 2133 629 Sacramenta

543 675 680 740 eius,
711 674 761 727 in
801 673 1033 743 qualibet
1073 670 1312 740 corporis
1337 677 1512 727 aetate.
1551 667 1618 720 de
1647 681 1871 734 corpore
1916 665 2128 730 exierit,

542 778 598 822 et
624 768 675 821 in
711 781 919 836 imnam
964 762 1214 828 futuram,
1251 771 1305 815 et
1339 761 1391 814 in
1422 759 1608 813 ultimo
1645 757 1851 828 judicio
1881 766 2127 827 receptu-

541 877 655 916 ram
684 873 874 929 corpus
901 857 965 912 ad
1009 871 1240 927 Imaum.
1270 854 1326 908 Si
1354 863 1530 908 autem
1565 859 1684 922 post
1728 851 2127 922 generationem

541 950 848 1014 humanam,
879 963 996 1017 qua:
1037 945 1170 1000 facta
1214 955 1296 1000 est
1339 962 1401 997 ex
1457 943 1648 1007 Adam,
1685 949 2029 1012 regencretur
2076 939 2131 994 in

537 1039 750 1097 Christo
805 1038 869 1094 ad
915 1037 1034 1106 ejus
1083 1037 1352 1110 pertinens
1398 1035 1744 1099 societatem,
1793 1041 1848 1086 et
1890 1033 2129 1103 requiem

540 1119 660 1207 post
699 1140 921 1185 mortem
964 1128 1204 1198 corporis
1235 1127 1554 1191 habituram,
1595 1133 1650 1178 et
1671 1139 1866 1194 corpus
1903 1123 1968 1177 ad
2013 1123 2129 1192 glo-

536 1225 669 1280 riam
699 1232 1053 1293 rccepturam.
1095 1221 1217 1275 lltcc
1237 1228 1362 1274 sunt
1385 1235 1503 1289 qua:
1523 1218 1593 1274 de
1617 1219 1793 1271 anima
1823 1216 2127 1270 lirtnissime

535 1324 711 1373 mneo.

603 1403 830 1463 CAPUT
857 1403 944 1460 III.
970 1433 1044 1445 —
1070 1404 1124 1459 6.
1155 1401 1304 1457 Nunc
1335 1402 1536 1472 accipe,
1561 1416 1765 1471 qumso,
1793 1398 1916 1472 qttid
1945 1399 2126 1469 requi-

532 1514 669 1564 ram,
713 1505 770 1554 et
799 1497 904 1552 noli
935 1512 1020 1551 me
1057 1510 1344 1568 spernere;
1391 1493 1468 1549 sic
1509 1508 1612 1546 non
1639 1494 1653 1523 ¹
1679 1501 1730 1546 te
1773 1501 1992 1560 Spernat
2037 1491 2126 1560 qui

535 1578 631 1664 pro
658 1591 812 1646 nobis
839 1590 1084 1661 dignatus
1121 1599 1200 1644 est
1233 1587 1432 1657 Sperni.
1461 1587 1655 1652 Qumro
1683 1585 1767 1638 tibi
1795 1584 2128 1638 contraxerit

530 1686 706 1740 anima
734 1693 938 1738 reatum
962 1697 1068 1753 quo
1098 1681 1322 1736 trahitur
1342 1679 1392 1734 in
1420 1677 1941 1743 coudemnationem,
1961 1676 2124 1731 etiam

533 1777 744 1832 infantis
775 1787 945 1830 morte
985 1774 1256 1844 przeventi,
1283 1773 1328 1826 si
1362 1770 1412 1826 ci
1445 1787 1538 1840 per
1573 1771 1972 1827 Sacramentum
2017 1784 2125 1838 qtto

530 1859 690 1923 etiam
735 1867 936 1938 parvuli
985 1866 1357 1935 baptizantur,
1396 1865 1592 1918 Christi
1629 1862 1797 1933 gratia
1841 1880 1944 1916 non
1993 1862 2122 1915 sub-

530 1959 752 2016 venerit.
786 1958 902 2013 Non
930 1956 1072 2012 enim
1103 1972 1163 2010 es
1187 1973 1250 2010 ex
1279 1957 1380 2010 illis
1402 1956 1490 2026 qui
1525 1956 1684 2010 Ino-.lo
1711 1969 1845 2008 nova
1874 1954 2120 2024 qua-dam

526 2054 727 2124 garrire
770 2059 1069 2122 cmperttnt,
1117 2048 1356 2104 dicentes
1399 2047 1600 2101 nullum
1650 2056 1850 2100 reatum
1893 2061 2011 2100 esse
2054 2061 2120 2099 ex

527 2143 694 2197 Adam
728 2151 976 2201 tractum,
1009 2142 1095 2211 qui
1130 2157 1224 2210 per
1246 2139 1571 2209 Baptismqu
1620 2139 1671 2191 in
1714 2137 1911 2191 infante
1941 2138 2118 2190 Solva-

528 2246 630 2288 tur.
659 2233 810 2302 Quod
835 2245 884 2287 te
920 2248 1109 2301 sapere
1139 2233 1180 2286 si
1212 2231 1426 2297 scirem,
1458 2231 1564 2284 imo
1599 2230 1700 2283 nisi
1729 2240 1779 2284 te
1807 2229 1857 2282 id
1899 2245 2002 2281 non
2034 2245 2122 2283 sa-

526 2343 652 2396 pere
686 2327 898 2390 scirem,
941 2341 1269 2394 nequaquam
1309 2326 1408 2379 hoc
1453 2325 1549 2377 abs
1591 2333 1643 2378 te
1683 2339 1977 2393 qumrerem
2028 2333 2120 2377 aut

523 2419 866 2490 querendum
899 2426 1160 2488 putarem.
1202 2417 1307 2472 Sed
1351 2417 1470 2486 quia
1515 2426 1758 2470 tenemus
1804 2415 1872 2470 de
1919 2417 2016 2468 hac
2059 2432 2117 2470 re

523 2516 840 2566 sententiam
872 2520 1012 2564 tuam
1037 2511 1404 2564 concinentem
1427 2508 1701 2563 catholicm
1731 2507 2116 2562 laudatissima:

524 2601 668 2668 ﬁdei,
699 2617 801 2670 qua
841 2609 896 2656 et
929 2599 1190 2655 Joviniani
1227 2601 1521 2670 vaniloquia
1561 2598 1904 2670 redarguens,
1957 2599 2114 2653 adhi-

524 2692 682 2746 buisti
723 2693 1080 2746 testimonium
1125 2708 1190 2747 cx
1229 2692 1364 2746 libro
1405 2691 1506 2746 Job
1536 2734 1549 2750 .
1595 2691 1760 2746 Nemo
1801 2693 2021 2747 mundus
2061 2695 2115 2747 in

520 2792 784 2853 conspectu
825 2793 932 2847 tuo,
975 2800 1062 2836 nec
1097 2785 1264 2852 infans
1289 2785 1433 2852 cnjns
1454 2793 1526 2836 est
1543 2783 1643 2836 diei
1666 2785 1812 2837 unius
1838 2785 1939 2837 vita
1960 2800 2116 2852 super

520 2874 826 2942 terramllob
849 2889 941 2938 xv,
974 2874 1026 2934 4,
1059 2890 1159 2928 sec.
1195 2873 1379 2943 LXX),
1403 2874 1593 2928 deinde
1620 2875 1928 2943 adjunxisti,
1955 2873 2115 2927 Tene—

519 2982 724 3034 mitrque
751 2967 824 3019 rei
840 2965 890 3018 in
919 2965 1245 3018 similitudine
1266 2967 1695 3035 prwvaricationis
1719 2967 1841 3020 Adw
1870 2965 2108 3037 (llieron.

518 3055 607 3113 lib.
634 3057 668 3113 2
686 3057 924 3114 adversus
948 3053 1182 3128 Jovin.);
1211 3065 1262 3111 et
1289 3057 1420 3112 liber
1445 3068 1566 3113 tuus
1589 3059 1638 3111 iu
1663 3057 1851 3112 Jonam
1880 3056 2114 3127 prophe-

520 3163 626 3207 tam
659 3153 786 3205 satis
813 3154 912 3205 hoc
957 3153 1233 3220 insigniter
1262 3151 1596 3221 dilucideque
1625 3151 1882 3213 declarat,
1915 3151 1998 3204 ubi
2020 3151 2110 3219 je-

514 3251 703 3319 junare
750 3249 996 3318 parvulos
1040 3258 1255 3317 propter
1294 3249 1462 3314 ipsum
1508 3247 1762 3316 originale
1808 3254 2106 3314 peccatttm,

518 3341 709 3396 tnerito
736 3349 950 3396 coactos
986 3354 1104 3394 esse
1131 3339 1308 3392 dixisti
1334 3340 1351 3407 (
1380 3337 1462 3390 Id.
1494 3339 1544 3390 in
1573 3336 1800 3408 Jonmu)
1836 3355 1847 3386 :
1894 3353 1998 3407 non
2030 3339 2124 3390 in-'

516 3432 895 3488 convenienter
921 3433 1016 3484 abs
1063 3440 1112 3484 te
1137 3445 1340 3501 qua-ro,
1395 3431 1532 3482 httne
1580 3439 1782 3484 reatum
1814 3429 1988 3481 anima
2019 3429 2108 3482 tibi

515 3523 858 3581 contraxerit.
891 3522 1029 3577 unde
1067 3529 1310 3590 epot'tcat
1341 3538 1456 3573 eam
1498 3521 1657 3574 etiam
1714 3520 1762 3572 in
1815 3519 1902 3574 illa
1949 3528 2108 3572 avtate

515 3631 609 3688 per
631 3614 1032 3671 Sac-ramentum
1060 3612 1362 3667 Clll'islitllm!
1389 3611 1569 3680 gratia:
1599 3611 1831 3665 liberari.

588 3708 639 3760 7.
694 3707 807 3776 Ego
856 3705 1068 3776 quidem
1111 3712 1232 3758 ante
1274 3705 1472 3773 aliquot
1527 3719 1734 3766 annos,
1779 3717 1900 3754 cum
1943 3701 2108 3754 libros

514 3799 775 3872 quosdam
799 3800 1086 3854 scriberem
1111 3797 1178 3851 de
1210 3797 1402 3850 Libero
1435 3796 1690 3857 Arbitrio,
1715 3795 1801 3864 qni
1832 3796 1881 3847 in
1912 3795 2108 3846 multo-

514 3909 631 3946 rum
661 3907 847 3946 tnanus
874 3891 1139 3952 exierunt,
1177 3899 1232 3944 et
1271 3905 1409 3942 nunc
1453 3889 1716 3943 habentur
1757 3905 1786 3940 a
1835 3887 2103 3957 plurimis,

512 3998 737 4057 quatuor
762 3987 1040 4056 Opiniones
1067 3985 1134 4040 de
1173 3984 1364 4038 anima:
1395 3984 1774 4046 incarnatione,
1821 3979 2010 4036 Utrum
2038 3997 2105 4036 ex

510 4080 599 4133 illa
629 4096 727 4132 una
756 4095 873 4150 quas
898 4081 1069 4148 pritno
1104 4076 1304 4132 homini
1337 4076 1456 4130 data
1502 4087 1605 4141 est,
1653 4083 1862 4128 uetera:
1910 4089 2106 4142 propa-

511 4184 699 4245 gentnr
728 4191 742 4229 ι
771 4189 837 4226 an
865 4171 1086 4242 singulis
1116 4171 1414 4241 quibusque
1461 4184 1612 4222 nova:
1657 4169 1815 4222 etiam
1849 4165 2008 4219 modo
2037 4165 2101 4218 ii-

513 4274 604 4319 ant
627 4284 638 4316 :
659 4281 724 4316 an
748 4263 936 4318 alicubi
960 4265 1066 4327 jam
1094 4263 1402 4321 existentes.
1425 4260 1504 4315 vel
1537 4258 1810 4313 mittantur
1829 4257 2099 4321 divinitus,

511 4356 596 4408 vel
635 4363 821 4424 :pnltlt!
853 4354 1093 4406 labantur
1133 4353 1185 4406 in
1215 4367 1470 4421 carpet-a;
1515 4352 1582 4404 ita
1612 4349 1788 4420 putavi
1834 4364 1952 4404 esse
1989 4357 2102 4402 tra-

510 4445 753 4507 ctandas,
787 4452 847 4497 ut
875 4444 1121 4512 qutclibet
1147 4459 1326 4496 earum
1356 4458 1479 4496 vera
1505 4450 1667 4503 esset,
1689 4457 1794 4493 non
1818 4441 2102 4509 impediret

511 4536 858 4590 intentionem
905 4549 1110 4597 meam,
1147 4551 1246 4602 qua
1295 4544 1416 4586 tunc
1458 4533 1712 4586 adversus
1750 4548 1843 4586 eos
1890 4532 2101 4601 quantis

509 4638 747 4699 poteram
779 4626 979 4680 viribus
1001 4625 1240 4694 agebam,
1271 4624 1357 4694 qui
1391 4634 1632 4677 naturam
1667 4623 1786 4676 tnali
1820 4638 1918 4675 suo
1958 4625 2101 4691 prin-

507 4720 646 4789 cipio
675 4717 950 4789 pra-diuini
971 4718 1014 4782 ',
1034 4717 1289 4774 adversus
1333 4719 1493 4772 llettm
1521 4726 1780 4770 Conantur
1824 4716 2096 4785 inducere,

508 4814 557 4867 id
584 4823 666 4868 est
686 4821 874 4869 eontra
895 4810 1212 4866 Maniclueos
1241 4809 1342 4883 (De
1366 4809 1544 4866 Libero
1565 4810 1805 4880 Arbitrio,
1841 4809 1927 4865 lib.
1968 4810 2003 4865 5
2041 4824 2094 4864 c.

503 4907 594 4975 21)
633 4923 801 4963 :nam
827 4908 900 4965 r‘e
929 4908 1346 4964 Priscillianistis
1395 4906 1571 4960 adhuc
1621 4907 1749 4959 nihil
1796 4904 2092 4973 audieram,

504 4998 594 5068 qui
621 5013 729 5054 non
761 5002 986 5062 multum
1009 5000 1078 5055 ab
1103 5000 1220 5055 istis
1244 4999 1533 5055 dissimiles
1561 4996 1916 5068 blasphemias
1937 4997 2093 5051 labu-

505 5091 698 5152 lantttr.
734 5089 850 5149 [det
913 5092 1124 5163 pintam
1155 5091 1460 5162 opinionem
1491 5104 1596 5144 non
1618 5089 1815 5147 addidi.
1847 5103 2006 5158 quam
2039 5088 2090 5141 in

505 5195 593 5238 tua
614 5181 838 5252 epistola
865 5181 1002 5237 inter
1025 5193 1247 5239 catteras
1273 5181 1726 5244 commemorasti,
1765 5195 1832 5235 ne
1860 5180 2091 5250 aliquam

502 5274 827 5345 pm-tet'it'es,
857 5273 946 5328 ubi
964 5271 1032 5328 de
1062 5271 1159 5326 hac
1198 5277 1489 5342 qtttl‘SIione
1521 5271 1866 5342 interroganti
1900 5271 2092 5325 rescri-

502 5367 941 5440 psistirehgiosa:
987 5365 1259 5422 memoria:
1297 5363 1431 5428 viro,
1484 5365 1740 5435 nobisque
1790 5365 1840 5418 in
1893 5363 2088 5418 Christi

499 5458 760 5515 cltaritate
781 5456 1083 5530 gratissimo
1104 5455 1430 5520 Marcellino,
1459 5455 1602 5526 quod
1625 5455 1799 5508 anima
1830 5463 1852 5495 ³
1875 5453 1944 5507 sit
1965 5469 2088 5523 pars

562 5597 583 5632 ι
619 5606 724 5648 mss.
745 5595 1026 5661 quatuor,sl
1054 5607 1148 5649 non
1170 5600 1218 5648 te
1237 5597 1452 5661 spernat.
1475 5590 1585 5641 Bai].
1617 5596 1671 5641 et
1691 5597 1785 5650 Exn,
1803 5603 1861 5641 ne
1888 5599 1932 5644 te
1955 5606 2089 5656 sper-

496 5662 600 5753 ,σε’
620 5727 752 5779 ων..
773 5722 975 5772 editam.
994 5729 1046 5773 Αι
1077 5721 1323 5774 editiones
1353 5715 1659 5783 antiquiores
1680 5721 1735 5768 et
1757 5722 1883 5783 Mss,
1907 5723 2087 5787 ρι’ωαὶ-

498 5787 600 5830 hin

563 5814 2085 5916 ῗὲάᾱηωιὶηωηαιάιρωυαοωωιιωωηθεωοηοω,
2113 5837 2154 5922 ζ

1785 365 1844 420 S.
1883 361 2245 418 AUGUSTINI
2288 365 2588 423 EPlbLUPt
3697 377 3777 436 ﬁt

2241 477 2333 532 Dei
2367 495 2380 532 :
2409 479 2602 550 primo,
2624 483 2744 551 quia
2768 498 2872 536 non
2902 482 2970 538 de
3013 483 3374 553 incarnatione
3412 485 3540 555 ejus.
3587 491 3671 545 sed
3710 476 3769 550 de

2240 580 2425 625 natura
2446 573 2716 642 qtta‘sritur,
2744 589 2866 628 cum
2897 575 2996 629 hoc
3023 577 3300 644 qua-ritur;
3327 577 3534 647 deinde,
3561 582 3671 652 quia
3693 583 3777 642 bac

2239 663 2472 717 sentiunt
2501 665 2569 718 illi
2595 675 2781 720 contra
2805 682 2938 734 quos
2965 670 3208 733 agebam,
3247 679 3301 723 et
3337 669 3388 725 id
3426 673 3641 726 maxime
3681 691 3786 746 age-

2239 752 2360 807 bam
2389 764 2446 809 nt
2474 755 2743 811 Creatoris
2774 757 3143 828 inculpabilcm
3173 761 3625 833 inviolabilemque
3650 778 3776 821 natu~

2238 860 2350 898 ram
2378 861 2406 898 a
2433 859 2693 903 creatura:
2723 848 2863 903 vitiis
2890 861 2945 904 et
2984 851 3103 907 iabe
3132 868 3490 909 secernerem.
3513 873 3624 910 cum
3659 858 3724 910 illi
3756 877 3785 910 ι

2238 937 2530 1008 substantia
2554 941 2793 1008 mali,cui
2819 942 3092 1012 proprium
3119 945 3430 1016 principium
3456 947 3782 1019 pl‘illClPCSllnd

2239 1028 2496 1098 tribuunt,
2531 1030 2697 1101 ipsam
2728 1033 2851 1088 boni
2885 1033 2975 1088 Dei
3001 1035 3350 1091 substantiam
3373 1053 3437 1093 ex
3469 1050 3608 1108 parte
3645 1059 3732 1110 qua
3769 1047 3783 1078 ι

2236 1132 2386 1193 capta
2411 1134 2514 1189 est,
2560 1137 2862 1196 corruptam
2889 1137 2943 1182 et
2985 1145 3320 1198 oppressam,
3363 1141 3416 1184 et
3457 1133 3520 1186 ad
3564 1138 3783 1202 peccandi

2236 1217 2607 1271 necessitatem
2637 1219 2947 1289 perductam
2979 1237 3096 1276 esse
3122 1223 3464 1277 contendant.
3502 1224 3606 1279 Hoc
3638 1226 3786 1297 itaque

2233 1318 2459 1378 excepto
2498 1307 2764 1365 ha-retica:
2789 1311 3057 1379 Opinionis
3099 1329 3304 1379 errore,
3349 1330 3412 1368 ex
3443 1325 3654 1384 quatuor
3677 1319 3781 1370 reli-

2234 1401 2354 1470 quis
2379 1399 2720 1468 Opinionibus
2747 1418 2992 1471 quamam
3021 1403 3088 1458 sit
3111 1404 3353 1474 eligenda
3393 1406 3528 1460 scire
3548 1406 3779 1465 desidero.

2233 1492 2593 1563 Qnazcttmque
2634 1494 2775 1549 enim
2821 1495 3058 1566 eligenda
3098 1508 3218 1565 est,
3273 1499 3412 1552 absit
3454 1509 3507 1552 ut
3551 1500 3786 1570 impugnet

2235 1584 2372 1639 hanc
2403 1585 2560 1640 Iidem
2601 1586 2667 1640 de
2714 1604 2815 1657 qua
2856 1590 2988 1644 certi
3015 1606 3218 1653 sumus,
3268 1597 3412 1646 omni
3440 1597 3620 1648 anima:
3646 1595 3780 1650 etiam

2233 1677 2435 1745 parvuli
2458 1675 2674 1732 infantis
2695 1681 3046 1735 necessariam
3068 1698 3187 1736 esse
3211 1682 3568 1738 liberationem
3593 1700 3651 1740 ex
3673 1687 3786 1740 obli-

2231 1769 2443 1838 gatione
2471 1771 2690 1840 peccati,
2723 1787 2951 1842 eamque
2975 1774 3175 1828 nullam
3211 1790 3334 1830 esse
3368 1777 3468 1830 nisi
3508 1791 3597 1845 per
3627 1777 3788 1835 lesum.

2230 1857 2523 1922 Christum,
2551 1872 2604 1916 et
2629 1860 2768 1916 hunc
2793 1864 3133 1918 crucifixum.

2300 1949 2527 2009 CAPUT
2555 1953 2642 2008 IV.
2661 1955 2800 2010 —8.
2831 1954 3060 2010 Proinde
3083 1974 3148 2010 ne
3175 1957 3390 2026 longum
3421 1955 3684 2022 iaciamus,
3702 1958 3785 2015 hoc

2229 2055 2375 2100 certe
2401 2047 2570 2101 sentis
2589 2047 2730 2116 quod
2754 2049 2991 2117 singulas
3017 2051 3223 2104 animas
3243 2052 3464 2120 singulis
3484 2053 3786 2108 nascentibus

2229 2137 2389 2192 etiam
2430 2139 2589 2192 modo
2621 2140 2758 2195 Deus
2787 2142 2960 2196 faciat.
3000 2141 3098 2196 Cui
3128 2148 3412 2197 sententia!
3450 2163 3512 2197 ne
3539 2145 3782 2214 ohjiriatur

2228 2232 2370 2297 quod
2401 2247 2588 2286 omnes
2613 2243 2886 2289 creaturas
2914 2246 3066 2290 sexto
3092 2236 3180 2290 die
3209 2241 3646 2292 Consunttnavrrit
3667 2239 3782 2298 Deus

2228 2331 2282 2376 et
2310 2323 2537 2390 septimo
2574 2324 2659 2378 die
2701 2327 3054 2394 requieverit,
3082 2328 3308 2383 adbich
3353 2330 3692 2384 testimonium
3729 2348 3782 2386 ex

2228 2411 2538 2484 Evangelii),
2557 2414 2711 2470 Pater
2721 2433 2858 2470 mens
2874 2435 3029 2488 usque
3044 2436 3176 2472 nunc
3191 2421 3610 2488 apertitnriloan.
3630 2440 3675 2486 γ,
3693 2423 3781 2491 l7).

2227 2502 2316 2558 Sic
2343 2506 2482 2559 enim
2526 2507 2591 2559 ad
2633 2507 2994 2562 Marcellinum
3036 2512 3299 2578 scripsnti
3325 2530 3335 2563 :
3362 2513 3411 2565 in
3454 2530 3550 2581 qua
3591 2513 3782 2583 cpistoia

2226 2597 2386 2649 etiam
2415 2599 2516 2650 mei
2540 2602 3102 2655 commentoratimtetn
3125 2603 3614 2656 benevolentissime
3635 2605 3782 2659 lacere

2225 2686 2469 2758 dignatus
2495 2704 2554 2742 es
2577 2731 2592 2752 ,
2625 2690 2763 2758 quod
2798 2690 2881 2744 hic
2926 2709 3010 2746 me
3057 2693 3278 2747 haberet
3320 2694 3371 2747 in
3405 2693 3606 2758 Africa,
3631 2695 3707 2764 qui
3741 2693 3780 2750 ei

2224 2779 2392 2848 ipSam
2437 2778 2643 2836 facilius
2692 2796 2904 2850 possem
2951 2783 3220 2852 explicare
3275 2787 3583 2839 sententiam
3621 2786 3779 2856 (Sup.,

2223 2878 2366 2947 epist.
2413 2878 2556 2946 165).
2599 2877 2750 2943 Quod
2793 2879 2834 2932 si
2879 2881 3202 2948 potuissem,
3237 2897 3342 2936 noa
3387 2883 3471 2937 ille
3507 2881 3601 2937 hoc
3629 2883 3712 2936 abs
3740 2891 3780 2938 ie

2225 2977 2330 3022 tam
2359 2969 2512 3038 longe
2536 2969 2707 3036 posito
2736 2971 3056 3038 inquireret;
3084 2973 3126 3026 si
3160 2982 3338 3027 tamen
3369 2974 3419 3028 id
3444 2974 3531 3028 tibi
3555 2990 3615 3027 ex
3631 2975 3779 3028 Africa

2221 3060 2452 3128 scripsit.
2494 3059 2625 3113 Nam
2656 3062 2870 3131 quando
2907 3064 3179 3134 scripserit
3221 3067 3439 3131 nescio;
3471 3075 3656 3121 tantum
3688 3066 3778 3121 scio

2221 3152 2361 3223 quod
2406 3152 2473 3208 de
2515 3153 2616 3207 hac
2661 3156 2792 3210 bene
2821 3158 3128 3233 Cognoverit
3169 3161 3560 3213 cunctatioaem
3591 3175 3772 3214 meam:

2223 3245 2361 3300 unde
2391 3262 2474 3299 me
2507 3248 2805 3302 inconsulto
2835 3248 3005 3303 facere
3037 3251 3222 3306 voiuit.
3253 3251 3559 3322 Quanquam
3585 3249 3771 3305 etiamsi

2219 3336 2544 3404 consuleret,
2577 3340 2744 3408 magis
2779 3339 3058 3405 hortarer,
3089 3351 3141 3395 et
3179 3344 3382 3412 gratias
3426 3359 3625 3415 agerem
3659 3340 3773 3412 quod

2220 3427 2373 3481 nobis
2410 3431 2658 3484 omnibus
2696 3430 2925 3486 conferri
2955 3434 2973 3462 ¹
3003 3445 3217 3501 posset,
3254 3437 3355 3488 nisi
3395 3444 3448 3488 tu
3480 3435 3686 3488 breviter
3705 3447 3770 3488 re-

2217 3519 2454 3575 scribi-re
2477 3562 2492 3586 ,
2521 3537 2678 3590 quam
2722 3523 3046 3590 reSpondcre
3090 3525 3372 3581 maluisses
3397 3545 3409 3578 :
3437 3527 3590 3581 credo
3615 3541 3672 3580 ne
3701 3539 3770 3577 sa—

2219 3611 2427 3680 pcrlluo
2463 3613 2733 3668 laborares
2754 3654 2769 3679 ,
2798 3614 2884 3667 tibi
2916 3631 3014 3685 ego
3044 3631 3217 3670 essent
3244 3664 3260 3680 ,
3299 3635 3459 3686 quem
3506 3617 3700 3687 putabas
3730 3613 3769 3669 id

2217 3703 2418 3772 Oplilllc
2447 3704 2585 3758 scire
2631 3703 2770 3774 quod
2812 3705 2897 3758 ille
2940 3711 3277 3775 qtucsivcrat.
3333 3708 3468 3764 Ecce
3495 3705 3769 3761 volentilla

2217 3798 2478 3849 sententia
2507 3798 2666 3849 etiam
2697 3813 2812 3851 mea
2843 3797 2930 3861 sit,
2966 3800 3056 3852 sed
3087 3801 3325 3853 nondum
3356 3815 3475 3856 esse
3496 3801 3738 3853 eoalirtno.

2287 3885 2338 3939 9.
2384 3885 2568 3940 Misi-ti
2600 3887 2662 3940 ad
2693 3903 2778 3942 me
2808 3888 3098 3958 discipulos
3121 3899 3174 3943 ut
3205 3906 3267 3944 ea
3292 3889 3512 3945 dot-eam
3541 3907 3646 3961 quin
3666 3905 3768 3941 non-

2215 3976 2340 4031 dum
2367 3977 2479 4047 ipso
2506 3978 2687 4032 didici.
2734 3981 2871 4035 Doce
2897 3996 3024 4051 ergo
3044 3982 3182 4051 quod
3211 3981 3432 4037 doceam
3456 4001 3467 4034 :
3494 3999 3604 4037 nam
3625 3991 3671 4035 ut
3689 3979 3766 4032 do-

2215 4085 2362 4124 ceam
2393 4071 2539 4125 multi
2569 4087 2596 4124 a
2629 4088 2715 4126 me
2742 4071 2999 4143 ﬂagitant,
3018 4076 3199 4143 eisque
3229 4091 3317 4130 me
3337 4075 3474 4131 sicut
3492 4077 3584 4128 alia
3612 4067 3762 4133 multa,

2213 4167 2269 4214 et
2299 4161 2398 4215 hoc
2434 4162 2679 4230 ignorare
2707 4165 3003 4218 conﬁteor:
3033 4175 3086 4218 et
3125 4168 3355 4221 fortasse
3391 4167 3616 4236 quamvis
3647 4165 3689 4218 in
3713 4159 3762 4215 os

2214 4268 2390 4306 meum
2422 4255 2849 4309 verecntnlcutnr
2869 4298 2881 4318 ,
2917 4266 3090 4310 tamen
3119 4259 3258 4326 apud
3299 4275 3358 4313 se
3397 4259 3601 4322 dicunt,
3629 4255 3695 4310 Tit
3722 4269 3762 4306 es

2211 4348 2447 4418 iiittgister
2473 4349 2523 4400 in
2554 4346 2748 4413 Israel,
2775 4358 2820 4402 et
2849 4350 2953 4403 huic
2970 4351 3172 4419 ignoras
3192 4350 3370 4418 (Jomt.
3397 4366 3449 4404 ιιι
3470 4391 3486 4417 ,
3516 4349 3591 4416 l0)
3612 4351 3624 4402 Σ
3647 4343 3760 4417 quod

2210 4440 2422 4510 quidem
2456 4441 2708 4494 Dominus
2737 4441 2783 4494 ei
2816 4441 2973 4503 dixit,
3005 4440 3096 4511 qui
3127 4451 3240 4494 erat
3269 4457 3408 4496 unus
3437 4442 3629 4494 illorum
3652 4449 3758 4507 quos

2208 4531 2505 4588 delectabat
2545 4533 2720 4587 vocari
2763 4533 2927 4587 Rabbi
2955 4551 2969 4587 :
2999 4533 3140 4588 unde
3168 4533 3328 4587 etiam
3370 4533 3434 4588 ad
3468 4547 3632 4587 verum
3666 4543 3759 4582 mas

2207 4627 2430 4697 gistrum
2461 4636 2616 4681 nocte
2647 4633 2900 4691 venerat,
2931 4625 3050 4695 quia
3084 4624 3325 4681 forta~sis
3349 4623 3672 4680 erubescebat
3693 4618 3756 4671 di-

2207 4732 2379 4783 scere,
2410 4720 2497 4788 ιιιιί
2525 4718 2722 4773 docere
2750 4727 3118 4772 consueverat.
3160 4717 3241 4773 Me
3267 4728 3444 4773 autem
3473 4717 3629 4786 potius
3661 4726 3753 4766 tua-

2205 4808 2428 4880 gistrum
2452 4808 2656 4869 audire,
2672 4824 2829 4879 quam
2852 4809 2992 4864 velut
3020 4809 3331 4877 magistrum
3354 4808 3570 4864 delectat
3593 4801 3748 4859 audiri.

2207 4893 2406 4955 Recolo
2435 4901 2575 4956 enim
2604 4900 2728 4970 quid
2760 4900 2953 4955 dixerit
2972 4900 3049 4956 eis
3078 4915 3214 4969 qttos
3237 4916 3344 4966 pra:
3364 4899 3564 4954 ea-teris
3589 4894 3748 4958 elegit:

2214 4989 2313 5046 Vos
2341 5003 2540 5058 autent,
2575 4992 2776 5063 inquit,
2805 4991 2959 5045 nolite
2985 4992 3151 5044 vocari
3189 4991 3252 5045 ab
3277 4989 3553 5044 hominibus
3582 4984 3716 5041 “abii
3732 4997 3747 5045 ;

2203 5103 2333 5140 unus
2360 5096 2430 5139 est
2453 5086 2584 5138 enim
2605 5085 2840 5155 magister
2858 5093 3033 5147 vester,
3055 5081 3285 5137 Christus
3302 5067 3510 5152 (Hann.
3527 5093 3659 5137 nttt.
3679 5073 3743 5142 8).

2201 5177 2309 5234 Nec
2337 5177 2470 5230 alius
2497 5175 2680 5230 docuit
2710 5175 2922 5247 Moysen
2949 5176 3108 5228 etiam
3139 5189 3234 5244 per
3257 5171 3598 5244 Jetro(E.rod.
3616 5181 3740 5227 xrttt.

2204 5268 2416 5340 M-25),
2440 5284 2538 5324 nec
2556 5269 2693 5324 alius
2708 5267 3008 5321 Cornelium
3026 5267 3185 5322 etiam
3205 5282 3295 5336 per
3316 5266 3540 5337 priorem
3561 5261 3739 5316 Petrum

2200 5363 2334 5438 (Act.
2360 5379 2414 5424 ς,
2436 5361 2533 5417 25-
2551 5362 2630 5431 ιε)
2651 5402 2665 5425 ,
2691 5375 2792 5414 nec
2814 5360 2951 5414 alius
2977 5359 3188 5414 Petrum
3217 5358 3373 5413 etiam
3402 5372 3493 5426 per
3515 5347 3739 5448 materie-

2199 5473 2311 5511 retn
2356 5455 2576 5509 Paulum
2621 5451 2813 5523 (Galat.
2847 5466 2917 5518 tt,
2945 5450 3135 5514 Η-Ξί)
3160 5468 3172 5503 :
3198 5465 3224 5502 a
3265 5458 3583 5517 quocumque
3618 5451 3734 5494 enim

2197 5563 2382 5605 verum
2406 5547 2619 5608 dicitur,
2643 5544 2733 5600 illo
2760 5542 2993 5599 donante
3016 5541 3242 5605 dicitur,
3267 5538 3356 5610 qui
3379 5545 3458 5592 est
3483 5538 3585 5604 ipsa
3611 5525 3713 5584 Veri

2195 5675 2307 5730 qua:
2329 5662 2523 5730 abest_a
2545 5658 2830 5730 melioribus
2850 5664 2956 5730 uss.
2976 5663 3163 5730 nempe
3194 5654 3284 5706 hoc
3309 5649 3544 5704 laniclml
3571 5647 3730 5697 sentio-

2196 5720 2332 5784 liant,
2355 5724 2483 5786 quod
2509 5723 2667 5773 anima
2686 5724 2751 5772 sit
2776 5738 2786 5784 ι
2804 5733 2886 5770 ars
2907 5720 3010 5769 Dei.

2260 5789 2278 5820 ί
2313 5783 2422 5847 mss.
2445 5798 2556 5843 sex,
2577 5797 2649 5847 ea:
2665 5783 2802 5847 parte
2824 5795 2934 5846 qua:
2963 5784 3106 5843 capta
3124 5783 3214 5831 ea.

2258 5850 2281 5882 ⁸
2310 5845 2447 5907 Hild,
2468 5845 2704 5907 conferve.
