4004 6378
168 395 251 454 τις,
1305 375 1790 439 ενιετοιιΑιιυΜ
1825 372 2102 437 οιᾹεειε
2141 375 2220 438 ΠΙ.

167 524 249 568 tas.
284 506 435 578 Quid"
457 506 500 560 sl
540 503 658 558 ideo
684 499 859 556 adhuc
895 500 996 556 ista
1022 499 1323 563 nescimus,
1354 506 1409 552 et
1443 508 1505 552 ea
1547 507 1720 566 neque

167 598 342 659 orando
359 639 371 660 ,
401 610 570 666 neque
596 592 852 662 legendo,
880 605 1054 663 neque
1095 588 1378 661 cogitando
1406 597 1464 645 et
1505 587 1725 644 ratioci-

170 692 320 749 naudo
347 689 582 745 invenire
602 685 893 756 potuimus,
919 694 976 739 ut
1003 684 1294 754 probemur
1319 695 1423 736 non
1450 681 1622 736 solum
1647 677 1729 736 in-

169 787 326 843 doctus
358 789 549 852 quanta
593 779 851 835 charitate
866 777 1182 848 ,doceamus
1204 816 1222 842 ,
1258 789 1442 830 verum
1480 788 1512 830 a
1557 772 1727 829 doctis

170 878 302 932 etiam
327 881 518 944 quanta
550 870 848 925 humilitate
877 868 1145 924 discamus
1163 867 1190 922 ?

226 966 302 1022 ιο.
323 965 457 1019 Doce
485 976 628 1032 ergo,
656 976 861 1033 qnarso,
884 960 1026 1031 quod
1052 960 1297 1024 doceam,
1318 958 1453 1014 doce
1475 955 1616 1030 quod
1642 964 1725 1013 te-

171 1073 314 1121 neam,
335 1064 389 1112 et
406 1055 492 1109 dic
514 1055 664 1120 mihi,
688 1055 730 1108 si
752 1053 945 1108 animte
966 1052 1271 1123 singillatim
1298 1052 1521 1122 singulis
1539 1049 1728 1106 hodie-

172 1167 254 1222 que
295 1147 627 1203 nascentibus
675 1147 844 1210 tiunt,
877 1145 964 1199 ubi
1010 1145 1063 1198 in
1113 1144 1346 1214 parvulis
1387 1150 1637 1212 peccent,
1674 1149 1732 1197 ut

173 1243 404 1310 indigeant
445 1244 500 1294 lu
540 1240 885 1294 Sacramenta
921 1236 1118 1293 Christi
1159 1237 1473 1292 remissione
1503 1238 1728 1306 peccati,

175 1339 416 1404 potantes
445 1330 498 1384 in
522 1329 689 1384 Adam
717 1346 782 1384 ex
809 1344 915 1400 quo
934 1343 1060 1382 caro
1079 1337 1161 1382 est
1184 1335 1468 1398 propagata
1490 1325 1690 1396 peccati
1713 1343 1727 1380 :

172 1435 244 1479 aut
263 1425 302 1478 si
329 1437 430 1476 non
455 1431 698 1492 peccant,
728 1437 830 1491 qua
865 1420 1071 1490 iustitia
1099 1419 1373 1474 Creatoris
1412 1420 1482 1472 ita
1513 1426 1730 1489 peccatu

171 1517 436 1586 dligantur
476 1513 690 1579 alieno,
725 1527 846 1566 cum
888 1511 1080 1566 exinde
1130 1510 1434 1581 propagatis
1475 1509 1732 1565 membris

172 1606 449 1663 mortalibus
479 1605 804 1667 inseruntur,
824 1612 881 1657 ut
901 1617 1014 1666 eas,
1043 1603 1142 1657 nisi
1176 1618 1268 1670 per
1291 1603 1581 1658 Ecclesiatn
1607 1603 1732 1658 sub-

173 1706 353 1752 ventum
383 1695 562 1760 interit,
592 1695 860 1748 damnatio
889 1703 1247 1764 consequatur
1271 1711 1287 1760 ;
1318 1711 1438 1748 cum
1467 1695 1517 1748 in
1546 1711 1730 1750 earum

173 1799 397 1862 potestate
427 1804 534 1843 non
563 1789 653 1853 sit,
686 1798 742 1841 ttt
770 1787 849 1841 eis
875 1788 1042 1857 pessit
1066 1786 1233 1857 gratia
1259 1786 1511 1857 Baptisnti
1542 1787 1733 1842 subve-

172 1881 270 1937 niri.
290 1881 380 1935 Tot
405 1881 565 1950 igitur
583 1879 878 1933 animarum
911 1878 1094 1941 millia,
1113 1893 1232 1947 qum
1259 1878 1310 1930 in
1334 1878 1594 1932 mortibus
1613 1895 1734 1948 par-

172 1974 379 2028 vulorum
426 1973 547 2025 sine
596 1971 918 2041 indulgentia
965 1968 1242 2025 christiani
1288 1969 1617 2024 Sacrantenti
1665 1969 1734 2024 de

170 2062 446 2132 corporibus
473 2072 696 2128 exeunt,
726 2077 826 2129 qua
856 2060 1106 2129 aequitate
1132 2059 1478 2123 damnantur,
1512 2060 1554 2113 si
1583 2076 1734 2114 nova:

171 2164 330 2208 make
361 2155 378 2184 ί
398 2193 415 2218 ,
437 2154 588 2206 nttllo
609 2167 708 2207 suo
732 2151 1064 2222 prmcedente
1082 2159 1323 2222 peceato,
1348 2149 1440 2204 sed
1464 2149 1734 2204 voluntate

171 2244 409 2300 Creatoris
456 2245 684 2315 singula:
729 2243 951 2312 singulis
995 2242 1332 2296 nascentibus
1369 2241 1730 2306 atlhzescrnnt,

171 2338 329 2406 quibus
347 2351 437 2391 eas
469 2336 773 2390 anintandis
803 2335 891 2389 ille
916 2332 1115 2389 ereavit
1138 2341 1194 2388 et
1228 2332 1411 2397 dedit;
1435 2332 1522 2402 qui
1554 2335 1734 2401 utique

170 2437 353 2482 noverat
376 2429 524 2497 quod
556 2441 884 2497 unaquaeque
923 2440 1108 2480 earum
1137 2426 1278 2479 nulla
1311 2441 1403 2478 sua
1434 2425 1587 2493 culpa
1618 2426 1734 2480 sine

171 2521 395 2590 baptismo
422 2520 625 2575 Chriin
657 2519 724 2574 de
752 2534 976 2588 corpore
1000 2517 1168 2572 fuerat
1198 2517 1445 2571 exitura?
1473 2517 1732 2582 Quoniam

169 2614 300 2684 igitur
318 2630 494 2683 neque
521 2613 588 2669 de
628 2614 735 2666 Deo
779 2626 1059 2682 possumus
1086 2611 1264 2664 dicere
1291 2609 1434 2679 quod
1467 2609 1548 2663 vel
1579 2619 1735 2680 eugat

168 2706 341 2758 animas
369 2705 492 2758 fieri
533 2702 884 2773 peccatrices,
922 2703 1003 2756 vel
1043 2702 1223 2770 puniat
1268 2701 1605 2760 innocentes;
1642 2714 1732 2751 ne-

167 2813 252 2866 que
273 2814 457 2868 negare
494 2797 570 2852 fas
597 2797 747 2850 nobis
774 2804 873 2858 est,
906 2809 997 2848 eas
1027 2809 1144 2862 qum
1169 2793 1286 2847 sine
1317 2792 1511 2846 Christi
1537 2793 1730 2846 Sacra-

167 2900 317 2943 mento
339 2889 402 2943 de
431 2887 752 2956 corporibus
779 2885 1024 2946 exierint,
1049 2882 1208 2937 etiam
1239 2883 1599 2950 parvulorum,
1627 2897 1729 2934 non

166 2980 248 3035 nisi
270 2983 315 3036 in
343 2981 747 3036 damnationem
777 2979 910 3032 trahi
933 2995 946 3029 :
970 2977 1193 3029 obsecro
1221 2986 1292 3040 te,
1324 2973 1592 3044 quomodo
1621 2975 1736 3026 ha-c

165 3072 317 3142 Opinio
343 3072 651 3128 defenditur
670 3112 684 3135 ,
713 3085 812 3140 qua
840 3068 1131 3123 creduntur
1160 3066 1350 3119 aniune
1389 3081 1491 3119 non
1535 3081 1598 3117 ex
1646 3063 1733 3117 illa

167 3177 247 3214 una
268 3163 414 3233 primi
447 3162 683 3216 hominis
717 3161 828 3214 lleri
856 3174 1066 3226 omnes,
1096 3161 1190 3212 sed
1212 3156 1350 3210 sicut
1377 3155 1462 3209 illa
1490 3171 1589 3209 una
1618 3155 1730 3219 uni,

166 3252 222 3306 ita
243 3253 455 3322 singulis
488 3249 752 3322 singultu?

220 3343 428 3400 CAPUT
467 3343 615 3397 V.—
633 3343 653 3395 l
671 3343 687 3395 Ι
704 3379 717 3394 .
753 3341 824 3395 Ea
847 3355 977 3394 vero
1005 3354 1123 3409 qnte
1147 3338 1394 3392 dicuntur
1422 3337 1522 3391 alia
1547 3346 1735 3392 eontra

167 3432 276 3488 hanc
300 3436 630 3503 Opinionem,
658 3432 810 3486 facile
833 3443 957 3499 puto
985 3447 1069 3484 tne
1097 3445 1252 3500 posse
1279 3429 1557 3495 refellere;
1581 3429 1737 3486 sicuti

169 3536 232 3580 est
256 3528 395 3588 illud,
425 3542 537 3597 quo
575 3542 692 3580 eam
725 3526 821 3578 sibi
854 3524 1067 3593 quidam
1093 3522 1340 3576 videntur
1365 3537 1572 3592 urgere,
1597 3538 1735 3592 quu-

169 3618 299 3672 Ittodo
317 3617 772 3672 consmntnaverit
788 3617 924 3670 Deus
943 3615 1119 3669 omnia
1140 3629 1300 3682 Opera
1329 3629 1420 3666 sua
1450 3624 1599 3668 sexto
1623 3614 1732 3680 die,

167 3719 210 3761 et
245 3711 470 3778 septimo
517 3707 832 3777 requieverit
878 3705 1028 3778 (Gen.
1053 3722 1119 3767 ll,
1145 3707 1239 3776 2),
1271 3706 1314 3759 si
1355 3723 1520 3759 novas
1563 3705 1736 3762 adhuc

167 3802 340 3855 minias
368 3811 522 3855 creat
546 3801 568 3852 ’ἒ
597 3799 802 3867 Quibus
828 3799 872 3852 si
900 3799 1190 3852 dixerimus
1219 3799 1358 3864 quod
1388 3812 1454 3852 ex
1495 3798 1734 3868 Evange-

168 3891 226 3945 lio
248 3895 295 3947 in
331 3891 641 3963 supradicta
670 3891 892 3960 cpistola
927 3891 1180 3959 posuisti,
1215 3888 1370 3942 Pater
1407 3905 1544 3942 meus
1582 3907 1738 3957 usque

169 4001 277 4039 ttttuc
303 3997 582 4056 operatur;
611 3985 953 4054 rcSpondent,
983 3992 1218 4053 operatur
1237 3984 1436 4037 dictum
1457 3992 1557 4047 est,
1587 3983 1740 4037 insti-

168 4085 284 4131 tutas
307 4077 767 4140 administrando,
797 4091 902 4128 non
939 4091 1101 4129 novas
1145 4073 1465 4129 instituendo
1501 4081 1734 4141 naturas,

171 4184 224 4222 ne
246 4169 530 4238 Scriptura:
551 4165 1259 4238 Genescos.contradieatttr,
1290 4165 1378 4219 ubi
1402 4166 1737 4235 apertissime

169 4261 335 4331 legitur
361 4274 767 4316 consummasse
788 4261 952 4313 Deum
988 4259 1164 4312 omnia
1194 4273 1351 4326 opera
1381 4274 1495 4312 sua.
1522 4257 1652 4312 Nam
1683 4267 1739 4313 ct

170 4355 288 4423 quod
310 4372 432 4411 eum
461 4356 718 4422 scriptunt
750 4362 833 4407 est
857 4353 1199 4422 requievisse,
1225 4351 1408 4422 utique
1432 4367 1462 4406 a
1493 4353 1740 4407 creandis

172 4447 300 4500 novis
319 4445 584 4501 creaturis
611 4445 1008 4513 intelligendum
1031 4453 1113 4496 est
1130 4485 1143 4505 ,
1169 4458 1272 4498 non
1295 4457 1323 4496 a
1345 4443 1736 4511 gubernandis;

172 4537 273 4605 quia
299 4549 422 4592 tunc
457 4553 519 4591 ea
546 4552 664 4605 qum
692 4551 796 4590 non
839 4546 992 4589 crant
1022 4534 1179 4600 fecit,
1210 4552 1238 4588 a
1265 4534 1455 4605 quibus
1485 4535 1738 4590 faciendis

171 4630 411 4698 requievit
437 4647 452 4684 :
475 4630 596 4698 quia
627 4636 1086 4682 consummaverat
1114 4627 1288 4680 omnia
1312 4643 1428 4696 qu:e
1456 4637 1737 4695 antequam

172 4734 326 4775 essent
346 4764 358 4783 ,
388 4722 520 4775 vidit
548 4735 667 4774 esse
697 4717 931 4774 facienda
952 4760 966 4782 ,
999 4728 1056 4772 ttt
1084 4716 1334 4786 deinceps
1377 4735 1482 4772 non
1519 4734 1579 4770 ea
1619 4735 1738 4788 qua:

173 4824 262 4864 nun
299 4822 469 4870 crant.
503 4811 596 4866 sed
622 4827 686 4865 ex
721 4811 802 4864 bis
825 4825 943 4881 qua:
979 4809 1088 4877 jam
1125 4815 1304 4872 erant,
1334 4818 1537 4862 crearet
1574 4817 1628 4864 et
1661 4809 1738 4862 fa-

173 4913 303 4956 ceret
327 4900 581 4972 quidquid
605 4900 819 4956 faceret.
847 4901 918 4954 Ita
942 4910 1222 4969 utrumque
1243 4915 1423 4952 verunt
1450 4913 1568 4954 esse
1591 4915 1741 4952 mon-

174 4999 374 5060 stratur,
396 5005 450 5051 et
475 4991 618 5062 quod
642 4992 840 5046 dictum
864 5002 978 5056 est,
998 4990 1232 5060 requievit
1256 4987 1317 5042 ab
1343 4989 1574 5060 aperibus
1599 4991 1701 5046 suis
1720 5009 1743 5056 ,1

176 5089 224 5134 et.
259 5086 393 5154 quod
439 5083 638 5137 dictum
683 5091 801 5147 est,
828 5098 984 5151 usque
1024 5098 1156 5134 nunc
1191 5091 1428 5151 operatur
1455 5084 1740 5153 :quoniam

175 5170 350 5230 (ἔειπεεὶ
377 5191 482 5228 non
515 5182 690 5244 potest
715 5171 1052 5241 Evangeliuut
1083 5186 1202 5226 esse
1235 5170 1576 5227 contrarium.
1675 5161 1697 5174 ”

240 5265 321 5318 η.
360 5251 557 5320 Verum
605 5263 688 5318 his
730 5263 820 5332 qtti
853 5263 966 5316 bzee
1001 5263 1119 5317 ideo
1163 5261 1346 5316 dicunt
1387 5279 1452 5318 ne
1493 5264 1743 5318 credatur

177 5356 322 5410 modo
350 5359 485 5413 Deus
504 5399 521 5426 ,
551 5357 689 5410 sicut
717 5355 858 5410 illam
890 5338 1045 5408 unam
1075 5341 1236 5408 novas
1262 5353 1465 5408 animas
1493 5370 1609 5424 qua:
1638 5371 1742 5409 non

179 5458 337 5513 erant,
357 5448 556 5514 facere;
579 5446 671 5502 sed
693 5462 756 5501 ex
779 5445 866 5500 illa
891 5462 990 5498 una
1013 5445 1252 5513 qtttnjam
1273 5452 1408 5510 erat,
1427 5459 1518 5499 eas
1535 5461 1740 5513 creare,

181 5539 254 5592 vel
279 5555 342 5594 ex
367 5539 506 5596 fonte
545 5540 724 5609 aliquo
748 5538 859 5592 sive
895 5535 1144 5591 thesauro
1169 5535 1395 5605 quodam
1435 5552 1588 5606 quem
1622 5546 1746 5592 tunc

184 5627 316 5697 fecit,
345 5648 430 5688 cas
454 5633 700 5692 mittere,
733 5628 888 5683 facile
926 5626 1277 5697 respondetur
1304 5627 1462 5680 etiam
1501 5627 1603 5681 illis
1648 5642 1744 5682 sex

184 5722 361 5778 diebus
393 5728 550 5781 multa
586 5725 752 5778 Deum
780 5735 990 5776 creasse
1016 5738 1080 5776 ex
1121 5720 1202 5774 bis
1232 5721 1434 5775 naturis
1470 5736 1604 5791 quas
1635 5721 1743 5791 jam

298 5845 346 5886 In
369 5845 470 5891 llas.
495 5853 590 5891 non
612 5839 794 5902 paucis,
815 5841 1068 5888 creatura.

3302 393 3409 450 726

1835 499 2131 564 creaverat,
2159 494 2293 551 sicut
2318 499 2382 553 ex
2410 500 2560 570 aquis
2585 499 2734 555 alites
2763 509 2819 556 et
2849 503 3050 571 pisces:
3075 519 3136 558 ex
3157 501 3294 559 te'rra
3318 522 3418 563 au—
3505 548 3512 556 .

1833 595 1940 643 tem
1966 587 2206 656 arbores,
2234 585 2440 656 fenum,
2473 585 2719 647 animalia
2746 609 2758 646 :
2908 594 3049 665 quod
3076 610 3138 650 ea
3163 611 3279 666 qua:
3309 613 3413 654 non

1831 691 2004 747 erant,
2039 691 2164 738 tunc
2199 679 2414 745 fecerit,
2443 681 2778 739 manifestum
2809 691 2910 740 est.
2952 679 3101 741 Nulla
3135 689 3276 743 enim
3304 698 3421 746 erat

1831 775 1964 840 avis,
1985 772 2173 830 nullus
2220 775 2408 845 piscis,
2441 777 2582 832 nulla
2626 779 2817 843 arbor,
2848 779 3048 834 nullum
3095 782 3289 838 animal
3319 799 3332 836 :
3365 792 3424 840 et

1831 865 1968 923 bene
1994 867 2302 937 intelligitur
2329 869 2397 923 ab
2423 868 2506 924 his
2531 870 2725 925 creatis
2749 869 3077 940 requievissc
3100 915 3115 938 ,
3147 889 3267 944 quae
3317 892 3422 931 non

1822 969 2004 1024 erant,
2029 967 2082 1016 et
2108 970 2282 1016 creata
2311 970 2455 1030 sunt,
2478 961 2528 1018 id
2553 971 2634 1018 est
2653 977 2912 1030 cessasse,
2935 981 3000 1020 ne
3017 963 3150 1020 ultra
3173 983 3291 1038 qute
3313 983 3420 1024 non
3505 1013 3507 1016 ‹

1834 1059 2006 1119 erant,
2034 1065 2363 1109 crearentur.
2405 1045 2513 1109 Sed
2541 1068 2680 1110 nunc
2704 1053 2845 1126 quod
2873 1053 3064 1110 dicitur
3087 1059 3290 1112 animas
3315 1074 3420 1115 non
3457 1119 3462 1124 ,

1835 1143 1888 1197 in
1917 1144 2097 1199 nescio
2121 1159 2225 1214 quo
2249 1143 2392 1199 fonte
2413 1146 2522 1214 jam
2549 1145 2838 1200 existentes
2866 1148 3097 1212 mittere,
3121 1161 3221 1204 nec
3242 1148 3309 1204 de
3337 1167 3424 1204 sc-

1837 1234 1952 1305 ipso
1980 1245 2227 1306 tanquam
2257 1249 2379 1291 suas
2407 1236 2689 1307 particulas
2716 1237 2967 1305 irrorare,
2991 1249 3090 1293 nec
3110 1238 3176 1293 de
3207 1241 3289 1294 illa
3322 1256 3422 1296 una

1835 1325 2162 1396 originaliter
2184 1326 2416 1392 trahere,
2435 1342 2531 1383 nec
2549 1343 2644 1396 pro
2663 1325 2871 1383 debetis
2891 1336 3014 1383 ante
3041 1342 3255 1385 carnem
3277 1345 3396 1385 corn

1836 1418 2014 1473 missis
2043 1419 2251 1474 carneis
2289 1421 2508 1475 vinculis
2533 1420 2868 1490 compedirc,
2909 1412 3002 1476 sed
3046 1437 3211 1477 novas
3240 1438 3428 1480 creare

1837 1509 2072 1579 singulas
2115 1510 2334 1579 singulis
2361 1526 2511 1564 suam
2551 1511 2743 1581 cuique
2773 1511 3046 1574 nascenti,
3080 1527 3183 1565 non
3227 1513 3424 1582 aliquid

1838 1599 2014 1655 facere
2034 1601 2254 1666 dicitur,
2280 1603 2422 1673 quod
2449 1612 2572 1656 ante
2599 1616 2701 1658 n0n
2729 1601 2943 1658 fecerat.
2965 1599 3082 1658 Jam
3109 1603 3250 1658 enim
3272 1615 3446 1658 sexto‘

1837 1691 1925 1746 die
1950 1691 1976 1745 f
1992 1706 2148 1748 vcerat
2168 1694 2435 1748 hominem
2462 1693 2530 1747 ad
2554 1693 2834 1763 imaginem
2862 1709 3010 1746 suam
3031 1710 3045 1757 ;
3069 1692 3210 1764 quod
3239 1693 3420 1764 utique

1839 1785 2130 1838 secundum
2180 1784 2409 1838 animam
2457 1785 2766 1839 rationalem
2813 1783 3000 1839 fec35se
3044 1785 3355 1854 intelligitur
3383 1787 3421 1838 ί.

1842 1876 1953 1931 [loc
1987 1887 2040 1931 et
2076 1893 2215 1932 nunc
2243 1877 2385 1942 facit,
2409 1893 2512 1932 non
2536 1877 2858 1932 instituendo
2883 1877 3022 1946 quod
3052 1892 3155 1932 non
3174 1885 3306 1942 erat,
3333 1878 3428 1934 sed

1840 1970 2238 2038 multiplicando
2254 1970 2393 2040 quod
2415 1978 2547 2024 erat.
2578 1969 2728 2025 Unde
2743 1979 2793 2022 et
2819 1969 2944 2023 illud
2969 1985 3150 2022 verum
3167 1977 3267 2030 est,
3287 1969 3427 2038 quod

1839 2075 1871 2114 a
1902 2061 2078 2124 rebus,
2101 2076 2217 2130 qtne
2240 2077 2343 2114 nun
2367 2070 2537 2122 erant,
2569 2059 2904 2113 instituendis
2929 2059 3189 2128 requievit
3213 2077 3227 2115 :
3251 2067 3302 2113 et
3325 2063 3426 2115 hoc

1841 2168 2024 2205 verum
2049 2160 2149 2213 est,
2172 2152 2310 2223 quod
2337 2169 2440 2207 non
2467 2153 2635 2206 solum
2657 2151 3002 2223 gubernando
3021 2168 3139 2220 qum
3167 2152 3309 2218 fecit,
3329 2167 3428 2208 ve-

1843 2259 1959 2297 rum
1987 2245 2145 2297 ctiam
2182 2243 2377 2313 aliquid
2411 2259 2513 2297 non
2544 2242 2682 2313 quod
2713 2243 2981 2307 nondum,
3021 2243 3114 2297 sed
3151 2243 3291 2313 quod
3317 2245 3426 2312 jam

1841 2344 2140 2399 creaverat,
2167 2337 2502 2391 numerosius
2535 2335 2765 2390 creando
2792 2351 2958 2405 usque
2987 2351 3125 2390 nunc
3156 2344 3426 2407 operatur.

1847 2427 1940 2483 Vel
1986 2430 2062 2484 sic
2090 2443 2248 2499 ergo,
2279 2431 2359 2485 vel
2394 2431 2497 2483 alio
2541 2431 2698 2483 tnodo
2741 2430 2978 2500 quolibet
3018 2431 3224 2484 eximus
3261 2432 3328 2484 ab
3365 2445 3432 2486 eo

1842 2521 1982 2590 qttod
2014 2521 2166 2574 nobis
2198 2521 2445 2590 objicitur
2485 2521 2552 2577 de
2581 2523 2762 2592 requie
2795 2522 2882 2574 Dei
2914 2523 2981 2575 ab
3019 2523 3268 2590 Operibus
3298 2521 3428 2587 suis,

1843 2627 1914 2668 ne
1950 2624 2226 2682 propterea
2259 2630 2361 2666 non
2390 2614 2668 2668 credamus
2697 2629 2834 2666 nunc
2875 2629 3040 2682 nsque
3083 2613 3196 2668 fieri
3228 2614 3431 2668 animas

1845 2719 2029 2769 novas,
2060 2720 2162 2758 non
2187 2720 2252 2760 cx
2281 2705 2368 2758 illa
2401 2720 2520 2766 una,
2552 2705 2643 2759 Sed
2673 2706 2811 2758 sicut
2841 2705 2981 2758 illam
3011 2720 3189 2758 unum.

1918 2797 2002 2851 l3.
2043 2796 2175 2851 Nam
2206 2797 2346 2867 quod
2375 2797 2586 2856 dicitur,
2619 2797 2792 2865 Quare
2818 2796 2938 2851 facit
2958 2802 3164 2851 animas
3190 2797 3266 2851 eis
3296 2812 3429 2867 quos

1844 2888 1991 2942 n0vit
2010 2889 2116 2942 cito
2135 2889 2459 2942 morituros?
2486 2903 2766 2958 possumus
2790 2887 3132 2956 respondere,
3157 2896 3431 2956 parentum

1845 2979 1968 3033 hinc
2009 2988 2221 3048 peccata
2268 2979 2349 3033 vel
2393 2979 2674 3043 convinci,
2706 2979 2788 3030 νυΙ
2830 2978 3098 3046 ﬂagellari.
3145 2978 3432 3033 Possumus

1842 3071 2003 3125 etiam
2036 3081 2178 3124 recte
2210 3071 2345 3123 illius
2389 3070 2735 3123 moderatimti
2780 3074 2874 3122 ista
2907 3069 3206 3138 relinquere
3227 3110 3242 3133 ,
3273 3085 3431 3137 quem

1843 3161 2041 3216 scimus
2067 3162 2314 3216 omnibus
2339 3162 2698 3228 temporalitcr
2721 3162 3114 3214 transeuntibus
3140 3159 3315 3222 rebus,
3339 3160 3431 3216 ubi

1843 3263 1968 3308 sunt
1995 3255 2152 3309 etiam
2195 3254 2499 3308 animalium
2536 3261 2684 3307 ortus
2712 3261 2766 3307 et
2804 3253 3009 3314 obitus,
3037 3269 3248 3306 cursum
3276 3267 3432 3305 orna-

1846 3345 2106 3398 tissimqu
2152 3355 2309 3412 atqtte
2353 3344 2806 3398 ordinatissimum
2852 3343 3010 3406 dare;
3055 3344 3145 3398 sed
3195 3357 3289 3397 nos
3335 3344 3430 3399 ista

1843 3436 2044 3489 sentire
2073 3452 2176 3489 non
2201 3449 2376 3503 posse,
2401 3449 2518 3504 qua:
2542 3435 2583 3487 si
2615 3435 2956 3500 sentiremus,
2980 3435 3328 3489 delectatione
3351 3435 3434 3487 in-

1843 3526 2034 3580 cffabili
2060 3526 2431 3579 ntulcerentttr.
2463 3525 2576 3578 Non
2603 3526 2741 3578 enim
2763 3523 2955 3578 frustra
2982 3541 3072 3592 per
3096 3526 3429 3592 prophetam,

1842 3620 1931 3688 qui
1965 3621 2076 3672 haec
2113 3618 2363 3671 divinitus
2407 3617 2654 3686 inspirata
2693 3617 2981 3680 didicerat,
3009 3617 3209 3670 dictum
3254 3626 3335 3671 est
3363 3621 3432 3673 de

1845 3710 1954 3765 Deo
1979 3730 1992 3764 :
2017 3712 2112 3777 Qui
2143 3714 2331 3782 profert
2360 3727 2621 3763 numerose
2639 3710 2878 3762 mentum
2905 3712 2998 3779 (ις).
3028 3710 3178 3765 Unde
3206 3711 3430 3773 musica,

1845 3802 1896 3855 id
1927 3811 2006 3856 est
2033 3803 2249 3855 scicntia
2281 3815 2536 3855 sensusve
2565 3800 2698 3854 bene
2727 3800 3028 3854 modulandi
3055 3843 3065 3857 .
3094 3800 3159 3853 ad
3189 3801 3433 3855 admoni-

1845 3892 2042 3946 tionem
2071 3908 2272 3960 tttagtun
2295 3894 2390 3957 rei,
2417 3895 2574 3946 etiam
2596 3892 2908 3946 tnortaiibns
2927 3893 3208 3945 rationales
3234 3894 3432 3946 haben-

1845 3984 1984 4036 tibns
2009 3984 2210 4035 animus
2236 3985 2324 4036 Dei
2348 3985 2584 4051 largitate
2610 3998 2861 4037 concessa
2883 3991 2981 4034 est.
3018 3982 3166 4037 Unle
3193 3984 3235 4034 si
3272 3983 3432 4034 homo

1843 4072 2067 4127 faciendi
2099 4074 2349 4127 carminis
2375 4072 2561 4126 artifex
2594 4073 2737 4124 novit
2763 4085 2893 4139 quas
2913 4073 3102 4139 quibus
3129 4086 3304 4123 moras
3330 4086 3429 4122 vo-

1843 4164 1992 4218 cibus
2019 4163 2245 4227 tribuat,
2276 4172 2330 4216 ttt
2367 4163 2492 4216 illttd
2531 4162 2671 4232 quod
2715 4163 2920 4214 canitur
2957 4160 3334 4215 decedentibus
3363 4176 3429 4216 ac

1843 4255 2249 4310 succedentibus
2279 4255 2423 4308 sonis
2461 4254 2814 4324 pulcherrime
2851 4262 3030 4308 currat
3066 4268 3127 4307 ac
3154 4262 3424 4318 transeat;

1843 4356 2040 4418 quanto
2071 4352 2236 4416 magis
2268 4348 2405 4401 Deus
2425 4389 2439 4408 ,
2469 4345 2618 4414 cujus
2661 4346 2917 4414 sapientia
2942 4388 2956 4407 ,
2989 4361 3082 4414 per
3119 4360 3276 4414 quam
3307 4345 3430 4399 fecit

1842 4441 2018 4493 omnia
2039 4481 2054 4500 ,
2083 4440 2239 4510 longe
2265 4439 2510 4492 outnibus
2556 4437 2757 4491 artibus
2787 4437 3113 4505 praeferenda
3144 4446 3224 4487 est
3244 4479 3256 4496 ,
3287 4436 3429 4490 nulla

1845 4530 1900 4584 in
1931 4531 2131 4583 naturis
2157 4530 2498 4584 nascentibus
2518 4541 2570 4582 et
2595 4527 2957 4582 occidentibus
2981 4537 3277 4595 temporum
3300 4543 3426 4595 spa-

1845 4625 1936 4684 tia,
1954 4641 2072 4694 qua:
2096 4633 2344 4692 umquam
2368 4622 2584 4694 syllaba:
2609 4636 2672 4676 ac
2693 4621 2849 4676 verba
2877 4621 2944 4675 ad
2971 4622 3250 4690 particulas
3269 4620 3428 4686 hujus

1843 4717 2024 4772 muli
2067 4718 2333 4787 pcrtinent
2358 4756 2372 4778 ,
2399 4717 2448 4767 in
2487 4715 2588 4769 hoc
2625 4715 2911 4770 labentium
2963 4730 3136 4768 rerum
3181 4725 3428 4784 tauquam

1845 4809 2068 4864 mirabili
2090 4810 2318 4873 cantico,
2336 4809 2417 4862 vel
2441 4808 2670 4870 brevius,
2689 4808 2770 4862 vel
2793 4806 3114 4875 productius.
3133 4821 3290 4874 quant
3315 4819 3430 4858 mo-

1844 4899 2044 4954 dulatio
2092 4901 2408 4968 przecngnita
2449 4909 2504 4954 et
2547 4899 2800 4968 przefluita
2845 4897 3116 4966 deposcit,
3157 4898 3427 4966 praeterire

1846 4989 2101 5061 permittit
2129 4989 2150 5043 Ι·
2187 4989 2296 5042 "oc
2324 5005 2446 5044 eum
2482 4990 2641 5044 etiam
2681 4989 2748 5043 de
2783 4987 2988 5041 arb-iris
3021 4988 3144 5041 tolio
3179 4987 3426 5052 dixerim,

1845 5091 1900 5137 et
1925 5082 1994 5136 de
2017 5091 2318 5136 nostrorum
2341 5095 2564 5137 numero
2581 5080 2922 5148 capillorum;
2945 5087 3146 5148 quanto
3173 5079 3339 5148 magis
3357 5079 3426 5134 de

1845 5175 2076 5232 botninis
2099 5185 2218 5230 ortu
2241 5183 2298 5230 et
2323 5189 2535 5237 occasu,
2561 5174 2714 5240 cujus
2744 5171 3050 5240 temporalis
3082 5172 3185 5225 vita
3215 5171 3427 5225 brevius

1846 5269 2225 5339 productius"!
2249 5282 2354 5320 non
2379 5265 2629 5328 tenditur,
2649 5279 2805 5332 quam
2830 5262 2968 5316 Deus
2985 5263 3273 5330 dispesitor
3293 5270 3428 5314 tetu-

1848 5374 2033 5432 porum
2065 5359 2210 5414 novit
2239 5355 2595 5411 univcrsitatis
2620 5353 2968 5408 moderamini
2995 5353 3326 5405 consonare!

1919 5455 2006 5508 14.
2059 5453 2112 5507 Id
2141 5452 2301 5506 etiam
2339 5448 2480 5519 quod
2516 5448 2697 5508 aiunt,
2728 5461 2888 5500 omne
2911 5443 3054 5514 quod
3093 5443 3144 5494 in
3189 5451 3428 5510 tempore

1912 5568 1926 5598 ¹
1966 5573 2072 5616 Mss.
2114 5563 2330 5628 quinque
2354 5565 2456 5609 vat.
2482 5565 2534 5628 e_t
2554 5571 2644 5609 sex
2668 5555 2850 5628 Cal-lie,
2884 5562 2997 5628 post.
3014 5549 3427 5628 ﬂcisst;_inte_ltigt-

1845 5635 1942 5686 tur,
1967 5629 2072 5678 hate
2093 5619 2309 5686 inseruit}
2331 5637 2344 5672 :
2382 5621 2586 5686 Taudem
2609 5627 2709 5686 post
2732 5619 2919 5682 lattgm
2943 5619 3328 5686 disputationem,
3351 5627 3428 5686 ec-

1846 5677 2160 5742 ὲιεέἱαδιὶταηι
2177 5683 2470 5749 confirmasti
2490 5677 2782 5733 scnténtium.
2807 5677 2912 5730 "Hoc
2941 5685 2987 5730 et
3017 5677 3139 5727 nunc
3155 5677 3267 5740 fuct‘t
3289 5709 3302 5730 ,
3328 5685 3423 5728 etc.

1911 5772 1983 5836 (α)
2016 5772 2206 5836 Legitur
2228 5766 2353 5829 apud
2389 5773 2517 5836 L375,
2670 5777 2752 5824 ιι,
2773 5759 2853 5823 26,
2875 5760 2938 5811 Ito
2972 5757 3211 5824 ekpltert'm
3228 5757 3444 5818 term—.5

1853 5827 2015 5888 nam
2033 5827 2112 5886 ιοῖι
2136 5827 2328 5883 kosruou
2351 5827 2510 5879 autalt.
