4004 6342
192 369 284 430 τξθ
1352 364 1822 423 EPISTOLARUM
1862 366 2135 425 CLASSIS
2174 368 2257 425 IlI.

196 503 399 563 receptos
419 488 734 546 commendat
755 485 980 542 Ecclesia
1001 484 1103 558 (De
1126 484 1303 540 Libero
1317 483 1378 539 A:
1391 483 1559 548 bitrio,
1589 482 1677 539 lib.
1698 483 1751 549 '5,

194 604 233 642 c.
258 587 342 649 Ξῖ».
373 602 427 637 n.
457 585 569 648 67).

254 679 338 733 19.
368 677 494 731 llaec
519 683 642 730 tunc
667 673 799 732 dixi.
826 688 945 728 cum
974 671 1112 727 Itane
1150 671 1317 740 ipsam
1359 670 1428 726 de
1467 686 1570 740 qua
1612 683 1755 723 nunc

193 774 348 843 agitur
385 768 576 823 vellem
627 766 957 822 communire
1017 764 1357 820 sententiam.
1404 761 1553 819 Sicut
1609 762 1753 816 enim

196 865 331 935 paulo
353 871 479 917 ante
499 857 931 920 cotttntentoravi,
950 871 1298 927 qtttecumque
1316 856 1521 910 illarum
1549 853 1616 907 de
1640 853 1756 907 ani-

195 973 280 1011 ma:
304 952 661 1009 incarnatione
679 949 1229 1021 quatuoropinionum
1252 964 1371 1001 vera
1393 957 1557 1008 esset,
1587 945 1754 1000 incul-

196 1057 347 1118 pauttu
385 1044 734 1099 substantiam
776 1042 1065 1105 Creatoris,
1094 1048 1146 1094 et
1175 1055 1202 1091 a
1235 1048 1538 1093 nostrorum
1567 1051 1754 1106 pecea-

196 1151 345 1197 turum
381 1138 641 1191 societate
681 1134 1088 1191 τοιιιοιὶεςίιιιειιιι
1121 1134 1326 1187 nitebar
1353 1130 1647 1185 ostendere.
1690 1130 1753 1184 Et

196 1232 295 1288 ideo
332 1243 682 1299 qua-cumque
728 1228 932 1282 illarum
965 1226 1186 1281 veritate
1222 1232 1399 1294 posset
1428 1222 1670 1277 convinci
1698 1229 1753 1276 et

195 1324 455 1393 repudiari,
478 1322 545 1376 ad
581 1336 763 1376 eumut
804 1320 1111 1375 intentionis
1141 1334 1294 1382 uicae,
1318 1334 1473 1388 quam
1504 1326 1627 1372 tunc
1654 1315 1749 1369 lut-

193 1416 378 1479 bebatu,
420 1431 527 1468 tton
573 1411 907 1482 pertinebat;
933 1410 1361 1482 qttandoquidetn
1398 1409 1601 1463 cunctis
1629 1408 1750 1462 dili-

190 1510 407 1582 gentiote
451 1508 811 1576 disputatione
850 1506 1124 1570 discussis,
1160 1517 1507 1574 qtttccutuque
1546 1502 1749 1555 illarum

190 1613 313 1657 recte
337 1600 533 1655 viucert
554 1609 574 1654 t
598 1609 839 1656 celeras.
859 1614 943 1652 me
970 1596 1312 1651 smzttrissimo
1339 1594 1510 1658 lit-ret,
1539 1592 1752 1663 quando

189 1696 323 1751 etiam
360 1693 658 1748 secundum
700 1707 889 1746 omnes
936 1689 987 1745 id
1025 1690 1166 1760 quod
1211 1689 1452 1757 agebant,
1502 1687 1749 1741 inuictum

188 1787 457 1857 persistere
483 1784 938 1839 demonstrabant.
979 1780 1128 1836 Nunc
1158 1796 1285 1834 vero
1325 1793 1483 1833 tutam
1523 1778 1664 1841 volo,
1707 1777 1751 1831 si

185 1894 399 1951 pssunt,
425 1877 635 1931 mtioue
660 1886 801 1929 recta
819 1874 1014 1944 eligere
1038 1888 1101 1927 ex
1130 1871 1405 1934 omnibus;
1435 1880 1487 1923 et
1515 1877 1752 1937 propter-

187 1986 237 2025 ea
280 1970 435 2038 hujus
470 1970 636 2039 ipsius
661 1967 730 2022 de
757 1982 859 2035 qua
888 1980 1025 2020 nunc
1051 1965 1256 2035 agimus
1282 1960 1664 2020 defettsiouetu.
1697 1961 1749 2014 in

188 2061 256 2115 Itis
288 2077 405 2129 qua:
452 2058 865 2115 contutenntravi
913 2056 979 2112 de
1010 2056 1099 2109 illo
1127 2054 1282 2118 Itbto,
1309 2054 1483 2107 verbis
1509 2053 1642 2106 meis
1666 2061 1749 2107 at-

189 2154 357 2208 tentius
392 2153 632 2211 intuens,
665 2149 891 2205 validam
926 2149 1236 2217 ﬁrmantque
1266 2163 1369 2200 non
1400 2146 1572 2202 video.

243 2244 322 2300 20.
349 2244 487 2300 Nam
512 2244 652 2297 velut
683 2243 1072 2297 ﬁrmamentum
1097 2241 1213 2306 ejus
1244 2239 1370 2293 illttd
1394 2250 1495 2301 est,
1522 2237 1661 2305 qttod
1682 2238 1751 2293 ibi

187 2337 275 2392 divi
298 2356 309 2391 :
339 2338 471 2403 Quis
497 2348 664 2389 autem
686 2336 815 2388 novit
836 2336 957 2405 quid
981 2333 1222 2399 paruulis,
1246 2333 1308 2385 de
1326 2349 1535 2402 quarunt
1556 2333 1753 2384 crucia-

188 2428 296 2482 tibus
331 2429 521 2481 duritia
562 2428 808 2499 majorum
837 2425 1179 2483 contunditur.
1207 2435 1292 2477 mu
1326 2436 1581 2477 exercetur
1603 2425 1749 2492 ﬁdes,

187 2524 259 2566 aut
293 2511 637 2566 misericordia
686 2511 1089 2579 probatnrzqnis
1135 2526 1252 2578 ergo
1298 2511 1429 2562 norit
1471 2509 1591 2578 quid
1630 2508 1753 2573 ipsis

187 2606 387 2673 parvulis
426 2605 477 2657 in
507 2614 695 2657 secreto
720 2604 1030 2674 jmliciornm
1059 2620 1267 2657 suorum
1293 2601 1437 2655 bona:
1461 2618 1756 2670 compensa-

187 2696 314 2750 tionis
334 2706 554 2749 reservet
586 2693 761 2748 Dens?
785 2694 888 2749 Sed
918 2693 1017 2746 ltor,
1052 2709 1155 2747 non
1184 2693 1448 2747 illlltlt‘l'llll
1468 2692 1570 2746 (llCi
1604 2692 1753 2746 video

186 2786 241 2839 de
268 2785 342 2840 bis
371 2786 463 2857 qui
494 2786 574 2841 vel
608 2801 703 2855 pio
738 2784 930 2840 Citri~ti
976 2784 1187 2838 nomine
1225 2801 1287 2837 ac
1333 2800 1453 2836 vera
1503 2784 1753 2847 relieiouc

187 2877 276 2931 tale
315 2878 515 2947 aliquid
560 2878 717 2933 etiam
762 2876 1061 2931 nescientes
1117 2875 1401 2945 patiuntur,
1438 2875 1519 2928 vel
1564 2874 1751 2929 Sacra-

186 2978 346 3023 ntettto
373 2967 576 3021 Christi
616 2966 724 3035 jam
770 2966 950 3020 imbuti
989 2977 1146 3029 sunt;
1175 2968 1295 3034 quia
1338 2967 1454 3019 sine
1502 2967 1754 3020 societate

186 3060 321 3113 tutius
348 3058 653 3114 Mediatoris
682 3058 892 3113 liberari
916 3077 944 3112 ει
976 3057 1315 3112 damnatione
1357 3075 1460 3111 ttou
1511 3067 1749 3124 possunt,

186 3159 233 3203 ιιι
258 3153 423 3218 ικιεδίῐ
449 3151 548 3213 eis,
577 3150 735 3203 etiam
766 3165 859 3217 pro
881 3148 984 3203 illis
1010 3148 1164 3202 malis
1189 3165 1307 3217 qua'
1337 3149 1420 3201 ltic
1450 3150 1499 3201 in
1526 3148 1753 3202 diversis

186 3241 550 3296 afﬂictionibus
572 3242 929 3312 pertulerunt.
971 3240 1334 3309 compensatio
1363 3239 1457 3293 ista
1490 3240 1751 3309 pnuslnri.

186 3330 319 3387 Nunt:
344 3342 521 3387 autem
543 3346 666 3386 cum
696 3330 791 3385 ista
830 3330 1055 3401 quaestio
1084 3347 1187 3383 ttott
1216 3330 1382 3399 possit
1400 3328 1628 3393 absolvi,
1654 3330 1751 3384 nisi

185 3427 331 3481 etiam
350 3425 418 3480 de
439 3425 522 3480 lt's
550 3423 782 3495 parvulis
812 3423 1214 3493 rt-Spondcatur,
1247 3422 1334 3493 qtti
1363 3430 1481 3493 post
1504 3423 1756 3492 gra‘issi-

188 3533 289 3571 ntus
325 3517 589 3572 cruciatus
629 3517 744 3570 sine
776 3513 1121 3571 Sacrautento
1148 3515 1451 3569 christiana:
1482 3516 1753 3570 societatis

186 3611 471 3679 exspuunt;
498 3623 615 3678 qua:
654 3609 793 3663 circa
835 3622 929 3663 eos
958 3606 1320 3676 compensatio
1345 3607 1620 3676 cogitanda
1648 3618 1750 3673 est,

186 3703 361 3772 quibus
405 3704 621 3772 insuper
666 3712 719 3756 et
766 3702 1037 3755 damnatio
1082 3713 1371 3770 pra-parata
1403 3702 1520 3755 est?
1548 3702 1679 3756 Nutu
1700 3711 1754 3756 et

187 3792 240 3848 de
269 3794 528 3863 baptismo
556 3793 893 3864 parvulorum
922 3793 973 3848 itt
999 3794 1187 3848 eodem
1216 3794 1369 3859 libro,
1403 3811 1435 3849 n
1461 3812 1506 3849 ιιι
1537 3796 1751 3866 quidem

188 3886 519 3948 sufﬁcienter.
552 3886 644 3941 Sed
671 3898 923 3957 quaututn
956 3888 1026 3942 illi
1056 3890 1200 3957 operi
1231 3900 1361 3942 sat.s
1387 3905 1506 3944 ess:
1539 3891 1751 3945 videba-

188 3986 277 4035 tur.
302 3991 585 4048 utcumque
614 3979 888 4047 respondi,
915 3980 1054 4048 quod
1086 3982 1244 4034 etiam
1278 3982 1656 4045 nescientibus,
1698 3993 1753 4038 et

188 4067 329 4124 ﬁdem
360 4084 507 4125 suam
552 4072 784 4125 noodutu
813 4068 1128 4125 habentibus
1168 4072 1414 4140 prodest;
1442 4089 1545 4125 non
1577 4084 1750 4130 tamen

187 4158 243 4215 de
268 4160 602 4216 damnatione
645 4177 830 4217 eorum
871 4162 1230 4231 parvulorum,
1263 4162 1350 4232 qui
1396 4165 1509 4216 sine
1550 4164 1640 4219 illo
1679 4180 1747 4221 ex

188 4248 274 4307 ltac
298 4253 400 4307 vita
422 4253 703 4324 etnigntut,
728 4263 851 4307 tune
876 4254 980 4323 aliq
1002 4253 1069 4306 tid
1093 4253 1375 4309 dicendum
1402 4255 1598 4323 putavi,
1627 4260 1750 4326 quia

190 4357 279 4399 non
308 4344 446 4415 quod
479 4362 617 4400 nunc
644 4348 837 4413 agitur,
870 4347 1141 4417 agebatur.

245 4436 328 4491 21.
370 4436 476 4493 Sed
522 4448 579 4491 ttt
621 4439 929 4494 omittamus
970 4450 1020 4493 et
1078 4449 1480 4497 contemnamus
1527 4457 1588 4496 ea
1632 4458 1749 4512 qua:

187 4524 316 4582 brevi
361 4537 598 4599 tempore
638 4532 925 4600 patiuntur,
958 4547 1056 4586 nec
1103 4542 1362 4588 tratts:tcta
1409 4544 1746 4602 retineantur,

189 4620 421 4690 numquid
466 4613 709 4676 similiter
752 4633 1095 4679 contemnere
1145 4640 1423 4693 possumus
1465 4626 1605 4696 quod
1661 4642 1750 4695 per

187 4726 325 4765 mm
345 4713 595 4768 hominem
624 4730 778 4776 mors.
806 4724 855 4769 et
885 4732 973 4786 per
996 4733 1151 4770 unum
1178 4716 1429 4771 hominem
1452 4720 1748 4774 resurrectio

190 4814 497 4861 mortuorum.
532 4807 677 4863 Sicut
701 4809 833 4863 enim
861 4810 914 4864 in
949 4808 1112 4864 Adam
1136 4827 1308 4865 omnes
1346 4812 1646 4875 moriuntur,
1676 4813 1750 4868 sic

190 4906 231 4950 α
249 4899 297 4952 in
322 4897 519 4955 Christo
549 4918 721 4956 omnes
747 4902 1128 4970 uiri/icabuntur
1154 4901 1194 4971 (l
1223 4902 1340 4957 Cor.
1359 4918 1446 4967 xv,
1467 4904 1527 4958 2|
1550 4902 1749 4974 8122)?

190 4986 276 5044 Per
292 4990 423 5047 hanc
443 4992 587 5048 enim
616 4993 983 5061 apostolicam,
1009 4992 1263 5059 divinam,
1292 4996 1596 5065 claramque
1624 5011 1749 5051 sen-

192 5086 406 5156 tentiam,
439 5090 568 5145 satis
596 5089 870 5145 evidenter
895 5090 1088 5153 elucet,
1122 5092 1390 5147 nemiuem
1417 5092 1493 5145 ire
1522 5090 1573 5145 in
1602 5107 1748 5146 tuor-

190 5183 277 5232 lem
309 5179 403 5235 nisi
444 5195 540 5251 per
567 5180 772 5245 Adam;
801 5182 1069 5236 nemiuem
1100 5182 1176 5236 ire
1203 5183 1254 5237 in
1283 5184 1443 5236 vitam
1471 5192 1745 5249 wteruam,

187 5267 270 5324 nisi
313 5286 408 5343 per
438 5268 734 5327 Clu-istum.
767 5273 877 5328 Hoc
916 5283 997 5328 est
1024 5274 1219 5344 quippe
1254 5290 1444 5340 omnes,
1475 5283 1529 5329 et
1554 5291 1741 5339 omnes,

185 5362 288 5429 quia
312 5364 657 5420 sicntomnes
698 5364 940 5421 homines
982 5383 1075 5437 per
1120 5367 1365 5437 primam,
1404 5369 1504 5423 hoc
1537 5380 1621 5424 est
1653 5384 1748 5439 per

180 5448 431 5509 carnalem
451 5454 848 5525 generationem
872 5458 1137 5528 pertinent
1156 5456 1221 5511 ad
1242 5458 1439 5523 Adam;
1463 5460 1539 5513 sic
1560 5474 1745 5515 omnes

180 5538 406 5599 homines
445 5544 513 5599 ad
555 5544 865 5612 secundum,
906 5546 958 5601 id
991 5556 1074 5603 est
1101 5548 1425 5617 spiritualem
1451 5551 1747 5619 generatio-

180 5645 292 5688 nem
340 5636 577 5709 veniunt,
623 5638 942 5709 quicumque
980 5638 1044 5693 ad
1090 5640 1355 5695 Christum
1407 5643 1740 5712 perveniunt.

182 5718 294 5789 Ideo
317 5741 441 5799 ergo
466 5729 665 5786 dictum
685 5741 787 5797 est,
809 5742 863 5787 et
889 5732 973 5787 ltic
998 5749 1186 5794 omnes.
1216 5744 1271 5789 et
1294 5735 1360 5787 ibi
1388 5751 1556 5787 omnes
1579 5750 1597 5789 :
1620 5735 1742 5804 quia

184 5808 307 5870 sicut
331 5835 511 5879 omnes
536 5824 627 5893 qui
654 5825 971 5893 moriuntur,
996 5826 1203 5882 nonnisi
1238 5826 1286 5881 in
1316 5826 1482 5882 Adam
1512 5827 1747 5884 moriun-

3340 380 3444 437 750

1862 491 1979 549 tur;
2013 484 2082 539 ita
2113 501 2300 541 omnes
2335 487 2422 557 qui
2453 487 2877 553 viviﬁcabuntur,
2908 490 3116 546 nunnisi
3144 490 3195 546 in
3224 491 3442 552 Christo

1862 576 2283 632 viviﬁcabuntur.
2322 580 2397 633 Ac
2446 595 2539 648 per
2589 580 2708 643 boe.
2756 582 2993 652 quisquis
3045 582 3196 636 nobis
3246 584 3442 642 diverit

1861 680 2176 737 quemquam
2241 669 2292 722 itt
2352 672 2741 726 reSttrt-ectione
2805 681 3135 729 mortuorum
3182 675 3437 733 vivilicari

1862 775 2018 831 posse
2065 760 2165 816 nisi
2220 762 2271 817 itt
2320 761 2569 827 Christo;
2625 774 2871 833 tauquam
2927 767 3440 836 pestis'ootuntunis

1860 854 1980 908 ﬁdei
2020 854 2362 910 detestandus
2387 867 2488 911 est.
2523 857 2648 913 ltettt
2679 859 2922 929 quisquis
2965 860 3159 915 dixerit
3201 862 3340 931 qttod
3388 862 3439 917 in

1860 944 2069 1001 Christo
2109 949 2510 1003 viviﬁcabuntur
2549 948 2707 1005 etiam
2750 950 2949 1018 parvuli
2992 951 3079 1020 qui
3110 953 3225 1007 sine
3252 953 3441 1008 Sacra-

1860 1037 2023 1091 menti
2045 1038 2157 1107 ejus
2181 1040 2576 1109 participatione
2607 1041 2673 1094 de
2703 1043 2805 1095 vita
2837 1051 3051 1100 exeunt.
3083 1041 3169 1096 ltic
3200 1042 3438 1111 profecto

1857 1139 1911 1184 et
1935 1142 2116 1184 contra
2157 1132 2501 1199 apostolicam
2546 1133 2971 1201 praedimtionem
3000 1136 3163 1197 venit,
3194 1146 3248 1188 et
3274 1146 3437 1192 tutam

1857 1220 2173 1275 condemnat
2207 1220 2519 1287 Ecclesium,
2545 1223 2629 1275 ttbi
2661 1234 2936 1292 propterea
2960 1239 3080 1278 cum
3112 1224 3438 1294 baptizmtdis

1858 1313 2091 1382 parvulis
2121 1314 2399 1368 festinatur
2426 1324 2477 1368 et
2503 1316 2752 1373 curritur.
2787 1318 2905 1386 quia
2935 1318 3050 1373 sine
3076 1317 3237 1372 dttbio
3260 1320 3437 1375 credi-

1859 1412 1945 1458 tur
1968 1407 2125 1458 aliter
2150 1422 2243 1460 eos
2274 1408 2323 1460 in
2356 1406 2569 1461 Clu-isto
2599 1409 2848 1464 viviﬁcztri
2878 1411 3097 1464 omnino
3128 1428 3231 1465 nou
3261 1428 3435 1481 posse.

1858 1495 1955 1563 Qui
1994 1508 2171 1550 autem
2217 1512 2318 1551 non
2350 1497 2644 1551 viviﬁcatur
2674 1498 2725 1552 iu
2757 1499 2990 1560 (Iltristo,
3024 1511 3186 1555 restat
3212 1513 3263 1555 ιιι
3297 1503 3348 1556 itt
3374 1517 3437 1557 ea

1858 1587 2298 1641 comletnuatione
2327 1598 2535 1642 ntatteat
2575 1589 2641 1642 de
2681 1606 2729 1659 qi
2753 1606 2782 1643 a
2820 1590 2947 1644 dicit
2989 1594 3309 1660 Apostolus:
3339 1592 3440 1646 Per

1858 1679 2005 1732 unius
2028 1679 2264 1732 delictum
2302 1679 2353 1731 in
2402 1696 2572 1733 omnes
2611 1680 2837 1734 homines
2878 1681 2945 1734 ad
2978 1683 3440 1738 condettmlttimiem

1859 1768 2016 1833 (Rom
2065 1786 2118 1835 v,
2154 1770 2255 1836 l8).
2285 1768 2380 1824 Cui
2410 1771 2602 1825 delicto
2633 1772 2892 1826 obnoxios
2919 1774 3166 1842 parvulos
3193 1775 3359 1838 nasci,
3386 1783 3442 1831 et

1857 1863 2031 1916 ontuis
2060 1862 2222 1917 credit
2254 1862 2513 1926 Ecclesia,
2534 1874 2582 1917 et
2614 1865 2727 1933 ipse
2749 1864 2857 1932 jattt
2881 1878 3067 1919 cotttra
3102 1865 3439 1926 .luvinianum

1858 1954 2152 2023 disputans,
2176 1965 2229 2008 et
2253 1969 2526 2031 exponens
2552 1955 2740 2008 .quzttu
2772 1955 3105 2024 prophetam,
3124 1958 3261 2012 sicut
3286 1961 3441 2025 pattlo

1857 2057 1981 2099 ante
2010 2048 2442 2110 t-oztttuetnoravi,
2479 2046 2581 2099 lide
2613 2049 2947 2101 veracissitua
2980 2051 3245 2111 deﬁnisti;
3278 2052 3440 2107 credo

1850 2148 1910 2215 et
1934 2137 1983 2190 itt
2010 2138 2127 2190 aliis
2155 2137 2283 2190 Ιιιιοίς
2311 2138 2687 2205 optts:;ttlorttttt
2714 2149 2923 2193 tuorum
2947 2157 3064 2207 qua-
3087 2143 3165 2194 vel
3190 2158 3292 2195 non
3314 2144 3438 2213 legi,

1860 2230 1939 2281 vel
1970 2230 2019 2282 i.t
2050 2232 2325 2299 praesentia
2355 2246 2459 2283 non
2486 2231 2755 2285 recordor.
2784 2231 2945 2301 "lljlh
2964 2233 3121 2302 igitur
3140 2233 3439 2290 damnatio-

1860 2327 1943 2375 nis
1986 2321 2038 2375 in
2084 2322 2311 2391 parvulis
2353 2337 2565 2376 causttu
2618 2323 2863 2391 requiro;
2895 2326 3013 2393 quia
3046 2327 3442 2393 tteqtteanitutt-

1860 2428 1999 2477 runt,
2028 2414 2071 2465 si
2105 2427 2254 2466 ttovze
2283 2416 2409 2466 littttt
2433 2413 2653 2481 singulis
2681 2414 2921 2483 singulm,
2950 2414 3100 2467 video
3125 2430 3247 2470 esse
3277 2418 3441 2471 .tiltnn

1861 2508 1911 2560 iu
1955 2508 2038 2561 illa
2070 2518 2225 2562 a-tate
2270 2519 2563 2577 peccatum.
2596 2524 2693 2561 net:
2723 2525 2751 2559 :t
2783 2507 2890 2560 Deo
2928 2507 3165 2561 damnari
3208 2509 3442 2579 aliquant

1858 2602 2039 2661 credo,
2072 2619 2227 2671 quatu
2258 2602 2395 2654 videt
2426 2603 2625 2654 ttttllttttt
2661 2601 2853 2655 habere
2880 2613 3175 2669 peccatum.

1932 2693 2154 2748 CAPUT
2191 2692 2486 2748 “IL—2:2.
2522 2697 2599 2745 Au
2626 2695 2760 2746 l'orie
2790 2692 3070 2746 dicendum
3098 2702 3200 2750 est.
3241 2694 3291 2745 itt
3319 2710 3445 2764 par-

1863 2786 1982 2838 vttlo
2004 2802 2216 2840 carnem
2248 2786 2412 2838 solum
2437 2801 2648 2837 causam
2676 2800 2795 2838 e.-se
2824 2785 3058 2852 pectati;
3095 2800 3282 2838 notam
3316 2802 3444 2841 vero

1862 2877 1934 2931 illi
1966 2878 2196 2929 animant
2221 2876 2470 2947 lieri.qtt:t
2499 2874 2789 2931 secundum
2812 2877 2900 2929 Dei
2928 2886 3186 2945 ιιι·;υι·υιιιει
3209 2878 3438 2943 vivente,

1863 2969 1914 3022 in
1953 2969 2216 3033 atluaorio
2246 2972 2428 3037 gratit-
2457 2967 2685 3034 Christi,
2716 2980 2763 3021 et
2798 2970 2892 3036 ipsi
2925 2968 3068 3021 carni
3101 2970 3348 3022 edomita:
3378 2984 3441 3024 ac

1861 3062 2151 3129 subiugata:
2180 3059 2339 3127 possit
2375 3059 2784 3127 incorrtpliouis
2822 3060 3065 3113 lllt'l‘illlltt
3096 3077 3193 3112 cz-n
3219 3076 3253 3131 p
3289 3063 3389 3114 ra-i
3426 3079 3439 3115 :

1860 3150 1953 3204 st-tl
1993 3150 2112 3218 quia
2147 3150 2198 3203 itt
2245 3150 2465 3219 parvulo
2503 3150 2678 3203 attittta
2711 3150 2941 3202 nondum
2974 3150 3022 3201 id
3054 3167 3209 3217 agere
3250 3160 3441 3217 potest,

1862 3243 1963 3298 nisi
1991 3242 2186 3297 Christi
2213 3243 2471 3311 acceperit
2495 3244 2916 3302 SdCl‘ulllt'lllUIll.
2939 3258 3030 3312 per
3061 3241 3092 3294 It
3131 3260 3195 3296 ut:
3217 3246 3440 3311 gratiam

1860 3340 2003 3392 carni
2049 3337 2163 3407 ejus
2190 3337 2481 3407 acquiritur
2534 3336 2675 3405 quod
2726 3335 2866 3390 illius
2917 3337 3154 3389 moribus
3207 3339 3440 3391 ItO‘lllllln

1862 3430 2065 3499 potuit;
2093 3429 2135 3481 si
2176 3440 2351 3482 autem
2378 3428 2493 3483 sine
2543 3429 2631 3481 illo
2671 3427 3018 3483 Sacramenta
3038 3429 3212 3481 attima
3242 3428 3442 3496 parvuli

1860 3522 2069 3581 exit-rit,
2122 3522 2174 3590 ip
2204 3538 2231 3571 :t
2280 3520 2491 3591 quidem
2548 3519 2598 3573 itt
2630 3526 2825 3573 a-tcrua
2860 3534 2961 3573 vita
2988 3520 3119 3583 erit,
3154 3519 3294 3572 unde
3320 3536 3438 3573 eam

1861 3612 2061 3665 nullum
2088 3622 2363 3681 peccatum
2392 3610 2556 3680 po'ttit
2581 3625 2847 3678 separare.
2868 3624 2994 3662 Caro
3034 3625 3162 3664 vero
3190 3610 3307 3677 ejus
3334 3626 3439 3665 non

1860 3716 2094 3775 resurget
2126 3705 2173 3758 itt
2201 3704 2241 3759 C
2268 3705 2434 3768 .risto,
2468 3719 2571 3758 nou
2602 3713 2855 3773 percepto
2881 3712 3003 3758 ante
3048 3713 3272 3758 mortem
3301 3703 3442 3759 illius

1860 3798 2241 3853 Sacramenta?

1930 3890 2019 3945 25.
2064 3889 2209 3944 llauc
2229 3889 2532 3956 opinionem
2562 3906 2830 3960 nunquam
2854 3890 3051 3948 audivi.
3086 3906 3349 3959 nunquam
3375 3890 3445 3947 leo

1858 3982 1909 4049 gi
1949 3981 2052 4039 Sed
2077 3983 2230 4049 plane
2254 3982 2427 4034 audivi
2455 3992 2508 4034 et
2529 3981 2750 4047 credidi,
2768 3992 2983 4049 propter
3000 3981 3141 4049 quod
3162 3991 3214 4034 et
3236 3982 3443 4034 locutus

1860 4087 2000 4132 Sunt,
2034 4072 2167 4136 Quia
2195 4072 2323 4125 renit
2349 4071 2494 4137 Itoni,
2520 4072 2721 4140 quando
2750 4088 2920 4124 omnes
2956 4072 3043 4135 qui
3070 4072 3121 4124 in
3151 4087 3444 4124 monumen-

1859 4165 1923 4217 tis
1946 4175 2081 4226 sunt,
2113 4161 2316 4215 audient
2345 4177 2511 4215 vocem
2532 4162 2677 4230 ejus;
2706 4170 2751 4214 ct
2778 4160 3045 4230 procedunt
3065 4161 3151 4227 qui
3170 4159 3292 4214 bene
3319 4163 3444 4230 [rce-

1858 4263 1994 4319 runt,
2025 4256 2077 4306 in
2099 4252 2503 4305 resurrectionem
2533 4253 2644 4305 rita:
2673 4251 2844 4323 (Joan.
2872 4268 2923 4311 v,
2950 4250 3041 4317 28,
3073 4250 3164 4322 29)
3185 4270 3197 4301 :
3221 4252 3331 4321 ipsa
3357 4260 3442 4309 est

1857 4344 1926 4400 de
1945 4360 2046 4415 qna
2076 4344 2290 4409 dicitur,
2326 4352 2371 4396 ct
2396 4359 2484 4411 per
2511 4360 2666 4397 unum
2690 4344 2941 4397 hominem
2978 4345 3272 4397 resurrectio
3300 4361 3439 4399 mor-

1858 4447 2058 4492 tuorum
2075 4453 2093 4502 ;
2122 4437 2233 4507 ipsa
2263 4447 2345 4493 est
2377 4453 2477 4507 qua
2504 4437 2554 4490 in
2577 4435 2776 4492 Christo
2815 4454 2986 4492 omnes
3008 4438 3395 4506 viviﬁcabuntur
3421 4455 3441 4495 :

1855 4531 1941 4601 qui
1968 4540 2133 4584 autem
2157 4529 2289 4583 male
2309 4538 2534 4599 egerunt,
2565 4528 2617 4582 in
2644 4530 3055 4582 resurrectionem
3079 4531 3283 4601 judicii.
3303 4530 3439 4597 Quid

1857 4623 1943 4678 ltic
1966 4639 2093 4693 ergo
2120 4622 2187 4677 de
2215 4621 2319 4676 illis
2340 4620 2627 4675 infantibus
2658 4620 3058 4689 intelligendum
3080 4630 3182 4685 est,
3213 4621 3301 4690 qtti
3333 4621 3441 4689 pri-

1856 4731 2080 4785 usquam
2098 4725 2315 4785 possent
2331 4728 2490 4784 agere
2505 4712 2588 4767 vel
2612 4712 2747 4768 bene
2762 4714 2843 4768 vel
2868 4717 3023 4777 male,
3040 4713 3155 4768 sine
3169 4712 3439 4781 Baptismo

1855 4821 2083 4878 corpore
2108 4806 2250 4861 exuti
2278 4804 2439 4859 sunt?
2468 4803 2600 4858 ttiltil
2629 4804 2714 4859 ltic
2750 4803 2817 4859 de
2861 4804 3053 4859 talibus
3095 4803 3296 4860 dictum
3327 4813 3430 4859 est.

1858 4898 1964 4956 Sed
1990 4900 2032 4952 si
2062 4913 2188 4952 caro
2222 4911 2406 4951 eorum
2450 4894 2570 4951 ideo
2595 4912 2700 4950 uou
2729 4903 2986 4963 resurget,
3015 4893 3138 4963 quia
3185 4909 3285 4951 nec
3311 4894 3436 4953 boni

1857 4990 2054 5061 aliquid
2092 4989 2350 5051 fecerunt,
2381 5002 2480 5041 nec
2504 4987 2660 5049 mali;
2706 5001 2802 5039 nec
2838 4986 3045 5039 illormn
3070 4998 3435 5044 resurrccmra

1857 5090 1959 5147 est,
2013 5080 2101 5150 qui
2151 5087 2396 5149 percepta
2427 5077 2679 5148 Baptistui
2715 5076 2904 5146 gratia,
2959 5074 3011 5129 itt
3040 5075 3126 5130 illa
3153 5086 3309 5133 tetatc
3337 5079 3436 5134 de-

1858 5171 2022 5225 functi
2047 5178 2192 5233 sunt,
2226 5169 2277 5223 in
2308 5186 2407 5239 qtta
2437 5168 2567 5223 nihil
2606 5168 2741 5221 bene
2768 5166 2852 5220 vel
2881 5166 3017 5221 male
3045 5182 3204 5238 agere
3252 5179 3436 5239 potue-

1854 5276 1999 5319 runt.
2018 5261 2073 5319 Si
2097 5271 2270 5316 autent
2299 5261 2369 5315 illi
2402 5262 2537 5314 inter
2553 5266 2761 5313 sanctos
2790 5267 3085 5329 resurgettt,
3115 5259 3165 5313 id
3191 5268 3272 5314 est
3298 5261 3437 5315 inter

1854 5372 1946 5414 eos
1975 5357 2065 5428 qui
2096 5357 2232 5411 bene
2256 5360 2510 5425 egerunt;
2539 5352 2678 5405 inter
2719 5366 2853 5423 qttos
2883 5360 2936 5405 et
2962 5351 3038 5405 illi
3083 5351 3435 5407 resurrecturi

1854 5449 2111 5515 sunt,uisi
2139 5449 2277 5503 inter
2316 5460 2409 5500 eos
2432 5444 2522 5514 qui
2550 5444 2687 5498 male
2733 5454 2975 5515 egerunt,
3002 5458 3069 5497 ne
3096 5442 3299 5513 aliquas
3328 5442 3431 5499 hu-

1826 5524 1829 5527 i
1853 5558 2037 5597 manus
2064 5541 2267 5595 auintas
2293 5535 2572 5592 credamus
2601 5550 2826 5605 corpora
2852 5549 2944 5588 sua
2969 5549 3074 5587 non
3101 5530 3430 5603 recepturos,

1852 5632 1965 5687 sive
2013 5631 2062 5684 itt
2109 5627 2551 5685 resurrectionem
2578 5628 2727 5690 vita»,
2758 5626 2870 5679 sive
2902 5627 2950 5679 itt
2982 5624 3432 5684 resurrectionem

1848 5723 2065 5796 judicii?
2090 5724 2219 5790 Quae
2240 5721 2501 5774 sententia
2534 5720 2677 5789 prius
2698 5734 2835 5787 ptau:
2869 5715 3161 5783 refellatur,
3194 5716 3305 5786 ipsa
3339 5731 3435 5773 uo-

1914 5840 1935 5869 ³
1966 5838 2189 5886 'tbuaaus
2210 5842 2313 5895 Ms,
2340 5831 2503 5885 hostis.
