4004 6378
645 330 742 388 πί
1854 309 1912 366 S.
1951 305 2221 362 AUGUST

2357 305 2654 361 EPISCOPI
3746 314 3827 370 ηδε
3867 282 3879 327 ί

831 450 938 522 iam
981 445 1229 522 displicet
1254 459 1268 496 :
1299 437 1496 516 deinde.
1513 437 1635 518 quis
1659 434 1814 502 ferat,
1839 431 1886 486 si
1915 426 2136 485 credant
2159 439 2217 478 se

753 513 852 614 qui
865 541 930 596 ad
954 513 1278 614 Baptismum
1303 513 1422 614 cum
1454 524 1565 612 suis
1581 515 2072 600 'parvuliscurrunt,
2099 532 2219 614 pro-

649 609 974 708 pter'earnes
1002 645 1212 706 eorum,
1230 611 1334 690 non
1357 609 1572 706 propter
1591 622 1794 675 animas
1816 616 2065 674 currere?
2087 611 2220 708 lica-

647 701 734 788 tus
757 725 968 800 quidem
993 701 1283 800 Cyprianus
1311 732 1414 771 non
1445 703 1657 785 aliquod
1686 711 1957 772 decretum
1980 705 2220 800 condens

646 793 862 881 novum,
883 815 976 870 sed
1020 795 1268 870 Ecclesia:
1295 809 1449 864 ﬁdem
1479 804 1833 861 ﬁrmissimam
1873 811 2121 859 servans,
2154 793 2220 849 ad

645 907 1013 980 corrigendum
1035 919 1127 960 eos
1146 903 1234 974 qui
1264 901 1516 973 putabant
1537 906 1662 952 ante
1689 903 1931 950 octavum
1957 889 2096 945 diem
2121 904 2218 943 na-

646 1003 864 1062 tivitatis
896 1016 1001 1054 non
1028 1013 1144 1052 esse
1163 996 1436 1067 parvulum
1449 985 1842 1064 baptizandum,
1858 1002 1963 1042 non
1981 999 2218 1049 carnem,

646 1095 739 1158 sed
766 1094 996 1155 animam
1019 1091 1152 1146 dixit
1175 1106 1275 1144 non
1299 1103 1403 1142 esse
1428 1082 1769 1156 perdendam;
1792 1090 1848 1136 et
1875 1094 1997 1134 mox
2038 1084 2218 1132 natum

645 1168 742 1250 rite
767 1186 1024 1256 baptizari
1045 1198 1226 1254 posse,
1256 1196 1376 1236 cum
1405 1179 1517 1233 suis
1542 1173 1860 1264 quibusdam
1890 1168 2222 1244 coepiscopis

651 1277 849 1334 isnsuit
881 1274 1059 1349 (Cypr.
1089 1274 1247 1343 epist.
1278 1271 1366 1335 59,
1396 1269 1463 1322 ad
1495 1264 1724 1338 Fidum).

711 1366 803 1423 24.
843 1366 946 1422 Sed
969 1375 1153 1420 contra
1191 1361 1442 1435 Cypriani
1474 1360 1704 1430 aliquam
1755 1355 2059 1425 opinionem
2085 1393 2101 1416 ,
2133 1350 2222 1406 ubi

643 1460 786 1532 quod
814 1458 1098 1514 videndum
1136 1457 1250 1525 fuit,
1275 1456 1496 1509 fortasse
1535 1468 1638 1506 non
1662 1449 1813 1515 vidit,
1842 1447 2037 1502 sentiat
2077 1445 2224 1516 quis-

644 1568 749 1623 que
775 1549 919 1622 quod
949 1550 1108 1612 libet;
1158 1556 1357 1601 tantum
1393 1553 1578 1598 contra
1607 1539 1951 1610 apostolicam
1999 1534 2222 1590 manife-

647 1644 934 1700 stissimam
979 1641 1136 1695 ﬁdem
1168 1653 1325 1708 nemo
1366 1637 1580 1701 sentiat,
1611 1649 1727 1703 qna:
1753 1648 1818 1687 ex
1849 1630 2001 1684 unius
2027 1628 2224 1684 delicto

647 1715 837 1790 omnes
878 1732 932 1787 in
984 1730 1482 1788 condemnationem
1526 1727 1643 1782 duci
1683 1723 1936 1802 pra2dicat
1966 1740 1979 1775 :
2010 1739 2076 1778 ex
2122 1736 2222 1792 qua

646 1823 1086 1885 condotnnatione
1116 1837 1219 1876 non
1241 1821 1451 1884 liberat,
1475 1819 1574 1873 nisi
1619 1818 1786 1888 gratia
1809 1815 1900 1869 Dei
1929 1830 2021 1884 per
2041 1813 2223 1868 Jesum

647 1913 916 1972 Christum
945 1912 1222 1968 Dominum
1251 1919 1511 1974 nostrum,
1546 1910 1595 1962 in
1626 1923 1731 1978 quo
1759 1922 1863 1960 uno
1879 1920 2065 1958 omnes
2085 1904 2222 1958 vivi-

651 2004 874 2066 ﬁcantur
901 1987 1220 2076 quicumque
1250 2001 1596 2058 viviﬁcantur.
1613 2000 1807 2053 Contra
1831 1996 2080 2050 Ecclesia:
2107 1995 2225 2048 iun-

645 2081 973 2152 datissimnm
1004 2108 1207 2148 morem
1229 2107 1386 2146 nemo
1408 2092 1617 2148 sentiat.
1651 2090 1739 2144 ubi
1777 2087 1844 2142 ad
1872 2087 2217 2157 Baptismum,

637 2184 687 2240 si
718 2193 931 2254 propter
953 2183 1064 2236 sola
1097 2181 1436 2253 th'vulorum
1454 2195 1676 2254 corpora
1697 2188 2020 2240 curreretur,
2054 2175 2227 2247 bapti-

645 2258 795 2330 zandi
818 2273 1133 2327 oll'crrentnr
1155 2279 1209 2326 et
1231 2273 1444 2326 mortui.

692 2347 804 2420 εδ.
845 2365 973 2431 Qua:
1001 2379 1121 2418 cum
1155 2363 1225 2418 ita
1268 2363 1394 2428 sint,
1434 2361 1716 2432 qnzcrenda
1744 2375 1899 2416 causa
1947 2369 2027 2414 est
2065 2368 2224 2429 atque

647 2448 932 2528 reddenda,
952 2470 1115 2524 quare
1130 2453 1449 2508 damnentur
1463 2453 1653 2506 anima:
1669 2468 1784 2522 quae
1802 2467 1955 2505 nova:
1976 2459 2225 2505 creantur

646 2547 864 2616 singulis
890 2544 1187 2616 quibusque
1209 2544 1570 2611 nascentibus,
1598 2544 1639 2596 si
1665 2551 1854 2612 praeter
1881 2541 2079 2596 Christi
2120 2540 2221 2594 Sa-

645 2647 971 2692 crumentum
996 2635 1198 2707 parvuli
1230 2636 1557 2713 moriantur:
1588 2633 1822 2688 damnari
1850 2633 1994 2688 enim
2032 2647 2144 2698 cas,
2176 2632 2222 2686 si

644 2731 721 2785 sic
745 2730 813 2784 de
829 2745 1053 2798 corpore
1082 2729 1328 2793 exierint,
1358 2736 1411 2782 et
1434 2736 1619 2782 sancta
1640 2726 1932 2794 Scriptura,
1966 2734 2020 2778 et
2039 2733 2222 2777 sancta

645 2830 727 2875 est
753 2822 899 2875 testis
931 2819 1188 2872 Ecclesia.
1241 2817 1393 2874 Unde
1422 2819 1506 2871 illa
1533 2817 1599 2872 de
1623 2818 1919 2870 animarum
1965 2830 2223 2869 novarum

642 2913 910 2967 creatioiie
954 2911 1259 2974 sententia,
1309 2911 1352 2962 si
1405 2910 1537 2962 hanc
1593 2909 1746 2961 ﬁdem
1801 2907 2220 2961 l‘nndatissimam

645 3017 748 3056 non
774 3013 1058 3071 oppugnat,
1079 3002 1148 3055 sit
1179 3011 1232 3054 ct
1254 3016 1364 3054 mea
1384 3015 1400 3065 ;
1423 3001 1466 3053 si
1492 3005 1779 3070 oppugnat,
1807 3015 1911 3052 non
1947 2999 2015 3051 sit
2039 3007 2091 3051 ct
2113 3006 2219 3051 tua.

712 3090 801 3144 26.
826 3091 956 3144 Nolo
975 3091 1100 3144 mihi
1128 3090 1354 3155 dicatur,
1382 3106 1475 3158 pro
1507 3089 1603 3142 hae
1629 3089 1888 3143 sententia
1916 3088 2109 3143 debere
2135 3103 2225 3141 ac-

642 3182 744 3252 cipi
766 3181 905 3252 quod
934 3181 1188 3250 scriptum
1232 3190 1336 3246 est,
1378 3182 1478 3246 Qui
1501 3181 1643 3249 ﬁnxit
1670 3180 1899 3250 spiritum
1932 3180 2146 3232 hominis
2170 3179 2222 3232 in

641 3273 752 3341 ipso
777 3270 956 3340 (chlt.
983 3287 1078 3336 xu,
1101 3272 1153 3343 i)
1172 3282 1245 3334 et,
1271 3273 1370 3337 Qui
1393 3272 1540 3339 ﬁna'it
1568 3271 1862 3342 singillatim
1885 3271 2037 3323 corda
2054 3286 2225 3323 eorum

647 3361 815 3438 (Psal.
844 3377 1016 3428 xxx",
1053 3363 1158 3433 l5).
1184 3350 1392 3432 Aliquid
1431 3361 1780 3416 fortissimum
1803 3370 1960 3430 atque
1987 3361 2222 3415 invictis-

644 3453 838 3512 simum
867 3455 1244 3526 requirendum
1279 3465 1381 3518 est,
1414 3455 1554 3525 quod
1608 3469 1704 3510 nos
1743 3471 1845 3508 non
1881 3463 2034 3523 cogat
2059 3454 2221 3508 Deum

642 3547 861 3603 credere
888 3547 1115 3602 ullarum
1142 3547 1438 3601 animarum
1471 3549 1587 3602 sine
1620 3548 1772 3616 culpa
1796 3547 1968 3615 aliqua
2000 3545 2222 3599 damna-

644 3647 837 3693 torcm.
857 3637 988 3692 Nam
1011 3637 1092 3693 vel
1117 3638 1441 3692 tantumdem
1471 3638 1630 3703 valet,
1650 3637 1734 3690 vel
1758 3637 1871 3705 plus
1897 3643 1977 3688 est
2003 3634 2222 3690 forsitan

643 3746 851 3795 creare,
881 3747 1038 3802 quam
1087 3734 1318 3802 lingere;
1350 3741 1402 3786 ct
1453 3740 1628 3786 tamen
1673 3732 1928 3801 scriptum
1973 3739 2076 3794 est,
2121 3728 2224 3784 Cor

646 3824 884 3878 mundum
914 3841 1029 3878 crea
1055 3825 1225 3889 inme,
1263 3823 1397 3879 Deus
1420 3823 1588 3896 (Psnl.
1617 3841 1666 3890 L,
1705 3824 1787 3895 l2)
1817 3842 1829 3877 :
1855 3838 1952 3879 nec
1981 3823 2100 3877 ideo
2130 3838 2223 3892 pu-

647 3916 745 3971 tari
774 3924 968 3987 potest,
1002 3917 1232 3971 animam
1263 3917 1361 3971 lioc
1415 3917 1529 3971 loco
1557 3927 1738 3986 optare
1763 3930 1821 3971 se
1852 3916 1962 3968 ﬁeri
1983 3955 1998 3981 ,
2045 3916 2222 3984 prius-

644 4023 801 4078 quam
830 4006 1029 4077 aliqnid
1067 4017 1230 4063 esset;
1264 4007 1411 4062 Sicut
1453 4023 1578 4077 ergo
1615 4008 1721 4076 jam
1752 4008 1985 4076 existens
2012 4016 2225 4061 creatur

646 4099 1236 4169 innovationejustitiaa,
1269 4101 1345 4154 sic
1367 4099 1478 4170 jam
1517 4101 1752 4156 existens
1777 4098 1989 4168 ﬁngitur
2013 4099 2227 4154 confor-

620 4192 875 4246 matione
900 4191 1177 4246 doctrinm.
1208 4191 1314 4246 Nec
1337 4190 1463 4248 illtid
1495 4191 1634 4260 quod
1663 4191 1715 4244 in
1744 4190 2065 4244 Ecclesiaste
2091 4190 2224 4243 scri-

650 4291 796 4351 ptun
831 4290 934 4348 est,
966 4281 1108 4336 Tunc
1135 4291 1444 4336 convertatur
1476 4283 1529 4335 in
1556 4291 1736 4336 terram
1769 4282 1930 4352 pulvis
1956 4281 2083 4334 sicut
2103 4282 2220 4351 fuit,

649 4379 694 4424 et
714 4371 923 4438 spiritus
947 4382 1213 4425 revertetur
1236 4372 1304 4425 ad
1324 4373 1591 4426 Dominum
1621 4372 1850 4440 quidedit
1865 4371 2006 4424 illum
2026 4369 2223 4442 (Eccle.

649 4474 743 4528 xu,
772 4459 828 4534 7)
854 4478 869 4526 ;
903 4461 1054 4516 istam
1086 4463 1362 4518 conﬁrmat
1390 4465 1732 4527 sententiam,
1780 4479 1935 4532 quam
1978 4463 2226 4519 volumus

650 4568 771 4612 esse
801 4563 1034 4609 nostram
1067 4573 1082 4610 :
1114 4555 1230 4624 plus
1259 4556 1398 4610 enim
1441 4555 1542 4610 hoc
1581 4555 1895 4623 snll‘ragatur
1923 4558 2000 4609 eis
2021 4557 2106 4624 qui
2159 4573 2223 4612 ex

621 4663 752 4703 tuna
776 4653 964 4718 pnumt
1001 4662 1190 4701 omnes
1215 4662 1334 4702 esse
1357 4649 1579 4702 animas.
1632 4647 1760 4702 Nam
1792 4649 1927 4702 sicut
1958 4651 2226 4704 converti-

632 4751 753 4809 'tur,
783 4741 1044 4813 inquiunt,
1078 4742 1248 4812 pulvis
1273 4741 1322 4795 in
1366 4751 1576 4798 terram.
1629 4742 1765 4796 sicut
1815 4740 1938 4806 fuit;
1967 4749 2020 4795 ct
2045 4753 2223 4798 tamen

644 4847 793 4898 caro,
819 4832 885 4887 de
914 4848 1014 4902 qua
1039 4831 1139 4887 hoc
1169 4832 1365 4885 dictum
1396 4840 1497 4897 est,
1523 4832 1587 4885 ad
1617 4830 1882 4886 hominem
1905 4849 2009 4886 non
2045 4847 2228 4887 rever-

649 4922 798 4989 titur,
826 4937 892 4976 ex
917 4935 1023 4994 quo
1051 4929 1335 4992 propagata
1364 4930 1464 4986 est,
1489 4922 1578 4976 sed
1615 4922 1679 4975 ad
1705 4931 1918 4988 terram,
1950 4923 2088 4977 unde
2116 4925 2226 4991 pri-

649 5011 957 5067 muc'bomo
987 5011 1155 5068 lactus
1199 5021 1281 5067 est
1311 5028 1324 5063 :
1353 5013 1430 5066 sic
1465 5021 1517 5066 et
1559 5012 1774 5090 spiritus
1799 5030 1860 5066 ex
1894 5014 2032 5068 illius
2070 5012 2227 5068 unius

621 5105 836 5178 .spiritn
862 5114 1197 5174 propagatus,
1231 5120 1334 5159 non
1362 5116 1539 5160 tamen
1563 5105 1628 5160 ad
1661 5121 1780 5160 cum
1810 5107 2111 5168 revertitur,
2131 5105 2225 5161 sed

626 5201 716 5257 ad
771 5200 1052 5257 Dominum
1079 5216 1105 5252 a
1154 5217 1259 5271 quo
1297 5197 1372 5255 illi
1415 5201 1571 5255 datus
1608 5209 1709 5256 est.
1745 5199 1938 5255 Verum
1969 5201 2089 5272 quia
2123 5201 2224 5255 hoc

649 5292 1011 5351 tes-timentium
1043 5294 1110 5348 ita
1157 5309 1255 5363 pro
1297 5295 1411 5349 istis
1440 5303 1614 5360 sonat,
1670 5303 1726 5348 ut
1751 5309 1854 5348 non
1885 5294 2030 5349 omni
2067 5291 2227 5348 modo

651 5387 774 5444 huic
801 5387 1036 5458 opinioni
1063 5401 1220 5455 quam
1257 5387 1467 5442 defendi
1497 5389 1637 5451 volo,
1666 5387 1908 5442 videatur
1933 5403 2052 5442 esse
2093 5402 2225 5441 con-

648 5480 908 5544 trarium,
957 5477 1342 5532 admonendam
1399 5489 1598 5533 tantum
1649 5478 1851 5534 credidi
1894 5477 2226 5548 prudentiam

650 5579 815 5637 tuam,
849 5585 915 5625 ne
941 5569 1133 5625 talibus
1155 5571 1472 5625 testimoniis
1508 5585 1572 5624 ex
1607 5569 1690 5624 liis
1718 5571 1973 5638 angustiis
2015 5586 2100 5623 me
2131 5585 2225 5624 co-
2313 5624 2317 5628 .

651 5660 791 5714 neris
820 5676 1026 5716 eruere.
1059 5660 1187 5715 Nam
1211 5660 1332 5715 licet
1355 5675 1512 5715 nemo
1532 5659 1687 5714 faciat
1702 5659 1954 5730 optando,
1971 5667 2027 5714 ut
2041 5675 2225 5716 verum

572 5788 578 5794 -
653 5752 722 5806 sit
747 5753 885 5820 quod
915 5769 1092 5806 verum
1124 5769 1228 5807 non
1270 5761 1350 5808 est
1379 5771 1391 5805 :
1429 5761 1605 5807 tamen
1637 5752 1680 5806 si
1709 5752 1818 5806 ﬁeri
1842 5761 2042 5823 posset,
2075 5763 2225 5822 opta-

2326 437 2438 492 rem
2484 432 2542 476 ut
2582 422 2692 477 haec
2735 422 2998 477 sententia
3040 436 3166 477 vera
3208 431 3376 487 esset;
3405 423 3537 477 sicut
3564 433 3676 494 opto
3696 437 3759 492 ut,
3788 431 3824 486 si

2328 507 2450 569 vera
2479 523 2592 580 est,
2637 513 2731 568 abs
2771 523 2823 569 te
2861 512 3210 583 liquidissime
3237 521 3392 582 atque
3416 514 3728 572 invictissime
3749 517 3825 575 de-

2326 609 2590 665 fendatur.
3440 622 3443 624 ·

2394 699 2622 756 CAPUT
2654 697 2816 753 lX.—
2833 697 2922 752 τι.
2955 696 3082 752 ﬂare
3098 704 3269 750 autem
3287 695 3557 751 difﬁcultas
3576 699 3719 756 etiam
3741 701 3833 760 illo.

2326 791 2581 862 sequitur,
2605 790 2692 860 qni
2721 789 2826 858 jam
2858 788 3148 843 existentes
3173 787 3292 840 alibi
3321 787 3537 847 animas.
3566 797 3617 842 et'
3641 790 3699 844 ab
3718 794 3836 851 initio

2325 881 2620 937 divinorum
2647 895 2866 950 operum
2894 890 3233 950 prmparatas,
3253 893 3290 933 a'
3313 878 3418 934 Deo
3455 880 3580 933 mitti
3607 883 3836 952 opinantur

2326 971 2380 1028 in
2431 987 2675 1042 corpora.
2729 971 2860 1025 Nam
2887 980 2940 1024 et
2969 971 3039 1025 ab
3069 969 3150 1024 his
3188 969 3287 1024 hoc
3338 969 3475 1025 idem
3525 972 3836 1041 qimriturni

2327 1062 2517 1119 anima:
2546 1065 2827 1135 inculpata:
2852 1063 3163 1119 obedienter
3190 1063 3428 1128 veniunt,
3449 1079 3550 1135 quo
3578 1068 3835 1134 mittnntur;

2327 1170 2423 1210 cur
2448 1157 2497 1208 in
2527 1155 2778 1225 parvulis,
2809 1154 2852 1207 si
2884 1169 2988 1207 non
3017 1152 3262 1223 haptizali
3285 1153 3444 1206 vitam
3471 1153 3620 1208 istam
3635 1155 3836 1223 ﬁnierint,

2329 1246 2653 1316 puniuntur?
2681 1245 2879 1300 Eadem
2912 1258 3127 1314 prorsus
3158 1244 3210 1297 in
3249 1252 3474 1314 utraque
3489 1249 3724 1304 sententia
3763 1248 3840 1303 dit.

2326 1335 2533 1391 ﬂcnltas
2556 1346 2656 1392 est.
2687 1337 2763 1392 Illi
2791 1336 2895 1390 sibi
2908 1334 3154 1391 videtur
3172 1334 3240 1389 de
3260 1333 3360 1392 hac
3382 1333 3584 1390 facilius
3597 1337 3842 1410 exirequ-

2327 1434 2519 1496 stione,
2551 1433 2640 1504 qui
2668 1434 2872 1488 animas
2900 1443 3211 1488 asseverant
3235 1434 3543 1504 promeritis
3564 1434 3843 1504 vitepnoris

2328 1525 2564 1596 singulas
2592 1527 2814 1595 singulis
2841 1526 3157 1595 corporibus
3186 1527 3463 1597 implicari.
3493 1526 3600 1583 Hoc
3626 1527 3750 1582 enini
3768 1543 3833 1598 μμ

2331 1628 2442 1672 tant
2470 1633 2590 1673 esse
2615 1619 2666 1672 in
2693 1619 2858 1673 Adam
2889 1621 3042 1680 mori,
3069 1621 3118 1673 in
3159 1635 3320 1674 carne
3347 1620 3547 1674 scilicet
3561 1635 3674 1689 qua
3693 1635 3820 1690 prop:

2327 1717 2445 1779 gata
2475 1720 2555 1765 est
2583 1729 2647 1766 ex
2668 1711 2858 1775 Adam,
2885 1712 3139 1780 supplicia
3169 1712 3439 1782 pendere:
3470 1720 3764 1782 aquilonia,
3786 1714 3822 1766 in

2328 1802 2534 1871 qnitmt,
2588 1803 2752 1872 gratia
2783 1803 2979 1858 Christi
3020 1805 3208 1859 liberat
3265 1805 3486 1874 pusilios
3528 1820 3637 1859 cum
3666 1807 3839 1873 magnis.

2329 1892 2440 1948 Hoc
2467 1895 2681 1964 quidem
2714 1905 2874 1959 recte,
2900 1897 3177 1962 veraciter,
3211 1896 3533 1967 optimeque,
3561 1896 3691 1967 quod
3713 1897 3840 1966 gratia

2327 1981 2521 2038 Christi
2543 1983 2730 2038 liberat
2755 2001 2784 2038 a
2798 1994 2945 2040 reatu
2961 1995 3300 2056 peccatorum
3316 1986 3530 2055 pusillos
3546 2002 3654 2041 cum
3667 1989 3842 2055 magnis.

2325 2071 2430 2128 Sed
2461 2073 2511 2127 in
2543 2075 2642 2127 alia
2691 2076 2964 2144 superiore
3007 2075 3112 2130 vita
3169 2092 3396 2146 peccare
3433 2077 3642 2142 animas,
3681 2086 3727 2131 et
3756 2077 3843 2130 inde

2330 2163 2655 2236 przccipitari
2681 2165 2733 2220 in
2765 2181 3009 2222 carceres
3032 2182 3276 2231 carneos,
3326 2183 3432 2222 non
3476 2167 3642 2228 credo,
3671 2184 3756 2221 non
3775 2183 3842 2222 ac-

2329 2259 2565 2329 quiesco,
2587 2276 2690 2314 non
2721 2261 3017 2315 consentio.
3051 2261 3306 2323 Primum,
3335 2261 3576 2331 quoniam
3603 2277 3685 2329 per
3704 2261 3840 2315 nescio

2327 2364 2461 2419 quos
2508 2349 2624 2405 ﬁeri
2672 2352 2980 2406 circumitus
3011 2351 3063 2404 id
3114 2352 3261 2405 aiunt
3289 2351 3373 2404 isti
3407 2353 3445 2414 ⁸,
3491 2360 3546 2405 ιιι
3583 2359 3688 2419 post
3709 2353 3841 2405 nescio

2326 2450 2521 2511 quanta
2551 2441 2814 2496 volumina
2842 2442 3164 2496 smcnlorum
3182 2443 3375 2495 iterum
3393 2443 3456 2495 ad
3483 2443 3624 2495 istam
3636 2443 3838 2495 sarcinam

2326 2529 2685 2601 corruptibilis
2705 2533 2880 2586 carnis
2905 2540 2959 2587 et
2987 2533 3237 2602 supplicia
3272 2532 3546 2601 pendenda
3578 2532 3842 2586 redeundum

2329 2621 2446 2676 sit:
2479 2637 2584 2693 qua
2628 2623 2878 2692 opinione
2930 2624 3056 2692 quid
3109 2623 3418 2679 horribilius
3454 2624 3655 2692 cogitari
3706 2624 3842 2692 gessit,

2327 2714 2535 2784 ignaro.
2567 2715 2790 2783 Deinde,
2830 2716 2949 2786 quis
2978 2716 3188 2770 tandem
3214 2717 3395 2786 justus
3419 2716 3679 2770 defunctus
3703 2726 3781 2775 est.
3799 2714 3845 2768 de

2326 2821 2554 2877 quonon
2586 2805 2652 2882 (si
2685 2808 2768 2862 isti
2799 2823 2920 2862 vera
2951 2807 3152 2878 dicunt)
3178 2809 3398 2862 solliciti
3447 2824 3560 2864 esse
3599 2807 3841 2870 debeamus,

2326 2913 2395 2954 ne
2423 2899 2475 2954 in
2506 2899 2623 2953 sinu
2651 2900 2878 2953 Abralne
2909 2916 3166 2969 peccans,
3198 2901 3252 2955 in
3283 2902 3524 2956 flammas
3561 2901 3686 2954 illius
3714 2900 3844 2954 divitis

2327 2989 2606 3058 deiiciatur
2630 2988 2776 3061 (Luc.
2812 3006 2932 3058 xvi,
2958 2991 3048 3055 2‘2,
3080 2990 3217 3062 25)?
3245 3007 3349 3046 cur
3373 2993 3511 3046 enim
3553 3007 3646 3046 non
3683 3000 3726 3046 et
3760 2996 3844 3058 post

2327 3079 2429 3135 hoc
2454 3096 2649 3150 corpus
2667 3096 2887 3150 peccare
2909 3083 3092 3150 possit,
3106 3083 3150 3137 si
3170 3092 3222 3137 et
3244 3093 3376 3138 ante
3397 3083 3593 3153 potuit?
3611 3082 3842 3145 Postremo,

2328 3171 2486 3242 Iunge
2514 3172 2656 3226 aliud
2677 3184 2754 3226 cst
2787 3173 2840 3228 in
2867 3173 3032 3227 Adam
3067 3189 3338 3243 peccasse,
3371 3175 3507 3229 unde
3531 3175 3644 3229 dicit
3667 3177 3843 3242 Aposto-

2328 3261 2434 3328 lus,
2460 3265 2514 3316 in
2537 3279 2634 3334 quo
2659 3279 2830 3318 omnes
2858 3275 3210 3332 peccaverunt;
3239 3275 3300 3320 et
3315 3267 3452 3321 aliud
3479 3275 3554 3321 cst
3577 3272 3702 3322 extra
3719 3263 3843 3318 Adam

2333 3352 2517 3409 nescio
2548 3353 2635 3407 tibi
2669 3369 2939 3423 peccasse,
2971 3364 3025 3410 et
3055 3356 3171 3409 idco
3198 3356 3248 3410 in
3309 3358 3497 3423 Adam,
3527 3358 3572 3412 id
3599 3367 3669 3411 est
3695 3357 3735 3410 in
3756 3370 3846 3416 car-

2328 3462 2448 3501 nem
2473 3462 2590 3516 qna:
2610 3462 2674 3500 ex
2691 3447 2854 3501 Adam
2873 3458 3158 3517 propagata
3185 3460 3261 3504 est
3297 3461 3542 3522 tanquam
3569 3452 3615 3504 in
3639 3462 3842 3504 carcerem

2329 3538 2487 3593 trudi.
2522 3539 2668 3593 Illam
2701 3555 2827 3593 vero
2858 3540 3181 3610 opinionem.
3213 3544 3444 3612 quodex
3463 3558 3559 3597 una
3585 3543 3842 3596 ﬁantomnes

2327 3628 2541 3694 animm,
2583 3643 2681 3684 nec
2705 3629 2972 3685 discutere
3013 3632 3162 3695 volo,
3198 3633 3305 3687 nisi
3359 3649 3571 3690 necesse
3603 3633 3688 3696 sit;
3725 3642 3841 3699 atque

2329 3718 2526 3772 utinam
2559 3718 2678 3784 ista,
2709 3718 2776 3774 de
2799 3735 2901 3790 qna
2934 3736 3073 3774 nunc
3094 3723 3327 3789 agimus,
3356 3726 3399 3778 si
3432 3741 3548 3778 vera
3569 3731 3658 3787 est,
3683 3724 3744 3777 sic
3766 3723 3836 3773 abs

2329 3819 2383 3866 te
2401 3809 2733 3876 defendatur,
2768 3822 2822 3866 ut
2851 3812 2952 3868 hoc
2976 3828 3198 3868 necesse
3221 3814 3332 3882 iam
3369 3831 3474 3870 non
3499 3816 3581 3870 sit.

2398 3899 2488 3956 ‘28.
2531 3901 2783 3970 Quamvis
2813 3911 2991 3956 autem
3043 3902 3381 3969 desiderem,
3427 3921 3630 3976 rogem,
3662 3905 3770 3956 votis
3784 3916 3842 3953 ar-

2327 3992 2577 4048 dentibus
2595 4003 2841 4066 exoptem
2863 4005 2916 4050 et
2934 4003 3237 4065 exspectem
3254 4005 3317 4050 ut
3338 4010 3432 4066 per
3447 4009 3497 4052 te
3513 3995 3626 4050 milii
3647 3992 3840 4049 Dominus

2329 4083 2488 4154 hujus
2516 4085 2590 4140 rei
2621 4084 2826 4141 auferat
2851 4085 3232 4156 ignorantiam:
3262 4096 3444 4141 tamen
3491 4088 3551 4151 si,
3581 4085 3699 4154 qiiod
3724 4081 3840 4142 absit.

2331 4176 2550 4232 minime
2577 4189 2845 4242 meruero,
2871 4173 3180 4245 patientiam
3232 4176 3368 4231 mihi
3415 4188 3580 4247 petam
3609 4191 3635 4230 a
3671 4170 3841 4229 Domino

2331 4267 2438 4322 Deo
2469 4275 2685 4333 nostro;
2718 4266 2770 4322 in
2794 4282 2953 4338 quem
2980 4266 3059 4323 sic
3083 4267 3378 4333 credimus,
3409 4279 3467 4322 nt
3485 4270 3528 4324 si
3557 4269 3705 4337 aliqua
3731 4261 3842 4317 nobis

2329 4373 2432 4410 non
2458 4357 2662 4426 aperiat
2687 4355 2845 4412 etiam
2886 4353 3248 4426 pulsantibus,
3291 4359 3442 4413 nullo
3469 4358 3615 4412 modo
3647 4355 3843 4408 adversus

2328 4463 2447 4503 eum
2479 4459 2810 4504 murmurare
2833 4444 3142 4502 debeamus.
3173 4447 3390 4502 Memini
3408 4448 3588 4518 prins‘
3607 4446 3716 4523 ipsis
3737 4443 3840 4509 Apo-

2329 4541 2482 4595 stolis
2505 4539 2729 4605 dictum,
2757 4536 2927 4592 Multa
2956 4538 3113 4594 habeo
3157 4538 3294 4594 vobis
3333 4541 3528 4605 dicere;
3554 4538 3636 4596 sed
3672 4551 3753 4589 non
3774 4547 3839 4601 μου

2329 4632 2463 4687 testis
2489 4630 2580 4684 illa
2599 4639 2804 4701 portare
2821 4628 2973 4684 modo
2997 4629 3174 4700 (Joan.
3196 4647 3308 4698 xvr,
3327 4631 3438 4706 12).
3455 4630 3510 4687 In
3532 4619 3836 4698 liis-mimum

2329 4722 2394 4777 ad
2435 4737 2520 4777 me
2546 4721 2753 4786 attinet,
2781 4721 2942 4776 etiam
2991 4721 3094 4777 hoc
3131 4722 3385 4792 depulerit
3411 4742 3425 4777 :
3453 4736 3620 4792 neque
3656 4717 3728 4787 qui
3766 4715 3839 4767 hoc

2329 4816 2490 4871 sciam
2521 4830 2610 4869 me
2631 4813 2875 4886 indigner
2898 4813 3191 4884 indignum,
3223 4831 3290 4870 ne
3319 4815 3424 4870 hoc
3450 4814 3562 4883 ipso
3587 4812 3723 4866 etiam
3739 4821 3836 4862 mn-

2331 4908 2512 4964 vincar
2536 4905 2816 4978 indignior.
2831 4904 2994 4960 Multa-
3016 4904 3160 4960 enim
3183 4905 3288 4960 alia
3312 4905 3554 4960 similiter
3569 4901 3838 4979 nescium

2329 5011 2748 5052 commemorare
2772 4994 2856 5051 vel
2881 5010 3198 5051 enmnerare
3221 5010 3325 5049 non
3350 5009 3594 5064 possum:
3620 5001 3666 5044 et
3682 4987 3836 5043 horto-

2331 5087 2616 5144 lerabiliter
2634 5087 2950 5158 ignorarem,
2971 5085 3070 5141 nisi
3088 5096 3386 5142 metuerem
3409 5100 3474 5139 ne
3492 5079 3834 5153 aliquam-tm

2329 5178 2635 5248 opinionum
2666 5187 2850 5234 contra
2881 5175 3006 5232 illud
3031 5175 3170 5246 quod
3203 5175 3498 5235 ﬁrmissima
3525 5173 3773 5228 retinentius
3789 5161 3835 5214 θ’

2330 5268 2418 5333 de,
2436 5268 2660 5326 incautis
2693 5268 2972 5336 obreperet
3003 5266 3284 5322 mentibus.
3309 5265 3414 5321 Sed
3438 5255 3835 5333 antequam“!iam

2330 5375 2570 5430 qumnam
2591 5374 2772 5414 earum
2797 5358 2970 5427 potius
2987 5356 3225 5425 eligenda
3244 5356 3330 5421 sit,
3345 5355 3447 5412 hoc
3470 5370 3552 5411 me
3569 5367 3663 5408 non
3678 5356 3835 5404 temeto

2331 5451 2528 5506 sentire
2553 5448 2820 5519 proﬁteor,
2840 5462 2960 5504 eam
2980 5463 3099 5516 qua:
3123 5463 3244 5502 vera
3271 5453 3354 5502 est
3379 5460 3482 5501 non
3510 5435 3744 5500 adversari
3764 5447 3832 5488 ro-

2331 5542 2649 5600 bustissimae
2675 5558 2738 5598 ac
2762 5540 3139 5601 laudatissima
3164 5540 3302 5606 ﬁdei,
3323 5556 3425 5610 qua
3444 5536 3625 5599 Christi
3649 5525 3831 5591 Ecclesia

2393 5701 2414 5794 ε
2442 5707 2548 5810 is
3549 5684 3601 5739 “
3617 5681 3743 5760 ω
3755 5669 3874 5892 είέ
