4004 6428
142 456 225 519 733.

140 674 185 709 με
206 651 365 721 credit,
394 650 490 703 nisi
516 665 614 723 per
644 650 861 729 gratiam
894 647 1122 701 nominis
1148 634 1344 700 Cliristi
1363 688 1377 711 ,
1409 664 1566 717 quant
1610 648 1663 702 in

139 747 217 801 suis
244 740 577 799 Sacramentis
605 738 1010 819 commendavit,
1040 752 1195 815 posse
1223 737 1459 801 liberari.

464 967 553 1025 DE
593 965 976 1023 SENTENTIA
1016 964 1251 1021 JACOBI

771 1097 927 1137 LIBER
945 1122 960 1145 ,

478 1208 1068 1369 EPISTOLASEEXYII
1096 1289 1115 1310 ·
1140 1285 1240 1360 (α).

138 1399 379 1472 Augustinus
405 1395 720 1475 Hieronymo
743 1438 757 1458 ,
797 1397 859 1453 de
890 1398 999 1453 loco
1025 1398 1118 1468 quil
1148 1408 1225 1461 est
1254 1398 1435 1463 Jacobi
1460 1417 1535 1470 tl,
1561 1403 1647 1468 10,

188 1490 289 1555 tQui
306 1488 559 1555 olfenderit
584 1489 636 1540 in
658 1504 778 1554 uno,
793 1488 960 1558 {nctus
976 1500 1045 1551 est
1058 1490 1283 1544 omnium
1310 1509 1426 1549 reus
1450 1509 1498 1546 :i
1525 1496 1658 1559 mul-

181 1594 220 1643 ta
242 1582 497 1635 admiscens
528 1582 593 1635 de
624 1582 811 1639 Stoicis
837 1626 850 1645 .
870 1586 959 1653 qui
976 1585 1218 1647 docebant
1249 1588 1418 1640 omnia
1452 1599 1659 1658 peccata

180 1690 261 1727 esse
277 1672 445 1741 pario;
471 1681 517 1724 et
544 1673 772 1743 quisquis
798 1673 999 1739 haberet
1019 1691 1175 1745 unam
1194 1679 1446 1743 virtutem,
1474 1678 1657 1737 habere

179 1780 339 1828 omnes;
361 1764 440 1833 qui
464 1774 657 1816 careret
680 1781 802 1829 una,
836 1764 1032 1821 nullam
1062 1766 1261 1831 habere.

176 1873 358 1931 CAPUT
384 1873 671 1931 PRIMUM.
700 1904 773 1917 -—
799 1877 850 1931 i.
880 1875 1033 1941 Quod
1061 1877 1126 1931 ad
1167 1887 1218 1933 te
1245 1877 1454 1948 scripsi,
1485 1878 1656 1936 bono-.-

132 1972 377 2029 nndentihi
407 1973 457 2026 itt
494 1970 714 2027 Christo
743 1971 906 2027 frater
929 1972 1248 2045 Hieronyme
1273 2016 1285 2036 ,
1315 1991 1564 2044 quzerens
1585 1977 1653 2037 de

129 2065 253 2118 anima
279 2065 488 2118 humana
512 2106 528 2127 ,
566 2064 612 2118 si
643 2064 985 2119 nascentibus
1008 2064 1231 2134 singulis
1256 2082 1405 2120 novm
1429 2068 1652 2137 singulae

131 2171 229 2210 nunc
264 2170 411 2225 usque
438 2155 571 2209 ﬁunt
596 2197 610 2220 ,
646 2156 735 2209 ubi
778 2156 978 2225 peccati
1020 2157 1286 2211 vinculum
1313 2158 1647 2219 contrahant.

134 2246 232 2315 quod
249 2263 330 2317 per
360 2246 763 2301 Saeramentutn
788 2248 974 2315 gratim
993 2246 1189 2302 Christi
1216 2249 1377 2303 etiam
1409 2250 1459 2303 in
1493 2250 1652 2304 infan-

130 2338 227 2391 tibus
262 2347 481 2393 recenter
508 2339 651 2393 natis
688 2338 1001 2393 solvendum
1033 2354 1153 2394 esse
1188 2354 1297 2394 non
1321 2341 1646 2406 dubitamus,

126 2446 208 2485 cum
227 2432 267 2483 in
300 2447 392 2484 non
424 2447 646 2499 parvum
695 2432 945 2485 volumen
980 2432 1323 2501 procederet,
1362 2434 1503 2488 nolui
1545 2435 1648 2489 ulla

127 2521 195 2575 alia
212 2537 402 2577 onerare
426 2523 725 2592 quaestione
758 2539 771 2575 :
804 2522 897 2577 sed
918 2522 1061 2591 quod
1089 2500 1234 2592 urget
1258 2525 1453 2586 acrius,
1485 2527 1651 2580 multo

127 2613 255 2665 minus
275 2624 345 2667 est
375 2614 773 2683 negligendum.
808 2614 1038 2669 Proinde
1057 2631 1261 2685 quaeso,
1287 2627 1341 2670 et
1362 2633 1457 2687 per
1483 2618 1647 2672 Deum

128 2701 294 2757 obsecro
319 2712 371 2756 ut
396 2719 635 2771 exponas
673 2703 835 2767 mihi,
876 2705 1015 2772 quod
1047 2706 1230 2758 multis
1252 2706 1496 2760 existimo
1527 2724 1649 2777 pro-

40 2866 41 2869 p
125 2791 318 2855 futurum,
338 2802 420 2847 aut
450 2794 492 2848 si
512 2794 626 2862 jam
657 2794 736 2847 vel
758 2793 853 2847 abs
877 2804 927 2849 te
958 2793 1042 2848 vel
1072 2794 1139 2847 ab
1164 2794 1271 2847 alio
1290 2795 1466 2864 aliquo
1486 2812 1650 2868 expo-

126 2883 238 2937 situm
264 2884 432 2953 habes,
458 2886 661 2955 dirigas
684 2886 860 2951 nobis,
890 2887 1159 2955 quomodo
1186 2889 1548 2957 accipiendum
1580 2893 1651 2945 sit

40 2960 45 2965 ’
124 2974 228 3041 quod
251 2975 294 3028 in
315 2976 536 3045 Epismla
554 2976 742 3031 Jacobi
762 2976 984 3045 apostoli
1011 2978 1264 3046 scriptum
1287 2988 1388 3043 est,
1416 2978 1649 3044 Quicum-

122 3080 187 3137 que
206 3066 314 3120 enim
338 3077 485 3120 totum
509 3069 678 3138 legem
693 3070 981 3133 seruaverit,
1003 3067 1226 3133 o/Iendnt
1252 3079 1418 3121 autem
1438 3070 1492 3122 in
1522 3087 1643 3135 uno,

38 3146 43 3223 g
124 3158 238 3224 {utut
264 3167 327 3211 at
361 3159 588 3211 omnium
627 3174 762 3211 rcus.
813 3159 939 3223 Quze
981 3173 1070 3213 res
1110 3159 1228 3212 talis
1264 3174 1329 3213 ac
1368 3168 1510 3213 tanta
1541 3170 1643 3226 est,

126 3254 164 3300 ut
186 3248 298 3316 quod
335 3248 449 3304 hinc
481 3250 577 3306 tibi
610 3264 715 3305 non
739 3250 848 3317 jam
878 3248 1005 3304 olim
1041 3250 1263 3317 scripsi,
1306 3252 1529 3306 multum
1560 3268 1654 3315 me

38 3354 45 3405 ᾖ
124 3340 330 3404 penitcat.

167 3428 206 3482 2.
233 3431 295 3485 De
318 3433 510 3503 agenda
542 3447 784 3503 namque
824 3433 1072 3501 praesenti
1100 3432 1207 3486 vita
1226 3475 1241 3494 ,
1284 3433 1552 3502 quomodo
1576 3434 1646 3489 ad

122 3520 233 3575 vitam
254 3525 534 3592 perveniam
555 3539 616 3578 us
651 3533 904 3579 mternam
926 3566 941 3588 ,
989 3539 1093 3578 non
1124 3524 1191 3577 de
1220 3528 1487 3592 pneterita
1519 3542 1643 3595 per-

122 3618 339 3672 tcrutanda
361 3659 377 3685 ,
404 3635 573 3689 quam
607 3618 816 3686 penitus
844 3617 1098 3672 demersit
1125 3618 1324 3672 oblivio
1347 3660 1362 3683 ,
1394 3619 1530 3672 sicut
1557 3628 1642 3673 est

122 3705 210 3762 illud
233 3712 352 3781 quod
378 3712 444 3767 de
468 3730 539 3765 an
556 3712 655 3765 itna
676 3710 1021 3780 qumrendnnt
1049 3711 1249 3778 putavi,
1280 3710 1391 3764 lucc
1420 3714 1644 3767 vertitur

120 3804 303 3865 ψιίεειὶο.
332 3803 621 3873 Eleganter
648 3813 822 3857 autem
852 3802 1050 3856 dietum
1077 3818 1197 3856 esse
1228 3814 1471 3858 narratur
1498 3804 1643 3871 quod

121 3888 201 3947 huic
228 3896 294 3950 rei
319 3899 440 3951 satis
470 3908 601 3968 apte
630 3895 899 3950 convenit.
944 3895 1077 3949 Cum
1116 3895 1329 3964 quidam
1371 3896 1563 3951 ruisset
1586 3898 1640 3951 in

26 3978 35 4045 Ῑη
126 3995 306 4051 puteum,
336 3991 420 4044 ubi
448 4007 586 4060 aqua
614 3999 755 4043 tanta
784 3998 917 4051 erat,
951 3998 1007 4041 ιιι
1028 4004 1151 4043 eum
1176 3989 1344 4056 magis
1363 3990 1643 4057 exciperet

26 4058 33 4109 ⁴Ϊ
123 4090 165 4129 ne
180 4090 466 4146 moreretur,
493 4097 656 4151 quant
680 4080 967 4133 sullitearct
994 4095 1059 4132 ne
1089 4079 1425 4147 loqueretur;
1454 4094 1638 4133 acces-

26 4152 31 4189 ⁸η
121 4166 165 4218 sit
187 4168 324 4235 alius,
370 4184 421 4228 et
457 4189 520 4226 eo
566 4173 684 4225 vi~o
718 4171 989 4225 admirans
1028 4172 1104 4223 ait
1135 4171 1149 4201 ¹
1182 4185 1197 4223 z
1228 4170 1504 4235 Quomodo
1535 4170 1642 4227 huc

120 4259 329 4317 cecidisti?
368 4264 547 4319 Atille
582 4282 594 4316 :
625 4264 888 4327 Obsecro,
926 4263 1127 4332 inquit,
1156 4261 1329 4332 cogita
1367 4262 1639 4331 quomodo

120 4344 207 4405 hinc
227 4369 298 4408 me
321 4355 508 4412 liberes
531 4372 547 4420 ;
574 4370 679 4409 non
709 4354 977 4425 quomodo
1007 4356 1105 4407 huc
1131 4352 1418 4408 ceciderim
1440 4395 1456 4419 ,
1487 4370 1638 4422 quae-

117 4453 193 4496 tas.
227 4443 285 4498 Ita
311 4450 554 4517 quoniant
587 4447 835 4511 fatemur,
864 4458 917 4500 et
946 4447 1047 4500 [ide
1082 4448 1341 4501 catholica
1372 4455 1635 4512 tenemus,

118 4528 162 4583 de
180 4546 296 4591 reatu
329 4540 522 4605 peccati
553 4550 800 4608 tanquam
832 4539 899 4593 de
924 4541 1119 4609 ‘pntt-o,
1147 4540 1304 4593 etiam
1331 4537 1531 4607 parvuli
1558 4538 1640 4592 in-

118 4618 234 4678 fantis
250 4629 457 4684 animant
493 4630 693 4686 Christi
728 4631 894 4699 gratia
922 4630 1283 4695 liberandam;
1322 4630 1451 4684 satis
1479 4638 1563 4683 est
1587 4629 1635 4685 ei

116 4716 217 4781 quod
249 4722 440 4775 modum
482 4723 754 4793 quomodo
798 4722 943 4776 salva
988 4720 1078 4775 liat
1118 4722 1396 4787 novimus,
1428 4722 1638 4778 ctian'tsi

119 4817 331 4876 nunquam
364 4813 634 4882 quomodo
665 4813 715 4866 in
745 4811 940 4867 malum
974 4812 1098 4866 illud
1128 4808 1405 4867 devenerit
1426 4854 1440 4874 ,
1472 4828 1636 4867 nove-

119 4891 261 4953 rimus.
302 4901 401 4957 Sed
431 4904 555 4960 ideo
578 4904 753 4975 putavi
775 4919 897 4959 esse
920 4903 1286 4973 quaerendum,
1316 4918 1384 4956 ne
1411 4901 1549 4958 torto
1569 4919 1635 4959 ex

117 4983 190 5039 illis
221 4992 530 5061 opinionibus
556 4995 937 5051 incarnationis
960 4995 1153 5049 animae
1180 4994 1410 5064 aliquam
1454 5003 1636 5049 teneas

115 5086 204 5156 mus
240 5076 516 5154 incautius,
580 5101 701 5156 quae
754 5084 1084 5141 liberandam
1133 5099 1353 5156 prorsus
1399 5085 1634 5140 animam

107 5147 270 5232 ’βίη-τυιί
298 5177 616 5233 contradicat
640 5221 654 5243 ,
707 5192 906 5248 negans
933 5192 1051 5233 eam
1089 5191 1209 5232 esse
1246 5177 1298 5230 in
1338 5175 1442 5231 isto
1471 5178 1631 5232 malo.

116 5256 198 5314 Hoc
228 5262 365 5334 igitur
388 5271 686 5325 tinnissime
710 5281 918 5325 retento
936 5312 949 5334 ,
974 5269 1115 5340 quod
1135 5269 1310 5323 anima
1338 5270 1539 5339 parvuli
1568 5269 1636 5325 de

116 5360 226 5406 reatu
255 5362 440 5426 peccati
468 5362 739 5417 liberanda
770 5371 871 5429 est,
904 5378 1003 5417 nec
1026 5363 1132 5417 alio
1157 5361 1317 5416 modo
1342 5361 1633 5428 liberanda,

116 5439 189 5495 nisi
200 5450 343 5514 gratia
360 5452 451 5508 Dei
468 5469 561 5524 per
577 5455 757 5511 Je$um
771 5454 1043 5527 Christum
1061 5454 1340 5509 Dominum
1362 5462 1601 5509 nostrum
1618 5471 1631 5508 :

159 5616 752 5690 'lﬁdwmndserm
789 5628 876 5683 ait.

161 5700 174 5718 ’
202 5708 432 5760 Mandata
464 5721 539 5765 est
575 5714 763 5765 collatis
803 5713 873 5764 bl.
906 5727 952 5765 ο.
978 5713 1040 5765 εει.
1063 5726 1157 5765 mr.
1180 5719 1242 5765 tt.
1268 5725 1347 5764 vc.
1370 5710 1561 5775 duobus
1582 5727 1631 5763 e.

115 5760 262 5817 dntibus
280 5772 348 5817 Si).
370 5782 472 5817 0cm
494 5790 537 5817 ν-
563 5784 614 5817 ot
639 5788 737 5817 am-
767 5776 871 5817 Rud-
898 5783 972 5817 Fr-
998 5784 1105 5817 Inv-

159 5772 262 5817 mus
280 5772 348 5819 sb.
370 5782 472 5822 octo
494 5790 537 5825 γ.
563 5784 615 5827 et
637 5788 737 5826 am.
767 5776 873 5827 Bad.
898 5783 972 5825 Fr.
998 5784 1105 5826 ιον.
1516 5772 1519 5775 ’

159 5824 353 5901 ΨΆΗΒ
370 5832 428 5882 29
450 5850 463 5885 ;
489 5851 593 5901 quae
614 5847 781 5889 autem
824 5838 912 5889 167
941 5846 1065 5900 erat,
1090 5852 1217 5888 nunc
1237 5836 1317 5888 89.
1342 5837 1525 5900 Scripta
1547 5849 1635 5889 eo-

114 5880 437 5961 Μωρέ)ῐᾴ

1239 446 1713 537 animum
1745 447 2027 541 etesse
2055 449 2149 537 1".-

141 536 456 633 necpanulos
485 556 722 617 homines
746 554 1108 635 recentissimi;
1135 564 1288 619 natos
1316 571 1350 629 a
1368 542 1667 629 damnatim

1772 558 1816 613 si
1857 548 2138 648 possumus
2177 563 2335 639 etiam
2383 561 2551 647 ipsius
2592 569 2718 645 mali
2746 585 2961 639 causam
3002 585 3056 630 et
3092 576 3347 656 originem

1771 666 1961 715 nosse,
1995 655 2318 741 vaniloquis,
2343 672 2447 723 nun
2478 650 2925 743 disputatoribus,
2954 667 3047 721 sed
3080 650 3351 759 litigatori-

1768 741 1869 796 bus
1904 744 2137 813 paratius
2170 741 2580 828 instructiusque
2609 752 2934 822 resistimus;
2963 757 3008 811 si
3033 741 3211 814 aulein
3242 779 3345 818 non

1769 848 2093 915 possumus,
2129 852 2233 905 non
2259 840 2378 911 quia
2410 840 2538 915 latet
2578 844 2806 925 utiserize
2830 828 3195 925 principium,
3230 851 3348 907 ideo

1771 924 2065 1001 pigrescere
2092 928 2469 986 miseriCordim
2494 922 2935 1000 dehetol‘iicium,
2962 922 3350 1000 Adversnseos

1765 1008 1942 1071 autem
1989 1020 2080 1090 qui
2125 1021 2226 1075 sibi
2277 1023 2521 1091 videntur
2563 1028 2700 1103 scire
2742 1032 2883 1100 quod
2926 1034 3209 1103 nescitmt,
3251 1037 3352 1091 hor.

1769 1111 1993 1167 tutiores
2022 1130 2235 1181 sumus,
2264 1117 2401 1188 quod
2431 1119 2565 1173 lianc
2597 1120 2945 1197 ignorantiam
2977 1136 3209 1181 nostram
3242 1112 3348 1182 non

1766 1200 2091 1271 ignoramus.
2126 1206 2290 1277 Aliud
2313 1218 2395 1271 est
2424 1209 2564 1265 enim
2593 1212 2732 1291 quod
2766 1215 2971 1270 nescire
3000 1218 3195 1270 malum
3231 1229 3346 1282 est;

1763 1291 1903 1347 aliud
1934 1295 2074 1366 quod
2120 1298 2243 1377 sciri
2286 1301 2366 1367 vel
2413 1316 2516 1354 non
2562 1311 2773 1375 potest,
2818 1306 2897 1360 vel
2941 1322 3041 1360 non
3085 1322 3216 1377 opus
3244 1322 3345 1373 ρει,

1762 1385 1847 1439 vel
1887 1378 1965 1439 ad'
2004 1389 2165 1455 vitam
2210 1406 2367 1459 quam
2408 1394 2696 1464 qua-rimus
2741 1394 3052 1469 indiil‘erens
3087 1384 3167 1455 est
3200 1417 3210 1451 :
3247 1399 3348 1454 hoc

1762 1494 1891 1541 vero.
1923 1481 2063 1553 quod
2091 1481 2157 1537 de
2186 1482 2398 1538 Litteris
2433 1486 2659 1559 apostoli
2692 1470 2879 1542 ’Jacobi
2927 1506 3067 1544 nunc
3104 1493 3335 1560 requiro,

1760 1571 1811 1624 in
1836 1571 1933 1625 hac
1962 1574 2071 1642 ipsa
2111 1590 2211 1647 qua
2246 1576 2468 1643 vivimus
2488 1620 2505 1643 ι
2549 1588 2603 1633 et
2634 1590 2688 1633 ut
2714 1596 2923 1653 semper
2963 1582 3202 1638 vivamus
3234 1585 3339 1638 Deo

1760 1662 1970 1732 placere
2000 1665 2295 1732 studemus,
2320 1671 2529 1739 actione
2553 1680 2812 1725 versatur.

1832 1756 1885 1818 5.
1911 1757 2188 1823 Quomodo
2228 1758 2390 1829 igitur
2434 1760 2830 1832 intelligendum
2862 1772 2982 1827 est,
3013 1764 3238 1820 obsecro
3266 1773 3338 1828 te,

1761 1845 2070 1917 Quicumque
2101 1859 2255 1901 totam
2304 1848 2483 1929 chcm
2513 1854 2776 1908 servaverit
2798 1896 2811 1920 ,
2846 1852 3072 1920 o/fendat
3096 1866 3263 1909 autem
3290 1857 3342 1911 in

1756 1954 1888 2003 uno,
1921 1942 2088 2010 {nctus
2112 1951 2184 1996 est
2211 1943 2433 2009 omnium
2455 1946 2611 1999 reus?
2639 1945 2781 2001 Itane
2798 1948 2884 2015 qui
2913 1949 3104 2001 furtum
3138 1947 3340 2013 fet-erit,

1757 2029 1864 2083 imo
1893 2047 2017 2083 vero
2038 2031 2127 2101 qui
2159 2032 2355 2087 dixerit
2383 2033 2564 2095 diviti.
2594 2035 2727 2090 Sede
2751 2036 2831 2089 hic
2851 2077 2865 2100 ,
2888 2038 3108 2113 pauperi
3139 2052 3336 2103 autem,

1759 2120 1837 2202 Tu
1876 2135 1954 2191 sta
1980 2124 2117 2189 illic,
2160 2133 2213 2178 et
2260 2124 2566 2192 homicidii,
2610 2137 2663 2182 et
2688 2128 2952 2190 adulterii,
2993 2138 3049 2185 et
3082 2130 3339 2202 sacrilegii

1756 2200 1883 2295 reus
1906 2216 2020 2269 est?
2047 2216 2205 2285 Quod
2226 2218 2269 2270 si
2298 2234 2399 2271 non
2431 2228 2533 2285 est,
2559 2219 2827 2290 quomodo
2852 2221 2939 2291 qui
2967 2222 3016 2275 itt
3051 2237 3155 2275 uno
3176 2200 3341 2277 olTen-

1754 2307 1847 2363 (ιλιι
1878 2307 2048 2363 factus
2079 2318 2161 2364 est
2205 2308 2441 2387 omnium
2482 2313 2642 2367 reus?
2685 2330 2751 2366 an
2782 2313 2907 2368 illttd
2938 2314 3078 2385 quod
3114 2315 3247 2370 dixit
3275 2316 3342 2375 de

1754 2398 1916 2454 ditite
1942 2410 1997 2455 et
2021 2417 2249 2473 paupere
2278 2403 2344 2455 ad
2378 2404 2475 2463 ista
2505 2421 2609 2466 non
2640 2405 2889 2477 pertinet,
2913 2422 3135 2475 quorum
3158 2408 3200 2462 si
3222 2408 3342 2479 quis

1755 2491 1807 2546 in
1836 2510 1942 2546 uno
1972 2492 2288 2559 offenderit,
2319 2494 2407 2548 lict
2426 2497 2660 2559 omnium
2691 2497 2844 2553 reus?
2870 2498 2971 2554 Sed
3000 2499 3340 2553 recnlendum

1754 2596 1838 2639 est
1867 2586 2009 2641 ttnde
2030 2587 2238 2641 venerit
2268 2587 2353 2641 illa
2384 2590 2668 2655 sententia,
2692 2600 2745 2644 et
2765 2607 2883 2661 qua:
2906 2591 3045 2646 illam
3068 2593 3339 2662 superiora

1756 2679 2093 2747 pepererint,
2140 2678 2436 2757 quibusque
2475 2694 2712 2732 connexa
2758 2680 3072 2749 dependeat.
3129 2680 3340 2735 Fratres

1754 2768 1878 2826 mei,
1908 2767 2061 2820 nolite
2082 2809 2097 2833 ,
2143 2770 2341 2837 inquit,
2384 2771 2437 2821 in
2469 2787 2799 2840 personarum
2825 2774 3116 2841 acceptione
3154 2774 3339 2827 habere

1753 2859 1907 2928 [idem
1935 2858 2145 2913 Domini
2176 2862 2331 2915 nostri
2360 2861 2483 2916 Jtsu
2510 2861 2696 2915 Christi
2728 2863 2921 2933 glorior.
2954 2863 3154 2918 Etenim
3182 2866 3227 2919 si
3255 2867 3337 2919 in-

1753 2952 1943 3005 troierit
1981 2953 2031 3005 in
2057 2965 2350 3006 conventum
2384 2966 2607 3009 vestrum
2631 2955 2704 3006 vir
2728 2954 2975 3007 annulum
3005 2973 3214 3010 aureum
3244 2957 3338 3010 lm-

1753 3043 1870 3096 bcns
1919 3045 1970 3097 in
2020 3054 2148 3098 veste
2191 3043 2409 3097 candida
2436 3085 2450 3105 ,
2495 3045 2738 3098 introierit
2777 3056 2943 3099 autem
2979 3056 3025 3099 et
3060 3064 3252 3116 pauper
3288 3051 3340 3103 in

1751 3134 1958 3197 sordido
1985 3135 2177 3201 habitu,
2209 3147 2254 3189 ct
2276 3137 2544 3190 intcntlalis
2565 3137 2615 3190 in
2642 3155 2753 3191 cum
2782 3139 2866 3208 qui
2887 3138 3092 3192 indutus
3122 3150 3191 3192 est
3214 3150 3341 3195 veste

1754 3230 2020 3293 prtcclnra,
2051 3238 2096 3280 ct
2119 3230 2296 3281 dirutis
2319 3229 2384 3291 ei,
2416 3227 2494 3281 Tu
2515 3247 2553 3283 εί
2570 3229 2632 3282 de
2655 3229 2736 3282 ltic
2762 3230 2913 3293 bene;
2943 3232 3156 3300 pauperi
3174 3241 3341 3285 autent

1752 3319 1949 3377 dicatis.
1983 3318 2055 3372 Tu
2078 3329 2155 3373 sta
2178 3320 2302 3382 illic,
2327 3331 2435 3385 aut,
2469 3318 2602 3373 Sede
2626 3319 2714 3372 sub
2741 3319 2955 3373 scabello
2981 3320 3167 3391 pedum
3198 3337 3335 3374 meo-

1750 3426 1864 3463 rum
1894 3424 1912 3463 :
1937 3426 2102 3463 nonne
2134 3411 2376 3483 iudicatis
2408 3409 2546 3478 apud
2583 3410 2905 3480 nosmetipsos
2926 3452 2940 3474 ,
2985 3418 3032 3463 ct
3068 3410 3191 3479 [acti
3219 3411 3339 3463 estis

1743 3500 1944 3571 jutliccs
1984 3501 2342 3571 cogitationum
2392 3500 2716 3568 iniquorum?
2762 3499 2942 3554 Audite
2968 3542 2983 3565 ,
3026 3505 3205 3571 fratres
3243 3502 3341 3554 mei

1749 3589 2087 3651 dilectissimi;
2120 3607 2282 3644 nonne
2314 3589 2448 3642 Deus
2477 3591 2620 3661 elegit
2647 3608 2891 3661 pauperes
2920 3591 2971 3644 in
3001 3595 3095 3644 ltoc
3124 3592 3333 3653 mundo,

1749 3680 1927 3733 divites
1971 3681 2021 3732 in
2052 3681 2152 3751 [ide
2171 3721 2183 3743 ,
2226 3691 2269 3732 ct
2297 3680 2521 3741 Ιιιιςιέάεδ
2551 3662 2687 3751 regni
2719 3684 2852 3750 quod
2882 3682 3163 3751 repromisit
3206 3681 3339 3737 Deus

1748 3772 2068 3842 diligentibus
2087 3772 2183 3825 se?
2217 3770 2315 3825 Vos
2342 3782 2503 3826 autem
2528 3774 2872 3827 cxitonorastis
2893 3792 3162 3844 pauperem
3182 3791 3200 3828 :
3219 3792 3339 3845 pro-

1749 3870 1866 3932 pter
1894 3863 2041 3917 illutn
2074 3863 2277 3917 scilicet
2304 3863 2386 3917 cui
2418 3864 2614 3918 dictum
2647 3876 2758 3929 est,
2790 3867 2881 3920 Sto
2910 3866 3050 3929 illic;
3093 3882 3212 3920 cum
3247 3868 3338 3920 lia—

1747 3954 1891 4010 benti
1921 3957 2175 4011 annulum
2200 3973 2417 4011 aureum
2445 3958 2639 4013 dictum
2662 3971 2825 4026 esset,
2852 3960 2926 4015 Tu
2951 3963 3065 4015 sede
3090 3963 3170 4015 hic
3196 3966 3328 4019 bene.

1748 4050 1826 4103 Ac
1855 4047 2050 4101 deinde
2076 4050 2340 4117 sequitur.
2369 4050 2611 4105 eamdem
2641 4052 2805 4120 ipsam
2831 4054 3147 4111 sententiam
3181 4055 3334 4108 latius

1747 4154 1970 4193 versans
2007 4146 2061 4193 et
2094 4140 2367 4207 explicans
2399 4158 2413 4193 :
2451 4138 2635 4193 Nonne
2654 4182 2667 4202 ,
2697 4141 2898 4210 inquit,
2927 4143 3102 4195 divites
3128 4162 3217 4213 per
3245 4164 3339 4215 po-.

1746 4229 1951 4295 tentiam
1990 4230 2278 4299 apprimunt
2310 4245 2394 4283 vos
2418 4271 2433 4294 ,
2474 4240 2520 4284 et
2559 4231 2765 4284 trahunt
2801 4234 2868 4284 ad
2901 4232 3138 4303 judicia?
3170 4252 3335 4289 nonne

1744 4320 1842 4391 ipsi
1883 4320 2228 4390 bluspltemant
2274 4323 2458 4376 bonum
2507 4340 2721 4390 nomen,
2765 4327 2901 4396 quod
2948 4326 3229 4380 invocatum
3264 4341 3334 4382 cst

1744 4396 1895 4481 super
1932 4414 2060 4467 vos?
2090 4414 2151 4467 Si
2184 4414 2385 4481 quidem
2431 4415 2586 4485 legent
2619 4418 2860 4485 per/icitis
2886 4419 3122 4489 regalem,
3156 4437 3330 4475 secun-

1744 4504 1864 4558 dum
1889 4504 2228 4574 Scripturam,
2262 4504 2453 4576 Diliges
2478 4509 2763 4573 proximum
2784 4519 2923 4562 tuum
2944 4511 3071 4564 sicut
3096 4512 3327 4583 teipsum,

1743 4594 1863 4649 bene
1892 4596 2059 4667 facitis
2086 4612 2104 4650 :
2128 4597 2173 4651 si
2201 4608 2364 4651 autent
2390 4615 2631 4667 personas
2658 4601 2905 4671 accipitis,
2940 4614 3192 4669 peccatum
3221 4621 3334 4673 ope-

1742 4689 1960 4754 ramini,
2009 4688 2265 4767 redarguli
2308 4707 2339 4743 a
2384 4691 2490 4761 lege
2536 4693 2679 4761 quasi
2726 4704 3133 4767 transgressores.
3194 4695 3327 4751 Vide

1741 4762 2189 4852 quemadmodum
2216 4792 2639 4854 transgressores
2672 4785 2800 4854 legis
2834 4762 3095 4867 appellat,
3130 4787 3218 4856 qui
3248 4787 3330 4859 di-

1741 4882 1869 4927 cunt
1896 4872 2042 4926 diviti
2066 4911 2082 4935 ,
2111 4871 2246 4943 Sede
2265 4872 2348 4939 hic
2368 4914 2383 4934 ,
2413 4884 2467 4927 et
2499 4877 2753 4945 pauperi,
2780 4876 2875 4932 Sta
2902 4877 3023 4929 illic.
3069 4875 3229 4942 Vide,
3262 4894 3332 4933 ne

1742 4970 1990 5045 putarent
2033 4961 2433 5033 contemptibile
2462 4979 2583 5019 esse
2623 4950 2892 5049 peccatum
2926 4966 2974 5018 in
3010 4966 3105 5019 hac
3134 4981 3239 5021 una
3274 4987 3333 5024 re.

1740 5053 1909 5125 legem
1934 5052 2251 5124 transgredi,
2284 5064 2497 5110 secutus
2526 5056 2786 5126 adjunxit,
2819 5056 3134 5133 Quicumque
3160 5067 3332 5115 autem

1741 5154 1895 5199 totam
1918 5145 2078 5216 legem
2111 5146 2413 5213 servaverit,
2468 5144 2693 5213 offendat
2721 5156 2885 5200 autem
2912 5147 2963 5201 in
2991 5164 3121 5215 uno,
3160 5153 3333 5221 [actua-

1739 5249 1813 5294 est
1857 5239 2082 5292 omnium
2117 5254 2251 5292 reus.
2302 5238 2404 5303 Qui
2446 5240 2578 5293 enim
2614 5238 2772 5302 dixit,
2820 5237 2940 5305 Non
2981 5243 3330 5319 nuechaberis,

1740 5334 1866 5388 dixit
1894 5342 1939 5387 et
1958 5372 1974 5398 ,
2014 5330 2133 5386 Non
2160 5332 2376 5397 occides.
2429 5331 2578 5399 Quod
2610 5332 2652 5386 si
2679 5348 2778 5385 non
2812 5334 3036 5401 occides,
3066 5335 3330 5389 moecham

1738 5436 1905 5479 autem
1929 5466 1945 5489 ,
1987 5428 2149 5495 factus
2174 5439 2225 5477 es
2268 5432 2605 5494 transgressor
2645 5422 2771 5495 legis
2800 5440 2818 5478 :
2852 5438 3066 5497 propter
3093 5426 3143 5481 id
3188 5427 3329 5496 qunti

1740 5514 1986 5581 dixerat,
2018 5514 2277 5583 redarguti
2304 5530 2333 5566 ιι
2363 5514 2470 5584 lege
2492 5555 2507 5579 ,
2539 5515 2687 5586 quasi
2733 5524 3145 5587 transgressores.
3200 5515 3330 5593 QUw

1738 5623 1858 5671 cum
1875 5610 1961 5667 «ita
1998 5608 2136 5672 sint,
2167 5622 2502 5676 consequens
2538 5608 2747 5663 videtur
2776 5608 2898 5678 (nisi
2923 5608 3026 5662 alio
3052 5608 3213 5662 modo
3246 5607 3329 5675 in-

1739 5704 2083 5775 telligendum
2108 5700 2443 5774 ostendatur)
2468 5711 2522 5755 nt
2551 5702 2638 5773 qui
2661 5702 2852 5771 dixerit
2872 5702 3039 5785 diviti,
3065 5693 3201 5757 Sede
3219 5702 3323 5771 hic,

1739 5807 1791 5865 et
1822 5798 2038 5869 pauperi
2064 5836 2079 5862 ,
2114 5795 2210 5863 Sta
2251 5794 2357 5861 illic
2378 5835 2393 5860 ,
2434 5792 2559 5865 huic
2586 5810 2689 5863 non
2732 5794 2987 5863 honorem
3014 5838 3028 5861 ,
3062 5812 3219 5866 quem
3247 5794 3326 5854 illi

1740 5882 2022 5957 deferens,
2050 5898 2103 5943 et
2133 5887 2435 5950 idololatra,
2489 5894 2541 5955 et
2575 5886 2950 5967 blasphemus,
2992 5897 3045 5944 et
3086 5887 3322 5956 adulter,
3412 5886 3415 5887 ⁷
