4004 6390
666 450 773 509 756

666 578 724 626 et
757 563 1057 628 homicida,
1092 568 1148 618 et
1183 575 1285 627 ne,
1332 557 1473 629 quod
1498 556 1711 628 longum
1740 565 1851 624 est,
1882 568 2071 613 cuncta
2097 573 2251 614 com-

668 672 960 715 memorem
984 696 1002 722 ,
1044 668 1165 709 reus
1207 649 1444 706 omnium
1487 648 1771 704 criminum
1796 648 2117 719 judicandus
2144 650 2250 705 sit:

668 750 943 806 offendens
969 745 1164 816 quippe
1188 744 1240 797 in
1269 758 1403 805 uno,
1433 742 1597 811 [actus
1620 750 1696 796 est
1722 742 1945 796 omnium
1973 758 2108 796 reus.

736 835 959 895 CAPl‘T
998 834 1060 890 ll.
1098 863 1168 874 -
1193 833 1248 888 4.
1276 832 1345 887 At
1376 832 1519 887 enim
1550 831 1639 902 qui
1670 847 1828 886 unam
1863 832 2113 888 virtutem
2162 832 2255 886 ha-

668 936 789 995 bet,
836 945 1021 986 omnes
1050 925 1239 991 habet;
1288 934 1342 980 et
1381 924 1469 995 qui
1510 940 1666 978 unam
1700 940 1803 978 non
1834 924 2023 987 habet,
2052 924 2252 980 nullam

671 1022 862 1081 habet?
902 1020 1011 1076 Iloc
1035 1018 1078 1073 si
1112 1032 1292 1072 verum
1322 1024 1435 1077 est,
1471 1014 1819 1069 continuatur
1844 1015 1940 1069 ista
1969 1016 2251 1069 sententia.

667 1117 768 1174 Sed
794 1131 894 1187 ego
921 1129 1039 1169 eam
1079 1111 1272 1181 exponi
1312 1110 1469 1171 volo,
1512 1125 1616 1163 non
1641 1109 1976 1171 conlirmari;
2018 1125 2135 1178 qtte
2165 1124 2257 1179 per

668 1208 899 1278 scipsam
929 1203 1069 1274 apud
1100 1218 1198 1257 nos
1219 1201 1474 1257 omnibus
1500 1199 1938 1270 philosophorum
1975 1200 2257 1253 auctorita-

666 1300 807 1356 tibus
852 1297 1056 1353 lirmior
1101 1305 1203 1350 est.
1253 1294 1317 1349 Et
1355 1293 1482 1347 illud
1522 1292 1737 1363 quidem
1777 1293 1845 1347 de
1890 1293 2171 1347 virtutibus
2203 1301 2258 1348 et

669 1391 813 1447 vitiis
838 1432 853 1457 ,
900 1389 944 1445 si
987 1386 1249 1443 veraciter
1288 1384 1521 1449 dicitur,
1570 1399 1673 1438 non
1712 1394 1794 1438 est
1836 1398 2172 1453 consequens
2201 1393 2257 1438 ut

664 1492 886 1556 propter
929 1480 1031 1534 hoc
1063 1478 1240 1532 omnia
1274 1488 1488 1545 peccata
1518 1477 1625 1529 sint
1663 1474 1828 1545 paria.
1874 1474 2003 1529 Nam
2036 1475 2159 1530 illud
2189 1474 2257 1531 de

669 1571 1119 1644 inseparabilitate
1156 1569 1434 1631 virtutum,
1464 1567 1562 1621 ctsi
1613 1567 1829 1621 forsitan
1868 1566 2047 1630 fallor,
2082 1579 2253 1622 tamen

670 1667 715 1721 si
748 1681 931 1719 verum
965 1661 1179 1716 tuentiui
1200 1702 1215 1726 ,
1239 1660 1378 1730 quod
1412 1660 1495 1712 vix
1527 1659 1741 1713 memini
1764 1700 1778 1720 ,
1811 1660 2057 1713 omnibus
2085 1659 2256 1728 philo-

671 1754 856 1825 Sopbis
885 1772 896 1823 ι
919 1753 1073 1807 Iacuit
1093 1794 1107 1818 ,
1154 1752 1241 1821 qui
1268 1750 1481 1806 easdem
1522 1750 1741 1804 virtutes
1766 1750 1983 1820 agenda:
2011 1751 2131 1804 vitae
2159 1766 2255 1805 ne-

671 1844 933 1902 cessarias
958 1859 1077 1900 esse
1107 1843 1374 1897 dixerunt.
1421 1842 1531 1895 lloc
1554 1850 1729 1895 autetu
1757 1841 1822 1895 de
1852 1842 2110 1912 parilitate
2137 1857 2259 1912 pec-

672 1949 909 1995 catorum
930 1980 945 2003 ,
975 1938 1070 1992 soli
1101 1935 1162 1991 St
1185 1936 1262 1991 tici
1301 1936 1414 1989 ausi
1441 1944 1564 1989 sunt
1590 1934 1895 2004 disputare,
1926 1944 2107 1989 cootra
2138 1951 2257 1987 om-

673 2047 795 2087 nem
825 2045 1038 2084 seusum
1067 2029 1278 2098 generis
1304 2026 1519 2081 humani
1545 2045 1558 2081 :
1587 2041 1744 2097 quam
1766 2042 1951 2081 eorum
1973 2027 2255 2083 vanitatem

672 2126 725 2181 itt
754 2124 1033 2179 Joviniano
1081 2122 1171 2175 illo
1213 2119 1303 2191 qui
1341 2121 1392 2175 ltt
1435 2120 1535 2175 ltac
1576 2121 1837 2175 sententia
1875 2120 2083 2175 Stoicus
2119 2129 2254 2186 erat,

672 2218 726 2273 in
755 2214 1078 2286 aucupandis
1102 2224 1276 2269 autem
1307 2222 1362 2267 et
1384 2211 1723 2267 defensaudis
1752 2212 2108 2282 voluptatibus
2138 2213 2261 2282 Epi-

671 2325 896 2374 cureus,
924 2308 989 2362 de
1016 2306 1307 2378 Seripturis
1333 2306 1531 2360 sanctis
1569 2306 1952 2361 dilueidissime
1981 2306 2256 2361 couvieisti

675 2399 916 2473 (llic-ron.
947 2398 1035 2452 lib.
1066 2397 1100 2450 2?.
1127 2408 1260 2450 rant.
1305 2396 1504 2468 Joritt.)
1568 2396 1627 2451 ln
1668 2414 1769 2467 qua
1817 2407 1902 2451 ttta
1945 2396 2259 2451 suavissima

673 2502 729 2547 et
774 2488 1177 2561 pra-clarissima
1223 2486 1582 2557 disputatione
1626 2489 1755 2543 satis
1798 2488 2071 2542 evidenter
2100 2502 2261 2556 appa-

675 2586 803 2650 ruit,
834 2601 938 2638 non
968 2583 1227 2654 placuisse
1247 2582 1554 2637 auctoribus
1582 2583 1796 2645 nostris,
1829 2583 1909 2635 Vt'l
1943 2583 2037 2651 ἰιικὶ
2063 2584 2257 2650 potius,

673 2691 793 2747 qum
821 2689 914 2744 per
956 2690 1048 2727 eos
1090 2674 1263 2728 locuta
1307 2680 1421 2737 est,
1471 2673 1717 2737 veritati,
1758 2674 1934 2727 omnia
1970 2674 2109 2742 paria
2142 2687 2261 2727 esse

674 2777 912 2837 peccata.
958 2764 1237 2833 Quomodo
1280 2774 1454 2819 autem
1484 2763 1595 2817 ﬁeri
1627 2764 1792 2834 possit
1836 2774 1892 2819 ιιι
1920 2764 2123 2818 etiamsi
2160 2764 2261 2820 hoc

674 2859 742 2914 de
779 2858 1059 2913 virtutibus
1106 2873 1285 2912 verum
1330 2866 1445 2922 est,
1496 2874 1601 2911 non
1649 2867 1825 2911 tamen
1868 2856 1986 2912 ideo
2011 2874 2261 2928 cogamur

676 2950 833 3007 fateri
884 2952 1239 3022 a-qttaliuuem
1284 2948 1523 3005 omnium
1579 2960 1953 3020 peccatorum,
2005 2961 2259 3020 quantum

678 3059 892 3115 possum
916 3084 931 3104 ,
982 3042 1263 3109 adjuvantc
1309 3040 1533 3095 Domino
1567 3040 1776 3109 aperire
1805 3041 2041 3095 conabor
2075 3059 2087 3093 τ
2120 3040 2260 3110 quod

677 3136 723 3191 si
753 3135 977 3189 eﬂ‘ceero
1003 3172 1018 3198 ,
1058 3132 1416 3203 approbabis;
1466 3131 1552 3186 ubi
1579 3147 1705 3186 vero
1726 3146 1901 3186 caus:u
1927 3131 2166 3195 defuero,
2207 3141 2262 3185 tu

679 3226 967 3297 Sttpplebis.

751 3318 803 3371 5.
836 3316 995 3371 Certe
1030 3314 1152 3370 hinc
1181 3315 1534 3383 rersuadent,
1579 3318 1666 3387 qui
1698 3331 1860 3370 unam
1889 3315 2135 3370 virtutem
2165 3315 2262 3370 ha-

680 3406 847 3464 buerit
870 3407 1066 3461 habere
1088 3420 1291 3469 omnes,
1312 3415 1365 3461 et
1380 3420 1566 3460 omnes
1585 3405 1769 3461 deesse
1790 3405 1874 3460 cui
1897 3421 1995 3458 una
2016 3404 2262 3472 defuerit,

680 3499 820 3572 quod
855 3497 1129 3569 prudentia
1158 3538 1172 3563 ,
1206 3513 1305 3552 nec
1331 3498 1547 3569 ignava,
1582 3511 1680 3552 uec
1707 3498 1922 3565 injusta,
1953 3512 2048 3552 uec
2076 3498 2266 3551 intell-

682 3608 879 3665 pera-as
926 3600 1115 3661 potest-
1145 3605 1267 3645 esse
1294 3608 1307 3644 :
1336 3606 1455 3643 nam
1506 3590 1563 3643 si
1594 3590 1795 3659 aliquid
1849 3591 2036 3643 horqu
2083 3590 2262 3652 fuerit,

682 3683 962 3755 prudentia
990 3698 1093 3736 non
1119 3682 1239 3736 erit.
1272 3682 1437 3736 l'orro
1462 3684 1503 3735 si
1534 3681 1812 3751 prudentia
1843 3690 1968 3735 tunc
1986 3682 2115 3744 erit,
2146 3680 2189 3734 si
2212 3688 2268 3734 et

685 3775 839 3829 fortis
862 3816 875 3839 ,
905 3786 959 3829 et
982 3774 1145 3844 jnsta,
1173 3783 1227 3829 et
1258 3782 1562 3843 temperans
1590 3773 1679 3839 sit,
1710 3773 1945 3842 profecto
1974 3772 2059 3825 ubi
2088 3771 2263 3834 fuerit,

684 3882 864 3922 scemn
898 3866 1056 3920 habet
1079 3876 1320 3920 (aL-teras.
1348 3865 1437 3920 Sic
1456 3874 1510 3920 ct
1538 3864 1790 3919 fortitudo
1817 3863 2124 3935 imprudens
2147 3878 2267 3917 esse

686 3974 791 4016 non
828 3965 1038 4029 potest,
1080 3956 1163 4010 vel
1203 3957 1561 4026 intemperans
1586 3997 1600 4021 ,
1648 3955 1731 4009 vel
1763 3956 1953 4023 injusta
1988 3956 2103 4009 :sic
2131 3964 2264 4009 tem-

685 4048 922 4122 perantia
966 4063 1185 4102 neccsse
1211 4058 1292 4102 est
1315 4057 1369 4101 ut
1396 4047 1647 4117 prudens,
1692 4047 1876 4112 fortis,
1905 4055 1957 4101 et
1981 4048 2120 4115 justa
2152 4047 2219 4100 sit
2247 4062 2262 4100 :

684 4142 761 4196 sic
785 4141 988 4210 jnstitia
1012 4156 1117 4194 non
1143 4148 1245 4205 est,
1292 4138 1394 4193 nisi
1428 4139 1497 4192 sit
1525 4138 1758 4208 prudens
1782 4179 1795 4199 .
1834 4138 1985 4192 fortis
2003 4180 2018 4202 ,
2046 4147 2100 4192 et
2126 4147 2262 4193 tem-

684 4247 896 4303 perans.
926 4230 999 4285 ιω
1019 4232 1107 4285 ubi
1135 4246 1261 4287 vera
1281 4240 1362 4285 est
1384 4230 1557 4301 aliqua
1576 4246 1779 4294 earum,
1810 4240 1862 4284 et
1882 4230 2000 4283 alia:
2023 4229 2269 4283 similiter

688 4334 848 4386 sunt;
879 4323 965 4377 ubi
992 4332 1166 4377 autem
1187 4322 1302 4376 alie
1319 4322 1529 4384 desunt,
1550 4336 1673 4377 vera
1702 4321 1790 4374 illa
1809 4330 2033 4388 nonest,
2059 4319 2267 4374 etiamsi

687 4414 863 4484 aliquo
892 4412 1049 4467 modo
1075 4413 1262 4467 similis
1289 4428 1411 4469 esse
1436 4413 1692 4467 videatur.

758 4505 811 4560 ϐ.
843 4504 977 4561 Sunt
1016 4505 1157 4558 enim
1182 4546 1198 4567 ,
1238 4514 1295 4558 ut
1344 4505 1484 4570 seis,
1534 4504 1775 4575 qua'dam
1820 4505 1944 4559 vitia
1988 4505 2267 4561 virtutibus

688 4606 869 4669 apetta
888 4595 1210 4650 discretione
1238 4595 1523 4660 contraria,
1553 4603 1611 4649 ut
1653 4595 2004 4665 imprudentia
2034 4599 2267 4667 pruden-

687 4689 796 4743 tiae.
824 4686 962 4742 Sunt
984 4694 1160 4740 autem
1182 4686 1423 4756 qua-dam
1451 4693 1648 4740 tantum
1674 4688 1796 4756 quia
1826 4688 1947 4742 vitia
1974 4698 2118 4753 sunt,
2148 4689 2268 4744 ideo

685 4779 993 4843 contraria,
1038 4778 1265 4850 quadam
1309 4786 1485 4834 tamen
1533 4780 1712 4849 specie
1746 4780 1915 4836 fallaci
1943 4782 2171 4848 similia,
2214 4795 2270 4839 ιιι

687 4873 860 4930 cidem
888 4871 1200 4943 prudentiae,
1234 4887 1339 4926 non
1368 4872 1737 4941 imprudentia,
1765 4872 1859 4929 Sed
1885 4875 2097 4929 astutia.
2121 4875 2271 4931 Nunc

600 4974 603 4977 ‘
688 4964 830 5019 enim
863 4979 981 5017 eam
1010 4962 1133 5017 dico
1158 4962 1407 5017 astutiam
1428 5003 1442 5027 ,
1489 4978 1608 5032 qum
1647 4964 1889 5018 usitatius
1917 4965 1966 5017 iu
1991 4966 2270 5020 malitiosis

690 5054 908 5123 intelligi
938 5062 992 5108 et
1021 5053 1195 5108 vorari
1228 5054 1391 5119 solet;
1437 5070 1540 5108 non
1571 5055 1705 5108 sicut
1733 5066 1911 5109 nostra
1952 5056 2091 5127 loqui
2121 5056 2269 5111 Scri—

692 5154 845 5215 ptura
880 5146 1183 5207 consuevit,
1215 5161 1333 5214 qua:
1363 5160 1506 5215 smpe
1538 5148 1785 5201 astttziam
1823 5146 1874 5200 in
1916 5147 2056 5201 bono
2086 5148 2268 5216 ponit:

691 5237 855 5303 unde,
880 5236 1052 5291 Estotc
1074 5238 1226 5292 astuti
1246 5247 1300 5290 ut
1317 5248 1571 5308 serpentes
1594 5237 1805 5307 (Matth.
1829 5256 1883 5303 ιι,
1912 5239 1996 5307 16)
2014 5256 2027 5303 ;
2045 5250 2096 5293 et
2120 5240 2265 5305 illud,

694 5331 761 5389 Ut
783 5344 830 5387 et
855 5330 1198 5387 innocentibus
1221 5331 1302 5385 det
1321 5333 1559 5386 astutiam
1584 5330 1762 5402 (Prov.
1782 5349 1819 5397 ι,
1852 5334 1928 5402 4).
1956 5334 2266 5405 Quanquam

689 5435 745 5481 et
770 5422 908 5495 apud
950 5424 1070 5477 illos
1113 5422 1367 5477 Romamn
1413 5424 1604 5494 lingua:
1642 5422 2026 5480 disertissimus
2054 5427 2267 5491 dixerit,

692 5508 872 5580 Neque
895 5509 970 5563 illi
998 5517 1164 5561 tamen
1184 5507 1250 5559 ad
1271 5508 1541 5562 cavendum
1565 5507 1733 5575 dolus,
1760 5518 1845 5561 aut
1865 5510 2049 5563 astutia
2069 5511 2273 5564 deerant

693 5600 959 5676 (Sallust.,
979 5600 1042 5653 de
1061 5597 1205 5653 Bello
1225 5596 1456 5671 Catilio.)
1472 5639 1487 5665 ,
1516 5598 1761 5654 astutiam
1784 5614 1984 5668 ponens
2012 5601 2063 5655 in
2092 5602 2231 5657 bono
2256 5618 2269 5655 :

695 5694 787 5747 sed
820 5692 954 5761 apud
995 5692 1113 5746 illos
1143 5689 1505 5755 rarissimum,
1536 5692 1673 5761 apud
1707 5701 1916 5747 nostros
1952 5691 2273 5764 frequentis-

697 5784 891 5837 simum
927 5792 1028 5838 ert.
1068 5782 1305 5855 ltetuqtte
1327 5786 1377 5839 in
1408 5788 1645 5856 parttbus
1672 5789 2033 5856 temperantiae
2056 5829 2071 5856 ,
2115 5806 2272 5860 aper-

698 5876 905 5933 tissime
947 5878 1212 5934 contraria
1249 5891 1332 5939 est
1371 5882 1561 5937 eﬂ'usio
1610 5884 1948 5951 parcimonia:
1989 5904 2003 5942 :
2041 5903 2099 5942 ca
2151 5900 2276 5942 vero

1896 440 1954 497 S.
1992 441 2357 500 AUGUSTINI
2396 440 2702 499 EPISCOPI
3764 464 3837 527 nm

2356 574 2473 630 qua:
2504 559 2759 615 tenacitas
2803 560 2908 616 dici
2952 560 3111 631 vulgo
3146 560 3323 629 solet,
3361 564 3533 630 vitium
3560 572 3737 641 quidem
3758 594 3833 650 eSt,

2358 660 2532 707 tamen
2555 652 2841 721 pztt'cllntttll
2863 670 2891 704 e
2911 653 3103 717 simile,
3129 670 3234 710 non
3258 667 3455 727 natura,
3476 662 3559 717 sed
3583 665 3835 730 fallacissima

2357 742 2553 812 specie.
2598 741 2726 797 Item
2764 742 3197 801 dissimilitudine
3242 750 3499 807 manifesta
3536 761 3754 814 contraria
3781 775 3839 820 est

2358 834 2611 904 injttstitia
2640 835 2860 905 iustitia:
2888 853 2903 889 :
2932 837 3067 891 solet
3091 850 3270 893 autem
3292 843 3434 911 quasi
3460 841 3630 901 imitari
3649 851 3837 916 justitiam

2360 926 2663 981 vindicandi
2694 944 2753 981 se
2782 927 2943 982 libido
2966 970 2981 992 ,
3014 930 3105 983 sed
3132 930 3313 986 vitimn
3343 942 3440 988 est.
3485 934 3663 1005 Ignavia
3693 942 3840 1001 fortitu-

2359 1017 2469 1072 diui
2516 1018 2792 1088 perspicue
2821 1022 3085 1075 contraria
3112 1031 3194 1077 est
3227 1041 3239 1075 :
3271 1024 3454 1080 duritia
3483 1044 3597 1083 vero
3624 1032 3751 1089 distat
3778 1055 3840 1092 na.

2360 1116 2498 1175 tura,
2526 1108 2657 1163 fallit
2683 1109 3043 1164 similitudine.
3070 1109 3393 1179 Constantia,
3424 1132 3537 1185 pars
3552 1123 3750 1188 qna-dam
3772 1128 3844 1180 vir-

2362 1200 2486 1253 tutis
2514 1209 2630 1264 est;
2680 1200 2748 1253 ab
2794 1200 2910 1261 hac,
2965 1202 3315 1258 inconstantia
3362 1205 3507 1277 longe
3551 1210 3783 1279 abhorret,
3810 1230 3845 1272 et

2361 1289 2575 1345 indubie
2622 1292 2947 1346 contrasistit
2978 1310 2993 1347 :
3025 1294 3318 1364 pertinacia
3347 1312 3468 1351 vero
3508 1307 3752 1357 constan'ia
3776 1307 3845 1361 dici

2362 1382 2574 1436 aﬂ'cctat
2597 1425 2612 1449 ,
2645 1392 2698 1436 et
2724 1399 2828 1437 non
2858 1395 2975 1450 est;
3018 1386 3140 1455 quia
3172 1387 3255 1440 illa
3278 1398 3360 1442 est
3382 1388 3558 1450 virtus.
3590 1393 3674 1449 huc
3700 1397 3846 1453 vitium,

2432 1472 2484 1525 7.
2521 1471 2584 1527 Ut
2623 1488 2749 1545 ergo
2790 1491 2895 1529 non
2937 1476 3123 1531 iterum
3167 1478 3353 1533 eadem
3397 1496 3761 1541 commemorare
3789 1500 3850 1543 ne.

2361 1577 2510 1619 ce~se
2540 1564 2603 1617 sit
2627 1606 2641 1630 ,
2670 1566 2896 1633 exempli
2929 1568 3093 1637 gratia
3128 1585 3383 1634 ponamus
3409 1572 3474 1626 ali
3496 1574 3591 1639 prid
3619 1577 3731 1630 unde
3766 1595 3851 1648 pos-

2361 1654 2680 1709 siutewtera
2729 1657 2963 1728 intelligi.
3006 1658 3267 1725 Catilina,
3300 1672 3353 1715 ut
3379 1663 3443 1717 de
3488 1665 3572 1720 ilio
3608 1672 3851 1737 scr'pseruut

2361 1748 2449 1817 qtti
2478 1763 2633 1804 no-se
2677 1760 2961 1819 potuerunt
2980 1794 2993 1816 ,
3023 1751 3215 1823 frigus,
3245 1755 3387 1808 sitim
3408 1798 3422 1819 ,
3460 1755 3635 1812 famem
3663 1763 3769 1817 terre
3790 1780 3853 1831 ro-

2364 1850 2497 1895 terat
2515 1883 2530 1906 ,
2553 1852 2772 1911 eratque
2803 1844 3010 1913 patiens
3032 1844 3223 1899 inedia:
3241 1888 3256 1907 ,
3285 1848 3477 1917 algoris
3494 1890 3508 1911 ,
3534 1850 3721 1918 vigilre,
3744 1870 3853 1921 supra

2361 1950 2518 2005 quam
2547 1936 2790 2004 cuiquam
2815 1936 3069 1991 credibile
3096 1947 3199 2003 est,
3228 1954 3291 1992 ac
3322 1955 3413 2007 per
3441 1941 3536 1995 hoc
3561 1952 3608 1996 et
3632 1943 3713 1996 sibi
3727 1948 3856 1999 etatis

2362 2041 2547 2089 magna
2596 2027 2846 2095 praalitns
2890 2027 3197 2083 fortitudine
3257 2030 3528 2085 \idelzatnr
3570 2032 3857 2101 (Sallust.,d¢

2362 2115 2507 2172 Bello
2548 2116 2803 2183 Cati/im).
2831 2119 2935 2174 Sed
2970 2120 3087 2173 ba-c
3117 2120 3373 2175 fortitudo
3400 2123 3615 2191 prudens
3638 2141 3726 2180 ιιιιιι
3756 2138 3855 2187 erat;

2363 2210 2499 2264 mala
2527 2210 2669 2263 enim
2702 2227 2798 2280 pro
2825 2212 2977 2267 bonis
3021 2212 3287 2279 eligebat:
3325 2224 3612 2283 temperans
3636 2232 3721 2270 non
3754 2228 3856 2281 erat;

2363 2302 2679 2372 corruptelis
2720 2303 2859 2357 enim
2905 2303 3225 2369 turpissimis
3266 2304 3559 2360 faulibatur
3610 2306 3759 2375 :iusta
3789 2324 3858 2363 non

2364 2405 2510 2457 erat;
2548 2410 2667 2448 nam
2698 2406 2880 2449 eontra
2914 2397 3134 2464 patriam
3161 2401 3546 2463 conjttraverat.
3590 2400 3643 2454 Et
3683 2400 3773 2455 ideo
3796 2416 3860 2456 nec

2364 2484 2620 2539 fortitudo
2646 2497 2794 2549 erat;
2847 2488 2939 2541 sed
2968 2488 3160 2542 duritia
3201 2490 3344 2556 sibi,
3388 2500 3439 2544 ut
3485 2493 3657 2546 Stultos
3692 2491 3858 2558 falleret,

2365 2594 2561 2633 nomen
2603 2578 2927 2634 fortitudinis
2957 2580 3263 2649 imponebat
3308 2600 3322 2637 :
3357 2599 3475 2636 nam
3506 2583 3546 2636 si
3577 2583 3784 2637 fortitudo
3803 2599 3862 2637 es-

2365 2677 2477 2731 set,
2523 2686 2625 2722 n-m
2666 2669 2877 2733 vitium,
2929 2670 3021 2724 sed
3070 2671 3235 2725 virtus
3274 2683 3454 2736 esset;
3484 2672 3528 2726 si
3568 2683 3718 2727 anu-tu
3748 2672 3862 2727 virtus

2365 2769 2535 2823 esset,
2566 2775 2593 2811 a
2637 2761 2845 2815 emeris
2890 2760 3172 2815 virtutibus
3218 2773 3468 2832 tanquam
3516 2762 3863 2834 inseparabililus

2364 2851 2645 2905 Comitibns
2674 2868 2939 2919 nunquam
2968 2852 3383 2922 relinqueretur.

2436 2943 2486 2996 8.
2521 2942 2855 3012 Quapropter
2881 2942 3008 2997 dttm
3038 2945 3300 3013 quaeritur
3323 2946 3482 3000 etiam
3507 2944 3570 2999 de
3603 2946 3722 2999 vitiis
3743 2953 3863 2998 utrum

2366 3034 2477 3101 ipsa
2518 3034 2760 3088 s’militer
2787 3036 2964 3089 omnia
3010 3036 3151 3097 sint,
3194 3036 3284 3090 tthi
3330 3053 3489 3093 unum
3524 3037 3646 3101 erit;
3673 3046 3746 3090 aut
3766 3036 3865 3089 nulla

2367 3124 2469 3180 sint
2491 3167 2505 3186 ,
2528 3125 2613 3177 tibi
2641 3142 2802 3178 unum
2833 3141 2936 3180 non
2962 3127 3099 3189 erit;
3130 3128 3456 3182 laboriosum
3477 3140 3553 3183 est
3578 3127 3621 3182 id
3640 3127 3865 3190 usu-tulere.

2366 3227 2646 3286 propterea
2674 3218 2792 3286 quia
2826 3218 2913 3272 ιιιιί
2942 3218 3119 3272 virtuti
3145 3219 3251 3271 tltto
3286 3221 3409 3275 vitia
3441 3220 3622 3289 opponi
3645 3218 3810 3279 Solent.
3831 3227 3869 3269 et

2367 3309 2506 3376 quod
2544 3318 2728 3377 aperte
2764 3311 3087 3363 contrarium
3114 3320 3191 3362 est
3215 3352 3229 3374 ,
3261 3321 3323 3365 et
3346 3311 3484 3381 quod
3510 3311 3668 3383 specie
3688 3309 3869 3363 similitu-

2367 3399 2506 3453 dinis
2530 3399 2892 3454 admubratur.
2922 3399 3072 3455 Unde
3100 3401 3184 3455 illa
3215 3399 3461 3455 Catilina:
3491 3403 3528 3464 ί,
3555 3404 3661 3471 quia
3684 3397 3869 3454 fortitudo

2370 3506 2476 3545 non
2514 3499 2662 3553 erat,
2706 3507 2824 3560 quas
2850 3500 3024 3550 esset,
3054 3507 3177 3545 cum
3219 3506 3407 3547 secum
3436 3493 3640 3546 virtutes
3660 3491 3759 3544 alias
3792 3500 3869 3540 non

2371 3580 2598 3634 habebat
2617 3623 2631 3645 ,
2660 3580 2777 3635 fat-il
2803 3596 2863 3635 ns
2896 3582 3170 3637 videbatur
3191 3601 3204 3637 :
3222 3584 3371 3651 quod
3398 3598 3524 3639 vero
3548 3582 3719 3653 ignavia
3738 3577 3866 3642 fuerit,

2372 3673 2457 3726 ubi
2488 3674 2793 3727 evercitatio
2812 3674 3070 3741 quaslibet
3101 3674 3450 3743 gravissimas
3476 3676 3716 3729 molestias
3736 3683 3871 3741 tmpe-

2372 3765 2537 3821 tiettdi
2566 3775 2726 3835 atque
2765 3765 3058 3830 tolerandi,
3104 3782 3260 3833 supra
3296 3782 3459 3836 quant
3504 3766 3716 3833 cuiquam
3747 3758 3868 3815 credi-

2372 3855 2476 3911 bile
2499 3864 2613 3921 est,
2657 3856 2779 3917 fttit,
2808 3872 2947 3926 mgre
2975 3857 3284 3926 persuaderi
3318 3868 3510 3927 potest.
3538 3857 3631 3913 Sed
3655 3857 3762 3910 forte
3781 3867 3869 3905 ιιοιιο

2372 3949 2477 4002 tius
2520 3949 2877 4013 intuentibus,
2920 3950 3123 4018 ignavia
3160 3960 3387 4019 apparet
3430 3952 3535 4020 ipsa
3577 3949 3758 4005 duritia:
3784 3943 3869 4013 quia

2372 4039 2609 4094 laborem
2655 4040 2913 4095 bonorum
2959 4040 3253 4094 studiorum
3289 4042 3485 4113 quibus
3511 4056 3621 4097 vera
3657 4036 3873 4105 acquiritur

2373 4130 2624 4184 fortitudo
2643 4170 2657 4193 ,
2688 4131 3010 4200 neglexerat.
3039 4130 3418 4185 Verumtamen
3440 4134 3555 4202 quia
3579 4138 3687 4183 sunt
3704 4126 3870 4182 audaces

2373 4224 2460 4291 qui
2491 4223 2655 4276 timidi
2682 4238 2785 4277 nou
2807 4234 2923 4277 sunt
2943 4264 2959 4288 ,
2988 4233 3035 4277 ct
3066 4237 3251 4277 rursus
3283 4224 3454 4278 timidi
3479 4224 3655 4294 quibus
3674 4220 3791 4274 abest
3808 4230 3871 4269 au-

2373 4313 2518 4367 dacia
2539 4354 2553 4379 ,
2586 4329 2704 4368 eum
2732 4315 2801 4367 sit
2826 4321 3104 4381 utrumque
3132 4313 3355 4378 vitium;
3402 4314 3635 4383 quoniam
3676 4309 3750 4379 qui
3786 4318 3869 4357 vera

2375 4406 2567 4460 virtute
2596 4404 2747 4459 fortis
2780 4413 2895 4467 est,
2924 4419 3021 4459 nec
3059 4414 3257 4459 temere
3302 4405 3498 4468 audet,
3542 4418 3630 4458 nec.
3654 4394 3871 4456 inconsulte

2374 4496 2555 4555 timet:
2582 4496 2819 4565 cogimur
2845 4494 2995 4550 fateri
3028 4496 3154 4550 vitia
3179 4496 3334 4566 plura
3360 4510 3479 4552 esse
3503 4493 3761 4549 virtutibus.

2445 4588 2497 4643 9.
2536 4586 2684 4642 Unde
2725 4586 3009 4656 aliquando
3036 4586 3220 4640 vitiutn
3262 4587 3394 4640 vitio
3422 4586 3638 4649 tollitur;
3666 4592 3712 4637 ut
3743 4588 3871 4634 amore

2375 4677 2577 4743 laudis,
2603 4692 2756 4731 amor
2787 4678 3023 4746 pecunia:
3071 4695 3084 4731 :
3134 4676 3424 4747 aliquando
3467 4691 3618 4732 unum
3660 4672 3797 4732 cedit.
3832 4673 3872 4720 ut

2373 4770 2525 4840 plura
2567 4768 2885 4832 succedant;
2926 4766 3073 4821 velut
3109 4767 3198 4837 qui
3224 4766 3474 4823 ebriosus
3502 4764 3669 4829 tuerit,
3691 4765 3728 4818 si
3748 4756 3872 4816 modi-

2375 4876 2495 4915 cum
2519 4859 2742 4925 biberit,
2770 4868 2824 4913 et
2862 4848 3198 4913 tetrag‘atem
3224 4865 3278 4911 et
3302 4858 3635 4912 ambitionem
3670 4848 3870 4925 didicerit.

2376 4953 2602 5008 Possunt
2648 4951 2824 5020 itaque
2858 4949 2984 5003 vitia
3024 4949 3185 5002 etiam
3222 4947 3585 5009 cederervitiis
3621 4936 3873 5001 succedenti-

2375 5044 2472 5099 bus
2491 5084 2507 5107 ,
2539 5056 2642 5096 nou
2670 5040 2984 5103 virtutibus;
3012 5048 3065 5092 et
3113 5039 3233 5094 ideo
3266 5039 3416 5107 plura
3449 5048 3585 5092 sunt.
3616 5034 3762 5089 Virtus
3784 5038 3871 5081 vero

2374 5151 2479 5205 quo
2508 5150 2607 5188 una
2637 5133 2870 5202 ingressa
2903 5130 3094 5196 fuerit,
3128 5131 3375 5199 quoniam
3404 5146 3578 5186 secum
3603 5118 3870 5182 easterasdu-

2375 5230 2444 5284 cit
2465 5271 2481 5295 ,
2510 5226 2745 5297 profecto
2774 5225 2897 5280 vitia
2925 5224 3116 5278 cedent
3137 5224 3312 5277 omnia
3342 5236 3670 5292 qna-cumque
3691 5220 3871 5273 inerant:

2377 5336 2481 5374 non
2510 5317 2652 5372 enim
2674 5316 2848 5369 omnia
2878 5316 3117 5380 inerant,
3151 5313 3241 5367 sed
3264 5312 3549 5383 aliquando
3579 5308 3789 5365 totidem,
3809 5298 3875 5353 ali-

2377 5408 2587 5480 quando
2619 5407 2765 5476 plura
2794 5404 3131 5474 paucioribus
3151 5447 3166 5470 ,
3198 5403 3276 5457 vel
3306 5404 3550 5474 pauciora
3573 5396 3775 5471 pluribus
3796 5404 3876 5446 suc-

2378 5499 2654 5556 cedebant.

2451 5587 2671 5644 CAPUT
2702 5584 2786 5640 Ill.
2808 5615 2877 5625 —
2899 5584 2984 5640 l0.
3014 5584 3139 5641 Ba‘c
3164 5595 3339 5640 utrum
3368 5585 3438 5640 ita
3471 5598 3528 5639 se
3564 5570 3877 5636 habeant,dili-

2378 5684 2587 5754 gentios
2609 5676 2973 5749 inquirendum
2994 5686 3096 5732 est.
3123 5676 3234 5731 Non
3262 5676 3406 5730 enim
3428 5686 3481 5731 et
3510 5676 3599 5728 ista
3624 5669 3772 5741 divina
3792 5677 3875 5716 svu-

2382 5778 2542 5832 tentia
2589 5783 2702 5839 est,
2737 5789 2839 5843 qua
2881 5772 3090 5835 dicitur,
3137 5771 3233 5837 Qui
3272 5788 3428 5824 unam
3477 5770 3700 5822 virtutem
3733 5761 3872 5816 habt"?
3968 5838 3969 5841 η

2449 5895 2464 5926 ⁸
2499 5898 2605 5942 Mss.
2630 5891 2726 5941 duo
2748 5903 2761 5940 :
2792 5885 2879 5938 llL't
2912 5885 3128 5939 (atiiimr
3150 5883 3343 5947 dumis,
3367 5885 3478 5950 quia
3497 5882 3721 5951 limitum,
3743 5884 3819 5925 ειε-
