4004 6396
116 352 191 413 73:
1255 339 1656 399 EPISTOLARI

1767 340 2044 402 CLASSIS
2082 344 2164 401 ΙΙΙ.

116 486 190 535 ni,
212 482 379 523 omnes
407 464 597 527 habet;
620 460 771 531 eique
798 457 939 513 nulla
962 457 1118 521 inest,
1142 458 1228 513 cui
1251 474 1353 513 una
1379 459 1643 515 defuerit:

114 570 181 627 sed
206 564 482 623 hominibus
523 560 625 617 hoc
660 559 831 614 visum
860 566 976 620 est,
1008 554 1235 610 mttltum
1262 552 1472 623 quidem
1504 552 1649 622 inge-

115 664 199 718 nios
217 676 268 723 s,
287 653 533 711 studiosis
555 694 571 717 ,
602 651 689 707 sed
717 660 893 705 tamen
918 647 1239 701 hominibus.
1271 646 1379 715 Ego
1407 660 1533 699 vero
1556 659 1648 699 ne-

114 756 195 811 scio
217 747 645 822 quemadmodum
684 745 893 806 dicam,
943 758 1047 795 non
1096 740 1220 795 dico
1247 740 1418 793 virum
1441 782 1454 805 ,
1483 754 1513 793 a
1544 753 1650 808 quo

114 845 389 901 dettutttinala
430 840 626 892 dicitur
666 836 833 890 virtus
853 875 868 892 .
912 833 1005 889 sed
1035 833 1195 887 etiam
1228 832 1503 886 mulierem
1532 845 1651 900 qua:

116 942 198 993 viro
219 952 302 988 suo
323 940 489 987 servat
523 931 624 984 tori
656 930 811 984 lidetn
832 970 844 990 ,
873 928 916 979 si
952 926 1051 980 hoc
1081 924 1234 978 iaciat
1267 932 1481 992 propter
1512 938 1649 991 prte-

115 1041 274 1101 ceptutn
300 1038 349 1083 et
376 1026 692 1096 promissum
718 1022 846 1087 Dei,
873 1020 1030 1091 eique
1057 1020 1072 1050 ¹
1105 1018 1347 1088 primitus
1366 1017 1435 1071 sit
1457 1015 1648 1082 lidelis,

116 1142 190 1178 tum
230 1120 403 1174 habere
450 1116 793 1187 pudicitiam,
834 1121 928 1166 aut
973 1110 1276 1180 pudicitiam
1327 1108 1524 1162 nullam
1569 1107 1650 1161 vel

119 1228 282 1281 tonant
307 1224 418 1263 es~e
446 1208 694 1261 virtutem
722 1222 739 1267 ;
770 1205 846 1259 sic
885 1213 941 1258 et
971 1203 1218 1257 maritum
1248 1201 1337 1270 qui
1371 1200 1471 1253 hoc
1512 1199 1653 1255 idem

116 1302 403 1360 senatuxori
443 1318 457 1354 :
506 1309 561 1352 et
600 1308 774 1352 tamen
816 1304 941 1351 sunt
989 1291 1198 1363 plurimi
1228 1292 1395 1356 tales,
1427 1304 1652 1360 quorum

118 1400 203 1454 siue
222 1397 379 1466 aliquo
411 1402 632 1463 pet-Cato
655 1407 774 1445 esse
800 1389 1067 1444 neminem
1092 1386 1318 1441 dixerim
1341 1428 1358 1449 ,
1384 1395 1438 1440 et
1474 1384 1655 1453 utique

117 1487 209 1544 illud
248 1485 617 1555 qualecumque
662 1490 936 1552 peccatum
980 1494 1045 1533 ex
1088 1478 1267 1547 aliquo
1311 1475 1438 1529 vitio
1491 1474 1651 1530 venit.

120 1582 228 1638 [inde
250 1579 477 1649 pudicitia
502 1577 801 1646 conjugalis
823 1574 874 1627 iu
902 1573 1031 1628 viris
1052 1571 1367 1640 feminisque
1394 1567 1655 1639 religiosis

116 1691 201 1729 cuiu
228 1671 385 1741 procul
419 1670 590 1723 dubio
621 1669 786 1721 virtus
812 1667 916 1731 sit,
947 1681 1052 1719 non
1084 1664 1225 1718 enim
1256 1672 1343 1716 attt
1374 1662 1503 1716 nihil
1523 1704 1537 1722 .
1567 1671 1659 1717 aut

120 1767 255 1819 vitium
287 1772 392 1828 est,
422 1778 526 1816 non
572 1771 748 1814 tamen
778 1773 958 1813 secum
1004 1756 1159 1811 habet
1185 1771 1371 1810 omne“
1411 1756 1653 1809 virtutes.

119 1857 213 1911 Natu
244 1858 281 1909 si
315 1869 497 1909 omnes
538 1854 608 1907 ibi
652 1859 860 1915 essent,
913 1849 1112 1904 nnllmn
1160 1854 1303 1902 esset
1347 1848 1567 1909 vnimn;
1610 1845 1655 1899 si

123 1951 274 2006 nullout
302 1948 475 2002 vitium
497 1986 513 2008 .
555 1945 759 2000 nullum
790 1942 1010 1996 omnino
1038 1950 1310 2011 peccatum
1351 1957 1363 1992 :
1405 1941 1525 2009 quis
1561 1954 1657 1991 au-

123 2054 197 2097 tem
218 2042 314 2095 sin.-
339 2040 514 2109 aliquo
544 2035 805 2107 peccato?
833 2035 951 2103 quis
982 2049 1109 2100 ergo
1138 2032 1253 2085 sine
1280 2031 1455 2101 al'.quo
1492 2030 1619 2084 vitio
1637 2071 1653 2093 ,

126 2133 237 2187 idest
260 2130 427 2185 fomite
450 2127 718 2199 quodam,
756 2127 835 2180 vel
872 2124 1021 2193 quasi
1064 2122 1241 2177 radice
1270 2122 1504 2192 peccati,
1537 2135 1656 2174 eum

125 2223 269 2277 clamet
287 2222 366 2292 qui
392 2236 548 2289 supra
572 2228 762 2290 pectus
794 2215 1000 2270 Domini
1033 2214 1372 2268 recumbebat
1395 2252 1409 2270 .
1432 2212 1490 2266 Si
1516 2212 1655 2264 dixe-

127 2315 241 2367 rimus
269 2314 371 2383 quia
418 2321 680 2383 peccatum
724 2324 824 2362 itou
862 2306 1101 2361 lin-bemus
1122 2348 1136 2370 ,
1170 2322 1259 2359 nos
1288 2306 1424 2374 ipsos
1465 2302 1655 2371 decipi-

128 2422 232 2466 mas,
255 2415 293 2458 et
313 2414 483 2458 veritus
509 2403 562 2454 in
591 2400 736 2454 nobis
760 2416 858 2453 non
884 2407 953 2453 est
981 2396 1026 2467 (Ι
1051 2396 1209 2450 Joau.
1250 2396 1271 2450 l
1297 2435 1313 2461 ,
1349 2394 1443 2464 8)?
1479 2392 1658 2462 Neque

129 2497 201 2552 hoc
229 2497 344 2566 apud
386 2507 435 2552 te
473 2495 679 2549 diutius
705 2491 967 2564 agendum
999 2498 1115 2551 est;
1146 2487 1237 2543 setl
1287 2496 1500 2557 propter
1523 2486 1658 2539 alios

130 2591 190 2660 qui
213 2590 325 2644 forte
348 2592 439 2644 hoc
472 2588 702 2659 legerint
721 2628 735 2650 ,
761 2585 900 2639 dico.
922 2582 1055 2638 Nam
1079 2592 1132 2635 ιιι
1157 2580 1367 2651 quidem
1397 2580 1446 2632 in
1467 2578 1656 2632 eodem

130 2682 213 2752 ipso
227 2698 362 2752 Opere
386 2681 669 2752 Splelttlido
697 2676 1231 2732 cotttraJuviniamnn
1254 2671 1387 2743 (Lib.
1413 2670 1469 2742 ιι)
1498 2682 1657 2723 etiam

126 2776 197 2827 hoc
208 2775 261 2828 tle
276 2772 555 2843 Scriptnris
575 2772 775 2827 sanctis
790 2769 842 2823 di
870 2769 1073 2839 igeuter
1092 2764 1328 2836 probasti
1351 2781 1363 2816 :
1384 2764 1469 2817 ubi
1496 2764 1656 2817 etiam

124 2882 166 2921 ex
201 2878 278 2922 ttae
303 2868 402 2935 ipsa
441 2865 688 2937 Epistula
710 2904 724 2926 ,
753 2862 904 2931 cujus
932 2859 1089 2916 verba
1118 2867 1243 2913 sunt
1268 2873 1490 2927 quorum
1519 2871 1658 2910 nunc

126 2961 379 3016 intellectqu
419 2960 777 3030 requirimus,
821 2954 1040 3025 posuiin
1081 2953 1219 3021 quod
1262 2954 1513 3021 scriptum
1544 2959 1653 3015 est,

125 3054 170 3105 lit
191 3054 328 3106 multis
351 3052 477 3106 enim
500 3050 818 3117 ojfendimus
847 3064 1017 3101 euntes
1062 3044 1263 3117 (Jacobi
1304 3060 1358 3098 ιιι
1380 3086 1393 3100 .
1433 3044 1512 3114 2).
1542 3042 1655 3096 Non

30 3192 33 3199 .
124 3159 224 3197 ctum
246 3147 330 3207 ait.
358 3144 645 3199 Ull'emlttis
663 3184 678 3205 ,
705 3142 798 3196 sed
830 3139 1134 3206 offendimus
1153 3180 1168 3203 ,
1210 3155 1329 3191 ctttn
1353 3136 1547 3191 Christi
1576 3136 1656 3189 ln-

125 3247 314 3302 queretur
335 3236 529 3306 apostol
552 3248 614 3287 us
647 3251 659 3286 :
694 3245 742 3286 et
771 3248 891 3285 cum
924 3231 1023 3283 lim:
1053 3231 1168 3284 loco
1208 3228 1381 3292 dicat,
1413 3228 1657 3292 Quicum-

126 3344 190 3395 que
220 3344 360 3381 autem
399 3339 567 3381 totum
612 3326 767 3396 legem
809 3323 1072 3378 servaverit
1093 3363 1106 3380 .
1150 3319 1229 3387 off
1252 3321 1373 3373 uda.
1402 3330 1569 3371 autent
1604 3318 1656 3371 in

126 3434 218 3481 Itto,
241 3425 384 3490 [actu
420 3431 487 3474 cst
512 3421 750 3472 unmium
789 3432 940 3477 reus;
974 3415 1041 3467 ibi
1074 3431 1177 3467 non
1214 3415 1263 3467 itt
1308 3429 1412 3465 tino
1434 3454 1447 3473 ,
1485 3411 1577 3467 sed
1602 3412 1657 3466 in

126 3514 278 3576 multis;
301 3531 389 3570 nec
414 3512 683 3583 quosdam
705 3552 719 3576 ,
752 3510 844 3564 sed
871 3525 1042 3563 omnes
1062 3508 1191 3561 dicit
1215 3506 1501 3561 tsll'entlcre.

177 3604 240 3657 ll.
269 3605 406 3660 Absit
432 3615 623 3659 autem
668 3613 725 3656 ιιι
770 3603 1046 3671 quisquam
1080 3600 1247 3654 litlelis
1271 3600 1538 3653 existimet
1581 3608 1658 3652 tot

126 3695 241 3749 millia
265 3711 539 3752 servorum
581 3694 777 3749 Christi
803 3734 818 3756 ,
849 3693 938 3764 qui
983 3693 1240 3747 veraciter
1264 3693 1448 3747 dicunt
1473 3708 1531 3747 se
1559 3691 1654 3745 lia—

127 3786 476 3859 heretici-Catum
498 3832 512 3855 ,
557 3804 621 3844 ne
645 3789 851 3858 svipsos
879 3786 1176 3855 decipiant,
1204 3796 1259 3841 et
1286 3786 1478 3840 veritas
1506 3786 1557 3838 in
1578 3784 1656 3840 eis

127 3893 199 3933 uoti
225 3882 307 3947 sit,
337 3883 536 3937 ttullanl
570 3882 765 3936 habere
796 3880 1040 3933 virtutent
1062 3921 1076 3943 ,
1108 3894 1229 3933 eum
1270 3880 1435 3932 Virtus
1468 3893 1654 3946 magna

130 3973 176 4024 tit
204 3974 428 4044 sapientia
458 3994 470 4030 :
504 3974 639 4029 dixit
677 3982 853 4026 autent
877 4013 892 4035 ,
936 3971 1044 4039 ipsa
1090 3970 1378 4040 Sapientia,
1430 3970 1651 4035 homini,

131 4062 222 4119 Era
244 4070 384 4137 pietas
427 4081 496 4124 est
536 4067 788 4137 sapientia
817 4064 939 4135 (Job
972 4080 1171 4123 xxvnt.
1198 4062 1297 4127 28,
1327 4079 1425 4117 sec.
1459 4061 1651 4131 LXX).

130 4157 237 4211 Absit
259 4176 372 4230 ergo
393 4173 445 4216 ιιι
475 4162 721 4216 dicamus
752 4166 829 4213 tot
853 4172 916 4211 ac
938 4166 1112 4211 lautos
1134 4156 1317 4210 lideles
1340 4166 1391 4209 et
1428 4155 1542 4223 pius
1562 4156 1656 4207 lto-

129 4248 254 4303 tuines
293 4254 376 4308 Dei
419 4270 521 4308 non
575 4252 770 4305 habere
819 4249 1103 4318 pietatem,
1148 4262 1306 4316 quam
1355 4244 1528 4300 Cra-ci
1572 4245 1655 4300 vel

128 4343 338 4410 ιῦτιιιωιν,
368 4347 448 4401 vel
488 4344 799 4415 expressius
820 4352 875 4397 et
909 4343 1115 4412 plenius
1145 4348 1396 4393 θεοσέϐειαν
1428 4348 1613 4392 vocant
1640 4356 1651 4391 :

128 4433 218 4501 quid
240 4446 395 4492 autent
432 4448 514 4494 est
558 4437 760 4508 Pietas,
804 4434 903 4488 nisi
948 4432 1037 4485 Dei
1068 4431 1281 4486 cultus?
1322 4440 1375 4484 et
1403 4429 1541 4485 ttnde
1572 4429 1658 4485 ille

128 4454 218 4501 [pitu
240 4454 395 4492 :tttlt‘nt
432 4454 514 4494 est
558 4454 760 4508 pietas,
804 4454 903 4488 nISI
948 4454 1037 4485 uel
1068 4454 1242 4486 cultus
1263 4454 1278 4483 .'
1322 4454 1375 4484 et
1403 4454 1541 4485 ttuue
1572 4454 1658 4485 me

18 4454 25 4623 ι
128 4528 289 4593 colitur,
317 4531 408 4586 nisi
436 4529 739 4586 charitate?
769 4525 1009 4581 (Ibat-itas
1039 4525 1196 4595 igitur
1228 4524 1296 4578 de
1323 4525 1483 4578 corde
1527 4538 1658 4593 puro

127 4627 168 4673 rt
188 4626 473 4680 conscientia
516 4626 655 4679 bona
694 4631 749 4677 et
790 4620 893 4675 lide
921 4635 1026 4675 non
1055 4620 1203 4684 licia,
1240 4633 1427 4688 magna
1458 4626 1512 4671 et
1535 4632 1658 4671 vera

130 4712 257 4767 virtus
280 4728 352 4771 est
372 4759 386 4781 ,
413 4718 533 4787 quia
568 4716 681 4787 ip~a
724 4723 806 4768 est
850 4722 904 4767 et
936 4710 1055 4765 linis
1087 4712 1332 4779 prteccpti
1364 4708 1407 4781 (ι
1434 4708 1562 4762 Tim.
1590 4710 1613 4763 l
1640 4751 1657 4775 ,

129 4804 182 4869 3).
218 4806 376 4865 διετὶιο
399 4809 536 4866 dicta
567 4808 818 4879 estfortis
855 4807 982 4861 sicut
1022 4820 1155 4858 mors
1181 4802 1349 4874 (Cant.
1388 4818 1477 4857 vni
1499 4844 1513 4865 ,
1554 4802 1610 4870 6)
1644 4820 1656 4856 :

131 4898 212 4951 :i‘e
231 4900 333 4969 quit
374 4919 529 4958 nemo
566 4918 683 4956 eam
721 4898 882 4954 vineit
903 4940 919 4963 ,
948 4898 1084 4951 sicut
1114 4906 1374 4957 mortem;
1403 4896 1515 4947 sive
1539 4894 1660 4963 quia

134 5003 143 5039 ι
200 4990 227 5042 lt
255 5010 279 5046 c
304 4995 398 5049 vita
425 5011 592 5065 usque
618 4995 683 5049 ad
728 5001 951 5047 mortem
978 4999 1059 5046 est
1087 5003 1331 5043 mensura
1358 4986 1659 5051 eharitatis,

132 5082 233 5136 airut
255 5084 492 5143 Dominus
524 5088 632 5146 ait;
668 5084 916 5151 Maiorem
955 5084 1051 5137 hac
1084 5081 1376 5135 charitatem
1404 5095 1547 5133 nemo
1571 5079 1664 5132 ha-

133 5170 215 5237 δεῖν
235 5193 367 5244 quam
403 5190 453 5233 ut
490 5181 710 5234 animam
739 5194 882 5233 suum
922 5185 1075 5247 ponat
1105 5174 1215 5246 quis
1239 5191 1331 5243 pro
1360 5173 1536 5227 amicis
1560 5173 1664 5227 suis

134 5260 275 5330 (Iona.
304 5288 386 5334 xv.
423 5276 540 5341 l3);
572 5274 685 5328 sive
724 5272 918 5342 potius,
949 5270 1068 5339 quia
1100 5270 1236 5325 sicut
1263 5284 1407 5322 mors
1434 5268 1664 5322 animam

135 5358 278 5413 mella
298 5380 325 5415 a
352 5366 590 5421 sensibus
614 5366 792 5420 carnis
812 5405 825 5425 ,
859 5364 936 5417 sic
971 5362 1202 5416 charttas
1228 5378 1255 5414 a
1288 5361 1666 5430 eotteupiscen-

138 5445 205 5533 liis
224 5456 522 5514 carnalibus.
555 5459 686 5513 lluic
722 5457 987 5511 διώκει-ιιι
1009 5456 1228 5510 scicntia
1252 5498 1266 5519 ,
1295 5471 1415 5509 eum
1446 5464 1528 5510 est
1567 5455 1668 5510 titi-

140 5534 217 5603 “8;
252 5562 359 5603 natu
399 5552 511 5609 sine
556 5550 821 5619 illainﬂat
847 5549 889 5622 (l
920 5548 1037 5606 Cor.
1070 5565 1190 5617 vui,
1230 5550 1279 5620 Ι)
1312 5567 1325 5603 :
1369 5549 1507 5619 quod
1541 5562 1667 5603 vero

18 5326 29 5693 ἶ

18 5718 23 5747 ι
148 5698 213 5776 μξᾼ
232 5702 350 5776 ἴω.)
368 5713 412 5776 et
434 5721 539 5772 qui?
557 5708 795 5776 p'imitus.
815 5706 905 5756 Sed
930 5706 1106 5776 melius
1126 5705 1399 5776 Siss._t‘asa_l.
1425 5711 1477 5775 et
1503 5704 1667 5776 vatio”

144 5766 499 5836 EQWLpﬂintitttk;
522 5766 614 5836 vel,
632 5774 699 5822 uti
724 5771 905 5822 habent
926 5769 1007 5820 alii
1030 5776 1133 5822 tres
1145 5778 1165 5818 ι
1176 5769 1308 5833 atic.,
1328 5773 1373 5818 et
1396 5766 1478 5817 cui
1496 5766 1668 5836 primi-

17 5818 41 6188 ι
144 5818 204 5874 ιω
221 5818 449 5895 tametsi,
470 5818 782 5891 scilic'éibebi

3241 348 3350 412 738

1756 459 1843 515 illa
1871 461 2182 518 :cdilicaudo
2222 463 2557 532 impleverit,
2601 463 2729 519 nihil
2772 464 2841 519 ibi
2883 464 2981 520 ista
3011 466 3165 524 inane
3191 471 3339 541 quod

1757 554 1933 617 inﬂet,
1972 556 2220 611 inveniet.
2267 556 2464 614 Utilem
2510 574 2668 629 porro
2715 558 2988 614 scietuiam
3037 560 3341 617 deliniendo

1756 648 2096 709 monstravit.
2131 648 2217 702 tibi
2256 665 2375 704 eum
2406 649 2658 714 dixisset,
2691 650 2817 706 Ecce
2855 653 3014 724 pietas
3043 665 3114 709 est
3138 656 3341 725 sapien-

1758 738 1864 802 tia;
1889 740 2141 794 continuo
2168 741 2438 810 snbjuuxit
2457 785 2470 807 ,
2501 744 2759 798 Abstinere
2778 762 2892 800 vero
2911 763 2944 799 a
2969 747 3147 813 malis,
3179 749 3345 803 scien-

1758 832 1827 885 tia
1850 842 1940 886 εει.
1971 831 2079 887 Cur
2104 849 2231 903 ergo
2260 850 2364 889 non
2385 835 2639 901 dicimus,
2670 838 2758 907 qui
2800 838 2937 893 hanc
2973 841 3222 897 virtutem
3251 842 3348 896 Ita-

1758 924 1881 990 bet,
1915 925 2109 979 habere
2135 942 2361 991 omnes;
2392 942 2511 982 cum
2543 930 2812 998 plenitudo
2855 930 2985 1000 legis
3023 932 3092 986 sit
3116 932 3348 987 charitas

1760 1016 1933 1085 (Rom.
1974 1033 2104 1082 xm,
2146 1018 2278 1089 10)?
2320 1022 2402 1073 An
2452 1031 2651 1090 quanto
2689 1021 2855 1091 magis
2883 1030 2965 1077 est
3007 1023 3058 1076 in
3101 1023 3347 1088 homine,

1760 1114 1906 1162 tanto
1937 1108 2103 1179 magis
2129 1119 2207 1165 cst
2238 1110 2429 1166 virtute
2475 1111 2761 1181 praeditus:
2795 1122 2993 1183 quanto
3028 1122 3206 1169 autem
3251 1114 3322 1169 mi

1762 1216 1860 1255 nus
1883 1242 1897 1264 ,
1933 1212 2079 1255 tattto
2119 1202 2293 1257 minus
2324 1205 2463 1258 inest
2504 1204 2551 1258 ei
2595 1205 2790 1270 virtus;
2837 1206 2957 1275 quia
2991 1207 3099 1276 ipSt
3132 1218 3210 1262 est
3242 1208 3349 1263 vir-

1762 1301 1846 1346 tus
1880 1311 1894 1347 :
1925 1304 1980 1349 et
2008 1306 2205 1364 quanto
2240 1296 2415 1349 minus
2455 1295 2591 1351 inest
2621 1298 2816 1358 virtus,
2866 1308 3011 1354 tanto
3057 1300 3223 1369 magis
3269 1310 3348 1354 est

1762 1385 1983 1439 vitium?
2013 1385 2108 1441 Ubi
2137 1403 2266 1457 ergo
2294 1388 2379 1441 illa
2419 1387 2571 1457 plena
2602 1397 2656 1442 et
2693 1389 2924 1457 perlecta
2958 1388 3093 1456 erit,
3127 1388 3258 1444 nihii
3283 1404 3345 1444 ex

1762 1478 1889 1531 vitio
1919 1479 2233 1535 remanebit.

1835 1570 1921 1625 12.
1963 1571 2190 1626 Proinde
2230 1572 2358 1626 mihi
2387 1572 2633 1627 videntur
2667 1572 2829 1628 Stoici
2858 1572 2997 1638 falli,
3029 1573 3150 1644 quia
3184 1574 3346 1644 proli-

1762 1662 1990 1719 cientem
2021 1663 2293 1719 hominem
2326 1664 2377 1717 iit
2408 1664 2665 1734 sapientia
2694 1664 2879 1719 ttoltiut
2903 1666 3120 1719 otttnino
3149 1666 3345 1721 habere

1761 1756 2111 1824 sapientiam;
2143 1758 2234 1812 sed
2274 1766 2398 1811 tunc
2442 1757 2635 1812 habere
2660 1773 2780 1811 cum
2813 1758 2864 1811 iti
2894 1772 2956 1811 ea
2985 1758 3203 1812 omnino
3230 1774 3351 1828 per-

1764 1846 1932 1901 lectus
1961 1846 2113 1901 fuerit
2149 1866 2162 1901 :
2207 1849 2453 1918 nonquia
2483 1849 2625 1902 illtttit
2658 1858 2963 1917 provectum
2990 1859 3214 1919 negant;
3257 1848 3350 1906 sed

1764 1938 1863 1992 nisi
1887 1956 1948 1993 ex
1980 1937 2492 2008 prohuttloqnodam
2516 1940 2872 2009 emcrgcndo,
2903 1953 3121 2007 repente
3160 1944 3352 1998 emicet

1765 2030 1815 2085 in
1838 2046 1995 2084 auras
2019 2031 2293 2100 sapientie
2321 2031 2514 2085 liberas
2530 2072 2546 2094 ,
2573 2031 2714 2085 nulla
2741 2046 2806 2085 ex
2836 2040 2984 2100 parte
3004 2048 3122 2087 esse
3142 2033 3351 2101 sapien-

1765 2134 1890 2180 tem.
1920 2124 2065 2181 Sicut
2094 2125 2235 2179 enini
2267 2125 2397 2180 nihil
2422 2126 2641 2182 interest
2666 2126 2732 2180 ad
2764 2126 3035 2182 hominem
3057 2128 3351 2196 praefocan-

1761 2216 1887 2272 dttitt
1908 2260 1925 2283 ,
1953 2228 2125 2271 utrmn
2156 2234 2346 2287 aquam
2370 2220 2555 2273 stadiis
2578 2218 2756 2273 multis
2784 2234 2944 2287 super
2964 2234 3022 2272 se
3050 2218 3241 2273 ltabeat
3269 2220 3350 2274 al-

1764 2317 1902 2373 tam,
1938 2320 2025 2364 aut
2054 2327 2159 2363 uno
2186 2311 2361 2381 palmo
2381 2353 2397 2376 ,
2422 2320 2514 2365 aut
2542 2310 2705 2381 digito
2730 2330 2742 2365 :
2774 2312 2851 2365 sic
2872 2312 2988 2366 illo.
3012 2312 3099 2382 qui
3132 2312 3351 2367 tendunt

1762 2402 1826 2457 ad
1849 2403 2184 2472 sapientiam,
2229 2402 2484 2472 prolicere
2509 2403 2722 2474 quidem
2763 2402 2980 2469 dicunt,
3012 2416 3258 2476 tanqutnt
3284 2405 3351 2461 ab

1764 2494 1871 2546 into
1911 2494 2133 2563 gurgitis
2158 2503 2434 2564 surgentes
2462 2494 2513 2547 iu
2545 2509 2759 2561 aerem;
2786 2495 2880 2550 sed
2905 2496 3001 2550 nisi
3035 2506 3195 2550 totam
3220 2495 3353 2552 stul-

1765 2586 1930 2640 titiam
1972 2588 2116 2642 velut
2160 2587 2548 2658 opprimentem
2588 2603 2815 2659 aquam,
2860 2590 3182 2658 proliciendo
3213 2590 3354 2645 velut

1763 2681 2086 2751 cmergendo
2114 2681 2410 2746 evaserint,
2440 2696 2544 2735 non
2574 2682 2770 2738 habere
2802 2683 3082 2746 virtutem,
3114 2699 3209 2738 nec
3233 2698 3353 2739 esse

1763 2774 2031 2835 sapientes
2062 2793 2075 2828 :
2108 2774 2193 2827 tibi
2225 2784 2399 2828 autem
2426 2775 2689 2829 evaserint
2712 2816 2727 2837 ,
2758 2792 2879 2829 mox
2910 2775 3107 2831 habere
3148 2783 3310 2831 totam
3332 2818 3348 2843 ,

1765 2882 1863 2919 nec
1884 2866 2169 2937 quidquam
2190 2867 2427 2920 stultitia:
2450 2882 2743 2933 remanere,
2775 2867 2914 2923 unde
2942 2869 3161 2923 onmino
3184 2868 3347 2923 ullum

1764 2967 2036 3026 peceatum
2064 2957 2232 3027 possit
2251 2959 2502 3013 existere.

1836 3048 1919 3102 15.
1954 3048 2075 3103 Ilare
2098 3049 2389 3104 similitudo
2407 3090 2422 3114 ,
2457 3050 2542 3103 tibi
2570 3050 2788 3105 stultitia
2814 3051 2955 3106 velut
2992 3068 3123 3122 aqua
3144 3093 3160 3117 ,
3187 3063 3240 3108 et
3266 3068 3351 3108 sa—

1763 3141 1955 3210 pientia
1988 3142 2131 3197 velttt
2160 3158 2253 3198 aer
2298 3147 2531 3213 ponitur,
2566 3155 2618 3215 ut
2654 3145 2862 3198 animus
2904 3160 2932 3196 a
2977 3147 3352 3214 praelocutione

1762 3235 1995 3289 stultitia:
2037 3245 2286 3304 tanquam
2314 3250 2627 3305 emergens,
2676 3236 2726 3289 in
2772 3237 3087 3305 sapientiam
3132 3248 3351 3307 repente

1764 3326 1987 3395 reSpiret
2007 3369 2021 3391 ,
2051 3342 2153 3382 non
2179 3326 2308 3383 mihi
2332 3326 2537 3383 videtur
2566 3328 2696 3381 satis
2721 3328 3117 3382 accommodata
3144 3339 3353 3385 nostra-

1763 3436 1877 3474 rmn
1904 3420 2296 3489 Scripturarnm
2327 3420 2625 3474 auctorimti
2651 3440 2663 3472 :
2692 3419 2785 3474 sed
2814 3421 2897 3473 illa
2938 3421 3113 3489 potius
3134 3462 3149 3485 ,
3182 3429 3237 3475 ut
3266 3421 3348 3475 vi-

1763 3513 1891 3566 tiutn
1924 3512 2003 3567 vel
2050 3512 2269 3566 stultitia
2298 3512 2565 3576 tenebris,
2597 3512 2695 3565 lttei
2722 3521 2898 3566 autent
2928 3513 3094 3567 virtus
3138 3511 3220 3566 vel
3261 3526 3349 3567 sa-

1763 3605 1954 3673 pientia
1980 3616 2338 3675 comparetur,
2370 3619 2625 3676 quantum
2666 3609 2765 3662 ista
2786 3607 2977 3660 similia
3000 3605 3066 3660 de
3095 3620 3349 3676 corpora-

1763 3697 1899 3752 Lhus
1924 3698 1988 3752 ad
2019 3698 2366 3767 intelligibilia
2394 3698 2516 3753 duci
2562 3707 2801 3767 possunt.
2851 3696 2962 3751 Non
2995 3699 3171 3768 itaque
3213 3697 3349 3752 sicut

1760 3789 1828 3844 de
1847 3790 1999 3861 aquis
2022 3790 2073 3844 iit
2094 3804 2272 3846 aerem
2294 3805 2518 3860 surgens
2533 3832 2546 3852 ,
2567 3790 2652 3846 tibi
2678 3805 2860 3846 earum
2886 3804 3151 3845 summum
3171 3799 3347 3844 trans-

1763 3880 1916 3944 ierit,
1966 3892 2184 3950 repente
2225 3890 2477 3950 quantum
2506 3881 2697 3937 sullicit
2730 3881 3044 3949 inspiratur;
3083 3880 3178 3936 sed
3212 3882 3349 3937 sicut

1761 3970 1829 4026 de
1870 3972 2103 4026 tenebris
2147 3972 2198 4025 in
2247 3975 2417 4026 lucem
2462 3972 2787 4040 procedens,
2836 3973 3083 4041 paulatim
3129 3988 3349 4042 pregre.

1761 4063 1956 4117 dieudo
1995 4063 2337 4117 illnminatur.
2368 4064 2518 4131 Quod
2545 4065 2715 4118 donec
2759 4065 3063 4131 plenissune
3092 4066 3209 4127 liat,
3234 4066 3345 4131 jam

1760 4170 1881 4209 eum
1912 4163 2085 4207 tamen
2115 4153 2343 4208 dicinms
2365 4162 2613 4222 tanquam
2640 4153 2705 4207 de
2734 4152 3061 4207 abditissima
3095 4156 3346 4223 spelunca

1760 4245 2146 4315 egredientem,
2202 4244 2388 4297 vicinia
2443 4244 2575 4298 lucis
2618 4245 2889 4305 amatum.
2942 4254 3089 4299 tanto
3140 4249 3343 4316 magis,

1761 4347 1959 4408 quanto
2001 4338 2166 4407 magis
2210 4338 2530 4407 propinquat
2570 4337 2805 4408 egressui
2838 4355 2849 4389 :
2882 4347 2938 4392 ιιι
2968 4338 3093 4393 illud
3120 4339 3261 4410 quod
3293 4341 3346 4395 in

1762 4448 1828 4489 eo
1859 4433 1997 4489 lueet
2018 4475 2033 4501 ,
2056 4432 2123 4486 sit
2153 4433 2333 4501 utique
2358 4447 2426 4487 es
2462 4432 2660 4487 lumine
2686 4446 2792 4499 quo
2822 4433 3187 4503 progreditur;
3217 4434 3348 4489 illud

1762 4533 1938 4579 autem
1962 4523 2103 4594 quod
2132 4523 2306 4578 adhuc
2325 4525 2609 4578 obscurum
2634 4533 2716 4578 est
2732 4565 2747 4588 ,
2776 4524 2846 4580 sit
2870 4540 2934 4579 ex
2959 4514 3190 4581 tenebris
3211 4526 3350 4582 unde

1763 4616 2054 4686 egreditur.
2101 4615 2278 4685 Itaque
2321 4628 2369 4670 ει
2396 4628 2522 4669 non
2561 4615 2935 4684 justilieabitur
2972 4618 3024 4671 iu
3064 4627 3348 4687 conspectu

1767 4708 1862 4763 Dei
1886 4708 2060 4761 omnis
2086 4708 2269 4762 vivens
2294 4706 2458 4773 (Prol.
2486 4722 2626 4761 cvm
2648 4749 2662 4772 ,
2690 4707 2785 4778 2);
2816 4718 2870 4763 et
2894 4718 3069 4763 tamen
3090 4709 3265 4778 justus
3283 4726 3351 4765 ex

1766 4798 1869 4852 lide
1903 4798 2031 4852 vivit
2059 4795 2279 4867 (Hebae.
2311 4813 2347 4851 ιι
2370 4838 2385 4857 .
2419 4797 2499 4866 4).
2525 4797 2592 4852 Et
2612 4798 2777 4851 indttti
2806 4807 2930 4852 sunt
2956 4799 3123 4852 sancti
3147 4799 3349 4866 justitia

1767 4888 1905 4959 (Job.
1941 4905 2095 4951 xxix,
2130 4890 2251 4957 l4).
2279 4888 2415 4944 alius
2454 4890 2647 4959 magis,
2689 4890 2826 4944 alius
2864 4890 3076 4945 minus:
3107 4899 3163 4945 ct
3192 4907 3351 4946 nemo

1769 4982 1853 5038 hic
1874 4983 1999 5037 vivit
2037 4983 2151 5037 sine
2177 4993 2395 5052 peccato
2415 5025 2428 5048 ,
2460 4993 2516 5037 et
2561 4983 2660 5037 hoc
2690 4984 2825 5037 alius-
2854 4983 3049 5051 magis,
3090 4984 3224 5040 alius
3253 4987 3353 5040 mi~

1767 5092 1896 5141 nus;
1929 5077 2160 5144 optimus
2190 5087 2366 5132 autem
2397 5086 2479 5131 est
2500 5118 2514 5139 ,
2542 5076 2631 5146 qui
2660 5075 2955 5129 minimum.

1839 5167 2061 5225 CAPUT
2088 5167 2175 5221 IV.
2204 5197 2273 5209 ——
2300 5169 2386 5223 Ν.
2417 5168 2519 5223 Sed
2551 5166 2676 5237 quid
2715 5182 2815 5237 ego
2834 5208 2848 5229 ,
2882 5174 3129 5237 tanquam
3158 5170 3351 5226 oblitus

1769 5262 1852 5316 cui
1900 5260 2105 5330 loquor,
2134 5259 2341 5315 doctori
2382 5260 2572 5313 similis
2612 5258 2783 5313 factus
2810 5274 2964 5323 sum,
2996 5275 3115 5315 cum
3159 5278 3351 5331 propo-

1771 5352 1965 5407 suerim
1992 5352 2115 5422 quid
2142 5352 2235 5407 abs
2268 5362 2319 5407 te
2356 5352 2562 5406 discere
2600 5350 2798 5405 velim?
2837 5351 2941 5406 Sed
2984 5354 3107 5421 quia
3131 5352 3198 5405 de
3225 5366 3351 5420 pec-

1771 5455 2007 5500 catorum
2036 5444 2325 5514 parilitate,
2358 5443 2497 5498 unde
2540 5442 2592 5497 in
2639 5442 2687 5495 id
2732 5444 2873 5514 quod
2912 5443 3356 5514 agelxnn’incidit

1771 5538 2015 5609 quaestio,
2033 5536 2434 5591 examinandum
2459 5534 2551 5588 tibi
2575 5536 2890 5590 sententiam
2918 5551 3089 5591 meam
3112 5548 3355 5602 promere

1773 5638 2093 5691 statuerant,
2121 5630 2231 5695 j'tlll
2273 5642 2390 5683 eam
2434 5628 2650 5682 tandem
2695 5627 2977 5698 aliquando
3017 5626 3351 5682 concludam.

1774 5725 1904 5793 Quia
1927 5724 2026 5777 etsi
2047 5738 2227 5777 verum
2250 5732 2329 5775 est
2347 5763 2362 5787 ,
2385 5738 2507 5775 eum
2535 5722 2622 5791 qui
2652 5720 2808 5773 habet
2837 5737 2994 5774 unam
3017 5761 3032 5783 ,
3055 5734 3244 5773 omnes
3268 5732 3357 5775 nae

1777 5818 1903 5881 bere
1931 5818 2184 5886 virtutes;
2213 5833 2335 5880 eum
2365 5818 2454 5893 qui
2485 5832 2645 5875 unam
2670 5829 2774 5871 non
2805 5814 2961 5874 habet
2979 5855 2998 5888 ,
3027 5815 3226 5876 nullam
3252 5813 3352 5887 lia-

3028 6016 3043 6024 ..
3075 6003 3161 6037 .
3220 6003 3235 6029 2
