4004 6384
668 451 775 509 735

667 578 726 626 ct
758 561 1021 623 homicida
1041 603 1058 627 ,
1093 567 1148 617 et
1184 574 1285 625 ne,
1333 555 1473 626 quod
1499 554 1713 626 longam
1741 563 1853 621 est,
1884 566 2073 611 cuncta
2099 571 2253 612 com-

669 671 961 715 memorem
986 694 1003 720 ,
1044 666 1167 707 reus
1208 647 1445 704 omnium
1488 646 1773 703 criminum
1799 646 2119 716 iudicandus
2146 648 2253 703 sit:

669 748 944 806 offendens
970 744 1164 815 quippe
1188 743 1241 795 in
1270 756 1404 803 uno,
1434 740 1599 810 [actus
1622 748 1698 795 est
1724 740 1947 794 omnium
1975 756 2111 794 reus.

738 834 960 894 CAPl'T
999 833 1061 889 ll.
1098 862 1169 873 --
1194 832 1249 887 4.
1277 831 1347 887 At
1377 830 1521 887 enim
1552 830 1641 902 qui
1673 846 1830 886 unam
1866 831 2115 887 virtutem
2164 830 2259 885 ha-

670 935 791 993 bet.
837 944 1022 986 omnes
1051 925 1241 990 habet;
1289 933 1343 979 et
1383 924 1471 995 qtti
1512 939 1668 978 unam
1702 939 1806 977 non
1836 923 2025 987 habet,
2054 924 2255 980 nullam

673 1022 863 1080 habet?
903 1020 1013 1075 lloc
1037 1018 1080 1073 si
1113 1033 1293 1073 verum
1324 1025 1437 1076 est.
1474 1014 1821 1069 confirmatur
1846 1015 1942 1069 ista
1971 1015 2254 1069 sententia.

670 1117 771 1173 Sed
797 1130 896 1186 ego
924 1129 1040 1169 eam
1081 1111 1273 1181 exponi
1314 1110 1471 1171 volo,
1514 1124 1619 1163 non
1643 1109 1979 1172 conﬁrmari;
2020 1124 2090 1178 qu
2110 1127 2138 1159 ι·
2168 1124 2260 1178 per

670 1208 902 1278 seipsam
932 1203 1072 1273 apud
1103 1217 1200 1257 nos
1222 1200 1476 1256 omnibus
1502 1198 1941 1269 philosophorum
1978 1200 2260 1253 auctorita-

669 1299 810 1355 tibus
855 1296 1059 1352 firmior
1104 1304 1205 1349 est.
1255 1293 1319 1348 Et
1357 1292 1485 1346 illttd
1524 1290 1739 1361 quidem
1780 1292 1848 1347 de
1893 1292 2173 1345 virtutibus
2206 1300 2260 1347 et

672 1391 816 1447 vitiis
840 1431 856 1455 ,
902 1388 947 1444 si
990 1385 1251 1442 veraciter
1290 1383 1524 1447 dicitur,
1573 1399 1676 1437 non
1715 1393 1797 1437 est
1839 1397 2175 1451 consequens
2203 1391 2259 1436 ut

668 1491 889 1556 propter
932 1479 1033 1533 hoc
1065 1477 1242 1531 omnia
1276 1486 1491 1544 peccata
1521 1475 1628 1528 sint
1666 1473 1831 1544 paria.
1878 1472 2007 1527 Nam
2040 1474 2162 1528 illud
2192 1471 2259 1529 de

673 1570 1121 1643 inscparabilitate
1158 1568 1436 1629 virtutum,
1467 1565 1565 1620 etsi
1616 1565 1831 1619 forsitan
1872 1564 2049 1628 fallor,
2085 1577 2256 1619 tantcn

674 1666 718 1720 si
751 1680 933 1718 Vertttn
967 1660 1181 1715 utemini
1203 1702 1217 1724 ,
1241 1659 1380 1729 quod
1414 1658 1497 1711 vix
1530 1656 1745 1711 memini
1766 1698 1781 1719 ,
1814 1657 2061 1710 omnibus
2087 1657 2259 1725 philo-

674 1754 859 1825 Sopltis
887 1752 1075 1822 [Iacuit
1095 1794 1110 1817 ,
1156 1752 1243 1820 qui
1270 1749 1484 1805 easdem
1525 1748 1743 1802 virtutes
1768 1748 1985 1819 agendm
2014 1749 2135 1801 vita:
2162 1764 2258 1803 ne-

674 1843 935 1901 cessarias
961 1857 1080 1899 esse
1110 1842 1377 1896 dixi-runt.
1424 1840 1533 1895 lloc
1556 1849 1731 1893 auletu
1760 1839 1825 1893 de
1855 1841 2113 1910 parilitate
2140 1855 2262 1910 pecs

676 1949 912 1994 calorum
934 1980 948 2002 ,
978 1936 1074 1990 soli
1104 1934 1165 1990 St
1188 1936 1265 1989 uici
1304 1935 1417 1989 ausi
1444 1943 1567 1988 sunt
1594 1932 1865 2002 disputare
1884 1974 1899 1998 ,
1929 1941 2111 1987 cootm
2141 1950 2260 1986 om-

677 2046 798 2086 netn
829 2045 1042 2083 sensum
1071 2028 1281 2097 generis
1307 2025 1522 2081 lmtnani
1549 2044 1561 2079 :
1590 2040 1747 2095 quam
1770 2040 1954 2080 eorum
1976 2026 2259 2080 vanitatem

676 2125 729 2179 itt
758 2123 1037 2178 Joviniano
1084 2121 1174 2174 illo
1217 2119 1307 2190 qui
1345 2119 1395 2174 in
1439 2118 1538 2174 hac
1579 2120 1841 2174 sententia
1879 2118 2088 2174 Stoicus
2123 2127 2258 2184 erat,

676 2217 729 2272 in
759 2214 1082 2285 aucupandis
1106 2224 1280 2267 autem
1311 2222 1365 2266 et
1388 2210 1727 2266 defensatnlis
1755 2211 2112 2281 voluptatibus
2142 2211 2263 2280 Epi-

675 2324 900 2373 cureus,
928 2307 994 2361 de
1020 2305 1310 2377 Seripturis
1336 2305 1534 2359 sanctis
1573 2304 1957 2360 dilucidissime
1985 2304 2261 2359 convicisli

679 2398 920 2473 (Hieron.
951 2396 1038 2451 lib.
1070 2396 1104 2449 9.
1131 2406 1264 2449 cont.
1308 2393 1526 2466 Jorin.)
1571 2394 1631 2449 In
1672 2412 1773 2466 qua
1821 2405 1907 2449 ttta
1949 2395 2263 2449 suavissima

677 2501 732 2546 et
777 2487 1182 2561 prmclarissima
1227 2485 1586 2555 disputatione
1630 2488 1759 2542 satis
1803 2486 2075 2541 evidenter
2104 2501 2265 2554 appa-

678 2585 807 2649 ruit,
838 2600 942 2637 non
972 2582 1231 2653 placuisse
1252 2581 1558 2636 auctoribus
1586 2582 1800 2644 nostris,
1833 2581 1913 2633 vel
1947 2580 2041 2650 ipsi
2067 2582 2261 2649 potius,

678 2691 797 2746 qum
825 2689 919 2744 per
960 2688 1052 2726 eos
1095 2672 1267 2727 locuta
1311 2679 1425 2736 est,
1475 2671 1721 2735 veritati,
1763 2672 1938 2725 omnia
1974 2672 2114 2741 paria
2146 2685 2265 2725 esse

679 2777 916 2837 peccata.
963 2763 1241 2833 Quomodo
1284 2773 1459 2818 autem
1489 2761 1600 2817 ﬁeri
1632 2763 1796 2833 possit
1840 2773 1897 2817 ιιι
1924 2762 2128 2817 etiamsi
2165 2763 2267 2819 hoc

678 2859 746 2914 de
783 2858 1064 2913 virtutibus
1110 2872 1290 2912 vcrmu
1335 2865 1449 2921 est,
1501 2872 1605 2910 non
1654 2866 1829 2911 tamen
1873 2856 1991 2911 ideo
2016 2873 2266 2927 cogamur

681 2950 838 3007 fateri
888 2951 1243 3022 a‘qttalimtcm
1289 2948 1527 3004 omnium
1584 2959 1958 3019 peccatorum,
2010 2960 2263 3018 quantum

683 3058 897 3115 possum
920 3084 935 3104 .
986 3042 1269 3110 adjuvanle
1315 3040 1538 3094 Domino
1572 3040 1782 3108 aperire
1811 3039 2045 3093 conabor
2079 3056 2091 3091 :
2125 3038 2264 3109 quod

682 3135 727 3190 si
757 3135 1022 3198 effecero,
1062 3131 1421 3202 approbabis;
1471 3130 1558 3185 ubi
1584 3146 1711 3185 vero
1731 3144 1906 3185 causm
1932 3129 2171 3192 defucro,
2211 3139 2266 3182 tu

684 3226 972 3296 supplebis.

756 3318 807 3372 5.
840 3316 999 3371 Certe
1034 3314 1157 3370 hinc
1185 3314 1539 3382 rersuadent,
1584 3317 1671 3386 qui
1704 3330 1864 3369 ttnam
1894 3313 2139 3367 virtutem
2169 3312 2266 3367 ha—

685 3407 852 3464 buerit
874 3407 1071 3461 habere
1092 3420 1296 3469 omnes,
1318 3414 1371 3459 et
1385 3419 1571 3459 omnes
1590 3405 1774 3459 deesse
1794 3403 1879 3459 cui
1902 3420 2000 3457 una
2021 3402 2266 3469 defuerit,

685 3500 825 3572 quod
859 3497 1135 3569 prudentia
1164 3538 1178 3563 ,
1211 3512 1310 3552 nec
1336 3498 1553 3567 ignava,
1586 3511 1685 3551 nec
1712 3496 1927 3564 injusta,
1957 3510 2053 3549 nec
2080 3495 2272 3549 intell-

686 3608 884 3665 pereas
931 3599 1119 3661 potest
1150 3605 1272 3645 esse
1300 3607 1313 3643 :
1342 3605 1461 3643 nam
1511 3589 1569 3643 si
1600 3588 1799 3658 aliquid
1853 3590 2040 3641 horum
2087 3587 2267 3650 fuerit,

687 3683 967 3755 prudentia
994 3698 1098 3736 tton
1124 3683 1245 3735 erit.
1277 3682 1442 3735 l'orro
1467 3682 1509 3734 si
1538 3679 1816 3749 prudentia
1848 3688 1971 3733 tunc
1990 3680 2119 3742 erit,
2151 3678 2194 3732 si
2216 3686 2273 3732 et

689 3775 843 3829 fortis
866 3816 880 3839 ,
910 3785 964 3828 et
987 3773 1149 3843 justa,
1178 3783 1232 3828 et
1263 3781 1567 3841 temperans
1595 3772 1684 3837 sit,
1714 3771 1950 3840 profecto
1978 3769 2063 3823 ubi
2092 3768 2268 3832 fuerit,

689 3881 869 3922 secum
903 3866 1061 3920 habet
1085 3875 1326 3919 cmtems.
1354 3863 1443 3919 Sic
1462 3872 1515 3918 et
1544 3862 1794 3917 fortitudo
1822 3861 2129 3933 imprudens
2152 3876 2272 3915 esse

690 3973 796 4015 non
834 3965 1044 4028 potest,
1086 3956 1169 4010 vel
1210 3956 1567 4025 intemperans
1591 3995 1606 4020 ,
1653 3953 1736 4008 vel
1769 3954 1959 4020 injusta
1992 3972 2004 4008 :
2031 3954 2109 4007 sic
2136 3963 2269 4007 letn‘

690 4048 928 4121 perantia
972 4062 1191 4102 necesse
1217 4058 1297 4101 est
1320 4057 1375 4100 ut
1402 4046 1652 4117 prudens,
1698 4046 1881 4111 fortis,
1910 4054 1962 4100 ct
1986 4046 2125 4114 justa
2156 4045 2225 4099 sit
2253 4060 2268 4098 :

690 4142 767 4196 sic
791 4141 994 4210 justitia
1019 4156 1123 4194 non
1149 4147 1251 4204 est,
1300 4137 1400 4192 nisi
1435 4138 1502 4191 sit
1530 4137 1763 4207 prudens
1788 4177 1800 4199 ,
1839 4136 1990 4191 fortis
2009 4179 2023 4201 ,
2051 4146 2105 4191 et
2132 4146 2268 4191 tem-

691 4247 903 4303 perans.
933 4230 1007 4285 Ita
1027 4232 1114 4285 ubi
1142 4246 1266 4286 vera
1288 4238 1369 4283 est
1390 4230 1563 4300 aliqua
1581 4245 1785 4293 earum,
1815 4239 1868 4283 ct
1888 4228 2005 4282 alia:
2029 4228 2275 4282 similiter

694 4334 818 4377 sunt
841 4339 855 4385 ;
886 4322 971 4376 ubi
998 4332 1173 4376 autem
1194 4321 1309 4375 ali.e
1326 4322 1535 4382 desunt,
1556 4336 1679 4375 vera
1709 4320 1795 4373 illa
1815 4329 2038 4386 nonest,
2065 4318 2274 4373 etiatnsi

693 4414 869 4483 aliquo
899 4412 1055 4465 modo
1082 4411 1269 4465 similis
1296 4427 1417 4466 esse
1443 4411 1698 4465 videatur.

765 4504 817 4558 6.
850 4503 983 4558 Sunt
1022 4503 1204 4565 enim,
1246 4511 1301 4556 ut
1350 4503 1491 4568 scis,
1541 4502 1781 4571 quu‘dam
1826 4503 1949 4556 vitia
1995 4503 2273 4558 virtutibus

695 4604 876 4667 aperta
896 4592 1216 4648 discretione
1244 4592 1529 4657 contraria,
1560 4600 1617 4646 ut
1659 4592 2009 4662 imprudentia
2040 4595 2272 4663 pruden-

694 4688 804 4742 ti;e.
831 4685 969 4741 Sunt
992 4692 1167 4739 autem
1189 4682 1429 4753 qua-dam
1457 4690 1654 4737 tantum
1680 4684 1801 4753 quia
1833 4684 1953 4739 vitia
1981 4694 2124 4750 sunt,
2154 4685 2274 4741 ideo

693 4777 959 4835 contraria
985 4816 1000 4841 ,
1045 4776 1271 4847 quadam
1315 4784 1491 4831 tamen
1539 4777 1718 4847 specie
1752 4777 1921 4833 fallaci
1949 4779 2177 4845 similia,
2220 4792 2276 4836 ttt

695 4871 868 4928 eidem
896 4869 1208 4941 prudentiae,
1242 4885 1346 4923 non
1375 4868 1743 4938 imprudentia,
1772 4870 1866 4925 Sed
1892 4872 2103 4926 astutia.
2127 4872 2277 4928 Nunc

696 4961 838 5017 enim
871 4977 989 5016 eam
1018 4960 1141 5014 dico
1167 4959 1449 5023 astutiam,
1496 4975 1614 5029 qua:
1654 4960 1897 5015 usitatius
1924 4962 1973 5014 in
1998 4962 2277 5017 malitiosis

698 5051 916 5121 intelligi
946 5060 1000 5105 et
1028 5050 1204 5105 vorari
1236 5050 1397 5116 solet;
1444 5067 1548 5104 non
1578 5052 1712 5105 sicut
1740 5063 1917 5105 nostra
1958 5053 2098 5123 loqui
2128 5054 2275 5108 Scri-

698 5152 853 5213 ptura
888 5142 1191 5204 consuevit,
1223 5158 1341 5211 qua:
1371 5156 1513 5210 smpc
1546 5143 1791 5196 astuziam
1830 5143 1882 5196 in
1924 5144 2063 5197 bono
2093 5145 2275 5213 ponit:

698 5234 863 5299 unde,
889 5232 1060 5287 Estotc
1083 5235 1233 5287 astuti
1254 5243 1307 5288 ut
1324 5244 1579 5305 serpentes
1601 5232 1811 5303 (Matth.
1837 5252 1890 5299 ι,
1919 5234 2004 5304 16)
2022 5252 2034 5299 ;
2053 5245 2104 5289 et
2128 5235 2272 5301 illud,

702 5328 770 5386 Ut
792 5340 838 5383 et
864 5327 1205 5383 innocentibus
1229 5327 1309 5381 det
1329 5329 1567 5382 astutiam
1592 5326 1770 5398 (Prov.
1790 5346 1827 5395 I,
1859 5330 1936 5399 4).
1963 5330 2273 5401 Quanquam

697 5431 754 5478 et
779 5419 917 5492 apud
958 5419 1078 5473 illos
1122 5418 1375 5472 Romana:
1422 5420 1612 5489 lingute
1649 5419 2034 5476 disertissimus
2061 5423 2275 5488 dixerit,

700 5505 881 5577 Neque
904 5505 979 5560 illi
1007 5513 1173 5557 tamen
1192 5502 1259 5555 ad
1279 5504 1550 5557 cavendum
1573 5504 1741 5570 dolus,
1768 5514 1853 5558 aut
1873 5506 2057 5559 astutia
2077 5508 2280 5560 deerant

702 5597 969 5672 (Sallust.,
988 5596 1052 5649 de
1070 5593 1213 5649 Bello
1234 5592 1465 5668 Catii'in.)
1480 5635 1496 5661 ,
1524 5595 1769 5650 astutiam
1792 5610 1993 5664 ponens
2020 5597 2071 5650 in
2099 5597 2238 5652 bono
2263 5614 2276 5651 :

704 5690 796 5744 sed
829 5687 963 5757 apud
1005 5687 1122 5742 illos
1152 5686 1513 5750 rarissimum,
1544 5688 1680 5757 apud
1715 5697 1925 5743 nostros
1960 5687 2280 5760 frequentis-

706 5781 900 5833 simum
935 5788 1038 5834 e.~t.
1078 5779 1314 5852 Itemque
1336 5782 1386 5835 in
1416 5783 1653 5853 partibus
1680 5785 2040 5853 temperantia?
2063 5825 2079 5851 ,
2123 5801 2280 5855 aper-

706 5873 913 5929 tissime
956 5874 1222 5931 contraria
1258 5887 1341 5935 cst
1380 5879 1569 5934 cll'usio
1617 5881 1956 5949 parcituonie
1997 5900 2009 5938 :
2048 5899 2107 5938 ca
2158 5897 2284 5938 vero

1897 438 1955 495 Β.
1994 438 2359 498 ΑυσυδτιΝι
2397 438 2705 497 EPISCOPI
3794 458 3872 521 τεο

2358 572 2476 628 qua:
2506 558 2762 613 tenacitas
2806 558 2910 615 dici
2953 559 3112 629 vulgo
3148 559 3324 627 solet,
3366 562 3548 626 vitium
3576 568 3765 638 quidem
3787 588 3867 643 est,

2361 658 2535 705 tamen
2558 650 2844 720 parcitnoni
2865 670 2893 703 ιι
2914 652 3105 715 simile,
3130 668 3235 707 non
3258 665 3465 723 natura,
3486 659 3575 713 sed
3600 662 3869 723 fallacissima

2359 740 2556 810 specie.
2601 740 2729 796 Item
2767 741 3198 798 dissimilitudine
3243 747 3512 803 manifesta
3551 755 3781 809 contraria
3812 769 3873 814 est

2361 832 2615 902 injustitia
2643 834 2862 903 justitize
2891 851 2905 888 :
2934 835 3069 889 solet
3094 846 3270 891 autem
3293 840 3443 908 quasi
3470 838 3649 896 imitari
3669 846 3870 911 justitiam

2362 924 2665 980 vindicandi
2698 942 2756 979 se
2784 925 2945 979 libido
2968 967 2983 989 ,
3015 927 3107 980 sed
3134 928 3316 983 vitium
3347 939 3448 983 est.
3496 930 3685 1001 Ignavia
3717 936 3873 995 fortitu-

2362 1016 2472 1071 dini
2519 1016 2795 1085 perspictte.
2824 1018 3086 1071 contraria
3114 1027 3196 1073 est
3228 1037 3240 1071 :
3271 1020 3463 1075 duritia
3494 1039 3614 1077 vero
3642 1027 3777 1085 distat
3806 1049 3873 1086 ua.

2363 1115 2501 1173 tura,
2529 1106 2660 1160 fallit
2685 1106 3045 1161 similitudine.
3072 1106 3401 1175 Constantia,
3432 1128 3551 1181 pars
3567 1118 3776 1184 qnzrdam
3800 1123 3876 1175 vir.

2364 1198 2488 1251 tutis
2516 1207 2632 1261 est;
2682 1196 2750 1249 ab
2796 1196 2912 1258 hac,
2967 1198 3317 1254 inconstantia
3367 1202 3519 1273 longe
3565 1206 3809 1273 abhorret,
3839 1226 3877 1267 et

2364 1287 2577 1342 indubia
2624 1288 2949 1343 cootrasistit
2981 1307 2995 1343 :
3028 1292 3321 1361 pertinacia
3352 1309 3479 1347 vero
3520 1303 3777 1352 constan'ia
3802 1302 3876 1357 dici

2364 1379 2614 1447 affectat,
2648 1390 2700 1433 et
2726 1396 2830 1435 nou
2860 1392 2978 1447 est;
3020 1384 3142 1452 quia
3176 1384 3258 1437 illa
3281 1396 3365 1440 est
3389 1386 3572 1447 virtus.
3605 1389 3693 1445 hoc
3720 1392 3875 1449 vitium.

2434 1470 2486 1523 7.
2523 1470 2586 1525 Ut
2625 1485 2753 1542 ergo
2792 1488 2896 1527 non
2939 1473 3127 1528 iterum
3170 1475 3359 1530 eadem
3403 1492 3785 1537 commemorare
3814 1494 3879 1539 ue-

2363 1575 2512 1617 ce~se
2542 1562 2605 1615 sit
2628 1603 2643 1628 ,
2672 1564 2899 1630 exempli
2932 1566 3097 1635 gratia
3131 1582 3389 1631 ponamus
3416 1568 3483 1622 ali
3507 1570 3605 1635 χιιὶιί
3635 1573 3751 1626 ιιιιιιιι
3789 1590 3878 1643 pos-

2364 1652 2471 1706 sint
2493 1663 2682 1707 rudera
2732 1655 2967 1725 intelligi.
3009 1656 3272 1722 Catilina,
3304 1670 3358 1713 ιιι
3385 1661 3452 1714 de
3498 1662 3586 1716 ilio
3623 1668 3878 1733 scr'pscruut

2364 1745 2452 1815 qui
2481 1762 2636 1801 no-sc
2680 1758 2997 1818 potuerunt,
3026 1749 3219 1821 frigus,
3249 1752 3392 1806 sitim
3414 1795 3429 1815 ,
3468 1752 3649 1809 fantem
3679 1759 3789 1812 fern:
3812 1777 3877 1825 ro-

2367 1848 2533 1903 tcrat,
2556 1850 2775 1910 eratque
2806 1842 3013 1910 patiens
3036 1842 3227 1897 inedia:
3245 1885 3260 1906 ,
3288 1844 3485 1914 algoris
3503 1887 3517 1907 ,
3545 1847 3740 1915 vigiliw,
3763 1865 3877 1917 supra

2364 1948 2522 2003 quam
2550 1934 2794 2002 cuiquam
2819 1934 3073 1990 credibile
3099 1944 3202 2001 est,
3230 1951 3295 1989 ac
3326 1953 3419 2003 per
3448 1937 3546 1992 hoc
3572 1947 3621 1993 et
3646 1940 3878 1995 sibietsuis

2366 2040 2551 2088 magna
2599 2024 2850 2093 praeditus
2895 2024 3199 2080 fortitudine
3262 2027 3539 2082 \idelzatur
3582 2030 3598 2091 ί
3620 2028 3879 2097 Sallust.,de

2366 2113 2511 2171 Bello
2551 2114 2807 2181 Catilin.).
2835 2116 2938 2171 Sed
2974 2118 3090 2170 lta-c
3121 2118 3378 2172 fortitudo
3405 2120 3626 2188 prodens
3651 2137 3740 2176 non
3771 2133 3874 2184 erat;

2367 2208 2503 2262 mala
2531 2208 2673 2261 enim
2707 2224 2802 2277 pro
2830 2210 2981 2264 lmuis
3024 2210 3291 2276 eligebat:
3327 2222 3623 2279 temperans
3648 2229 3735 2266 non
3770 2224 3875 2278 erat;

2367 2299 2683 2370 corruptelis
2724 2300 2863 2353 enim
2909 2300 3230 2366 turpissimis
3272 2301 3568 2356 fmdibatur
3620 2303 3773 2371 :iusta
3805 2321 3875 2359 non

2368 2403 2514 2455 crat;
2552 2408 2671 2445 nam
2702 2404 2884 2446 contra
2917 2393 3139 2461 patriam
3166 2398 3554 2459 conjuraverat.
3599 2397 3653 2450 Et
3693 2396 3788 2450 ideo
3811 2413 3878 2452 nec

2369 2482 2624 2538 fortitudo
2651 2494 2798 2547 erat;
2851 2484 2943 2538 sed
2972 2484 3165 2539 duritia
3205 2485 3347 2552 sibi,
3393 2496 3444 2540 ut
3491 2490 3667 2542 stultos
3703 2487 3875 2555 falleret,

2370 2592 2564 2631 nomen
2607 2576 2931 2631 fortitudinis
2961 2577 3269 2647 imponebat
3314 2596 3328 2633 :
3363 2595 3483 2632 nam
3514 2579 3555 2632 si
3586 2579 3799 2633 fortitudo
3819 2595 3879 2634 es-

2370 2677 2482 2729 set.
2528 2683 2629 2720 n-m
2670 2667 2881 2729 vitium,
2932 2667 3026 2721 sed
3074 2667 3240 2721 virtus
3277 2678 3463 2732 esset;
3495 2668 3538 2723 si
3578 2679 3731 2723 autem
3764 2669 3879 2723 virtus

2369 2768 2539 2821 esset,
2570 2773 2597 2809 a
2641 2758 2849 2812 eat-teris
2894 2758 3176 2812 virtutibus
3222 2769 3478 2829 tanquam
3526 2759 3879 2830 inscparabililm

2369 2848 2649 2903 Cumilibus
2678 2865 2944 2916 nunquant
2972 2849 3392 2919 relinqueretur.

2441 2940 2490 2993 8.
2526 2939 2859 3009 Quapropter
2885 2940 3012 2994 dum
3043 2941 3299 3010 quaeritur
3332 2942 3491 2996 etiam
3516 2940 3580 2996 de
3614 2941 3735 2996 vitiis
3755 2949 3877 2994 utrum

2371 3031 2482 3099 ipsa
2522 3032 2764 3085 similiter
2791 3032 2967 3086 omnia
3014 3033 3155 3093 sint.
3199 3032 3285 3087 ttbi
3339 3050 3499 3088 tmnm
3535 3034 3657 3098 erit;
3685 3043 3758 3086 aut
3779 3032 3879 3086 nulla

2371 3122 2473 3177 sint
2495 3164 2509 3184 ,
2533 3122 2619 3174 ubi
2645 3139 2806 3175 ttntttn
2836 3138 2940 3176 non
2966 3124 3104 3187 erit;
3135 3125 3465 3179 laboriosum
3486 3136 3562 3180 est
3588 3124 3632 3178 id
3650 3122 3879 3186 ostendere.

2371 3224 2651 3283 propterea
2678 3215 2796 3283 quia
2830 3215 2917 3268 ιιιιί
2946 3215 3123 3269 virtuti
3150 3216 3255 3269 duo
3286 3218 3419 3271 vitia
3450 3216 3633 3286 opponi
3656 3214 3823 3276 solent,
3844 3224 3883 3266 et

2372 3306 2511 3374 quod
2550 3315 2733 3374 aperte
2769 3308 3091 3361 contrarium
3119 3316 3196 3360 est
3220 3349 3234 3371 ,
3266 3318 3330 3363 el
3354 3308 3492 3378 quod
3519 3309 3677 3379 specie
3698 3306 3882 3359 similitu-

2372 3396 2511 3451 dinis
2535 3397 2897 3450 aduntbratur.
2927 3395 3077 3452 Unde
3105 3398 3189 3452 illa
3219 3397 3470 3453 Catilinae
3500 3401 3536 3463 ',
3564 3400 3670 3469 quia
3695 3394 3883 3451 fortitudo

2376 3503 2481 3542 non
2520 3496 2667 3551 erat,
2711 3504 2829 3557 qua:
2855 3497 3029 3547 esset.
3060 3504 3182 3542 cum
3224 3503 3415 3545 secum
3445 3490 3649 3544 virtutes
3670 3488 3771 3542 alias
3804 3498 3881 3537 non

2376 3578 2603 3631 habebat
2622 3620 2637 3642 ,
2666 3578 2782 3632 facil
2808 3594 2868 3632 us
2901 3578 3177 3635 videbatur
3197 3598 3209 3634 :
3228 3582 3379 3649 quod
3406 3597 3532 3636 vero
3556 3579 3728 3650 ignavia
3750 3574 3878 3638 fuerit,

2376 3670 2462 3723 ttbi
2493 3670 2798 3724 exercitatio
2817 3672 3076 3739 quaslibet
3109 3671 3457 3740 gravissimas
3484 3674 3725 3728 molestias
3746 3680 3881 3738 ιιι-φο·

2377 3763 2542 3818 tiettdi
2573 3772 2731 3833 atque
2770 3763 3064 3827 tolerandi,
3110 3780 3265 3830 supra
3296 3780 3465 3834 quam
3510 3764 3725 3831 cuiquam
3757 3756 3879 3813 credi-

2378 3853 2481 3908 bile
2504 3862 2619 3919 est,
2662 3853 2785 3914 fuit.
2814 3869 2954 3923 :cgre
2980 3854 3285 3923 persuaderi
3323 3864 3517 3925 potest.
3545 3856 3638 3911 Sed
3662 3854 3771 3907 forte
3790 3864 3879 3903 aca-

2377 3946 2482 4000 titts
2526 3946 2882 4010 intuentibus,
2926 3947 3130 4016 ignavia
3167 3958 3393 4016 apparet
3436 3949 3542 4017 ipsa
3583 3946 3766 4003 duritia;
3793 3940 3878 4010 quia

2378 4037 2615 4092 laborem
2660 4038 2919 4092 bonorum
2965 4038 3260 4091 studiorum
3290 4038 3491 4109 quibus
3517 4054 3629 4094 vera
3663 4033 3881 4102 acquiritur

2378 4128 2663 4192 fortitudo,
2694 4127 3017 4197 neglexerat.
3046 4127 3424 4183 \‘erutntatnen
3446 4130 3561 4199 quia
3586 4136 3695 4181 sunt
3712 4122 3880 4179 audaces

2378 4222 2466 4289 qui
2497 4220 2660 4274 timidi
2688 4236 2790 4273 non
2813 4232 2929 4275 sunt
2950 4262 2965 4285 ,
2994 4230 3041 4275 et
3073 4235 3258 4274 rursus
3285 4220 3460 4276 timidi
3485 4221 3661 4291 quibus
3681 4217 3879 4271 abestnu-

2379 4311 2523 4365 dacia
2545 4352 2559 4375 ,
2590 4327 2709 4365 cum
2737 4312 2806 4364 sit
2832 4320 3111 4379 utrumque
3138 4311 3362 4375 vilium;
3408 4311 3642 4381 quoniam
3684 4306 3757 4376 qui
3794 4314 3878 4354 ven

2380 4403 2573 4457 virtute
2602 4402 2752 4457 fortis
2786 4411 2902 4464 cst,
2931 4416 3027 4457 nec
3066 4411 3265 4456 temere
3303 4402 3503 4465 audet.
3548 4414 3636 4454 nec
3659 4390 3879 4453 inconsulte

2380 4495 2562 4553 timet;
2588 4493 2826 4563 cogimur
2852 4492 3001 4547 fateri
3035 4493 3161 4547 vitia
3186 4493 3340 4563 plura
3365 4507 3485 4549 esse
3509 4490 3768 4546 virtutibus.

2450 4585 2503 4640 9.
2542 4583 2691 4640 Unde
2731 4583 3016 4653 aliquando
3042 4583 3227 4637 vitium
3269 4584 3398 4638 vitio
3427 4583 3643 4647 tollitur;
3671 4588 3717 4633 ut
3748 4584 3878 4630 amore

2381 4674 2583 4740 laudis,
2610 4689 2762 4729 amor
2794 4675 3030 4744 pecunia:
3077 4691 3091 4728 :
3142 4674 3429 4744 aliquando
3471 4688 3623 4729 unum
3663 4668 3803 4728 cedit,
3838 4668 3879 4716 ιιι

2379 4767 2530 4837 plura
2573 4765 2891 4829 succedant;
2932 4764 3081 4819 velut
3117 4765 3206 4834 qui
3231 4763 3477 4819 ebriosus
3505 4760 3673 4825 fuerit,
3696 4761 3732 4813 si
3752 4751 3877 4812 modi-

2381 4874 2500 4913 cnm
2526 4856 2748 4922 biberit,
2777 4866 2830 4911 et
2869 4845 3206 4910 tetrag‘atem
3232 4862 3285 4909 et
3307 4855 3639 4909 ambitionem
3674 4844 3876 4922 didit-crit.

2383 4950 2608 5006 Possunt
2654 4949 2831 5018 itaque
2865 4946 2991 5001 vitia
3032 4946 3193 5001 etiam
3229 4944 3424 5001 cedere
3451 4944 3588 4999 vitiis
3623 4932 3878 4997 succedente

2380 5042 2478 5097 bus
2497 5081 2513 5105 ,
2545 5054 2648 5093 non
2677 5037 2991 5100 virtutibus;
3019 5045 3073 5091 et
3121 5036 3240 5091 ideo
3274 5036 3421 5105 plura
3453 5045 3589 5090 sunt.
3619 5031 3766 5086 Virtus
3787 5034 3875 5076 vero

2380 5149 2485 5202 quo
2514 5147 2613 5186 una
2644 5130 2877 5199 ingressa
2910 5128 3101 5194 fuerit,
3136 5129 3380 5198 quoniam
3409 5144 3580 5183 secum
3606 5113 3873 5179 ceterasdu-

2382 5227 2487 5290 cit,
2516 5223 2751 5294 profecto
2780 5222 2903 5277 vitia
2932 5222 3123 5277 cedent
3145 5222 3319 5276 omnia
3347 5232 3672 5290 qua-cumque
3692 5215 3873 5294 inerant:

2384 5333 2487 5370 non
2517 5314 2658 5369 enim
2681 5314 2855 5367 omnia
2886 5314 3125 5378 inerant,
3158 5312 3250 5366 sed
3274 5309 3552 5381 aliquando
3581 5304 3788 5361 totidem.
3808 5292 3875 5347 ali-

2384 5404 2594 5476 quando
2626 5404 2773 5472 plura
2800 5402 3138 5472 paucioribus
3159 5444 3174 5468 ,
3207 5402 3287 5456 vel
3314 5402 3551 5472 pauciora
3574 5393 3774 5468 pluribus
3795 5397 3875 5440 διιεο

2385 5494 2662 5551 cedebant.

2458 5583 2678 5641 CAPUT
2709 5581 2794 5636 111.
2816 5611 2885 5621 -
2906 5581 2991 5637 10.
3022 5580 3147 5637 Ha‘e
3172 5591 3347 5638 utrum
3374 5582 3444 5636 ita
3476 5595 3532 5636 se
3566 5562 3873 5632 habeant,dili-

2386 5680 2595 5749 gentins
2616 5672 2981 5745 inquirendum
3002 5681 3103 5728 est.
3131 5673 3245 5728 Non
3274 5673 3417 5730 enim
3437 5682 3490 5727 et
3517 5672 3604 5723 ista
3628 5664 3771 5719 divina
3792 5669 3873 5708 sc"-

2390 5773 2549 5827 tentia
2596 5780 2710 5835 est,
2745 5786 2847 5839 qua
2889 5769 3098 5831 dicitur,
3145 5768 3244 5833 Qui
3286 5784 3441 5825 unam
3486 5766 3701 5818 virtutem
3734 5754 3869 5810 habui.L

2458 5891 2472 5921 ί
2508 5894 2613 5939 uss.
2638 5887 2734 5938 duo
2756 5900 2769 5936 :
2799 5882 2887 5935 11kt
2920 5883 3137 5937 (utilium
3158 5884 3361 5944 duritia,
3384 5882 3491 5947 qui:
3508 5877 3721 5946 fartilem.
3744 5876 3817 5917 cl"-
