4004 6378
128 345 203 406 ιιι
1284 325 1700 387 EPISTOLARU

1811 326 2073 387 DLASSlS
2112 328 2194 386 ΙΙΙ.

130 478 205 528 nt,
227 474 401 515 omnes
428 456 622 518 habet;
646 453 801 523 eique
828 448 970 505 nulla
992 448 1148 511 inest.
1172 448 1258 503 cui
1281 462 1382 502 una
1408 448 1674 503 defuerit:

130 562 198 619 sed
223 556 509 615 hominibus
551 553 653 609 hoc
689 551 862 606 visum
892 557 971 602 est
991 589 1007 611 ,
1041 544 1265 601 multum
1292 541 1503 613 quidem
1534 540 1679 610 inge—

132 657 217 712 nim
234 669 289 717 s,
309 646 562 704 studiosis
584 687 599 710 ,
629 644 720 699 sed
748 652 925 697 tamen
949 638 1270 692 hominibus.
1302 636 1410 705 Ego
1436 649 1563 687 vero
1586 646 1679 686 ne-

128 749 214 805 scio
237 739 675 815 quemadmodum
715 737 925 798 dicam,
975 748 1079 787 non
1128 729 1252 785 dico
1278 729 1449 782 virum
1472 770 1486 793 ,
1514 742 1544 781 a
1576 741 1681 796 quo

131 838 419 895 denominata
462 832 656 886 dicitur
698 828 866 883 virtus
886 866 900 884 .
944 824 1038 880 sed
1068 824 1227 878 etiam
1260 821 1535 875 mulieri-tu
1564 833 1683 888 qtae

134 936 217 987 vim
239 945 327 981 suo
350 934 525 981 servat
556 924 655 977 tori
688 922 843 976 tidem
865 962 877 983 ,
906 919 950 971 si
984 917 1085 971 hoc
1114 914 1267 968 faciat
1300 921 1514 981 propter
1545 925 1682 979 prte-

133 1035 299 1096 repttun
327 1030 379 1077 et
407 1019 726 1090 promissum
751 1013 879 1078 Dei,
906 1012 1063 1081 eique
1090 1010 1105 1041 ¹
1138 1007 1380 1079 primitus
1399 1005 1468 1059 sit
1489 1002 1682 1069 ﬁdelis,

135 1094 210 1173 non
252 1114 437 1168 habere
485 1108 827 1181 pudicitiam,
868 1112 961 1158 aut
1007 1100 1309 1171 pudicitiam
1359 1097 1557 1151 nullam
1603 1094 1684 1149 vel

138 1222 309 1277 parvam
335 1218 453 1258 es~e
482 1202 728 1255 virtutem
756 1214 772 1259 ;
804 1198 880 1251 sic
919 1204 975 1250 et
1005 1194 1252 1248 maritum
1282 1190 1370 1259 qui
1405 1189 1504 1242 ltoe
1546 1187 1687 1244 idem

135 1296 440 1356 servatuxori
481 1312 495 1349 :
543 1302 596 1346 et
634 1301 808 1345 tamen
851 1296 975 1343 sunt
1024 1281 1233 1354 plurimi
1263 1282 1430 1345 tales,
1461 1292 1687 1348 quorum

136 1394 224 1449 siin:
245 1391 415 1460 aliquo
448 1395 667 1458 pix-cato
690 1399 809 1438 esse
836 1381 1102 1436 neminem
1127 1376 1353 1432 dixerim
1376 1417 1392 1439 ,
1418 1384 1473 1429 et
1509 1373 1691 1441 utique

135 1483 233 1539 illud
275 1479 654 1551 qualecumque
698 1482 971 1544 peccatum
1016 1485 1081 1524 ex
1124 1468 1302 1537 aliquo
1347 1465 1474 1519 vitio
1526 1462 1687 1518 venit.

135 1577 253 1635 Unde
276 1573 519 1645 pudicitia
542 1569 837 1638 cottjugalis
860 1566 911 1619 in
938 1564 1067 1618 viris
1090 1561 1403 1629 feminisque
1430 1555 1691 1627 religiosis

134 1686 227 1725 cuiu
255 1666 424 1737 procul
459 1664 628 1718 dubio
658 1661 823 1714 virtus
849 1658 954 1722 sit,
985 1672 1089 1710 non
1121 1654 1262 1708 enim
1292 1661 1380 1705 atit
1410 1650 1539 1705 nihil
1560 1692 1573 1710 .
1603 1658 1694 1705 aut

135 1762 283 1815 vitium
318 1767 432 1823 est,
463 1772 567 1810 non
611 1764 785 1807 tamen
815 1765 996 1805 secum
1041 1746 1197 1801 liabet
1222 1760 1408 1799 ιιιιιιιιξς
1448 1743 1689 1797 virtutes.

135 1853 238 1908 Nam
273 1853 313 1905 si
350 1864 540 1903 omnes
580 1846 648 1900 ibi
689 1851 898 1907 essent,
951 1840 1149 1895 titilltttii
1197 1844 1340 1891 esset
1384 1836 1604 1896 vnitnn;
1647 1832 1693 1886 si

138 1947 305 2002 nullum
335 1942 555 2002 vitium.
597 1937 797 1993 itttlluttt
828 1934 1048 1988 omnino
1076 1939 1347 2001 peccatum
1389 1945 1401 1980 :
1443 1928 1563 1996 quis
1599 1940 1695 1978 au-

137 2049 222 2093 tem
246 2037 350 2091 sine
377 2034 559 2104 aliqtio
586 2027 844 2100 peceato?
871 2026 990 2095 quis
1020 2039 1147 2091 ergo
1176 2021 1291 2075 sine
1318 2020 1493 2089 atquo
1529 2016 1658 2071 vitio
1676 2057 1692 2081 ,

138 2129 175 2183 id
196 2142 267 2183 est
291 2125 470 2179 fomite
494 2120 757 2193 qundam,
795 2118 874 2172 vel
911 2114 1060 2185 quasi
1103 2112 1279 2168 radice
1309 2109 1543 2181 peccati,
1575 2122 1695 2161 cum

138 2219 302 2275 clamet
321 2216 407 2287 qui
434 2229 593 2283 supra
616 2220 801 2283 pectus
833 2205 1039 2261 Domini
1074 2203 1412 2258 recumbebat
1434 2240 1448 2259 .
1472 2200 1529 2254 Si
1555 2199 1695 2251 dixe-

138 2312 269 2365 rimus
300 2308 413 2377 quia
462 2314 720 2376 peccatum
764 2316 865 2354 non
903 2296 1141 2351 habeums
1162 2337 1176 2360 ,
1209 2311 1299 2348 nos
1328 2295 1464 2362 ipsos
1505 2289 1696 2358 decipi-

139 2419 261 2463 mus.
286 2411 328 2454 et
350 2408 531 2454 veritas
557 2396 608 2448 in
636 2392 776 2447 nobis
800 2406 898 2444 non
924 2398 993 2444 cst
1021 2387 1066 2457 (l
1091 2385 1249 2440 Joau.
1288 2385 1311 2439 t
1338 2424 1354 2450 ,
1389 2382 1484 2452 8)?
1520 2380 1698 2450 Neque

140 2495 226 2550 huc
256 2493 384 2562 apud
431 2502 483 2546 te
522 2488 721 2542 diutius
746 2482 1008 2555 agendum
1040 2488 1156 2540 est;
1186 2477 1278 2532 sed
1328 2485 1541 2546 propter
1564 2473 1699 2526 alios

139 2589 212 2659 qui
240 2587 363 2641 forte
389 2586 487 2638 hoc
520 2581 776 2651 legerint,
802 2576 942 2631 dico.
964 2573 1096 2629 Nam
1121 2582 1174 2625 ιιι
1198 2570 1408 2640 quidem
1438 2568 1487 2620 in
1508 2565 1697 2620 eodem

140 2681 241 2750 ipsi
256 2694 406 2749 opere
432 2673 711 2746 Splendida
740 2679 922 2724 contra
938 2665 1273 2720 Joviniainnn
1295 2660 1428 2732 (Lib.
1455 2658 1512 2730 ιι)
1540 2669 1698 2711 etiam

140 2772 225 2826 line
236 2771 295 2825 tle
315 2765 602 2838 Seriptnris
620 2763 818 2819 sant-tis
833 2760 885 2814 di
912 2760 1116 2829 igenter
1134 2753 1370 2826 probasti
1393 2770 1405 2805 :
1427 2752 1512 2805 ubi
1539 2751 1698 2805 etiam

140 2880 187 2920 ex
228 2876 321 2918 ttae
348 2863 456 2930 ipsa
498 2858 731 2931 Epistula
753 2896 767 2919 ,
796 2853 947 2922 cujus
975 2850 1131 2906 verba
1161 2856 1286 2903 suist
1311 2860 1533 2916 quorum
1562 2858 1701 2896 nunc

142 2959 432 3013 intellectum
476 2952 821 3023 requirimus,
865 2944 1083 3016 posuisti
1125 2942 1263 3011 quod
1305 2941 1556 3009 scriptum
1588 2946 1696 3002 est,

142 3049 378 3104 [munitis
404 3046 536 3100 enim
560 3042 862 3111 olfendimus
891 3053 1061 3092 omnes
1106 3034 1307 3106 (Jacobi
1348 3048 1437 3088 ιιι.
1477 3032 1556 3101 2).
1586 3029 1700 3083 Non

142 3158 257 3197 enim
283 3143 381 3201 ait,
411 3136 689 3192 Oll'enddis
708 3176 723 3197 ,
750 3134 843 3187 sed
875 3130 1179 3197 o/I'ettdinttts
1198 3170 1212 3193 ,
1254 3144 1373 3180 etnn
1397 3124 1592 3179 Christi
1620 3124 1701 3177 lu-

142 3244 363 3301 qtteretur
387 3228 659 3300 apostolus
692 3244 704 3278 :
738 3236 787 3277 et
816 3238 936 3277 cuin
969 3222 1069 3273 hoc
1097 3221 1213 3273 loeti
1253 3217 1426 3280 dicat,
1458 3216 1701 3280 Quicum-

144 3343 217 3395 que
252 3340 415 3377 autem
457 3331 613 3374 totum
658 3318 813 3388 legem
855 3313 1117 3369 servarem
1138 3352 1151 3370 .
1195 3308 1274 3377 οΙΪ
1298 3309 1418 3361 nda'.
1447 3318 1614 3359 autem
1649 3305 1701 3358 in

145 3434 253 3478 lito,
280 3422 441 3487 factus
480 3423 549 3467 est
575 3413 796 3463 omnium
835 3423 986 3468 rcus;
1020 3405 1087 3458 ibi
1120 3420 1223 3456 non
1259 3404 1309 3455 in
1354 3418 1458 3454 uno
1481 3442 1494 3463 ,
1531 3399 1623 3455 sed
1648 3399 1703 3453 in

145 3513 324 3572 multis;
350 3524 449 3564 nec
474 3505 729 3577 quosdam
752 3544 767 3569 ,
799 3500 891 3556 scd
918 3515 1089 3553 omnes
1108 3497 1237 3551 dicit
1261 3494 1548 3550 t.ll'endere.

204 3603 281 3656 ll.
315 3600 467 3655 Absit
495 3607 670 3651 autem
716 3605 772 3649 ut
817 3594 1093 3663 quisquam
1127 3589 1295 3643 litlclis
1318 3587 1585 3642 existimet
1628 3596 1705 3639 tot

147 3694 282 3747 millia
311 3704 588 3747 Servornm
629 3687 825 3743 Christi
851 3726 866 3746 ,
896 3684 987 3755 qui
1031 3683 1288 3737 veraciter
1312 3682 1495 3736 dicunt
1521 3696 1579 3734 se
1607 3678 1702 3732 lia-

150 3786 250 3843 bere
271 3796 540 3857 ιιριιεςιιιιιιι
560 3824 575 3847 ,
605 3796 669 3836 ne
694 3780 900 3850 s-tipsos
927 3776 1225 3846 decipiant,
1253 3785 1307 3830 ct
1335 3774 1527 3829 veritas
1554 3773 1605 3826 in
1626 3772 1705 3827 eis

149 3895 230 3932 non
262 3879 357 3943 sit,
391 3876 587 3931 nullam
621 3874 814 3929 habere
844 3872 1124 3933 virtutem,
1157 3884 1278 3922 eum
1318 3868 1484 3920 virtus
1516 3880 1703 3934 magna

148 3973 201 4025 sit
234 3970 528 4041 sapientia:
563 3967 688 4020 dixit
727 3973 902 4018 autem
927 4004 942 4025 ,
985 3962 1093 4030 ipsa
1139 3959 1427 4029 sapientia,
1479 3957 1701 4022 homini,

151 4062 257 4120 Ecce
284 4066 437 4136 pietas
483 4072 552 4116 est
591 4059 839 4130 sapientia
867 4055 988 4128 (Job
1021 4070 1220 4112 xxvni.
1249 4051 1347 4115 28,
1376 4068 1475 4105 sec.
1509 4049 1701 4120 LXX).

150 4158 275 4210 Absit
300 4172 423 4227 ergo
446 4166 501 4209 ut
532 4154 772 4209 dicamus
803 4158 880 4205 tot
904 4163 967 4203 ac
988 4156 1163 4201 tantos
1185 4145 1367 4199 lideles
1390 4155 1441 4198 et
1478 4143 1592 4212 pios
1613 4144 1707 4194 lio-

150 4249 295 4303 iniues
338 4250 429 4303 Dei
474 4263 578 4300 non
628 4244 822 4297 habere
870 4240 1153 4310 pietatem,
1198 4251 1357 4306 quam
1405 4232 1579 4288 (irasci
1623 4232 1705 4287 vel

150 4346 352 4397 testeum
371 4385 387 4407 ,
420 4340 504 4395 vel
545 4335 851 4408 expressius
872 4343 927 4388 et
960 4334 1166 4403 plenius
1196 4337 1448 4382 οωιιξειιαν
1479 4336 1665 4380 vocant
1691 4343 1703 4378 :

152 4435 255 4504 quid
279 4444 448 4488 autem
488 4440 571 4487 est
612 4430 811 4500 pietas.
855 4425 955 4479 nisi
1000 4422 1089 4476 Dei
1120 4420 1332 4476 cultus?
1374 4429 1428 4473 et
1454 4417 1592 4473 unde
1623 4416 1710 4472 ille

152 4529 332 4592 colitur,
363 4526 463 4582 nisi
493 4520 791 4579 charitate?
821 4516 1061 4573 (Ibat-itas
1091 4515 1248 4585 igitur
1281 4513 1349 4567 de
1375 4513 1535 4567 corde
1579 4525 1710 4580 puro

152 4628 200 4675 et
222 4621 529 4678 conscientia
573 4618 708 4671 bona
747 4622 802 4668 et
843 4611 946 4666 tlde
973 4625 1079 4665 non
1107 4610 1255 4673 licia,
1294 4621 1479 4676 magna
1511 4614 1564 4659 et
1588 4620 1710 4659 vera

154 4714 295 4768 virtus
322 4724 401 4769 est
423 4754 439 4776 ,
469 4711 589 4781 quia
622 4709 734 4779 ip-a
777 4714 859 4759 est
903 4713 957 4758 et
989 4701 1108 4755 linis
1140 4699 1385 4769 praecepti
1417 4696 1460 4769 (l
1487 4696 1615 4750 Tim.
1643 4698 1667 4751 1
1693 4738 1709 4762 ,

153 4806 216 4873 ‘3).
254 4808 429 4863 llerito
454 4803 591 4859 dicta
622 4800 872 4871 estfortis
908 4798 1035 4853 sicut
1076 4810 1209 4848 mors
1235 4791 1403 4863 (Cant.
1442 4806 1531 4845 vni
1553 4831 1566 4853 ,
1608 4790 1663 4858 6)
1697 4807 1709 4842 :

156 4901 251 4953 site
270 4899 381 4970 qui-t
427 4913 584 4952 nemo
620 4911 737 4949 eam
776 4890 935 4945 vincit
956 4931 973 4955 ,
1002 4888 1138 4943 sicut
1167 4895 1428 4946 mortem;
1457 4884 1569 4936 sive
1593 4881 1714 4951 quia

160 4992 173 5046 i
240 4993 268 5044 lt
298 5010 323 5046 c
349 4993 453 5047 vita
482 5004 647 5059 usque
672 4987 738 5042 ad
783 4993 1005 5040 mortem
1032 4989 1115 5036 est
1142 4992 1386 5033 mensura
1413 4973 1714 5039 eltarita:is,

159 5085 276 5138 sicut
298 5085 549 5140 Dominus
580 5081 688 5140 ait;
723 5076 970 5143 Maiorem
1010 5075 1105 5126 hac
1138 5071 1431 5125 citaritatem
1460 5083 1603 5121 nemo
1626 5066 1719 5119 lia-

159 5177 257 5240 bet,
278 5194 418 5246 quam
457 5184 508 5229 ut
546 5174 766 5227 animam
794 5185 937 5225 suum
976 5175 1130 5238 ponat
1160 5164 1271 5237 quis
1295 5180 1387 5233 pro
1416 5162 1592 5216 amicis
1616 5160 1720 5215 suis

160 5264 320 5337 (lanii.
348 5287 440 5331 xv,
477 5270 597 5335 l3);
627 5267 742 5320 sive
780 5263 974 5334 potius,
1005 5260 1125 5329 quia
1156 5260 1292 5315 sicut
1319 5273 1464 5312 mors
1491 5256 1720 5310 :mimam

160 5360 322 5415 avellit
342 5380 369 5416 a
401 5360 647 5417 sensibus
671 5357 883 5416 carnis,
915 5354 992 5408 sic
1028 5353 1259 5407 charitas
1285 5368 1311 5403 ιι
1345 5350 1723 5418 concupiscen-

164 5450 245 5509 liis
268 5450 578 5510 carnalibus.
612 5451 743 5506 lltiic
779 5448 1044 5502 snb~ervit
1066 5446 1285 5501 scicntia
1310 5486 1323 5509 ,
1352 5460 1473 5499 cum
1503 5452 1585 5498 est
1624 5443 1725 5497 uti-

165 5534 257 5607 lis:
295 5565 407 5604 nam
449 5548 567 5603 sine
613 5542 878 5611 illainllat
904 5541 947 5614 (l
979 5538 1095 5597 Cor.
1128 5555 1248 5607 viii,
1288 5539 1337 5609 Ι)
1370 5556 1383 5592 :
1427 5537 1565 5608 quod
1598 5550 1725 5591 vero

225 5702 239 5734 '
276 5704 398 5769 Fdd._,
418 5712 464 5769 et
486 5716 595 5769 qui?
615 5699 854 5769 n't'mitiis.
873 5697 964 5747 sed
988 5696 1164 5769 melius
1184 5693 1457 5769 διεξῆλθε).
1484 5699 1536 5769 οξ
1561 5692 1726 5769 tetigi

164 5774 300 5829 aqua
316 5758 522 5829 piutita}:
538 5779 554 5824 :
579 5758 674 5829 vel,
691 5766 758 5813 uti
783 5762 964 5813 habent
984 5759 1065 5811 alii
1088 5767 1191 5811 tres
1203 5767 1223 5805 ι
1236 5758 1367 5821 atic.,
1387 5761 1432 5807 ct
1455 5758 1536 5806 ι’ιὶ
1556 5758 1727 5825 primi}-

165 5826 241 5884 Μ
260 5826 503 5894 δὶίράειὶσ,
524 5827 709 5887 scilicet
728 5833 841 5883 Deo.

3271 326 3377 390 738

1785 446 1873 501 illa
1900 447 2212 503 :edilicaudo
2252 446 2586 515 impleverit,
2630 445 2759 500 nihil
2801 444 2871 501 ibi
2912 444 3011 499 ista
3040 446 3195 502 inane
3221 449 3368 519 quod

1788 540 1964 602 iutlet,
2002 541 2251 596 inveniet.
2298 540 2494 598 Utiletn
2540 556 2698 611 porro
2745 539 3017 595 scientiam
3067 538 3371 596 deliniendo

1788 633 2127 694 monstravit,
2162 632 2247 687 tibi
2287 649 2406 687 cum
2437 632 2688 696 dixisset,
2722 632 2848 687 Ecce
2886 634 3045 705 pietas
3073 644 3145 689 est
3169 635 3372 703 sapieno

1790 725 1896 788 tia;
1920 725 2173 779 continuo
2200 725 2470 794 Sttbjltltxll
2488 767 2501 789 ,
2532 727 2790 781 Abstinere
2809 743 2923 780 vero
2943 742 2975 779 a
3001 726 3178 792 malis,
3211 726 3377 782 scien-

1791 819 1860 871 tia
1883 827 1972 873 est.
2003 816 2111 872 Cur
2135 833 2263 887 ergo
2293 834 2395 872 non
2417 818 2670 883 dicimus,
2702 818 2790 889 qui
2832 818 2969 874 hanc
3004 820 3253 875 virtutem
3283 820 3379 875 lia-

1790 910 1875 966 bet
1899 953 1914 976 ,
1947 910 2142 965 habere
2167 926 2393 974 omnes;
2425 926 2543 965 cum
2575 911 2844 980 plenitudo
2887 911 3017 979 legis
3055 912 3125 965 sit
3148 910 3381 965 citaritas

1793 1002 1967 1072 (Rom.
2007 1018 2137 1067 xm,
2180 1003 2311 1073 10)?
2353 1005 2435 1056 Au
2484 1013 2684 1073 quanto
2721 1002 2888 1072 inagis
2916 1011 2998 1057 est
3040 1002 3091 1055 iii
3134 1001 3380 1067 homine,

1794 1101 1941 1148 tanto
1970 1094 2137 1163 magis
2162 1103 2240 1149 est
2272 1093 2462 1148 virtute
2508 1092 2795 1163 praeditus:
2828 1101 3026 1163 quanto
3063 1101 3241 1147 autent
3284 1092 3356 1147 itii

1796 1202 1895 1241 nus
1917 1228 1932 1249 ,
1967 1197 2112 1241 tanto
2153 1186 2327 1241 minus
2358 1188 2498 1241 inest
2538 1186 2585 1240 ei
2628 1187 2824 1251 virtus;
2871 1186 2991 1256 quia
3026 1186 3133 1255 ipsn
3166 1196 3245 1241 est
3276 1186 3383 1240 vir-

1796 1288 1881 1333 ttis
1915 1297 1928 1333 :
1960 1290 2015 1334 et
2042 1290 2239 1349 quanto
2275 1278 2450 1333 minus
2490 1278 2625 1333 inest
2655 1278 2850 1339 virtus.
2901 1288 3046 1333 tanto
3091 1278 3258 1348 magis
3304 1287 3383 1331 est

1797 1370 2017 1425 vitium?
2048 1370 2143 1426 Ubi
2172 1387 2301 1441 ergo
2328 1370 2414 1424 illa
2454 1370 2606 1440 plena
2636 1379 2691 1424 et
2728 1369 2959 1438 perlecta
2993 1368 3128 1435 erit,
3163 1366 3293 1423 nihil
3318 1382 3381 1422 ex

1796 1464 1924 1518 vitio
1954 1462 2268 1519 remanebit.

1870 1555 1956 1611 12.
1999 1556 2226 1610 Proinde
2266 1555 2394 1609 mihi
2423 1554 2669 1609 videntur
2703 1552 2865 1609 Stoici
2894 1552 3033 1617 falli,
3066 1552 3187 1623 quia
3220 1552 3382 1623 proli-

1798 1648 2026 1703 cientem
2057 1648 2329 1702 hominem
2362 1647 2414 1700 iii
2444 1645 2701 1715 sapientia
2730 1645 2916 1699 ttolttnt
2940 1645 3156 1699 ouiuino
3185 1643 3383 1699 habere

1798 1741 2148 1809 sapientiam;
2179 1742 2271 1796 sed
2310 1750 2435 1794 tunc
2479 1738 2672 1793 habere
2696 1754 2817 1792 cum
2849 1738 2900 1791 in
2931 1752 2994 1791 ca
3022 1736 3240 1791 omnino
3267 1752 3388 1806 per-

1801 1832 1970 1886 fectus
1998 1831 2151 1886 fuerit
2187 1850 2199 1885 :
2244 1832 2490 1901 nonquia
2519 1831 2662 1884 illtiiti
2696 1838 3001 1899 provectum
3028 1838 3251 1903 negant;
3295 1825 3388 1883 sed

1801 1924 1900 1978 nisi
1924 1941 1985 1979 ex
2018 1922 2281 1993 profundo
2301 1923 2530 1992 quodam
2555 1921 2910 1991 etncrgeudo,
2941 1931 3158 1987 repente
3198 1921 3391 1977 emicet

1803 2017 1853 2071 iit
1876 2032 2034 2070 auras
2058 2015 2331 2085 sapientia:
2359 2014 2584 2078 liberas,
2612 2013 2753 2067 nulla
2780 2027 2845 2066 ex
2875 2020 3022 2081 parte
3042 2027 3161 2066 esse
3181 2011 3389 2080 sapien-

1804 2120 1929 2166 tem.
1958 2110 2105 2166 Sicut
2133 2109 2274 2163 enim
2307 2108 2436 2163 nihil
2460 2109 2680 2164 interest
2705 2107 2771 2162 ad
2804 2108 3074 2162 hominem
3096 2107 3390 2175 praefocan-

1800 2203 1926 2258 diitii
1948 2246 1964 2269 ,
1992 2213 2166 2256 utrutn
2197 2218 2386 2271 aquam
2410 2202 2595 2257 stadiis
2618 2200 2796 2254 multis
2824 2215 2984 2267 super
3004 2214 3062 2253 se
3091 2198 3281 2251 habeat
3308 2198 3390 2252 al-

1805 2303 1909 2349 tam
1927 2336 1942 2359 ,
1978 2305 2065 2349 aut
2094 2311 2199 2347 ittto
2226 2295 2401 2364 palmo
2420 2335 2437 2359 ,
2462 2302 2555 2348 aut
2582 2293 2744 2363 digito
2770 2311 2782 2347 :
2815 2293 2891 2346 sic
2912 2292 3027 2345 illos
3052 2291 3139 2362 qui
3172 2290 3391 2345 tendunt

1803 2388 1867 2443 ad
1890 2387 2225 2456 sapientiam,
2270 2386 2525 2456 prolicere
2550 2384 2763 2456 quidem
2803 2384 2982 2439 dicunt
3005 2424 3020 2448 ,
3053 2396 3299 2454 tanqutm
3325 2383 3392 2439 ab

1804 2480 1912 2532 into
1952 2478 2175 2549 gurgitis
2200 2486 2475 2547 surgentes
2503 2477 2554 2530 iii
2585 2491 2763 2532 aerem
2786 2492 2800 2541 ;
2827 2475 2922 2530 scd
2946 2476 3043 2529 nisi
3075 2485 3236 2529 totam
3261 2473 3394 2529 stul-

1806 2572 1972 2626 titiam
2014 2573 2158 2626 velut
2202 2571 2590 2642 oppriinentem
2629 2585 2857 2640 aquam,
2902 2568 3224 2639 prolieieudo
3255 2568 3395 2623 velut

1805 2666 2129 2736 emergendo
2157 2664 2452 2728 evaserint,
2482 2678 2586 2718 non
2616 2663 2812 2719 habere
2844 2663 3124 2726 virtutem,
3154 2677 3252 2717 nec
3276 2676 3394 2717 esse

1805 2760 2073 2821 sapientes
2105 2778 2118 2813 :
2151 2758 2236 2812 tibi
2267 2768 2441 2811 autem
2468 2757 2732 2812 evaserint
2754 2797 2769 2820 ,
2801 2772 2921 2810 mox
2953 2755 3150 2811 habere
3190 2762 3352 2809 totam
3375 2796 3391 2821 ,

1808 2867 1907 2906 nec
1928 2852 2213 2922 quidquam
2234 2850 2471 2904 stultitia:
2494 2864 2786 2914 remanere,
2818 2848 2958 2904 unde
2985 2848 3203 2903 cumino
3228 2847 3391 2902 ullmn

1808 2953 2080 3012 peceatum
2108 2942 2276 3012 possit
2295 2943 2545 2996 existere.

1880 3034 1963 3088 15.
1998 3033 2119 3088 llare
2143 3032 2467 3097 similitudo,
2501 3032 2586 3086 tibi
2614 3031 2832 3088 stultitia
2857 3031 3000 3086 velut
3036 3047 3167 3102 aqua
3188 3072 3205 3096 ,
3232 3041 3284 3087 et
3310 3046 3395 3086 sa-

1808 3127 2000 3196 pientia
2033 3127 2176 3182 velut
2205 3142 2299 3181 aer
2343 3129 2576 3197 ponitur,
2611 3137 2663 3197 ut
2699 3126 2907 3179 animus
2949 3140 2977 3176 ιι
3021 3110 3396 3193 praelocutione

1807 3220 2041 3274 Sllllllllte
2083 3231 2331 3288 tanquam
2359 3232 2673 3288 emergens,
2721 3217 2771 3271 in
2817 3218 3132 3286 sapientiam
3178 3226 3397 3285 repente

1809 3313 2033 3381 reSpiret
2054 3355 2067 3376 ,
2097 3327 2199 3367 non
2225 3310 2354 3367 mihi
2377 3309 2583 3365 videtur
2612 3310 2742 3363 satis
2767 3307 3162 3362 accounnodata
3190 3318 3398 3363 nostra-

1809 3422 1923 3460 rtnn
1950 3406 2342 3475 Scripturaruui
2373 3401 2671 3457 auctoritati
2697 3421 2709 3453 :
2739 3399 2831 3455 sed
2860 3401 2943 3453 illa
2984 3400 3158 3469 potius
3180 3440 3195 3463 ,
3228 3407 3284 3454 ut
3313 3399 3394 3453 vi-

1809 3499 1938 3552 tittitt
1972 3498 2049 3552 vel
2098 3495 2316 3550 stultitia
2345 3494 2611 3558 tenebris,
2644 3492 2742 3545 luci
2768 3501 2945 3547 autem
2975 3493 3140 3545 virtus
3184 3489 3266 3545 vel
3308 3504 3395 3545 sa-

1811 3591 2001 3659 pientia
2028 3599 2385 3659 comparetur,
2418 3601 2673 3659 quantum
2713 3590 2812 3644 ista
2834 3587 3023 3640 similia
3046 3584 3112 3639 de
3142 3598 3396 3654 corpora-

1811 3683 1947 3739 l.bus
1971 3683 2036 3737 ad
2067 3681 2414 3751 intelligibilia
2441 3680 2563 3735 duci
2608 3687 2848 3748 possunt.
2898 3675 3010 3731 Non
3043 3678 3219 3746 itaque
3260 3675 3396 3730 sicut

1808 3775 1877 3830 de
1895 3774 2046 3846 aquis
2071 3774 2121 3828 iii
2142 3788 2320 3829 aerem
2343 3787 2566 3842 surgens
2580 3814 2594 3834 ,
2615 3772 2700 3827 tibi
2726 3786 2908 3826 earum
2934 3784 3199 3824 suinntuat
3219 3776 3395 3822 trans-

1811 3866 1965 3929 ierit,
2014 3876 2232 3935 repente
2274 3873 2525 3933 quantum
2554 3863 2746 3918 sullicit
2778 3861 3092 3930 inspiratur;
3131 3859 3226 3915 sed
3261 3860 3397 3915 sicut

1810 3957 1878 4012 de
1919 3957 2152 4012 tenebris
2196 3957 2247 4008 in
2296 3959 2466 4009 luceat
2510 3953 2835 4023 procedens,
2885 3952 3132 4021 paulatim
3178 3966 3398 4020 progre-

1810 4048 2005 4104 diendo
2044 4047 2386 4102 illumiuatur.
2417 4046 2568 4113 Quod
2595 4047 2764 4100 donec
2808 4046 3112 4113 plenissutie
3141 4044 3257 4105 liat,
3283 4044 3394 4109 jam

1811 4156 1931 4195 eum
1961 4149 2135 4193 tamen
2165 4138 2394 4193 dicimus
2415 4145 2662 4205 tanquam
2689 4135 2755 4188 de
2783 4133 3111 4188 abditissiuta
3145 4134 3396 4203 spelunca

1811 4231 2196 4302 egredientem,
2253 4227 2439 4281 vicinia
2494 4226 2625 4281 luris
2668 4226 2939 4285 alllannu.
2992 4233 3138 4279 tanto
3190 4226 3394 4295 magis,

1812 4333 2009 4394 quanto
2051 4322 2217 4391 magis
2261 4320 2580 4390 propinquat
2621 4318 2856 4389 egressui
2888 4336 2900 4371 :
2932 4327 2989 4372 ut
3019 4317 3144 4372 illud
3171 4318 3312 4389 quod
3344 4319 3396 4373 in

1814 4433 1880 4476 eo
1911 4418 2049 4474 lucet
2070 4460 2084 4485 ,
2108 4417 2175 4470 sit
2204 4417 2385 4484 utique
2410 4430 2478 4469 ex
2513 4414 2711 4468 lumine
2737 4427 2843 4481 quo
2874 4412 3237 4483 progreditur;
3268 4412 3400 4467 illud

1813 4519 1990 4564 autem
2014 4507 2155 4579 quod
2184 4507 2358 4561 adhuc
2377 4508 2660 4561 obscurum
2685 4514 2767 4560 est
2784 4546 2799 4569 ,
2828 4506 2898 4560 sit
2922 4520 2985 4560 es
3011 4494 3242 4560 tenebris
3263 4504 3403 4560 unde

1815 4602 2107 4672 egreditur.
2154 4599 2331 4669 Itaque
2373 4611 2422 4654 et
2472 4613 2575 4652 nou
2613 4596 2987 4666 justilieabitur
3024 4597 3076 4651 iu
3116 4606 3401 4665 conspectu

1820 4694 1915 4749 Dei
1939 4694 2113 4747 omnis
2139 4693 2322 4746 vivens
2347 4688 2510 4757 (Psal.
2538 4704 2678 4743 exui
2700 4730 2715 4753 ,
2743 4687 2838 4759 2);
2868 4698 2923 4743 et
2947 4698 3121 4743 tamen
3143 4688 3318 4757 justus
3336 4703 3403 4742 ex

1819 4784 1923 4838 lide
1950 4783 2085 4845 (vivit
2113 4780 2332 4853 (Hebae.
2364 4795 2400 4834 ii
2423 4821 2438 4840 .
2472 4778 2552 4848 ι).
2579 4779 2646 4833 Et
2665 4779 2830 4833 itidtiti
2859 4787 2982 4832 sunt
3009 4778 3176 4832 sancti
3200 4778 3402 4845 justitia

1821 4874 1959 4946 (Job.
1994 4889 2149 4936 xxix,
2184 4874 2305 4941 14).
2332 4871 2469 4927 alios
2508 4871 2701 4941 magis,
2743 4871 2880 4925 alius
2917 4870 3128 4925 minus:
3161 4878 3217 4924 et
3246 4885 3404 4925 nemo

1824 4968 1908 5024 hic
1929 4969 2054 5022 vivit
2091 4967 2205 5021 sine
2232 4976 2450 5036 peccato
2470 5006 2482 5030 ,
2514 4975 2570 5019 et
2615 4964 2715 5019 hoc
2744 4964 2879 5019 alius
2908 4962 3102 5032 magis,
3145 4963 3278 5019 alius
3307 4966 3408 5018 una

1823 5078 1952 5126 nus;
1984 5062 2215 5129 optimus
2244 5070 2421 5115 autem
2452 5068 2535 5113 est
2555 5100 2569 5121 ,
2597 5058 2685 5128 qui
2715 5056 3009 5111 minimam.

1895 5153 2117 5210 CAPUT
2144 5152 2230 5206 ιν.
2259 5180 2329 5192 -
2356 5153 2443 5206 14.
2471 5150 2575 5206 Sed
2606 5148 2732 5219 quid
2771 5163 2871 5219 ego
2890 5188 2903 5210 ,
2937 5154 3184 5217 tauquam
3214 5149 3406 5205 oblitus

1825 5248 1909 5302 cui
1956 5246 2161 5315 loquor.
2190 5243 2397 5299 doctori
2437 5242 2628 5296 similis
2669 5238 2839 5294 factus
2866 5254 3021 5304 sunt,
3052 5255 3171 5295 cum
3214 5257 3407 5310 propo-

1827 5338 2022 5394 suerim
2049 5336 2171 5407 quid
2198 5336 2291 5390 abs
2324 5345 2376 5390 te
2413 5334 2619 5389 discere
2656 5331 2854 5387 velim?
2893 5331 2997 5387 Sed
3040 5333 3163 5401 quia
3187 5331 3254 5384 de
3281 5344 3408 5399 pec-

1828 5441 2065 5487 catorum
2094 5428 2383 5498 parihtale,
2415 5426 2555 5480 unde
2597 5424 2649 5479 in
2695 5424 2745 5477 id
2789 5425 2930 5495 quod
2969 5421 3412 5495 agebam'incidit

1828 5523 2073 5594 qua-stin,
2091 5520 2492 5576 exauiiuaudam
2517 5517 2609 5571 tibi
2632 5518 2948 5572 sententiam
2976 5531 3146 5571 meatu
3170 5526 3413 5582 promea

1831 5625 2151 5676 statueram,
2180 5614 2289 5680 jam
2332 5625 2449 5666 eam
2492 5610 2708 5665 tandem
2753 5608 3035 5679 aliquando
3075 5605 3409 5661 concludam.

1832 5711 1963 5779 Quia
1986 5709 2085 5763 etsi
2106 5723 2286 5762 verum
2310 5716 2421 5771 est,
2444 5721 2565 5759 eum
2594 5703 2680 5773 qui
2711 5701 2867 5755 habet
2897 5716 3052 5753 nnani
3076 5741 3091 5762 ,
3113 5712 3301 5752 attines
3327 5710 3415 5752 aa-

1837 5806 1963 5868 beie
1991 5803 2243 5873 virtutes;
2273 5817 2395 5864 eum
2425 5801 2514 5877 qui
2545 5812 2703 5858 uitaui
2730 5810 2835 5853 non
2864 5794 3019 5854 habet
3038 5835 3057 5867 ,
3086 5793 3285 5854 nullam
3312 5790 3411 5867 ιιι.

3009 5993 3017 6001 .
3280 5980 3329 6006 ,ν

3024 6006 3042 6013 ρ
3142 6004 3149 6015 ρ
3184 6006 3188 6010 ι
3206 6004 3243 6015 ,νηί
