4004 6396
698 391 806 455 πο

700 509 833 568 bere
858 525 872 563 :
900 492 1000 562 nec
1020 488 1098 562 sic
1125 511 1336 574 peccata
1358 508 1481 556 sunt
1501 486 1666 571 paria.
1688 496 1821 566 Quia
1846 494 1935 551 ubi
1959 493 2127 550 virtus
2146 491 2291 548 nulla

703 612 824 669 est,
870 601 1000 655 nihil
1042 597 1255 668 quidem
1304 604 1510 651 rectum
1540 601 1655 657 est;
1688 607 1785 647 nec
1828 598 2003 645 tamen
2040 588 2160 642 ideo
2190 600 2295 639 non

705 708 870 765 pravo
897 676 1112 761 pravius
1149 694 1260 751 est,
1290 685 1621 753 distortaque
1648 680 1942 736 distortius.
1984 677 2042 733 Si
2080 688 2255 731 autem
2277 717 2293 741 ,

708 783 848 854 quod
896 792 1023 852 puto
1068 793 1186 832 esse
1220 774 1396 831 verius
1415 817 1429 839 ,
1458 774 1729 843 sacrisque
1756 770 1971 827 Litteris
1998 784 2297 839 coogruen-

708 875 847 939 tius,
897 872 965 926 ita
1006 878 1128 925 sunt
1154 868 1347 923 animo:
1379 866 1700 921 intentiones
1721 904 1737 929 ,
1768 870 1824 918 ut
1860 862 2099 932 corporis
2126 873 2298 913 mem-

708 966 801 1022 bra
828 1006 841 1028 ,
876 968 980 1018 non
1008 961 1147 1033 quod
1180 958 1460 1015 vidcantur
1492 956 1625 1011 locis
1648 998 1663 1021 ,
1713 955 1805 1009 sed
1832 951 1973 1025 quod
2004 950 2300 1006 sentiantur

706 1055 1019 1121 aﬂi-cnbus;
1049 1062 1102 1110 et
1122 1050 1263 1107 aliud
1294 1050 1625 1106 illuminatur
1650 1047 1876 1117 amplius
1894 1088 1909 1111 ,
1937 1044 2078 1099 aliud
2099 1041 2296 1107 minus,

706 1146 847 1206 aliud
885 1138 1103 1202 Omnino
1147 1152 1294 1200 caret
1322 1143 1522 1196 lumine
1560 1149 1614 1195 et
1657 1140 1941 1194 tenebroso
1971 1133 2301 1189 inumbratur

707 1239 1019 1296 obstaculo:
1055 1236 1325 1307 profecto,
1371 1235 1443 1289 ita
1483 1242 1538 1287 ut
1574 1230 1797 1303 quisque
1826 1226 2173 1283 illustratione
2198 1224 2299 1293 pia:

708 1331 982 1389 charitatis
1006 1327 1227 1383 allectus
1254 1336 1366 1389 est,
1390 1326 1441 1379 in
1469 1324 1573 1379 alio
1598 1332 1717 1377 actu
1748 1320 1917 1387 magis
1938 1362 1952 1385 ,
1984 1319 2037 1374 in
2065 1318 2169 1371 alio
2196 1316 2299 1370 mi-

709 1438 844 1489 nus,
884 1423 935 1475 in
965 1422 1141 1489 aliquo
1168 1416 1333 1483 nihil;
1367 1418 1441 1471 sic
1472 1425 1647 1487 potest
1671 1416 1773 1470 dici
1802 1411 1999 1467 habere
2025 1409 2182 1464 aliam
2204 1452 2219 1473 ,
2249 1416 2303 1463 et

710 1513 867 1567 aliam
900 1526 1003 1565 non
1033 1509 1228 1564 habere
1248 1551 1263 1573 ,
1287 1508 1444 1562 aliam
1476 1508 1677 1577 magis,
1709 1506 1866 1559 aliam
1894 1504 2070 1557 minus
2106 1500 2302 1555 habere

708 1605 981 1658 virtutem.
1016 1600 1148 1655 Nam
1174 1609 1264 1663 et,
1304 1597 1473 1667 Major
1507 1599 1666 1653 estin
1710 1597 1813 1650 isto
1840 1592 2073 1649 cbaritas
2096 1635 2113 1657 ,
2146 1606 2303 1662 quam

711 1696 765 1750 in
798 1694 889 1748 illo
914 1735 928 1757 ,
975 1701 1119 1747 recte
1165 1705 1450 1761 possumus
1490 1691 1700 1753 dicere;
1732 1694 1805 1753 et,
1838 1688 2024 1757 Aliqua
2068 1682 2120 1739 in
2164 1685 2299 1747 isto,

711 1788 852 1842 nulla
880 1785 934 1840 in
966 1786 1074 1846 illo,
1098 1795 1351 1855 quantum
1376 1783 1605 1853 pertinet
1630 1782 1694 1836 ad
1718 1782 2026 1835 charitatem
2054 1794 2169 1850 qua:
2192 1779 2304 1847 pie-

711 1886 795 1932 tas
819 1888 899 1931 est
923 1895 935 1931 :
964 1886 1018 1932 et
1055 1877 1107 1931 in
1137 1876 1254 1945 ipso
1282 1892 1384 1929 uno
1416 1875 1630 1929 homine
1658 1870 1800 1943 quod
1832 1872 2084 1941 majorem
2115 1870 2306 1924 habeat

712 1968 1018 2038 pudicitiam
1046 1983 1202 2035 ηιιειιιι
1228 1967 1568 2037 patientiam,
1601 1974 1653 2020 ct
1682 1965 1936 2041 majorem
1970 1962 2125 2016 hodie
2146 1976 2305 2031 quam

712 2056 858 2123 heri,
891 2060 933 2113 si
973 2059 1210 2128 proﬁcit;
1252 2068 1304 2113 et
1342 2057 1514 2112 adhuc
1554 2072 1657 2111 non
1689 2052 2300 2119 liahcatemitinentiam,

710 2161 766 2207 et
796 2151 987 2207 haheat
1016 2168 1118 2206 non
1146 2167 1360 2222 parvam
1391 2151 1834 2206 misericordiam.

783 2242 871 2298 15.
916 2242 977 2296 Et
1011 2255 1067 2296 ut
1091 2244 1410 2313 generaliter
1436 2242 1772 2311 breviterque
1799 2240 2124 2310 complectar
2146 2248 2306 2310 quam

710 2332 779 2389 de
802 2334 997 2388 virtute
1022 2333 1244 2387 habeant
1270 2333 1561 2393 notionem,
1593 2330 1732 2401 quod
1764 2330 1829 2384 ad
1854 2341 1994 2385 recte
2020 2331 2305 2386 vivendum

709 2424 933 2487 attinet,
968 2423 1132 2478 virtus
1166 2433 1247 2477 est
1284 2424 1539 2487 charitas,
1576 2437 1677 2491 qua
1717 2420 1768 2475 id
1800 2418 1940 2491 quod
1980 2420 2306 2491 diligenddm

710 2524 795 2570 est
823 2514 1082 2585 diligitur.
1134 2514 1256 2568 “me
1295 2514 1346 2568 in
1386 2514 1505 2567 aliis
1539 2514 1737 2581 major,
1771 2513 1821 2566 in
1861 2512 1978 2568 aliis
2014 2514 2220 2577 minor,
2251 2513 2306 2566 in

712 2607 831 2662 aliis
857 2606 998 2660 nulla
1032 2616 1148 2672 est;
1204 2606 1495 2687 [suis-sima
1541 2620 1667 2660 vero
1708 2621 1825 2676 qua:
1861 2606 1969 2674 jam
2003 2620 2106 2660 non
2138 2606 2309 2678 possit

713 2698 920 2767 augeri,
942 2695 1193 2766 quamdiu
1218 2698 1302 2751 hic
1326 2698 1484 2751 homo
1502 2697 1577 2751 viv
1593 2699 1650 2751 il.
1673 2705 1753 2750 est
1780 2697 1830 2749 iit
1855 2694 2099 2762 nomine;
2125 2712 2309 2766 quant-

712 2789 803 2845 diu
832 2799 1012 2845 antem
1052 2792 1231 2862 augeri
1274 2799 1483 2860 potest,
1523 2790 1761 2861 profecto
1805 2789 1933 2843 illud
1964 2788 2105 2858 quod
2133 2790 2308 2844 minus

712 2891 798 2937 est
839 2897 996 2952 quam
1025 2882 1220 2951 debet,
1262 2888 1327 2936 ex
1370 2882 1497 2935 vitio
1536 2890 1637 2935 est.
1685 2880 1761 2934 Ex
1791 2895 1897 2949 quo
1922 2880 2055 2933 vitio
2084 2896 2187 2933 non
2225 2889 2308 2934 est

711 2973 885 3045 justus
930 2974 984 3028 in
1034 2984 1210 3036 terra,
1264 2974 1351 3042 qui
1398 2973 1552 3026 faciat
1594 2972 1823 3037 bonum,
1876 2978 1931 3025 et
1973 2985 2078 3024 non
2126 2979 2309 3039 peccet

710 3064 806 3137 (Ill
834 3065 963 3137 Reg.
993 3081 1083 3121 vttt
1104 3108 1119 3131 ,
1146 3064 1238 3137 ιδ)
1276 3082 1289 3117 :
1319 3080 1383 3119 ex
1412 3080 1519 3134 quo
1560 3063 1689 3117 vitio
1719 3077 1823 3117 non
1849 3061 2226 3131 justilicabitur
2254 3062 2305 3115 in

710 3166 1003 3225 conspectu
1027 3158 1118 3211 Dei
1146 3156 1319 3211 omnis
1348 3156 1550 3210 vivens.
1593 3153 1818 3223 Propter
1843 3152 1985 3223 quod
2014 3153 2229 3217 vitium,
2260 3153 2306 3206 si

709 3246 1004 3302 dixerimus
1032 3248 1173 3317 quod
1203 3257 1476 3316 peccatum
1507 3258 1614 3300 non
1645 3246 1922 3307 habemus,
1953 3244 2306 3314 nosmetipsos

711 3338 1037 3402 seducimus,
1070 3346 1124 3393 et
1149 3340 1343 3395 veritas
1374 3339 1425 3392 in
1454 3338 1606 3391 nobis
1633 3350 1737 3391 non
1768 3344 1851 3392 est
1877 3335 1921 3411 (ι
1940 3334 2097 3391 Joau.
2121 3348 2167 3403 ι,
2204 3338 2263 3407 8)
2289 3355 2301 3391 :

709 3444 933 3503 propter
971 3432 1113 3500 quod
1157 3431 1314 3485 etiam
1344 3428 1729 3499 quantumlibet
1758 3426 2138 3496 profecerimus
2159 3470 2172 3491 ,
2206 3442 2304 3481 ne-

708 3520 998 3574 cesmrium
1030 3529 1114 3575 est
1142 3520 1294 3574 nobis
1320 3518 1516 3585 dicere,
1551 3518 1752 3571 Dimitte
1776 3517 1917 3571 nobis
1940 3519 2106 3571 debita
2134 3528 2304 3571 nostra

710 3608 922 3682 (Matth.
965 3620 1013 3666 vi
1037 3653 1052 3678 ,
1092 3610 1221 3682 l2);
1260 3624 1380 3665 cum
1416 3611 1525 3679 jant
1551 3611 1727 3664 omnia
1760 3610 1811 3663 in
1842 3609 2109 3678 Baptismo
2134 3609 2298 3676 dicta,

707 3702 845 3756 facta
866 3742 882 3768 ,
911 3703 1138 3771 cogitata
1157 3743 1173 3770 ,
1204 3702 1419 3757 dimissa
1451 3701 1576 3756 sint.
1612 3700 1765 3756 Videt
1792 3700 2003 3770 itaque,
2043 3702 2131 3771 qui
2160 3708 2302 3756 recte

708 3791 888 3855 videt,
933 3793 1104 3856 unde,
1133 3804 1187 3848 et
1213 3792 1455 3863 quando,
1484 3800 1537 3848 et
1565 3793 1652 3847 ubi
1679 3792 1939 3865 speranda
1969 3792 2039 3847 sit
2063 3792 2148 3846 illa
2180 3808 2301 3863 per-

706 3881 871 3937 fectio
909 3882 994 3937 cui
1038 3898 1142 3937 non
1178 3885 1248 3939 sit
1285 3883 1425 3953 quod
1450 3884 1606 3953 adjici
1639 3885 1822 3953 possit.
1856 3884 1913 3938 Si
1946 3893 2123 3938 autem
2159 3894 2299 3954 pne-

706 3985 859 4043 cepta
884 3989 989 4028 non
1010 3982 1211 4040 essent,
1240 3991 1344 4028 non
1369 3975 1548 4044 utique
1568 3982 1710 4029 esset
1730 3973 1817 4028 ubi
1843 3988 1903 4029 se
1924 3973 2082 4028 homo
2101 3976 2300 4030 certius

704 4070 1013 4139 inspiceret.
1038 4079 1090 4122 et
1111 4068 1315 4122 videret
1335 4067 1473 4122 unde
1493 4074 1843 4132 averteretur,
1866 4082 1973 4137 quo
1989 4075 2295 4133 conaretur,

702 4175 869 4231 quare
892 4160 1254 4230 gratularetur
1274 4201 1289 4227 ,
1319 4158 1444 4229 quid
1486 4169 1810 4229 precaretur.
1841 4158 2025 4231 Magna
2055 4168 2137 4216 est
2170 4170 2299 4229 ergo

705 4254 906 4307 utilitas
932 4265 1337 4323 pneceptorutn,
1368 4255 1411 4307 si
1440 4253 1610 4308 libero
1637 4253 1859 4310 arbitrio
1888 4264 2092 4309 tantum
2117 4254 2294 4323 detur,

704 4354 763 4398 ut
786 4344 953 4412 gratia
984 4345 1074 4398 Dei
1104 4346 1332 4415 amplius
1361 4344 1669 4401 ltouoretttr.

780 4434 1009 4489 CAPUT
1040 4435 1104 4489 ν.
1127 4465 1199 4476 -
1220 4438 1308 4491 16.
1336 4436 1468 4504 Quae
1496 4437 1539 4490 si
1580 4436 1652 4490 ita
1685 4451 1745 4491 se
1778 4435 2008 4503 habent,
2037 4434 2177 4493 unde
2207 4438 2298 4493 lict

707 4527 945 4581 omnium
977 4515 1129 4591 retis,
1160 4528 1205 4582 si
1245 4529 1296 4581 iit
1344 4542 1449 4581 uno
1491 4526 1755 4591 oll'eudat,
1794 4526 1886 4598 Qui
1928 4537 2089 4582 totam
2126 4531 2293 4600 legem

696 4619 1037 4677 scrvaverit?
1064 4620 1141 4672 An
1170 4620 1324 4685 forte,
1353 4619 1475 4688 quia
1503 4618 1775 4687 plenitudo
1805 4620 1935 4691 legis
1959 4620 2188 4676 Charitas
2214 4633 2295 4678 est

705 4726 809 4780 qua
839 4709 979 4764 Deus
1004 4710 1381 4779 proximusque
1414 4710 1683 4781 diligitur,
1718 4711 1768 4766 in
1799 4710 1991 4781 quibus
2021 4714 2296 4783 praeceptis

699 4801 979 4856 eharitatis
1000 4810 1108 4856 tota
1125 4803 1207 4856 lex
1226 4800 1417 4871 pendet
1431 4812 1481 4857 et
1501 4801 1809 4874 Propheta‘t
1819 4802 2003 4859 Matth.
2028 4818 2164 4870 χιιι,
2179 4802 2291 4877 409,

700 4897 895 4950 merito
927 4895 985 4949 [lt
1013 4909 1136 4949 rens
1160 4894 1419 4961 omnium,
1447 4896 1534 4965 qui
1562 4904 1743 4950 cotttra
1772 4897 1914 4952 illam
1943 4898 2085 4965 facit,
2114 4899 2165 4953 in
2191 4915 2293 4969 qua

701 4986 935 5055 pendent
975 4987 1193 5041 omnia?
1234 4985 1401 5039 Nemo
1443 4994 1619 5040 autem
1664 4996 1880 5057 pecu-it,
1912 4989 2009 5043 nisi
2040 4990 2293 5045 adversus

698 5078 842 5132 illam
868 5078 1109 5133 faciendo
1136 5095 1151 5133 :
1178 5079 1322 5149 quia,
1355 5078 1473 5133 Non
1493 5078 1820 5145 adutterabis,
1844 5097 1945 5135 non
1967 5083 2292 5137 homicidium

697 5169 853 5224 {acies
873 5210 890 5235 ,
921 5186 1022 5223 non
1055 5172 1334 5238 fut-aberis,
1369 5188 1467 5226 non
1498 5172 1851 5243 concupisces,
1894 5184 1940 5229 et
1978 5177 2021 5229 si
2044 5177 2181 5243 quod
2219 5187 2292 5231 est

695 5261 839 5314 aliud
885 5261 1213 5329 mandatam,
1244 5264 1298 5317 in
1330 5266 1426 5317 hoc
1463 5280 1691 5318 sermone
1717 5267 2109 5336 recapitutatur,
2142 5268 2195 5323 iit
2224 5284 2291 5327 eo

695 5351 839 5421 quod
885 5360 999 5418 est,
1035 5353 1228 5424 Diliges
1267 5357 1558 5426 proximum
1596 5366 1735 5410 luunt
1771 5366 2010 5428 tanquam
2053 5361 2287 5429 teipsum.

701 5440 920 5499 Ditec‘tio
940 5445 1164 5513 proximi
1185 5447 1374 5499 malum
1404 5463 1503 5501 non
1530 5460 1786 5518 operatur.
1820 5446 2089 5503 Plenitudo
2113 5464 2288 5508 autem

695 5536 822 5608 legis
841 5578 856 5605 ,
885 5538 1109 5593 cluat-itas
1136 5536 1312 5609 (Boni.
1336 5550 1462 5606 xm,
1492 5538 1547 5604 9,
1580 5539 1686 5613 l0).
1720 5540 1888 5595 Nemo
1913 5552 2092 5597 autem
2122 5545 2291 5615 diligit

700 5633 1018 5700 proximum,
1050 5633 1147 5689 nisi
1172 5633 1400 5703 diligens
1427 5633 1614 5699 Deum,
1643 5645 1696 5689 et
1726 5634 1858 5695 hoc.
1887 5644 2139 5706 quantum
2169 5647 2287 5707 pot-

697 5733 799 5783 est.
834 5726 1078 5789 proximo
1102 5725 1401 5795 impendat,
1430 5741 1586 5797 quem
1612 5728 1782 5798 diligit
1809 5737 2056 5799 tanquam
2091 5738 2287 5788 semet-

699 5813 905 5880 ipsum,
950 5826 1004 5869 ut
1048 5826 1099 5870 ct
1140 5818 1225 5871 ille
1269 5817 1455 5888 diligat
1496 5818 1661 5874 Deum
1696 5834 1899 5891 :quem
1941 5821 1988 5878 si
2031 5823 2143 5893 ipse
2180 5837 2288 5883 non

1920 360 1984 442 ε.
2025 350 2391 439 mensum
2429 372 2730 434 EPISCOP!
3818 387 3888 449 no

2398 487 2591 560 diligit,
2623 503 2721 544 nec
2744 504 2823 553 se,
2857 502 2955 545 nec
2985 476 3279 559 proximum
3306 476 3488 561 diligit.
3525 491 3594 548 Ac
3620 508 3702 562 per
3724 495 3806 554 hoc
3829 508 3887 569 qui

2400 590 2564 637 totam
2622 582 2792 652 legem
2849 582 3170 647 servaverit,
3231 581 3275 635 si
3332 580 3382 635 in
3428 598 3530 636 uno
3572 583 3890 651 ollendcrit,ﬁt

2400 675 2637 729 onminm
2664 690 2820 740 reus;
2845 676 2965 744 quia
2994 685 3176 729 contra
3202 673 3503 729 charitati-m
3532 677 3660 738 iacit,
3686 680 3796 732 unde
3817 694 3887 736 tota

2400 761 2485 819 lex
2515 764 2727 835 pendet.
2762 765 2906 819 Reus
2936 765 3113 835 itaque
3146 764 3199 818 lit
3226 765 3488 830 ontuium,
3518 765 3730 823 faciendo
3758 784 3889 827 contra

2402 870 2519 910 eam
2552 856 2602 909 in
2629 869 2730 925 qua
2762 853 2993 925 pendent
3018 856 3215 909 omnia.

2476 946 2564 1000 l7.
2607 946 2712 1000 Cur
2740 962 2869 1015 ergo
2895 963 2997 1000 non
3025 945 3269 1002 dicantur
3296 948 3440 1018 paria
3464 950 3696 1019 peccata?
3718 953 3780 1009 An
3799 953 3888 1012 torte

2402 1037 2522 1105 quia
2547 1036 2714 1105 magis
2736 1035 2859 1090 facit
2879 1046 3061 1090 contra
3084 1037 3417 1101 charilatem,
3440 1039 3522 1107 qui
3542 1043 3725 1109 gravius
3742 1058 3887 1113 Wst;

2403 1129 2602 1190 minus,
2630 1128 2716 1195 qui
2746 1127 2953 1183 levius?
2978 1139 3028 1184 et
3056 1128 3157 1184 hoc
3186 1130 3302 1198 ipso
3330 1129 3466 1199 quod
3495 1132 3729 1199 admittit,
3756 1136 3796 1190 lit
3818 1142 3889 1206 qui-

2404 1218 2525 1272 dem
2556 1219 2791 1274 omnium
2823 1233 2948 1275 reus
2977 1239 2989 1274 :
3019 1221 3112 1276 sed
3143 1222 3356 1291 gravius
3384 1214 3628 1291 peccans,
3652 1228 3722 1279 vel
3753 1226 3792 1281 in
3819 1232 3890 1299 plu-

2404 1312 2555 1366 ribus
2583 1326 2809 1381 peccans
2829 1356 2844 1380 ,
2879 1313 3047 1384 magis
3076 1328 3233 1379 reus;
3267 1313 3434 1368 levius
3470 1324 3633 1368 autem
3661 1317 3731 1372 vel
3752 1318 3789 1370 in
3810 1335 3893 1389 pan.

2405 1404 2638 1459 ciorilms
2669 1421 2931 1476 peccans,
2973 1408 3147 1462 minus
3186 1424 3310 1463 reus
3343 1426 3352 1460 :
3383 1416 3525 1461 tanto
3562 1412 3734 1478 majore
3756 1415 3893 1469 Scilicet

2399 1505 2554 1549 reatu
2573 1537 2589 1562 ,
2617 1507 2815 1565 quanto
2849 1494 3108 1568 amplius;
3141 1506 3289 1552 tanto
3324 1500 3524 1553 minore
3542 1543 3555 1561 ,
3583 1512 3750 1569 quanto
3778 1507 3893 1557 minus

2403 1590 2703 1658 peccaverit
2745 1606 2758 1643 :
2804 1602 2978 1645 tamen
3027 1591 3235 1646 etiamsi
3278 1591 3332 1645 in
3375 1606 3481 1646 uno
3518 1592 3783 1658 oti‘enderit,
3811 1611 3893 1649 rem

2404 1682 2645 1734 omnium
2677 1690 2791 1747 est,
2820 1686 2943 1751 quia
2986 1694 3168 1736 contra
3215 1700 3334 1738 eam
3377 1683 3498 1739 facit
3540 1685 3584 1737 in
3623 1701 3709 1756 qua
3736 1690 3891 1755 pendent

2406 1769 2622 1825 omnia?
2650 1771 2778 1836 Qua:
2803 1772 2847 1825 si
2876 1788 2999 1826 vera
3026 1782 3167 1839 sunt,
3196 1788 3262 1829 eo
3293 1773 3450 1827 modo
3475 1784 3523 1828 et
3547 1775 3661 1829 illud
3685 1779 3892 1831 absolvitur

2407 1863 2546 1933 quod
2570 1865 2640 1918 ait
2663 1863 2824 1919 homo
2846 1867 3003 1920 etiam
3028 1867 3336 1935 apostolicm
3361 1869 3556 1937 gratim,
3584 1868 3641 1922 In
3662 1872 3795 1924 multis
3810 1874 3891 1924 enim

2408 1953 2708 2020 offendimus
2737 1971 2907 2009 onmes
2938 1955 3139 2027 (Jacobi
3168 1974 3247 2019 ιιι,
3279 1958 3356 2030 2).
3390 1958 3578 2013 Omnes
3601 1966 3721 2015 enim
3743 1964 3891 2017 odi-ndi-

2407 2058 2554 2109 mus,
2587 2047 2679 2100 sed
2712 2063 2848 2101 unus
2872 2049 3118 2120 gravius,
3153 2050 3289 2104 alius
3328 2052 3518 2115 levius,
3548 2062 3722 2122 quanto
3742 2058 3891 2123 quivqm

2407 2139 2617 2208 gravius
2644 2139 2918 2195 leviusve‘
2947 2143 3245 2211 peccaverit
3286 2162 3299 2198 :
3334 2153 3478 2198 tanto
3516 2144 3563 2197 in
3598 2156 3775 2214 peccato
3798 2162 3891 2201 θυω-
3944 2144 3945 2147 “

2407 2230 2664 2283 mittendo
2708 2231 2903 2300 unjor,
2932 2239 3129 2303 quanto
3160 2234 3210 2288 iu
3242 2234 3503 2305 diligendo
3530 2236 3626 2289 Deo
3651 2247 3696 2290 et
3719 2239 3886 2305 proximo
3944 2272 3945 2285 η

2408 2321 2616 2383 minor;
2647 2330 2699 2378 et
2725 2339 2929 2391 rursus,
2965 2335 3110 2379 tanto
3144 2328 3321 2382 minor
3348 2329 3397 2383 in
3428 2331 3611 2398 peccati
3637 2332 3891 2403 perpetrant»
3944 2340 3945 2357 ‘

2409 2428 2497 2478 ne,
2531 2424 2729 2483 quanto
2758 2417 2926 2486 major
2952 2417 3003 2471 in
3033 2417 3123 2471 Dei
3150 2427 3200 2473 et
3230 2420 3452 2490 proximi
3487 2422 3752 2477 dilectione.
3779 2426 3892 2476 Tanto
3944 2432 3945 2451 ι

2410 2504 2586 2576 itaque
2628 2507 2836 2576 plenior
2879 2510 3203 2579 iniquitatis,
3250 2523 3447 2582 quanto
3477 2514 3663 2569 inanior
3680 2514 3889 2569 charititis.
3944 2496 3945 2565 ἐ

2409 2598 2477 2653 Et
2519 2608 2645 2653 tunc
2689 2600 2904 2669 perfecti
2954 2617 3138 2657 sumus
3183 2603 3238 2658 in
3285 2604 3564 2673 charitate,
3605 2606 3777 2678 quando
3807 2606 3890 2659 nihil
3944 2612 3945 2631 λ

2408 2698 2577 2745 restat
2606 2702 2671 2745 ex
2702 2693 3027 2747 inlirmitate.

2483 2784 2572 2839 l8.
2599 2783 2707 2839 Nec
2731 2800 2881 2850 sane,
2908 2794 3162 2857 quantum
3190 2788 3441 2855 arbitror,
3468 2788 3721 2859 putandum
3739 2788 3889 2843 estlcve
3944 2832 3945 2835 η

2408 2886 2528 2929 esse
2554 2886 2824 2944 peccatum
2850 2875 2901 2929 in
2926 2892 3277 2948 personarum
3300 2880 3591 2951 acceptione
3611 2880 3769 2935 habere
3786 2879 3887 2931 ﬁdem

2410 2966 2618 3021 Domini
2643 2968 2810 3021 nostri
2833 2968 2956 3022 .lesu
2979 2969 3198 3037 Christi,
3225 2972 3270 3025 si
3296 2972 3434 3026 illam
3457 2973 3721 3026 distantiam
3738 2970 3888 3025 sedendi
3944 2980 3945 3031 γ

2410 3071 2471 3111 ac
2498 3057 2668 3112 standi
2711 3057 2777 3111 ad
2820 3057 3051 3113 honores
3087 3061 3477 3118 ecclesiasticos
3513 3062 3758 3117 referamus
3781 3080 3789 3113 :
3812 3076 3890 3130 quis

2409 3148 2550 3201 enim
2584 3147 2716 3202 l'erat
2749 3150 2869 3219 eligi
2900 3150 3119 3205 divitem
3153 3152 3219 3205 ad
3260 3154 3441 3209 sedem
3477 3154 3668 3210 honoris
3691 3153 3887 3212 Ecclesia,
3944 3166 3945 3223 ῃ

2409 3248 2713 3311 contempto
2748 3256 2979 3311 paupere
3023 3244 3363 3301 instructiore
3404 3257 3552 3317 atque
3589 3244 3828 3303 sanctiore?
3852 3241 3887 3298 Si
3944 3234 3945 3299 ἒ

2408 3342 2583 3387 autem
2624 3334 2690 3387 de
2720 3335 3039 3403 quotidianus
3066 3340 3409 3395 consessibus
3436 3341 3672 3411 loquitur,
3708 3338 3797 3409 quis
3817 3350 3886 3389 non

2408 3424 2533 3480 hinc
2561 3428 2779 3494 pereat?
2807 3427 2860 3482 Si
2895 3438 3070 3483 tamen
3096 3442 3305 3500 peccat,
3335 3433 3433 3487 nisi
3457 3448 3568 3487 cum
3588 3430 3699 3501 apud
3718 3432 3884 3498 seipsum

2408 3515 2553 3571 intus
2578 3518 2645 3570 ita
2671 3517 2872 3584 judicat
2893 3560 2906 3582 ,
2935 3528 2993 3572 ut
3017 3520 3066 3575 ei
3094 3530 3244 3577 tanto
3270 3525 3458 3579 melior
3491 3532 3663 3593 quanto
3684 3520 3803 3575 ditior
3821 3518 3884 3571 illo

2406 3619 2526 3662 esse
2566 3607 2807 3663 videatur
2846 3628 2858 3663 :
2901 3610 3002 3665 hoc
3040 3613 3183 3667 enim
3237 3613 3447 3670 videtur
3480 3613 3776 3686 significasse,
3799 3624 3880 3663 cum

2405 3699 2535 3753 dicit
2553 3741 2568 3765 ,
2600 3698 2783 3753 Nonne
2803 3701 3049 3769 judicatis
3075 3706 3216 3775 apud
3247 3707 3591 3777 vosmetipsos,
3626 3714 3665 3759 et
3693 3701 3881 3775 {etiam

2393 3790 2602 3863 judices
2630 3792 2914 3861 iniq’uartnn
2938 3796 3340 3865 cogitationum?

2475 3883 2699 3940 CAPUT
2734 3885 2818 3938 Vl.
2846 3914 2918 3926 --
2942 3887 3028 3944 l9.
3062 3889 3169 3944 Lex
3199 3891 3378 3963 itaque
3403 3892 3662 3954 libertatis,
3682 3889 3743 3945 lex
3758 3883 3877 3941 chari-

2406 3977 2529 4031 talis
2566 3984 2648 4031 est
2684 3976 2751 4031 de
2778 3993 2879 4043 qua
2905 3979 3033 4034 dicit
3063 3998 3077 4035 :
3109 3982 3167 4037 Si
3202 3992 3371 4038 tamen
3402 3985 3547 4055 legem
3570 3981 3762 4054 perﬁdiis
3781 3991 3876 4045 rega-

2402 4069 2500 4122 lem
2525 4070 2797 4122 secundum
2826 4069 3135 4141 Scripturas,
3166 4072 3361 4145 Diliges
3382 4076 3644 4146 proximum
3670 4082 3773 4124 tuum
3791 4068 3875 4119 sicut

2403 4160 2633 4230 teipsunt,
2658 4160 2780 4215 bene
2801 4161 2989 4231 facitis.
3019 4166 3080 4220 Si
3100 4178 3266 4222 autem
3289 4184 3521 4241 personas
3540 4167 3740 4237 accipitis,
3759 4175 3873 4215 πίττα·

2403 4261 2508 4305 tum
2536 4255 2834 4323 operamini,
2858 4256 3116 4327 redarguti
3141 4276 3171 4310 α
3194 4260 3302 4329 lege
3323 4269 3549 4329 tauquam
3568 4265 3870 4327 transgressores.

2402 4343 2467 4398 Et
2495 4354 2611 4414 post
2651 4347 2796 4401 illam
2836 4352 3153 4405 sententiam
3191 4354 3257 4406 ad
3301 4352 3667 4423 intelligendum
3698 4340 3871 4401 diﬂieilli-

2401 4448 2563 4503 tuam,
2595 4437 2661 4493 de
2691 4453 2791 4509 qua
2825 4441 2953 4495 satis
2979 4441 3084 4496 dixi
3117 4444 3258 4514 quod
3293 4445 3561 4501 dicendum
3590 4438 3869 4515 putavi,eaul-

2400 4526 2523 4582 dent
2556 4530 2726 4601 legem
2768 4531 3027 4587 libertatis
3066 4550 3516 4599 commemorans.
3560 4536 3637 4591 Sic
3670 4525 3866 4599 (mittimitti.

2402 4620 2591 4687 inquit,
2620 4631 2668 4674 et
2692 4622 2765 4675 sic
2788 4623 2954 4691 facile,
2982 4625 3108 4679 sicut
3135 4644 3220 4692 per
3244 4629 3399 4699 legem
3428 4626 3644 4681 libertatis
3665 4619 3868 4690 incipit"!!!

2393 4710 2640 4781 jndicari.
2675 4711 2740 4766 Et
2765 4717 3010 4782 quoniam
3043 4718 3164 4786 quid
3209 4723 3365 4786 paulo
3398 4726 3514 4772 ante
3547 4714 3731 4776 dixerit,
3756 4705 3865 4765 novit.

2399 4802 2633 4871 quoniam
2660 4803 2713 4855 iu
2740 4805 2910 4859 multis
2930 4805 3232 4871 offendimus
3284 4825 3471 4873 omnes,
3500 4806 3695 4876 suggerit
3712 4794 3865 4853 dominio

2401 4907 2517 4945 eam
2540 4903 2787 4961 tauquam
2808 4897 3167 4966 quotidianam
3191 4900 3520 4969 qttotidianis,
3542 4899 3627 4951 etsi
3647 4888 3862 4947 levioribus.

2400 4993 2574 5039 tamen
2602 4987 2911 5042 vulneribus
2936 4988 3271 5045 medicinam.
3301 4991 3548 5046 Judiciunt
3573 4989 3707 5047 enim,
3733 4976 3858 5048 inquii.

2397 5076 2505 5129 sine
2536 5079 2880 5132 misericordia
2907 5078 2984 5133 illi
3013 5082 3097 5150 qui
3126 5099 3225 5136 non
3252 5085 3369 5155 facit
3398 5078 3749 5136 misericordiam.
3774 5069 3857 5123 illnc

2397 5168 2538 5221 enim
2560 5178 2615 5222 et
2638 5169 2912 5237 Dominus,
2938 5169 3207 5238 Dimittite,
3239 5175 3420 5243 inquit,
3444 5183 3487 5226 et
3507 5172 3736 5224 dimittetur
3750 5158 3860 5215 telis;

2396 5258 2539 5322 date,
2570 5269 2617 5313 et
2642 5260 2844 5315 dabitur
2869 5264 3004 5316 vobis
3030 5263 3176 5334 (Luc.
3204 5280 3257 5321 Vt
3277 5308 3292 5333 ,
3317 5266 3403 5329 57,
3430 5266 3536 5335 38).
3576 5250 3862 5329 Superata!”

2395 5362 2563 5405 autem
2605 5352 2949 5407 misericordia
2980 5355 3178 5425 judicio
3208 5374 3225 5412 :
3261 5373 3362 5411 non
3400 5358 3579 5410 dictum
3614 5359 3705 5413 Cal,
3744 5337 3861 5395 lint‘it

2397 5444 2756 5499 misericordia
2779 5446 3059 5513 judicium,
3091 5465 3191 5502 non
3221 5464 3358 5504 enim
3384 5456 3463 5502 est
3487 5447 3676 5499 adversa
3692 5434 3859 5508 Ξίάιαοὲ

2394 5537 2511 5603 sed,
2539 5540 2925 5608 superexsultat,
2957 5540 3077 5609 quia
3107 5542 3280 5610 plures
3306 5558 3396 5611 per
3416 5533 3764 5595 misericordiam
3785 5518 3858 5620 φιτ

2396 5629 2657 5698 liguntur,
2700 5630 2793 5685 sed
2828 5633 2914 5702 qui
2947 5634 3356 5689 misericordiam
3398 5632 3722 5703 praestiterunt.
3757 5618 3856 5672 Beati

2459 5836 2474 5866 ι
2510 5827 3569 5898 Μωυηίιθοίωωιιιριεηιίηυεψεριεεακήι.
