4004 6380
164 328 254 387 ’145

163 439 381 497 Trinitati
402 453 479 495 sic
498 445 819 510 comparata,
842 445 899 494 ut
918 437 1066 494 omni
1092 452 1158 495 ex
1184 434 1335 508 parte
1359 438 1676 494 conveniant
1700 455 1713 491 :

161 533 231 590 cui
250 534 383 590 cnim
413 532 741 588 similitudini
765 531 815 588 in
837 531 1155 603 disputando
1182 532 1549 589 convenientia
1568 539 1714 587 tanta

160 623 460 691 conceditur,
485 631 543 679 ut
564 623 612 679 ei
634 623 711 679 rei
736 622 823 679 cui
850 622 1147 680 adhibenda
1173 634 1275 692 est,
1303 640 1369 680 ex
1395 624 1539 679 omni
1565 631 1715 693 parte

160 718 447 789 coaptetur?
472 716 557 773 vel
582 716 795 787 quando
822 732 889 773 ex
919 725 1163 774 creatura
1185 716 1251 772 ad
1279 715 1586 771 Creatorem
1612 714 1712 768 ali-

160 810 261 883 quid
286 808 453 865 simile
496 808 819 865 assumitur?
853 809 1033 865 Primo
1058 824 1184 879 ergo
1223 809 1277 863 in
1318 808 1420 863 hoc
1448 806 1714 863 invenitur

160 905 244 959 ista
277 902 563 959 similitudo
588 902 861 959 dissimilis
884 946 899 973 ,
930 903 1073 975 quod
1119 903 1216 957 tria
1262 902 1375 957 haec
1398 945 1413 969 ,
1456 899 1712 957 memoria

159 996 473 1068 intelligentia
500 1037 516 1064 ,
560 997 837 1062 voluntas,
887 997 1080 1052 animae
1120 996 1328 1061 insunt;
1375 1009 1480 1049 non
1526 992 1712 1049 eadem

158 1090 255 1155 tria,
284 1096 361 1144 est
381 1090 561 1143 anima
592 1090 715 1144 :illa
746 1104 874 1145 vero
902 1089 1133 1144 Trinitas
1161 1103 1270 1142 non
1297 1088 1455 1151 inest,
1474 1085 1568 1141 sed
1598 1086 1711 1155 ipsa

158 1184 271 1240 Deus
293 1191 387 1239 est.
414 1182 541 1239 Ideo
562 1184 632 1239 ibi
656 1182 915 1238 mirabilis
935 1180 1249 1251 simplicitas
1272 1177 1707 1242 commendatur;

157 1278 253 1349 quia
278 1293 377 1344 non
408 1278 481 1333 ibi
512 1277 655 1332 aliud
689 1286 771 1333 est
798 1291 952 1342 esse,
996 1274 1143 1330 aliud
1186 1273 1513 1344 intelligere,
1545 1271 1628 1326 vel
1666 1270 1711 1325 si

158 1368 256 1440 quid
290 1368 426 1424 aliud
463 1368 534 1424 de
578 1368 672 1424 Dei
715 1377 900 1424 natura
940 1367 1133 1423 dicitur
1163 1382 1177 1423 :
1204 1367 1378 1421 anima
1421 1379 1548 1421 vero
1588 1363 1711 1433 quia

157 1472 236 1529 est,
256 1461 404 1517 etiam
431 1460 560 1516 dum
585 1476 690 1515 non
714 1459 975 1531 intelligit,
999 1457 1141 1513 aliud
1168 1465 1252 1513 est
1274 1456 1413 1529 quod
1435 1465 1536 1522 est,
1565 1453 1710 1509 aliud

156 1554 270 1627 quod
291 1553 554 1626 intelligit.
576 1554 778 1610 Deinde
802 1554 922 1625 quis
948 1553 1140 1609 audeat
1165 1552 1345 1608 dicere
1366 1551 1578 1607 Patrem
1602 1565 1707 1605 non

156 1647 413 1717 intelligere
436 1661 538 1717 per
568 1640 821 1716 seipsum’,
854 1645 948 1701 sed
975 1661 1069 1716 per
1095 1644 1310 1710 Filium,
1343 1643 1480 1699 sicut
1508 1655 1712 1697 memo-

156 1742 215 1797 ria
240 1755 332 1796 uon
359 1740 612 1811 intelligit
639 1756 734 1810 per
772 1740 1037 1810 seipsam,
1069 1738 1163 1794 sed
1207 1753 1302 1808 per
1345 1736 1706 1803 intellectum,

154 1831 219 1887 vel
242 1833 400 1902 potius
444 1832 627 1886 anima
667 1832 799 1902 ipsa,
846 1831 933 1886 cui
976 1831 1091 1885 haec
1128 1830 1327 1898 insunt,
1369 1844 1465 1901 per
1498 1828 1708 1884 intelle-

155 1934 269 1982 ctum
319 1925 688 1981 tantummodo
735 1924 1015 1995 intelligit;
1070 1923 1209 1979 sicut
1245 1937 1341 1993 per
1393 1922 1707 1978 memoriam

157 2018 481 2073 tantummodo
503 2017 770 2080 meminit,
794 2025 848 2071 et
868 2032 962 2086 per
987 2014 1313 2070 voluntatem
1343 2013 1709 2069 tantummodo

154 2110 273 2165 vult?
291 2110 366 2165 Ad
392 2109 495 2165 hoc
536 2124 669 2180 ergo
697 2108 979 2163 adhibetur
1008 2106 1106 2162 ista
1142 2105 1432 2162 similitudo
1452 2146 1466 2170 ,
1497 2114 1554 2159 ut
1578 2119 1711 2175 quo-

155 2220 236 2275 quo
260 2204 405 2260 modo
443 2203 775 2273 intelligatur
796 2244 810 2270 ,
841 2201 1288 2273 quemadmodum
1333 2200 1521 2255 horum
1551 2199 1708 2253 trium

156 2294 195 2349 in
228 2295 386 2350 anima
424 2310 554 2351 cum
598 2294 805 2365 singula
846 2294 1061 2348 nomina
1102 2293 1477 2357 enuntiantttr,
1517 2290 1709 2361 quibus

155 2386 305 2443 eadem
340 2387 547 2458 singula
578 2385 1045 2452 demonstrantur,
1087 2394 1263 2441 tamen
1301 2382 1711 2453 unumquodque

156 2493 314 2535 nomen
352 2480 433 2535 his
471 2479 653 2536 tribus
694 2479 1105 2550 c00perantibus
1145 2478 1481 2541 enuntiatur,
1509 2492 1630 2531 cum
1659 2484 1713 2531 et

157 2572 540 2641 reminiscendo,
570 2581 625 2628 et
648 2570 990 2643 intelligendo
1009 2613 1025 2640 ,
1053 2580 1108 2627 et
1128 2570 1354 2626 volendo
1383 2569 1608 2635 dicitur;
1640 2569 1711 2624 ita

156 2664 317 2719 nullam
340 2678 457 2720 esse
485 2673 816 2730 creaturam,
845 2679 949 2735 qua
976 2663 1058 2718 vel
1088 2663 1235 2717 solus
1257 2662 1432 2729 Pater,
1459 2662 1544 2716 vel
1566 2661 1713 2716 solus

157 2754 308 2825 Filius,
335 2759 416 2815 vel
442 2759 599 2814 solus
617 2759 842 2828 Spiritus
867 2765 1083 2814 sanctus
1116 2756 1531 2822 demonstretur,
1554 2770 1713 2825 quam

157 2862 241 2904 non
259 2850 398 2905 simul
428 2850 671 2905 Trinitas
697 2858 965 2921 Operetur,
1000 2866 1118 2921 quae
1142 2848 1563 2919 inseparabiliter
1581 2861 1714 2917 ope-

157 2949 311 2996 ratur:
336 2958 394 2997 ac
423 2958 521 3013 per
558 2942 659 2997 hoc
689 2958 788 2998 nec
814 2957 999 2998 vocem
1028 2941 1199 2997 Patris
1218 2984 1233 3009 ,
1267 2956 1366 2996 nec
1403 2941 1632 2996 animam
1663 2949 1717 2995 et

158 3046 335 3089 carnem
361 3033 519 3102 Filii,
560 3050 659 3090 nec
687 3034 987 3091 columbam
1018 3033 1246 3103 Spiritus
1275 3032 1446 3089 sancti
1484 3047 1602 3088 esse
1629 3031 1713 3086 fa-

159 3132 289 3195 ctam,
315 3126 411 3183 nisi
436 3127 633 3183 eadem
662 3135 985 3197 cooperante
1009 3126 1287 3180 Trinitate.

212 3220 256 3273 7.
290 3219 391 3277 Nec
412 3236 553 3277 sane
577 3236 739 3276 sonus
760 3220 849 3275 ille
885 3220 1055 3287 vocis,
1083 3219 1172 3289 qui
1198 3219 1449 3273 continuo
1475 3232 1593 3273 esse
1618 3216 1715 3273 de-

159 3312 283 3381 stitit,
309 3322 590 3386 coaptatus
615 3320 698 3368 est
740 3313 792 3368 in
820 3312 1075 3367 unitatem
1108 3325 1348 3381 persona:
1380 3310 1570 3375 Patris,
1618 3322 1718 3365 nec

160 3402 226 3459 illa
250 3406 494 3462 columba:
531 3406 741 3476 species
768 3405 1058 3475 corporalis
1081 3413 1323 3474 coaptata
1353 3412 1435 3459 est
1463 3403 1515 3457 in
1547 3402 1720 3458 unita-

162 3505 245 3553 tem
268 3514 499 3569 persona:
542 3496 774 3568 Spiritus
801 3496 991 3552 sancti.
1024 3494 1156 3551 Nam
1182 3496 1295 3566 ipsa
1321 3511 1552 3567 quoque,
1584 3496 1721 3551 sicut

163 3588 299 3644 nubes
331 3590 414 3645 illa
456 3588 642 3644 lucida
686 3604 805 3659 quae
848 3588 1059 3658 operuit
1100 3588 1153 3641 in
1180 3597 1361 3642 monte
1399 3601 1521 3641 cum
1553 3585 1721 3641 tribus

161 3681 403 3755 Discipulis
416 3685 757 3741 Salvatorem
785 3681 999 3753 (Matth.
1026 3697 1154 3745 xvn,
1180 3681 1258 3753 5),
1285 3680 1368 3736 vel
1392 3680 1567 3750 potius
1586 3680 1723 3735 sicut

162 3773 231 3831 ille
248 3777 371 3847 ignis
396 3778 487 3848 qui
517 3775 771 3832 eumdem
791 3774 1044 3845 Spiritum
1072 3783 1314 3829 sanctum
1336 3773 1723 3830 demonstravit

162 3864 271 3934 (Act.
296 3884 350 3937 ιι,
376 3869 456 3937 3),
503 3866 691 3924 ofﬁcio
734 3866 1131 3937 signiﬁcationis
1161 3866 1398 3936 impleto,
1441 3882 1566 3921 mox
1602 3881 1722 3923 esse

161 3954 335 4013 desivit.
366 3959 471 4017 Sed
500 3960 656 4015 solus
684 3958 863 4021 homo,
895 3959 1016 4029 quia
1048 3966 1262 4029 propter
1282 3958 1449 4029 ipsam
1476 3969 1720 4014 naturam

162 4046 450 4107 liberandam
481 4052 582 4107 illa
627 4052 804 4105 omnia
842 4050 1055 4116 ﬁebant,
1098 4050 1149 4104 in
1196 4052 1450 4106 unitatem
1480 4067 1722 4121 personae

163 4137 295 4197 Verbi
319 4143 429 4212 Dei,
460 4144 573 4199 hoc
601 4154 683 4199 est
709 4143 849 4199 unici
874 4142 992 4198 Filii
1020 4141 1113 4197 Dei
1139 4141 1369 4198 mirabili
1388 4151 1443 4197 et
1466 4142 1722 4212 singulari

163 4239 463 4308 susceptione
491 4245 776 4309 coaptatus
818 4246 921 4303 est,
952 4247 1298 4308 permanente
1339 4246 1514 4293 tamen
1544 4236 1722 4293 Verbo

164 4324 206 4380 in
229 4342 309 4384 sua
333 4340 527 4387 natura
570 4330 1093 4395 incommutabiliter,
1136 4330 1187 4384 in
1217 4344 1319 4400 qua
1348 4329 1477 4383 nihil
1505 4344 1726 4399 compo-

164 4418 233 4474 siti
255 4436 364 4477 cum
409 4438 525 4494 quo
564 4422 817 4478 subsistat
845 4422 950 4477 ulla
997 4422 1273 4493 phantasia
1300 4421 1516 4476 humani
1561 4422 1722 4476 animi

167 4515 515 4583 suspicandum
535 4524 635 4571 est.
655 4515 871 4586 Legitur
890 4514 1124 4586 quidem,
1150 4514 1453 4586 EtSpiritus
1466 4514 1727 4585 sapientia:

166 4606 401 4677 multiplex
428 4609 587 4684 (Sap.
619 4624 710 4673 vn,
735 4607 826 4677 22)
852 4623 868 4674 ;
899 4606 994 4662 sed
1024 4615 1167 4662 recte
1192 4607 1384 4662 dicitur
1410 4607 1568 4662 etiam
1593 4606 1725 4661 sim-

167 4694 283 4763 plex.
309 4699 580 4772 Multiplex
605 4702 770 4769 enim,
798 4700 1049 4771 quoniam
1071 4699 1233 4753 multa
1255 4707 1377 4755 sunt
1402 4714 1518 4769 quae
1544 4698 1725 4765 habet;

168 4790 362 4864 simplex
389 4805 595 4861 autem,
619 4797 739 4866 quia
769 4810 873 4849 non
903 4793 1044 4849 aliud
1074 4808 1231 4864 quam
1259 4791 1400 4861 quod
1424 4791 1585 4847 habet
1612 4802 1723 4850 est:

170 4882 285 4939 sicut
324 4888 495 4943 dictus
542 4898 626 4943 est
672 4887 841 4942 Filius
885 4886 1083 4942 habere
1129 4886 1291 4940 vitam
1339 4884 1391 4938 in
1441 4884 1729 4954 semetipso

173 4971 322 5041 (locu.
351 4995 406 5046 v,
434 4976 551 5051 26),
598 4978 860 5036 eteadem
900 4978 1007 5032 vita
1035 4978 1146 5047 ipse
1190 4984 1290 5031 est.
1344 4975 1517 5030 Homo
1554 4984 1731 5030 autem

174 5062 324 5124 Verbo
347 5072 592 5136 accessit,
620 5087 727 5128 non
758 5070 988 5125 Verbum
1019 5069 1073 5123 in
1101 5069 1367 5123 hominem
1407 5067 1728 5123 convertibi-

174 5155 275 5215 liter
300 5165 556 5232 accessit;
584 5174 743 5235 atque
787 5163 858 5218 ita
888 5170 941 5218 et
966 5161 1136 5217 Filius
1166 5160 1262 5216 Dei
1291 5160 1449 5215 simul
1475 5175 1595 5215 cum
1636 5159 1733 5215 ho-

174 5251 297 5310 mine
317 5265 562 5328 suscepto
585 5256 779 5311 dicitur
810 5274 822 5310 :
856 5254 994 5310 unde
1026 5253 1164 5309 idem
1196 5253 1360 5307 Filius
1386 5252 1488 5338 Dei.
1524 5252 1729 5307 incom-

176 5346 417 5404 mutabilis
445 5356 531 5405 est
568 5356 728 5419 atque
771 5356 1067 5402 coaeternus
1109 5344 1273 5411 Patri,
1321 5343 1415 5399 sed
1458 5344 1513 5398 in
1558 5342 1733 5398 Verbo

177 5434 307 5504 8010;
332 5448 385 5495 et
406 5442 642 5511 sepultus
667 5448 753 5496 est
774 5439 942 5495 Filius
968 5438 1083 5506 Dei,
1131 5437 1225 5492 sed
1251 5438 1305 5492 in
1330 5451 1490 5493 carne
1526 5436 1657 5491 sola.

238 5526 287 5583 8.
314 5529 538 5588 Proinde
556 5549 674 5605 quze
701 5532 768 5589 de
794 5532 930 5587 Filio
959 5530 1051 5586 Dei
1076 5530 1236 5587 verba
1262 5528 1528 5594 dicuntur,
1551 5527 1734 5584 viden-

181 5616 288 5677 dum
314 5633 392 5680 est
432 5626 719 5683 secundum
750 5625 875 5697 quid
903 5624 1165 5680 dicantur.
1211 5622 1326 5678 Non
1351 5622 1489 5678 enim
1519 5620 1734 5677 homine

181 5724 427 5788 assumpto
446 5733 787 5789 personarum
813 5733 1065 5775 numerus
1086 5724 1272 5774 auctus
1300 5724 1400 5782 est,
1431 5714 1526 5771 sed
1546 5715 1731 5773 eadem

171 5799 375 5866 Trinitas
409 5815 630 5870 mansit.
660 5812 791 5869 Nam
820 5812 957 5868 sicut
981 5811 1039 5868 in
1066 5810 1281 5868 homine
1304 5807 1558 5881 quolibet,
1589 5824 1727 5884 pra:-

406 5901 651 5973 SAttc'r.
690 5906 965 5972 Ancusr.
994 5902 1073 5966 ll.

1340 314 1818 382 EPISTOLARUM
1856 320 2132 383 CLASSIS
2169 325 2236 380 lll

1822 442 1904 489 ter
1929 452 2087 491 unum
2116 437 2265 493 illum
2293 438 2383 510 qui
2421 439 2757 512 singulariter
2781 454 3059 516 susceptus
3083 457 3186 519 est,
3227 453 3409 512 anima

1820 536 1875 583 et
1902 545 2095 600 corpus
2134 547 2235 586 una
2267 546 2491 603 persona
2516 543 2632 602 est;
2673 535 2746 591 ita
2772 536 2827 592 in
2856 538 3067 595 Christo
3094 540 3325 601 Verbum
3350 556 3409 604 et

1821 619 1982 713 homo
2012 640 2114 679 una
2141 640 2368 695 persona
2397 635 2496 684 est.
2530 629 2600 683 Et
2636 631 2772 687 sicut
2800 632 2981 701 homo,
3011 638 3158 693 verbi
3196 643 3366 710 gratia
3386 686 3405 713 ,

1820 712 2169 785 philosophus
2186 733 2289 774 non
2310 722 2490 788 utique
2516 720 2617 776 nisi
2630 724 2920 781 secundum
2936 728 3165 785 animam
3186 712 3405 805 dicitur,

1819 821 1920 863 nec
1947 807 2067 864 ideo
2092 817 2272 866 tamen
2292 811 2541 881 absurde,
2565 814 2658 871 sed
2676 820 3152 887 congruentissima
3170 833 3226 879 et
3242 826 3411 883 usita-
3426 847 3439 885 ἰ
3458 838 3465 853 ‘

1821 901 2020 958 tissima
2038 903 2303 960 locutione
2333 907 2557 963 dicimus
2588 908 2960 981 philosophum
2985 928 3202 983 caesum,
3232 919 3409 989 philo-

1818 991 2043 1061 sophum
2066 1004 2354 1062 mortuum,
2378 996 2753 1070 pliiluSOphum
2776 1003 3059 1073 sepultum,
3082 1021 3203 1063 cum
3233 1016 3405 1066 totum

1817 1085 2109 1141 secundum
2132 1103 2345 1145 carnem
2374 1090 2598 1158 accidat,
2628 1109 2746 1171 non.
2764 1096 3055 1152 secundum
3085 1100 3217 1155 illud
3259 1104 3406 1173 quod

1817 1186 1896 1234 est
1913 1177 2257 1249 philosophus
2278 1197 2289 1233 :
2310 1180 2380 1235 ita
2397 1180 2639 1239 Christus
2651 1184 2811 1253 Deus,
2831 1187 2923 1243 Dei
2941 1188 3127 1259 Filius,
3148 1192 3408 1250 Dominus

1814 1270 2016 1341 glorize,
2042 1281 2096 1327 et
2120 1275 2163 1329 si
2184 1275 2309 1344 quid
2342 1276 2644 1347 hujusmodi
2675 1281 2965 1335 secundum
2999 1283 3227 1340 Verbum
3266 1287 3403 1343 dici—

1816 1370 1929 1429 tur;
1949 1372 1999 1419 et
2014 1373 2186 1421 tamen
2204 1376 2347 1422 recte
2357 1367 2550 1424 dicitur
2564 1371 2701 1426 Deus
2716 1373 3018 1441 cruciﬁxus,
3032 1392 3151 1431 cum
3167 1378 3267 1435 hoc
3278 1395 3403 1437 eum

1816 1455 2108 1511 secundum
2138 1472 2351 1512 carnem
2381 1474 2593 1529 passum
2632 1478 2769 1530 esse,
2795 1480 2899 1519 non
2939 1469 3226 1525 secundum
3270 1471 3398 1528 illud

1814 1560 1922 1616 quo
1952 1547 2204 1603 Dominus
2227 1548 2411 1620 gloria:
2440 1562 2540 1617 est,
2583 1569 2688 1608 non
2730 1555 2985 1612 habeatur
3014 1559 3271 1617 incertum
3300 1563 3402 1637 (a).

1886 1637 1940 1692 9.
1994 1637 2213 1696 Sonitus
2253 1652 2432 1697 autem
2475 1641 2563 1699 ille
2606 1646 2782 1715 vocis,
2814 1657 2870 1703 et
2907 1650 3168 1708 columba:
3194 1656 3406 1724 species

1814 1734 2128 1802 corporalis,
2172 1743 2225 1790 et
2268 1735 2460 1806 lingua:
2497 1737 2681 1794 divisa:
2722 1740 2862 1796 velut
2907 1742 3045 1813 ignis
3075 1746 3164 1815 qui
3208 1747 3409 1805 insedit

1813 1838 1975 1893 super
2008 1840 2435 1896 unumquemque
2464 1842 2671 1895 eorum,
2703 1830 2838 1886 sicut
2867 1832 2956 1887 illa
2986 1834 3039 1889 in
3068 1846 3250 1893 monte
3277 1839 3409 1896 Sina

1814 1930 1935 1984 quae
1963 1915 2181 1970 terribili
2224 1918 2403 1987 specie
2439 1916 2578 1974 facta
2618 1931 2744 1976 sunt
2785 1922 2989 1995 (Exod.
3017 1941 3135 1993 xxx,
3180 1930 3303 2000 l8),
3351 1941 3409 1987 et

1813 2008 1951 2063 sicut
1994 2009 2238 2064 columna
2280 2010 2366 2064 illa
2416 2013 2572 2067 nubis
2613 2030 2705 2083 per
2743 2014 2905 2080 diem,
2957 2026 3009 2071 et
3036 2020 3265 2077 ﬂamma:
3308 2038 3409 2092 per

1815 2111 2027 2157 noctem
2061 2100 2169 2173 (1d.
2198 2119 2310 2169 xm,
2342 2104 2455 2175 21),
2480 2106 2826 2176 signiﬁcativa
2849 2111 3160 2180 operatione
3184 2123 3301 2169 acta
3324 2125 3409 2170 at-

1814 2210 1917 2265 que
1963 2204 2223 2251 transacta
2262 2206 2404 2253 sunt.
2438 2198 2571 2254 lllud
2608 2201 2660 2255 in
2709 2200 2795 2259 his
2832 2203 3064 2260 maxime
3107 2207 3404 2263 cavendum

1814 2297 1916 2356 est,
1948 2304 2015 2344 ne
2050 2290 2294 2360 cuiquam
2336 2290 2429 2346 Dei
2453 2300 2640 2347 natura
2670 2294 2752 2348 vel
2794 2294 2987 2365 Patris,
3031 2296 3118 2353 vel
3149 2295 3292 2365 Filii,
3320 2300 3406 2354 vel

1814 2380 2043 2452 Spiritus
2073 2383 2242 2437 sancti
2270 2384 2661 2439 commutabilis
2683 2395 2736 2439 et
2756 2388 3118 2443 convertibilis
3143 2403 3266 2446 esse
3291 2405 3410 2446 cre-

1816 2474 1990 2530 datur.
2021 2475 2133 2531 Nec
2159 2488 2371 2532 moveat
2393 2479 2532 2548 quod
2555 2479 2837 2548 aliquando
2862 2496 2947 2535 res
2974 2497 3094 2552 quae
3119 2482 3406 2553 signiﬁcat,

1815 2580 2014 2622 nomen
2042 2568 2157 2638 ejus
2186 2568 2262 2622 rei
2288 2584 2446 2639 quam
2475 2570 2755 2640 signiﬁcat,
2785 2572 2995 2641 accipit.
3025 2572 3257 2643 Spiritus
3281 2590 3412 2629 san-

1817 2670 1935 2715 etus
1978 2661 2152 2715 dictus
2194 2670 2277 2716 cst
2323 2663 2586 2732 corporali
2635 2664 2813 2733 specie
2861 2674 3110 2735 tanquam
3157 2667 3411 2723 columba

1818 2751 2161 2807 descendisse
2185 2761 2240 2807 et
2261 2754 2521 2809 mansisse
2541 2769 2702 2824 super
2719 2772 2859 2810 eum.
2891 2755 2980 2812 Sic
2998 2746 3146 2816 enim
3171 2767 3228 2817 et
3256 2768 3412 2829 petra

1818 2840 2064 2898 Christus
2091 2843 2137 2915 (ι
2165 2842 2283 2898 Cor.
2311 2862 2365 2912 ιι,
2392 2846 2469 2917 4),
2511 2848 2631 2917 quia
2662 2848 2923 2917 signiﬁcat
2949 2849 3241 2908 Christum.

1890 2934 2116 2991 CAPUT
2156 2935 2243 2990 lll.
2268 2966 2339 2976 —
2365 2937 2452 2991 10.
2484 2937 2647 2993 Miror
2668 2949 2843 2994 autem
2870 2940 2961 2995 tibi
2985 2941 3151 2998 videri
3176 2933 3440 2999 sonitum'

1821 3028 1967 3083 vocis
2004 3028 2149 3083 illius
2196 3044 2299 3099 qua
2339 3028 2539 3084 dictum
2576 3038 2676 3098 est,
2722 3029 2802 3084 Tu
2841 3047 2893 3086 es
2935 3032 3071 3101 ﬁlius
3108 3050 3267 3102 meus,
3300 3049 3409 3091 non

1821 3120 2090 3177 mediante
2116 3122 2312 3189 anima,
2343 3122 2441 3178 sed
2485 3122 2664 3177 divino
2694 3133 2823 3178 nutu
2867 3125 2980 3179 sola
3008 3126 3273 3197 corporali
3316 3142 3413 3182 na-

1824 3223 1939 3271 tura
1963 3216 2041 3271 sic
2065 3214 2179 3270 ﬁeri
2207 3217 2442 3286 potuisse
2467 3233 2481 3283 ;
2512 3225 2566 3272 et
2590 3232 2697 3273 non
2723 3217 2817 3272 tibi
2844 3218 3008 3273 videri
3035 3219 3225 3276 eodem
3250 3220 3414 3278 modo

1822 3308 2063 3383 potuisse
2091 3309 2205 3365 ﬁeri
2234 3311 2517 3366 animantis
2561 3312 2847 3381 cujuslibet
2891 3314 3123 3382 speciem
3153 3330 3411 3386 corpora-

1824 3403 1929 3459 lem
1969 3414 2277 3474 motumque
2314 3405 2510 3460 viventi
2556 3406 2803 3473 similem,
2847 3406 3026 3462 divino
3066 3418 3216 3473 nutu,
3267 3410 3416 3464 nullo

1825 3497 2041 3552 animali
2069 3498 2379 3567 interposito
2419 3498 2625 3568 spiritu.
2677 3499 2731 3554 Si
2775 3499 2917 3554 enim
2945 3500 3276 3570 obtemperat
3304 3502 3415 3557 Deo

1826 3598 2069 3645 creatura
2093 3604 2349 3661 corporea
2376 3592 2493 3646 sine
2520 3589 2833 3646 viviﬁcantis
2858 3594 3049 3647 anima:
3075 3592 3370 3647 ministerio
3394 3632 3411 3659 ,

1824 3688 1886 3735 ut
1911 3680 2136 3736 edantur
2161 3683 2277 3737 soni
2298 3682 2481 3753 quales
2505 3682 2591 3737 edi
2613 3698 2679 3738 ex
2704 3698 2927 3753 corpore
2955 3682 3189 3739 animato
3217 3683 3416 3752 solent,

1828 3780 1886 3828 ut
1912 3772 2084 3829 forma
2109 3774 2391 3831 locutionis
2417 3775 2707 3830 articulatm
2741 3776 2957 3832 auribus
3000 3775 3290 3844 inferatur;
3321 3794 3420 3834 cur

1827 3880 1934 3921 non
1964 3866 2318 3937 obtemperet,
2342 3876 2399 3921 ut
2418 3867 2533 3922 sine
2560 3867 2751 3921 animae
2775 3867 3094 3923 viviﬁcantis
3120 3870 3418 3925 ministerio

1826 3955 1997 4028 ﬁgura
2026 3967 2308 4028 motusque
2335 3959 2584 4025 volucris,
2616 3959 2803 4013 eadem
2846 3961 3081 4029 potentia
3109 3961 3378 4017 Creatoris
3396 4004 3412 4029 ,

1826 4051 2096 4121 ingeratur
2120 4051 2463 4120 aspectibus?
2490 4051 2570 4104 An
2596 4065 2785 4105 sensus
2810 4051 3057 4105 audiendi
3088 4050 3188 4107 hoc
3213 4054 3417 4109 mereri

1829 4153 2024 4215 potest,
2056 4142 2269 4198 videndi
2296 4159 2401 4197 non
2434 4152 2627 4213 potest,
2656 4158 2775 4198 cum
2806 4157 2872 4198 ex
2902 4142 3165 4212 adjacenti
3192 4146 3417 4198 materia

1828 4252 2025 4306 corpus
2053 4237 2069 4267 ⁸
2099 4236 2379 4305 utrumque
2405 4234 2681 4299 formetur,
2715 4234 2927 4305 etquod
2959 4234 3169 4290 insonat
3192 4234 3418 4291 auribus

1828 4336 1885 4387 et
1907 4330 2047 4402 quod
2073 4338 2293 4402 apparet
2332 4329 2653 4399 aspectibus,
2681 4337 2734 4384 et
2763 4328 2908 4384 vocis
2932 4328 3143 4383 articuli
3166 4338 3221 4384 et
3246 4329 3418 4385 linea-

1830 4433 2007 4479 menta
2032 4423 2413 4488 membrorum,
2443 4431 2499 4478 et
2525 4420 2773 4476 audibilis
2813 4430 2867 4476 et
2889 4420 3114 4477 visibilis
3141 4429 3334 4489 motus,
3359 4432 3422 4477 ut

1830 4526 1885 4573 et
1924 4533 2108 4573 verum
2134 4516 2203 4573 sit
2230 4531 2423 4587 corpus
2450 4514 2591 4585 quod
2634 4515 2859 4570 sentitur
2883 4515 3126 4585 corporis
3156 4530 3338 4581 sensu,
3365 4523 3423 4577 et

1833 4614 1963 4669 nihil
1989 4615 2058 4671 sit
2084 4612 2312 4683 amplius
2336 4626 2492 4682 quam
2523 4609 2664 4680 quod
2696 4610 2922 4664 sentitur
2949 4608 3188 4679 corporis
3213 4622 3372 4663 sensu
3394 4607 3421 4660 ’ἒ

1834 4709 2024 4763 Anima
2053 4707 2195 4761 enim
2221 4704 2368 4759 nullo
2406 4718 2568 4758 sensu
2595 4701 2836 4772 corporis
2875 4698 2961 4755 vel
3005 4701 3057 4754 in
3102 4700 3280 4770 aliquo
3305 4700 3420 4753 ani-

1838 4808 2018 4855 mante
2043 4798 2289 4853 sentitur.
2316 4794 2435 4850 Non
2452 4794 2610 4866 igitur
2628 4802 2713 4849 est
2731 4808 2864 4864 opus
2886 4806 3127 4862 quaerere
3152 4790 3447 4862 quomodo,

1835 4890 2140 4963 apparuerit
2186 4886 2446 4942 columbae
2498 4886 2705 4957 species
2758 4881 3080 4953 corporalis,
3133 4881 3270 4935 sicut
3311 4897 3422 4939 non

1837 4982 2124 5054 quaerimus
2140 4978 2410 5052 quomodo
2421 4978 2697 5033 sonucrint
2708 4989 2865 5031 voces
2883 4971 3144 5029 articulati
3157 4974 3423 5043 corporis.

1838 5075 1895 5131 Si
1932 5075 2072 5130 enim
2100 5072 2273 5143 potuit
2296 5072 2471 5126 anima
2502 5087 2607 5125 non
2632 5083 2751 5124 esse
2790 5065 2985 5132 media,
3017 5064 3109 5121 ubi
3148 5080 3272 5131 vox,
3313 5080 3425 5121 non

1839 5165 1989 5237 quasi
2013 5180 2134 5231 vox,
2163 5163 2355 5220 dicitur
2381 5164 2547 5228 facta;
2580 5168 2776 5230 quanto
2805 5158 2973 5227 magis
2999 5158 3186 5227 potuit,
3219 5157 3307 5212 ubi
3337 5157 3425 5211 di-

1840 5259 1979 5314 citur
1996 5267 2233 5329 tanquam
2262 5257 2507 5319 columba,
2525 5253 2625 5307 hoc
2644 5250 2809 5306 verbo
2843 5248 3136 5320 signiﬁcata
3159 5248 3273 5304 sola
3298 5262 3425 5316 spe-

1841 5353 1924 5408 cie
1970 5352 2234 5422 corporali
2283 5349 2453 5406 oculis
2508 5343 2747 5410 reddita,
2799 5358 2906 5399 non
2959 5352 3145 5397 natura
3196 5338 3425 5395 viventis

1842 5446 2126 5503 animantis
2153 5440 2442 5515 expressa?
2484 5439 2594 5494 Hoc
2641 5435 2801 5491 modo
2830 5435 2987 5491 etiam
3032 5430 3160 5489 illud
3188 5429 3381 5485 dicitur
3404 5472 3425 5497 ,

1844 5540 2034 5596 Factus
2078 5548 2150 5595 est
2178 5538 2341 5593 subito
2369 5535 2431 5588 de
2457 5532 2582 5588 «:on
2619 5548 2794 5600 sonus,
2836 5529 2982 5600 quasi
3005 5531 3220 5599 ferretur
3262 5525 3421 5597 ﬂatus

1842 5638 2137 5703 vehemens,
2202 5642 2246 5686 et
2302 5631 2419 5685 visa:
2478 5635 2594 5683 sunt
2661 5625 2765 5680 illis
2823 5624 3009 5693 lingua:
3065 5620 3239 5675 divisa!
3292 5623 3427 5681 velut

1907 5758 1923 5787 ι
1957 5756 2029 5805 sic
2050 5753 2196 5801 vatic.
2222 5746 2392 5799 codex.
2421 5750 2474 5793 Αι
2495 5733 3052 5805 aliibabenttcorporis.

1905 5800 2290 5883 (αῑὶπίιιέιέριδι.
2319 5810 2429 5871 187,
2452 5821 2496 5857 c.
2523 5806 2571 5866 ε,
2597 5819 2646 5854 ιι.
2672 5804 2704 5853 8
2727 5809 2779 5850 (ιι
2798 5800 2847 5850 9.

2572 5890 2607 5969 (
2621 5886 3135 5971 Vingt—quatre.)
