4004 6372
634 309 743 370 ’.96⁸1

634 429 768 501 ignis
797 442 817 482 :
844 426 930 482 ubi
978 425 1167 482 dicitur
1220 422 1425 493 species
1469 418 1711 490 quaedam
1765 414 1913 486 quasi
1956 412 2130 475 flatus,
2174 418 2229 465 et

632 520 784 579 Velut
804 516 946 590 ignis
970 516 1237 573 sensibilis
1264 514 1471 570 usitatis
1512 510 1699 567 similis
1728 508 1974 578 notisque
2000 505 2225 569 naturis,

634 627 744 669 non
786 611 915 682 ipsae
958 608 1167 667 usitatae
1206 615 1450 674 notaeque
1493 611 1697 659 natura:
1721 599 1791 656 ad
1836 608 2047 668 tempus
2075 595 2227 655 factae

636 705 924 779 significari
963 702 1117 759 viden
1126 710 1229 757 tur.

708 801 798 856 Η.
832 797 894 854 Si
935 804 1110 857 autem
1142 792 1388 849 subtilior
1426 791 1587 857 ratio,
1635 790 1716 845 vel
1762 786 2105 846 excellentior
2147 784 2225 841 rei
2276 844 2282 852 ,

632 888 912 960 vestigatio
938 887 1266 943 demonstrat
1289 900 1408 941 eam
1438 891 1680 938 naturam
1713 896 1830 951 quae
1874 895 1972 935 nec
2015 888 2223 946 tempo-

632 984 817 1043 raliter
865 995 965 1039 nec
1010 978 1250 1035 localiter
1280 985 1541 1041 movetur,
1593 989 1698 1030 non
1730 971 1933 1029 moveri
1979 969 2080 1024 nisi
2131 982 2226 1038 per

629 1076 778 1133 ium
815 1089 932 1144 quae
963 1072 1324 1143 temporalitcr
1367 1080 1592 1133 tantum,
1623 1084 1727 1122 non
1756 1066 1994 1123 localiter
2023 1061 2225 1118 moveri

630 1177 843 1239 potest;
869 1179 1203 1235 consequens
1233 1164 1333 1221 erit
1358 1172 1417 1218 ut
1436 1162 1612 1217 omnia
1636 1161 1727 1215 illa
1754 1175 1849 1229 per
1869 1155 2225 1212 ministerium

630 1268 891 1333 creatura:
910 1257 1134 1313 viventis
1154 1256 1340 1312 effecta
1373 1255 1499 1323 sint,
1524 1255 1660 1309 sicut
1688 1269 1783 1322 per
1804 1251 2036 1321 Angelos
2060 1250 2223 1302 fiunt:

631 1352 776 1411 unde
798 1350 1103 1421 diligentius
1130 1348 1397 1405 disserere
1425 1356 1479 1403 et
1519 1348 1735 1417 longum
1765 1356 1865 1408 est,
1902 1352 1957 1399 et
1984 1358 2088 1397 non
2128 1356 2225 1396 nee

631 1448 945 1505 ce’marium.
986 1445 1100 1499 Huc
1130 1442 1335 1498 accedit
1376 1442 1498 1511 quia
1546 1448 1671 1495 sunt
1700 1440 1948 1504 visiones,
1979 1450 2097 1506 quae
2127 1450 2224 1504 ap-

628 1547 822 1609 parent
848 1536 1058 1607 spiritui
1080 1546 1334 1605 tanquam
1360 1533 1602 1602 corporis
1623 1531 1890 1595 sensibus,
1916 1544 2019 1582 non
2052 1526 2224 1580 solum

631 1630 1019 1687 dormientibus
1068 1629 1152 1685 vel
1205 1626 1546 1690 furentibus,
1603 1623 1699 1678 sed
1751 1620 2034 1691 aliquando
2081 1633 2223 1673 sanae

630 1725 829 1779 mentis
868 1720 1246 1791 vigilantibus;
1292 1735 1398 1772 non
1444 1733 1538 1787 per
1583 1714 1846 1771 fallaciam
1892 1711 2224 1767 illudentium

630 1817 956 1879 daemonum,
979 1815 1073 1869 sed
1099 1828 1193 1883 per
1212 1812 1443 1881 aliquam
1468 1808 1845 1864 revelationem
1869 1804 2221 1875 Spiritualem,

631 1925 750 1981 quae
778 1908 834 1963 fit
864 1924 956 1977 per
994 1906 1193 1962 formas
1241 1907 1584 1973 incorporeas
1619 1901 1932 1971 corporibus
1981 1898 2220 1963 similes;

628 2017 749 2071 qua:
792 1999 1026 2055 discerni
1054 1998 1271 2053 omnino
1298 2012 1402 2051 non
1434 2002 1673 2066 possunt,
1710 1993 1808 2047 nisi
1840 1992 2022 2046 divino
2066 1989 2223 2059 adju-

627 2096 767 2150 torio
795 2094 1001 2164 plenius
1032 2093 1355 2157 reVelentur,
1398 2098 1451 2144 et
1482 2089 1676 2144 mentis
1702 2085 2049 2155 intelligentia
2078 2083 2221 2152 diju-

626 2187 894 2255 dicentur,
941 2187 1026 2240 vix
1067 2183 1351 2254 aliquando
1392 2199 1511 2237 cum
1544 2182 1675 2236 liunt
1706 2182 1747 2245 ί,
1774 2179 1867 2234 sed
1909 2178 2223 2249 plerumque

624 2290 810 2351 postea
850 2296 972 2335 eum
1018 2278 1342 2333 transierint.
1401 2276 1529 2343 Quae
1577 2290 1697 2329 cum
1730 2274 1799 2327 ita
1848 2274 1971 2337 sint,
2016 2272 2127 2325 sive
2167 2270 2222 2325 in

624 2375 833 2429 naturis
852 2374 1149 2443 corporeis,
1192 2371 1304 2426 sive
1335 2370 1446 2425 sola
1487 2369 1665 2438 specie
1704 2366 1988 2436 corporali,
2032 2372 2220 2418 natura

627 2479 807 2525 autem
850 2466 1150 2538 spirituali,
1198 2474 1381 2519 nostro
1428 2463 1636 2533 Spiritui
1686 2470 1936 2531 tanquam
1976 2457 2221 2513 sensibus

626 2563 869 2632 corporis
890 2575 1153 2631 apparere
1181 2559 1478 2624 videantur,
1509 2554 1720 2627 quando
1750 2554 1865 2608 haec
1894 2568 2042 2607 sacra
2072 2549 2220 2605 Scri-

626 2664 782 2726 ptura
822 2659 1230 2717 commemorat,
1279 2651 1429 2720 cujus
1474 2650 1699 2704 istorum
1740 2648 1968 2701 duorum
2007 2643 2220 2714 generis

624 2748 754 2814 sint,
773 2755 1025 2802 etnuum
1056 2744 1323 2800 mediante
1345 2744 1461 2798 viva
1489 2751 1729 2798 creatura
1754 2740 1903 2805 ﬁant,
1928 2739 1971 2793 si
1992 2752 2219 2806 corpore

624 2839 779 2906 ﬁunt,
825 2836 1067 2909 judicare
1116 2846 1315 2892 temere
1368 2850 1478 2889 non
1529 2834 1828 2889 debemus:
1859 2830 1986 2885 dum
2036 2838 2217 2897 tamen

623 2930 912 2997 Creatoris,
950 2929 1054 2983 hoc
1083 2936 1166 2984 est
1193 2942 1420 2983 summa;
1448 2936 1607 2996 atque
1636 2924 1917 2979 inefi‘abiiis
1946 2921 2218 2975 Trinitatis

619 3021 941 3085 hvisibiiem
964 3019 1561 3089 incommutabilemque
1587 3025 1850 3080 naturam,
1884 3022 1979 3068 eta
2011 3020 2215 3067 morta-

620 3114 751 3172 lium
776 3115 1074 3171 carnalium
1104 3113 1372 3179 sensibus,
1402 3110 1546 3165 etab
1570 3108 1716 3164 omni
1740 3105 2212 3169 convertibilitate,

620 3208 737 3264 sive
762 3208 813 3261 in
841 3207 1051 3272 melius,
1072 3207 1184 3261 sive
1206 3207 1259 3259 in
1287 3204 1542 3269 deterius,
1576 3202 1687 3255 sive
1705 3202 1759 3255 in
1780 3199 2052 3270 quodlibet
2074 3196 2216 3252 aliud

622 3309 784 3370 atque
811 3297 972 3365 aliud,
1002 3306 1261 3352 remotam
1289 3305 1448 3365 atque
1491 3296 1795 3361 discretam,
1842 3293 1924 3347 vel
1956 3293 2070 3348 sine
2110 3291 2213 3349 ulla

620 3392 959 3451 dubitatione
985 3390 1287 3457 credamus,
1315 3390 1400 3445 vel
1428 3388 1801 3458 qualicumque
1827 3386 1984 3441 etiam
2014 3384 2211 3440 intelliv

624 3486 803 3556 gentia
832 3484 1125 3554 capiamus.

692 3573 919 3631 CAPUT
958 3573 1044 3630 Π.
1073 3604 1145 3615 --
1171 3574 1258 3629 12.
1307 3573 1431 3629 Haec
1458 3572 1549 3627 tibi
1575 3572 1641 3627 de
1664 3570 1871 3627 duabus
1907 3568 2215 3638 quaestioni-

619 3667 739 3732 bus,
770 3666 876 3721 hoc
899 3675 1000 3732 est,
1023 3667 1091 3721 de
1117 3665 1394 3731 Trinitate,
1412 3674 1466 3719 et
1490 3664 1756 3727 columba,
1783 3662 1833 3717 in
1858 3676 1957 3731 qua
1984 3660 2214 3729 Spiritus

618 3768 838 3816 sanctus
863 3774 970 3813 non
1014 3772 1108 3812 sua
1140 3769 1348 3823 natura,
1380 3756 1475 3812 sed
1518 3753 2083 3823 significatita-specie
2120 3752 2215 3808 de—

616 3864 951 3912 monstratus
974 3864 1056 3909 est
1081 3871 1094 3919 ;
1123 3855 1261 3909 sicut
1283 3860 1336 3907 et
1352 3851 1516 3905 Filius
1548 3849 1640 3904 Dei
1666 3864 1772 3903 non
1793 3864 1887 3903 sua
1918 3846 2210 3914 nativitate,

619 3949 690 4006 de
714 3965 817 4020 qua
838 3950 996 4005 Pater
1020 3948 1170 4013 dixit,
1204 3948 1332 4000 Ante
1359 3945 1625 4016 luciferum
1654 3945 1805 4015 genui
1834 3953 1881 3997 te
1907 3943 2077 4013 (Psal.
2096 3958 2209 4010 cix,

615 4041 709 4111 3),
742 4041 834 4096 sed
884 4041 939 4096 in
972 4040 1186 4095 homine
1210 4046 1460 4106 suscepto
1486 4051 1554 4093 ex
1597 4045 1748 4091 utero
1772 4037 2025 4108 Virginis,
2059 4052 2087 4090 a
2114 4037 2211 4091 Ju-

618 4136 752 4191 dteis
788 4136 1071 4191 cruciﬁxus
1108 4141 1226 4197 est;
1259 4132 1453 4187 videris
1482 4147 1639 4201 quam
1680 4132 1855 4187 otioso
1885 4147 1984 4201 ego
2035 4144 2209 4189 tamen

619 4226 1060 4296 occupatissimus
1088 4223 1322 4279 scribere
1344 4223 1510 4294 potui.
1538 4221 1648 4277 Nec
1672 4223 1851 4292 putavi
1880 4224 2058 4277 omnia
2086 4238 2208 4291 per-

617 4316 893 4371 tractanda
925 4331 1044 4385 qua:
1084 4315 1306 4384 posuisti
1345 4315 1400 4370 in
1428 4315 1617 4370 litteris
1646 4314 1780 4380 tuis;
1814 4330 2001 4370 verum
2026 4314 2092 4368 ad
2120 4315 2208 4371 illa

619 4408 729 4463 duo
759 4423 877 4476 quae
908 4422 973 4461 ex
1003 4421 1089 4460 me
1118 4406 1301 4461 audire
1328 4406 1559 4471 voluisti,
1592 4421 1681 4460 me
1707 4406 2065 4475 respondisse,
2109 4408 2208 4462 etsi

616 4515 726 4557 non
757 4497 1085 4553 sufﬁcienter
1123 4497 1359 4552 aviditati
1403 4506 1525 4563 tute,
1573 4505 1749 4555 tamen
1790 4497 2036 4553 charitati
2079 4499 2209 4555 obe-

617 4595 829 4650 dienter
850 4592 1117 4649 existimo.

691 4689 777 4742 15.
820 4686 1021 4740 Praeter
1042 4693 1218 4739 autem
1244 4684 1362 4738 illos
1386 4682 1519 4739 duos
1542 4682 1728 4749 libros,
1758 4698 1892 4753 quos
1919 4684 2085 4743 tribus
2122 4702 2207 4743 me

614 4779 927 4851 adjunxisse
953 4792 1111 4848 supra
1142 4777 1574 4843 commemoravi,
1606 4782 1663 4832 et
1682 4775 1837 4831 trium
1880 4776 2206 4845 psalmorum

616 4873 1006 4943 expositionem
1032 4868 1255 4945 (Supra,
1288 4885 1402 4938 cap.
1433 4869 1486 4935 l,
1525 4885 1577 4922 η.
1622 4865 1696 4941 l),
1726 4868 1914 4937 scripsi
1944 4868 2099 4923 etiam
2141 4870 2207 4923 li-

612 4966 768 5023 brum
804 4964 877 5037 (a)
921 4966 985 5020 ad
1022 4973 1261 5022 sanctum
1307 4963 1671 5034 presbyterum
1716 4962 2097 5035 Hieronymum
2139 4964 2206 5019 de

620 5058 826 5113 Anima:
852 5058 1089 5128 Origine,
1114 5057 1398 5113 consulens
1424 5072 1542 5110 eum
1564 5056 1828 5126 quomodo
1848 5056 2057 5112 defendi
2084 5073 2206 5128 pos-

612 5152 688 5207 sit
714 5150 802 5204 illa
829 5152 1096 5206 sententia
1127 5166 1282 5220 quam
1313 5149 1575 5219 religiosm
1604 5149 1874 5203 memoriae
1901 5150 2205 5205 Marcellino

612 5257 767 5301 suam
804 5257 927 5297 esse
954 5242 1187 5311 scripsit,
1218 5240 1444 5314 singulas
1473 5242 1669 5295 animas
1707 5257 1861 5294 novas
1890 5243 2205 5298 nascentibus

614 5337 745 5405 ﬁeri,
772 5343 838 5389 aut
867 5349 973 5389 non
1001 5332 1345 5389 labefactetur
1373 5333 1739 5389 fundatissima
1768 5333 2019 5389 Ecclesia:
2045 5334 2200 5403 fides,

612 5444 717 5497 qua
764 5429 1080 5484 inconcusse
1114 5427 1382 5483 credimus
1408 5429 1548 5499 quod
1579 5430 1629 5483 in
1662 5427 1830 5485 Adam
1858 5444 2042 5485 omnes
2084 5446 2201 5486 mo-

611 5520 823 5576 riuntur
850 5518 906 5595 (l
933 5520 1048 5575 Cor.
1082 5536 1175 5586 xv,
1200 5518 1327 5594 2‘2),
1377 5530 1431 5575 et
1477 5520 1579 5576 nisi
1624 5536 1718 5590 per
1745 5520 1937 5576 Christi
1982 5524 2202 5591 gratiam

677 5678 693 5708 ¹
726 5678 798 5726 sic
817 5676 914 5727 duo
932 5683 1040 5728 Mss.
1065 5674 1288 5741 [ﬁerent].

692 5780 766 5846 (ιι)
789 5782 873 5830 ttic
894 5780 1020 5831 liber
1046 5790 1122 5833 est
1144 5785 1285 5848 Epist.
1318 5784 1419 5833 166.

1876 301 1932 356 S.
1975 294 2216 355 AUGUST

2329 298 2339 352 l
2378 298 2679 357 ElePl
3752 316 3835 373 πθ

2335 411 2646 479 liberentur,
2694 413 2836 484 quod
2862 414 2878 446 ‘
2904 428 3003 484 per
3026 426 3187 475 suum
3232 413 3607 477 Militem-ttat
3642 423 3838 485 etiamin

2332 504 2567 573 parvulis
2614 513 2867 574 operatur
2886 546 2902 573 ,
2953 505 3009 567 in
3058 505 3537 569 eaedemeedem
3589 514 3832 575 trahuuwr.

2332 593 2533 666 Scripsi
2554 606 2609 653 et
2632 597 2791 653 alium
2814 597 2878 655 ad
2899 597 3149 660 eumdem
3168 596 3268 671 (ai.
3290 601 3541 669 qIOmOdo
3561 603 3627 661 illi
3648 606 3838 668 videatur

2333 691 2700 762 accipiendtun
2742 692 2882 764 quod
2908 694 3169 763 settiptum
3212 704 3293 751 est
3328 694 3384 753 ia
3423 696 3635 765 Epistula
3658 699 3837 767 Jaeolii,

2335 782 2649 855 Quicumque
2686 794 2853 841 uitem
2879 795 3037 843 tatam
3064 784 3249 858 Legem
3268 789 3539 854 sationem.
3568 789 3754 857 claudat
3775 813 3840 851 au-

2333 886 2431 933 tem
2450 879 2503 935 in
2529 895 2649 945 uno,
2681 880 2845 950 factus
2868 887 2942 937 est
2964 880 3187 939 omnium
3217 898 3327 937 reus
3348 879 3540 953 (Jacobi
3562 899 3616 948 ιι,
3642 884 3735 955 l0).
3760 888 3840 944 Sed

2334 972 2385 1029 in
2414 972 2519 1028 hoc
2541 972 2649 1029 dixi
2675 975 2833 1028 etiam
2862 972 2989 1043 quid
3018 974 3148 1033 mihi
3179 972 3409 1031 videatur
3436 992 3450 1031 ;
3479 975 3528 1029 iu
3555 976 3635 1033 illo
3672 988 3838 1047 autem,

2333 1065 2401 1121 de
2429 1065 2621 1119 animm
2650 1065 2853 1135 origine
2876 1074 3083 1125 tantum
3115 1065 3241 1136 quid
3279 1067 3327 1121 ei
3359 1066 3600 1133 videatur,
3625 1072 3840 1126 consulta.

2334 1157 2471 1213 toria
2491 1157 2715 1228 quadam
2732 1158 3087 1227 disputatione
3101 1158 3339 1227 quatsivi.
3362 1159 3677 1217 Occasuincm
3690 1164 3842 1233 quippe

2333 1250 2607 1320 cujusdam
2634 1251 2953 1309 sanctissimi
2984 1263 3038 1311 et
3065 1252 3435 1313 studiosissimi
3456 1253 3648 1321 juvenis
3673 1257 3843 1327 presby-

2335 1343 2433 1397 teri
2457 1343 2648 1407 Orosii,
2674 1344 2770 1412 qui
2798 1343 2863 1398 ad
2896 1359 2995 1403 nos
3024 1344 3090 1403 ab
3117 1344 3298 1409 uitiata
3342 1344 3598 1414 Hispania,
3623 1346 3669 1405 id
3693 1358 3772 1414 est,
3792 1350 3841 1403 ab

2333 1434 2520 1489 oceani
2564 1433 2766 1499 littore,
2799 1434 2916 1491 solo
2955 1444 3257 1491 sanctarum
3298 1436 3663 1505 Scripturarum
3696 1438 3843 1497 ardore

2333 1524 2689 1581 inﬂammatus
2718 1525 2953 1591 advenit,
2985 1527 3232 1583 amittere
3254 1527 3397 1587 nolui
3420 1544 3435 1593 ;
3460 1528 3556 1596 cui,
3587 1540 3637 1587 ut
3657 1529 3713 1587 ad
3733 1530 3840 1587 illum

2332 1632 2541 1688 quoque
2570 1629 2833 1689 pergeret,
2867 1620 3125 1689 persuasi.
3160 1620 3296 1676 Huic
3321 1620 3475 1679 etiam
3504 1621 3595 1690 ipsi
3619 1621 3776 1676 Oresio
3793 1622 3842 1677 ad

2332 1710 2575 1781 quaedam
2616 1711 2938 1783 interrogata
2969 1728 3088 1782 quae
3116 1712 3265 1769 illum
3307 1712 3374 1767 de
3399 1712 3842 1771 Priscillianislarum

2332 1802 2545 1871 haeresi,
2578 1814 2635 1861 et
2658 1804 2905 1875 Origenis
2932 1805 3249 1876 quibusdam
3288 1806 3609 1876 opinionibus
3637 1822 3745 1876 quas
3765 1823 3842 1861 nou

2331 1896 2534 1965 recepit
2570 1896 2827 1963 Ecclesia,
2860 1897 3262 1966 permovebant,
3289 1912 3391 1952 uno
3418 1896 3546 1951 libro
3569 1911 3661 1951 non
3682 1897 3841 1966 grandi,

2331 1998 2525 2059 quanta
2550 1989 2698 2059 potui
2726 1989 2987 2046 brevitate
3011 1997 3065 2043 et
3082 1989 3454 2059 perSpicaitate
3472 1990 3710 2060 respondi.
3737 1990 3842 2045 Scri-

2332 2080 2412 2150 psi
2439 2080 2600 2135 etiam
2630 2080 2885 2151 grandem
2908 2080 3194 2151 quemdam
3224 2080 3416 2137 librum
3437 2081 3672 2135 adversus
3694 2079 3842 2150 Pelagii

2332 2170 2583 2228 haeresim
2612 2171 2707 2243 (b),
2755 2172 3068 2241 cogentibus
3110 2172 3386 2229 nonnullis
3413 2171 3661 2239 fratribus,
3698 2171 3842 2241 quibus

2330 2270 2515 2317 contra
2558 2262 2779 2333 gratiam
2824 2260 3021 2321 Christi
3070 2263 3377 2332 opinionem
3414 2263 3842 2334 perniciosissimam

2331 2354 2422 2410 ille
2451 2364 2807 2425 persuaserat.
2856 2355 2980 2411 Hum
3008 2356 3187 2411 omnia
3217 2357 3265 2413 si
3295 2355 3490 2412 habere
3530 2355 3746 2421 volueris,
3771 2354 3841 2409 ali-

2329 2462 2485 2516 quem
2527 2447 2678 2502 mitte
2701 2448 2791 2518 qui
2820 2448 2911 2505 tibi
2936 2456 3125 2507 cuncta
3156 2448 3445 2509 describat.
3474 2448 3550 2503 Me
3581 2456 3731 2505 autem
3752 2462 3841 2517 per-

2329 2543 2481 2597 mitte
2503 2540 2588 2597 his
2612 2557 2807 2599 vacare
2820 2543 3125 2613 quaerendis
3154 2552 3318 2614 atque
3338 2542 3606 2609 dictandis,
3627 2558 3727 2611 quis
3743 2556 3840 2609 quo-

2328 2636 2471 2693 niam
2492 2638 2675 2695 multis
2693 2647 2815 2698 sunt
2836 2638 3156 2705 necessaria,
3174 2637 3527 2709 praeponenda
3548 2651 3655 2692 esse
3666 2635 3840 2691 arbitror

2329 2732 2397 2789 ad
2426 2732 2579 2790 valde
2607 2748 2802 2804 paucos
2828 2733 3213 2803 pertinentibus
3240 2731 3651 2803 inquisitionilius
3670 2730 3768 2784 tuis.

2758 2865 3093 2922 EPISTOLA
3132 2866 3321 2921 CLXX
3351 2871 3368 2890 ¹
3394 2864 3483 2939 (c).

2327 2980 2541 3051 Alypius
2568 2989 2613 3033 et
2642 2978 2955 3050 Augustinus
2981 2977 3211 3033 Maximo
3245 2980 3436 3034 medico
3462 2996 3615 3033 recens
3634 2976 3687 3032 ab
3706 2976 3835 3029 ariam

2399 3070 2579 3124 Iiwresi
2617 3069 2684 3123 ad
2716 3070 2868 3140 fidem
2915 3071 3217 3125 catholicam
3262 3088 3494 3125 converso
3517 3113 3530 3139 ,
3566 3071 3775 3123 hortantes
3800 3073 3838 3118 ut

2397 3163 2595 3217 studeat
2618 3174 2663 3216 et
2689 3163 2815 3217 alios
2838 3162 3011 3216 eodem
3040 3163 3314 3230 adducere,
3346 3165 3603 3235 prtcsertim
3633 3178 3726 3215 cum
3745 3176 3837 3214 non-

2398 3255 2566 3310 nullos
2582 3256 2635 3309 in
2655 3272 2875 3309 errorem
2892 3255 3185 3310 adduxisset
3213 3257 3505 3311 auctoritate
3519 3272 3627 3321 sua;
3647 3254 3836 3308 instruen-

2398 3362 2470 3406 tes
2496 3350 2642 3406 illum
2671 3351 2908 3407 adversus
2932 3368 3015 3406 eos
3039 3352 3127 3424 qui
3142 3352 3203 3405 de
3222 3354 3375 3406 trium
3394 3366 3689 3423 personarum
3707 3347 3834 3401 εαιίεω

2396 3442 2607 3496 essentia
2636 3442 2790 3509 impie
2816 3442 3096 3515 disputant.

2325 3536 2551 3593 Domino
2599 3536 2830 3603 eximio,
2881 3536 3180 3609 meritoque
3231 3536 3521 3599 honorabili
3558 3545 3606 3592 et
3644 3532 3829 3604 religioso

2395 3626 2545 3681 fratri
2568 3627 2783 3682 MAXan
2806 3628 2827 3659 ²
2846 3670 2860 3694 ,
2893 3627 3118 3684 Aunus
3140 3639 3191 3687 ct
3225 3630 3563 3698 AUGUSTINUS,
3594 3628 3637 3685 in
3660 3624 3828 3680 Domino

2395 3720 2638 3776 salutem.

2395 3837 2445 3891 1.
2477 3834 2606 3893 Cum
2630 3852 2659 3890 a
2683 3844 2865 3892 sancto
2895 3836 3057 3895 fratre
3096 3846 3151 3892 et
3186 3840 3504 3909 coepiscopo
3520 3845 3681 3897 nostro
3700 3833 3824 3887 Pere-

2320 3930 2491 4000 grino,
2520 3929 2585 3984 de
2609 3938 2694 3984 tua
2722 3938 3037 4001 tuorumque
3062 3946 3167 3985 non
3197 3932 3480 4002 corporali,
3519 3929 3602 3986 sed
3626 3920 3826 3996 spirituali

2322 4020 2492 4075 salute
2518 4021 2783 4090 praecipue
2810 4037 3189 4091 quaereremus,
3215 4023 3284 4080 de
3306 4034 3390 4078 tua
3415 4022 3611 4094 quidem
3631 4013 3826 4081 linteatis

2324 4124 2529 4171 tuorum
2563 4130 2690 4169 vero
2717 4114 2895 4170 tristes
2920 4129 3018 4169 nos
3043 4115 3157 4185 ejus
3184 4132 3438 4186 responsa
3474 4116 3700 4179 fecerunt,
3724 4102 3827 4178 quod

2320 4223 2424 4263 non
2465 4214 2589 4263 sunt
2622 4206 2881 4263 Ecclesiae
2907 4207 3183 4265 catholica:
3220 4209 3419 4267 salubri
3452 4205 3737 4264 correctione
3765 4215 3825 4254 so-

2318 4300 2461 4354 ciati.
2486 4300 2551 4353 Et
2571 4299 2691 4369 quia
2718 4299 2769 4354 id
2794 4300 2900 4355 cito
2925 4300 3156 4359 futurum
3192 4302 3549 4372 Sperabamus,
3576 4297 3719 4359 adhuc
3744 4304 3821 4346 non

2319 4406 2437 4447 csse
2456 4392 2652 4446 factum
2674 4393 2898 4447 multum
2922 4392 2942 4423 ³
2968 4392 3237 4456 dolemus.
3266 4394 3474 4459 domine
3496 4390 3681 4453 eximie,
3706 4381 3823 4440 ωθΐίσ

2319 4496 2477 4556 taque
2504 4485 2830 4542 honorabilis
2850 4496 2901 4542 et
2930 4487 3178 4557 religiose
3203 4489 3385 4555 frater.

2385 4579 2440 4635 2.
2472 4578 2704 4637 Proinde
2730 4579 3054 4639 Charitatem
3097 4590 3241 4639 tuam
3285 4584 3337 4637 in
3371 4580 3564 4637 Domini
3588 4590 3695 4648 pace
3715 4570 3817 4627 salu.

2317 4683 2507 4739 tantes,
2530 4683 2582 4730 et
2608 4674 2970 4745 prmcipimus,
3016 4684 3071 4733 et
3106 4690 3359 4746 rogamus
3389 4683 3441 4731 ut
3472 4687 3558 4729 eos
3587 4665 3701 4738 quod
3720 4660 3818 4717 didi-

2379 4814 2394 4844 ί
2420 4817 2550 4871 l.ov.,
2569 4808 2651 4874 qui
2666 4822 2749 4874 per
2765 4822 2922 4871 suum,
2940 4815 3033 4860 etc.
3048 4816 3102 4860 At
3116 4816 3328 4861 nostram
3351 4809 3593 4860 lectionem
3612 4796 3817 4865 praeferunt

2312 4882 2419 4925 MSS.
2444 4886 2633 4923 omnes.

2377 4920 2417 4968 ἶ
2432 4920 2862 4998 sisi—constanter
2886 4935 2965 4985 hic
2989 4942 3041 4985 et
3064 4935 3113 4984 in
3135 4942 3377 4998 sequente
3402 4929 3589 4998 epistola
3611 4920 3814 4998 ρι’ίιξῖίῗζξῑξλι

2314 5012 2509 5055 nomen,
2540 4989 2736 5046 Maximi
2763 5010 2779 5046 :
2806 5006 3129 5059 iurzcterquam
3172 4986 3299 5060 quod
3324 4986 3597 5045 vetustiores
3611 4986 3813 5060 ὶίοιςῂςξςξις

2312 5047 2398 5120 sis,
2443 5047 2943 5121 Gennanensis,‘ctc.,
2970 5047 3150 5121 hancce
3174 5047 3523 5121 inscriptionem
3544 5047 3808 5121 ιιι-ξξὲωμιιξιῇῑ]

2311 5100 3707 5191 Ϊςιῖιέεῶνιιηιᾭῖιῖιῖέῖἱτζξῗιὶῇιὲἱῦἷῖἷιᾱ’ἓξᾘᾷιῆῐρᾔἰῃὶᾳξξεη
3724 5100 3811 5191 ζίιξ·

2310 5162 3491 5236 zaaziia'rutmaaéai53imas“?manu
3504 5162 3704 5226 saeuo.
3723 5176 3755 5212 ο·
3774 5162 3808 5216 5»

2310 5250 2485 5298 dicitur
2504 5247 2683 5308 scripta
2723 5247 2830 5295 haec
2861 5245 3097 5308 epistola
3116 5245 3197 5308 ad
3226 5241 3541 5308 Numidicum.
3566 5245 3608 5288 tu
3645 5239 3712 5281 Its.
3741 5236 3809 5277 θεον

2312 5312 2543 5361 Maximus
2564 5305 2737 5358 dicitur
2760 5305 2975 5359 medicus
3007 5306 3121 5359 citis
3149 5305 3437 5361 Yhmdtamts.

2376 5351 2416 5405 ἶ
2428 5351 2737 5435 stt-“ausim
2760 5351 3580 5432 δἰξεῖῗῖιὸᾱὲδῖρ’ίάὲὶὶᾶἧᾱὸιριιως,
3618 5362 3695 5405 ειυς
3715 5351 3743 5412 i-

2309 5522 2339 5570 d
2374 5458 2394 5475 ‘
2428 5433 2685 5505 Emendata
2729 5453 2785 5503 ad
2810 5467 2855 5502 (ι.
2902 5452 2969 5502 ω.
2995 5465 3065 5502 cc.
3092 5454 3169 5502 ch.
3194 5451 3242 5499 π.
3268 5464 3351 5514 3g.
3376 5461 3462 5498 ων.
3486 5459 3556 5496 vv.
3586 5453 3649 5491 vc.
3668 5433 3803 5483 duost.

2342 5532 2431 5570 uos
2454 5533 2498 5568 v.

2342 5532 2431 5570 1108
2454 5533 2498 5568 ν.

2372 5602 2446 5788 ἔῗζ
2469 5600 2851 5714 illum
2876 5670 2925 5713 et
2948 5664 3118 5722 Gratia,
3138 5660 3195 5712 ad
3218 5659 3462 5711 "l‘imasium
3485 5660 3531 5704 et
3549 5646 3751 5700 tacebunt-

2394 5728 2441 5787 ι“)
2470 5725 2591 5776 “ias
2611 5726 2674 5775 66
2698 5739 2709 5774 ε
2736 5739 2847 5788 quae
2863 5733 3025 5777 autem
3054 5726 3140 5776 l70
3162 5730 3283 5784 erat,
3307 5733 3428 5771 nunc
3446 5717 3516 5770 83.
3539 5701 3751 5774 Βρόμιίία

2523 5664 2568 5735 b.
2592 5663 2851 5735 densatum
2876 5660 3195 5735 etGratiaLad
3218 5659 3803 5735 "t‘imasinuuzt
3864 5698 3877 5705 -

2372 5701 2851 5838 uigeat-“aisais
2863 5701 3528 5784 θνιῖιὲἑιῗὶὂέῐὲηἰίζῖῦὲὲἷὲςέξ
3539 5711 3693 5774 scum
3702 5701 3803 5752 ισαιοο

2310 5804 2386 5841 an.
2475 5806 2516 5847 ρ.
