4004 6384
222 421 311 480 755

222 532 499 615 fulgentibus
518 574 535 601 ,
563 530 629 585 ad
652 534 846 600 tempus
883 525 1189 599 respondere
1214 540 1313 579 non
1332 525 1474 595 potui
1501 540 1518 578 :
1544 540 1643 579 non
1672 537 1773 595 quo

219 632 459 706 quidquam
474 627 527 679 in
560 625 659 679 illis
674 620 1137 694 reprehendendum
1153 628 1354 691 putem;
1380 617 1466 673 sed
1485 619 1603 689 quia
1617 619 1775 689 juxta

220 729 389 782 beatum
407 717 716 790 Apostolum,
751 735 769 769 ‹
799 714 1150 785 Unusquisque
1169 714 1222 768 in
1239 729 1329 769 suo
1352 729 1498 768 sensu
1520 712 1773 775 abundet;

217 818 326 873 alius
367 812 562 887 quidem
608 810 698 876 sic,
754 809 888 863 alius
938 818 1104 862 autem
1122 807 1194 861 sic
1229 826 1248 860 s
1302 804 1485 877 (Rom.
1526 819 1645 870 xw,
1677 802 1767 876 5).

186 934 192 971 ρ
217 908 351 971 Certe,
379 902 614 975 quidquid
643 900 741 955 dici
771 900 932 971 potuit
952 940 967 965 ,
995 907 1039 953 et
1077 898 1280 953 sublimi
1300 898 1499 969 ingenio
1528 897 1591 949 de
1619 895 1770 951 Scri-

149 5635 189 5683 α

216 1014 447 1076 ptumum
472 1004 761 1051 sanctarum
789 992 987 1047 hauriri
1010 991 1298 1062 fontibus,a
1319 1000 1363 1045 te
1385 990 1602 1061 positum
1626 997 1774 1059 atque

214 1098 449 1151 dissertum
482 1099 575 1147 est.
605 1088 735 1155 Sed,
763 1104 932 1161 quaeso
980 1085 1329 1143 Reverentiam
1360 1096 1531 1149 tuam,
1564 1098 1771 1154 parum-

212 1204 287 1261 per
306 1183 507 1259 patiaris
532 1198 611 1237 me
639 1190 780 1236 tuum
798 1179 1012 1235 laudare
1036 1178 1313 1249 ingenium.
1346 1176 1457 1230 Nos
1482 1176 1614 1231 enim
1641 1176 1771 1229 inter

214 1296 285 1335 nos
324 1275 611 1332 eruditionis
655 1290 808 1329 causa
851 1272 1161 1326 disserimus.
1212 1269 1462 1324 Caeterum
1504 1267 1695 1334 remuli,
1724 1276 1771 1319 et

213 1370 399 1426 maxime
419 1367 639 1423 Iurretici
660 1408 675 1433 ,
716 1367 761 1421 si
785 1366 1008 1421 diversas
1034 1364 1165 1418 inter
1194 1379 1284 1418 nos
1313 1362 1585 1417 sententias
1630 1359 1770 1413 vide-

211 1466 309 1531 rint,
333 1464 391 1518 de
410 1462 567 1516 animi
587 1458 1027 1515 calumniabuntur
1049 1472 1256 1511 rancore
1276 1453 1597 1509 descendere.
1626 1450 1763 1505 Mihi

211 1567 349 1612 autem
373 1555 624 1610 decretum
652 1561 723 1608 est
757 1563 804 1607 te
831 1568 1019 1616 nutare,
1053 1560 1099 1604 te
1136 1549 1408 1619 suspicere,
1440 1547 1606 1601 colere
1626 1586 1640 1610 ,
1671 1545 1770 1598 mi—

209 1652 311 1715 rari,
337 1657 511 1719 tuaque
534 1646 670 1700 dicta
695 1644 839 1717 quasi
865 1660 973 1697 mea
1002 1642 1290 1714 defendere.
1320 1638 1463 1693 Certe
1492 1647 1538 1691 et
1574 1638 1627 1691 in
1653 1636 1768 1690 dia-

212 1744 320 1816 logo,
350 1757 495 1812 quem
522 1755 689 1808 nuper
718 1736 853 1791 edidi
882 1735 1031 1808 (Lib.
1060 1736 1093 1789 5
1121 1732 1361 1787 adversus
1392 1729 1765 1800 Pelagianos),

210 1846 290 1889 tua:
310 1830 640 1886 Beatitudinis
664 1870 677 1895 ,
709 1838 763 1882 ut
808 1829 1017 1899 dignum
1054 1827 1219 1896 fuerat
1243 1866 1257 1890 ,
1289 1821 1582 1877 recordatus
1610 1838 1721 1874 sum
1749 1837 1768 1873 :

210 1926 431 1997 magisque
457 1922 635 1977 demus
662 1937 869 1993 operam
897 1961 910 1983 ,
935 1928 988 1972 ut
1016 1915 1441 1989 perniciosissima
1470 1914 1675 1968 haeresis
1704 1912 1769 1967 de

208 2019 391 2075 ecclesiis
415 2020 696 2091 auferatur,
727 2032 839 2088 qua:
874 2030 1073 2085 semper
1099 2012 1301 2067 simulat
1322 2010 1687 2083 paenitentiam,
1715 2016 1770 2062 ut

209 2110 389 2165 docendi
410 2110 461 2164 in
487 2108 719 2163 ecclesiis
752 2107 929 2160 habeat
972 2105 1294 2175 facultatem;
1325 2118 1419 2167 ne,
1452 2101 1495 2156 si
1519 2108 1691 2172 aperta
1717 2117 1770 2155 se

207 2205 295 2257 luce
316 2201 605 2274 prodiderit.
628 2205 767 2271 foras
788 2200 1001 2271 expulsa
1030 2198 1294 2251 moriatur.

261 2294 308 2347 2.
356 2293 558 2349 Sanctia
625 2308 686 2344 ac
721 2288 1026 2345 venerabiles
1051 2287 1175 2357 ﬁlia:
1222 2298 1322 2341 tua:
1358 2286 1690 2341 Eustochium
1722 2295 1769 2339 et

205 2384 362 2447 Paula,
389 2392 435 2437 et
462 2398 651 2454 genere
670 2397 762 2434 sua
805 2390 851 2435 et
878 2380 1221 2433 exhortatione
1242 2386 1327 2431 tua
1348 2377 1500 2449 digne
1528 2376 1768 2447 gradiun-

202 2487 279 2543 tur,
305 2476 685 2547 specialiterque
721 2474 944 2528 salutant
974 2470 1345 2525 Beatitudinem
1392 2478 1562 2533 luant;
1603 2469 1770 2523 omnis

202 2586 362 2640 quoque
386 2568 687 2638 fraternitas
716 2581 827 2637 qua:
854 2564 1112 2618 nobiscum
1138 2562 1358 2616 Domino
1382 2561 1639 2617 Saluatori
1658 2577 1767 2614 ser-

201 2663 283 2716 vire
297 2669 513 2715 conatur.
553 2657 799 2713 Sanctum
825 2658 1166 2728 presbyterum
1186 2654 1423 2709 Firmum
1445 2656 1624 2720 hanno
1647 2670 1772 2725 pra?-

203 2758 335 2824 terito,
370 2756 427 2809 ob
452 2771 572 2809 rem
600 2769 772 2808 earitm
806 2750 1097 2805 Ravennam
1119 2792 1131 2814 ,
1160 2759 1207 2804 et
1250 2750 1367 2803 inde
1396 2750 1619 2821 Africam
1678 2748 1771 2803 Si-

201 2851 430 2919 ciliamque
471 2848 783 2912 direximus,
835 2860 981 2914 quem
1031 2852 1266 2915 putamus
1313 2844 1427 2914 jam
1476 2843 1528 2895 in
1582 2840 1772 2911 Africa:

202 2943 393 3012 partibus
425 2938 763 2995 conmuorari.
794 2935 1010 2991 Sanctos
1043 2945 1128 2989 tuo
1160 2935 1471 2989 adhwrentes
1502 2934 1648 2987 lateri
1673 2975 1688 3001 ,
1717 2942 1774 2985 ut

200 3051 288 3088 meo
314 3034 549 3104 obsequia
590 3031 796 3093 salutes,
824 3044 1021 3101 precor.
1072 3027 1287 3082 Litteras
1314 3045 1510 3100 quoque
1542 3043 1677 3081 meas
1706 3026 1774 3079 ad

200 3136 396 3179 sanctum
420 3122 777 3197 presbyterum
824 3119 1051 3174 Firmum
1077 3120 1239 3174 direxi
1261 3137 1279 3185 ;
1310 3136 1420 3189 qua:
1457 3120 1501 3173 si
1530 3119 1596 3172 ad
1623 3128 1669 3172 te
1687 3134 1774 3172 ve-

200 3216 355 3281 nerint,
386 3217 427 3269 ei
472 3215 707 3284 dirigere
733 3228 831 3266 non
856 3212 1096 3282 graveris.
1134 3211 1448 3265 Incolumem
1479 3220 1526 3266 te
1552 3254 1565 3275 ,
1604 3220 1650 3265 et
1678 3212 1776 3264 mei

200 3324 473 3372 memorent,
516 3302 761 3359 Christus
804 3302 1053 3357 Dominus
1094 3302 1372 3369 custodiat,
1420 3302 1621 3357 domine
1663 3319 1777 3358 vere

200 3409 357 3466 sancte,
386 3409 433 3454 et
491 3396 786 3453 beatissime
850 3412 1004 3467 papa.
1062 3396 1127 3450 Et
1182 3396 1366 3451 subter
1391 3398 1456 3450 ἐ
1519 3395 1774 3452 Grandem

199 3496 320 3549 latini
344 3492 596 3549 sermonis
623 3492 675 3545 in
700 3492 795 3544 ista
824 3490 1079 3561 provincia
1100 3490 1663 3562 notariorum’patimur
1694 3507 1779 3560 pe-

200 3589 405 3654 nuriam;
432 3599 475 3642 et
504 3584 707 3641 idcirco
738 3585 999 3654 praeceptis
1028 3584 1127 3637 tuis
1149 3600 1327 3655 parere
1347 3602 1448 3639 non
1475 3602 1769 3657 possumus,

198 3682 388 3734 maxime
409 3682 460 3734 in
487 3678 722 3734 editione
743 3677 1096 3747 Septuaginta,
1120 3692 1232 3747 qua:
1263 3678 1513 3731 asteriscis
1536 3679 1775 3732 verubus-

198 3790 276 3843 que
291 3774 534 3828 dictincta
553 3782 623 3827 est
653 3789 671 3826 :
701 3772 935 3843 pleraque
958 3771 1090 3825 enim
1120 3771 1303 3841 prioris
1330 3772 1515 3827 laboris
1542 3815 1556 3841 ,
1593 3774 1775 3843 fraude

195 3865 435 3936 cujusdam
459 3864 755 3918 amisimus.

554 3974 880 4031 EPISTOLA
904 3973 1206 4030 CLXXIII‘
1248 3974 1347 4046 (a).

197 4092 479 4165 Augustinus
526 4090 731 4145 Donato
751 4133 765 4155 ,
803 4090 937 4145 villa:
965 4090 1292 4160 Mutugenna:
1319 4091 1371 4143 in
1401 4091 1598 4145 dimcesi
1633 4091 1771 4162 Hip-

256 4187 454 4258 ponensi
480 4182 783 4263 presbytero
802 4183 1087 4247 donatista’,
1119 4183 1203 4253 qui
1212 4186 1391 4255 jussus
1417 4184 1773 4253 comprehendi

257 4290 297 4332 et
319 4279 502 4333 adduci
543 4276 615 4331 ad
637 4278 923 4341 ecclesiam,
953 4285 1163 4330 conatus
1192 4286 1262 4329 est
1292 4276 1383 4330 sibi
1414 4276 1511 4329 vim
1556 4277 1762 4347 inferre,

258 4373 426 4426 suadet
457 4381 511 4426 ut
548 4386 605 4425 re
628 4370 790 4424 sobrie
827 4385 1074 4440 perpensa
1102 4370 1362 4438 resipiscat
1390 4411 1404 4435 ,
1435 4368 1621 4422 docens
1654 4386 1773 4441 pra-

256 4480 358 4518 vam
383 4466 699 4519 voluntatem
736 4471 867 4516 recte
890 4462 1002 4532 cogi
1028 4460 1095 4515 ad
1116 4461 1342 4515 meliora.

258 4576 455 4632 Donato
512 4576 827 4647 presbytero
875 4574 1040 4644 partis
1082 4574 1295 4659 portati,
1346 4574 1677 4629 AUGUSTINUS

510 4667 795 4737 episcopus
838 4664 1094 4720 Ecclesize
1143 4664 1437 4720 catholicae.

258 4785 303 4839 l.
326 4782 381 4841 Si
413 4797 603 4855 posses
630 4780 811 4836 videre
844 4779 1082 4835 dolorem
1109 4778 1288 4833 cordis
1309 4780 1435 4846 mei,
1480 4788 1535 4835 et
1580 4780 1773 4836 sollici-

196 4876 418 4934 tudinem
461 4893 561 4949 pro
587 4876 758 4931 salute
786 4884 871 4930 tua
897 4917 911 4941 ,
945 4872 1186 4929 fortassis
1210 4873 1542 4928 miserereris
1567 4874 1761 4928 anima:

200 4978 312 5036 tute,
338 4972 560 5044 placens
585 4970 694 5023 Deo
726 4967 910 5042 (Eccli.
935 4981 1071 5034 xxx,
1100 4965 1190 5037 9.4)
1215 4966 1265 5019 in
1286 4966 1551 5019 audiendo
1578 4965 1764 5029 verbo,

201 5078 292 5119 non
324 5074 531 5130 nostro,
556 5062 651 5117 sed
682 5061 880 5130 ipsius;
906 5074 1007 5115 nec
1025 5058 1139 5129 ejus
1157 5059 1457 5127 Scripturas
1483 5058 1559 5113 sic
1586 5059 1639 5112 in
1658 5072 1770 5113 me-

201 5161 355 5214 moria
371 5170 465 5214 tua
499 5156 708 5229 figeres,
734 5163 790 5209 ut
806 5170 989 5210 contra
1021 5168 1111 5208 eas
1131 5168 1225 5208 cor
1245 5151 1543 5207 clauderes.
1577 5150 1773 5220 Displi-

201 5260 277 5307 cet
304 5252 395 5308 tibi
419 5249 546 5323 quia
574 5246 801 5304 traheris
830 5246 895 5302 ad
916 5246 1163 5311 salutem,
1187 5260 1311 5300 cum
1340 5254 1443 5298 tam
1464 5244 1659 5298 multos
1684 5257 1772 5297 ηο⁴

220 5390 275 5461 ut
298 5387 582 5439 sorbonlcus
617 5392 699 5436 Ms.
720 5385 798 5435 bis
817 5382 984 5445 habet,
1004 5380 1294 5445 Finniman,
1315 5383 1508 5433 caeteris
1527 5381 1776 5449 refragan-

201 5450 412 5625 Ξίἓω.
437 5514 664 5564 omittunt
705 5516 751 5564 et
776 5508 935 5563 subter
952 5545 967 5572 ,
990 5507 1122 5575 quod
1161 5509 1211 5559 in
1362 5507 1614 5575 plerisque
1640 5510 1776 5560 exhio

261 5583 426 5711 flili-anc
441 5658 727 5712 contulimus
741 5671 850 5709 cum
866 5670 923 5721 a.
936 5657 1018 5721 bg.
1042 5655 1109 5705 bl.
1128 5668 1171 5706 c.
1197 5668 1267 5706 ec.
1289 5655 1337 5705 tl‘.
1360 5670 1409 5721 g.
1436 5669 1518 5720 εν.
1533 5657 1572 5719 j.
1594 5670 1641 5706 n.
1667 5671 1709 5707 r.
1734 5671 1775 5710 s.

205 5720 293 5833 ἓὶό
302 5723 495 5835 (1110ϋὲ
522 5724 603 5774 ιω.
619 5724 807 5774 duobus
837 5734 879 5771 s.
898 5720 1086 5770 dudbus
1104 5727 1139 5770 t.
1163 5720 1436 5783 quatuor'v.
1463 5726 1645 5770 etcum
1676 5729 1776 5771 Am.

299 5822 311 5834 .
327 5792 402 5835 Er.
490 5800 534 5835 v.

299 5822 311 5834 .
327 5792 402 5835 Er.
428 5792 534 5835 [λον.

266 5868 337 5931 (a)
372 5868 603 5935 Aliasjzot
624 5885 637 5921 :
661 5882 773 5933 quae
816 5874 979 5919 autem
1006 5867 1095 5919 173
1138 5872 1259 5928 erat,
1305 5878 1434 5918 nunc
1473 5865 1554 5917 66.
1598 5868 1781 5935 scripta

209 5939 328 5982 eam
347 5944 426 5983 an.
440 5931 546 5987 416.

1367 401 1843 463 EPISTOLAltUM
1883 402 2159 465 CLASSIS
2197 406 2284 466 ill.

3008 307 3043 345 θ’
3156 324 3203 349 καλ
3226 325 3244 352 1‘
3260 326 3275 339 τ

3364 420 3475 483 784

1884 529 2027 579 stros
2058 524 2125 579 ad
2163 508 2744 596 perniciem'traxeritis
2777 530 2815 585 ⁸.
2846 529 2983 599 Quid
3004 513 3144 588 enim
3176 520 3464 608 voluimus,

1882 616 1983 670 nisi
2007 624 2060 671 te
2081 618 2483 688 comprehendi,
2514 628 2567 675 et
2594 623 2928 689 prtesentari,
2948 630 3005 680 et
3024 627 3221 681 servari
3256 644 3320 683 ne
3341 645 3472 699 per-

1838 741 1843 745 -
1882 710 2010 765 eas?
2041 710 2195 779 Quod
2220 721 2396 769 autem
2442 714 2493 769 in
2527 730 2752 786 corpore
2776 716 2935 771 lmsus
2963 733 3043 785 es,
3077 720 3188 789 ipse
3215 721 3306 776 tibi
3336 722 3471 778 feei-

1881 801 2018 869 sisti,
2049 802 2137 872 qui
2158 802 2405 874 jumento
2437 806 2528 862 tibi
2561 822 2685 862 mox
2711 808 2928 864 admoto
2965 811 3043 865 uti
3070 813 3304 882 noluisti,
3338 825 3391 871 et
3415 826 3470 873 te

1882 892 1948 947 ad
1980 900 2177 948 terram
2224 897 2457 967 graviter
2499 897 2740 954 collisisti
2773 917 2786 954 :
2817 916 2938 955 nam
2987 903 3166 973 utique
3212 906 3348 962 alius
3378 908 3471 979 qui

1880 986 2140 1044 adductus
2167 996 2250 1044 est
2277 998 2471 1058 tecum,
2502 991 2701 1064 collega
2721 1002 2841 1048 tuus
2862 993 3060 1050 illmsus
3081 997 3244 1065 venit,
3266 1000 3357 1070 qui
3383 1007 3470 1057 ta-

1880 1078 1950 1134 lia
1981 1079 2081 1134 sibi
2109 1080 2223 1150 ipse
2248 1096 2355 1136 non
2387 1080 2530 1137 fecit.

1950 1170 2004 1223 2.
2033 1170 2138 1227 Sed
2163 1188 2334 1244 neque
2352 1175 2455 1230 hoc
2474 1185 2627 1246 putas
2658 1178 2748 1233 tibi
2782 1178 2893 1235 fieri
2924 1181 3189 1249 debuisse,
3219 1184 3340 1255 quia
3368 1200 3472 1242 ne-

1877 1264 2077 1319 minem
2106 1265 2379 1322 existimas
2408 1269 2703 1339 cogendum
2735 1286 2854 1327 esse
2884 1274 2950 1328 ad
2983 1273 3201 1330 bonum.
3233 1278 3467 1334 Attende

1880 1357 2007 1427 quid
2034 1358 2320 1428 Apostolus
2348 1360 2561 1428 dixerit,
2586 1361 2686 1427 Qui
2713 1364 3057 1436 episcopatum
3084 1367 3354 1436 desiderat,
3385 1369 3473 1423 bo-

1877 1465 2000 1503 num
2038 1466 2165 1519 opus
2204 1452 2511 1522 concupiscit
2536 1453 2588 1523 (Ι
2613 1453 2743 1509 Tim.
2776 1471 2833 1509 Ill
2856 1497 2872 1523 ,
2924 1456 3030 1529 1);
3063 1468 3116 1513 et
3152 1468 3326 1514 tamen
3359 1469 3469 1515 tam

1878 1541 2030 1595 multi
2053 1550 2109 1595 ut
2129 1543 2491 1614 episcopatum
2510 1546 2799 1616 suscipiant
2819 1556 3069 1604 tenentur
3084 1551 3251 1615 inviti,
3268 1552 3469 1621 perdit-

1879 1641 2105 1700 cuntur,
2150 1635 2531 1705 includuntur,
2563 1639 2967 1708 custodiuntur,
3010 1644 3282 1712 patiuntur
3323 1654 3471 1701 tanta

1878 1743 1997 1797 qum
2021 1727 2226 1795 nolunt,
2260 1729 2430 1785 donec
2455 1731 2532 1787 eis
2562 1732 2698 1787 adsit
2727 1734 2970 1789 voluntas
2992 1736 3314 1806 suscipiendi
3341 1752 3470 1809 ope-

1877 1818 1954 1874 ris
1984 1818 2110 1875 boni
2144 1840 2154 1874 :
2184 1830 2383 1891 quanto
2413 1812 2583 1894 magis
2611 1839 2706 1879 vos
2734 1826 2802 1880 ab
2838 1842 3021 1883 errore
3052 1830 3379 1898 pernicioso,
3414 1831 3470 1887 in

1878 1925 1984 1981 quo
2021 1912 2171 1966 vobis
2199 1912 2398 1968 inimici
2432 1917 2558 1969 estis
2586 1957 2602 1983 ,
2637 1916 2881 1972 trahendi
2911 1920 3060 1985 estis,
3095 1929 3147 1975 et
3173 1921 3473 1980 deducendi

1878 2002 1944 2057 ad
1966 2004 2238 2059 veritatem
2266 2006 2349 2061 vel
2362 2009 2788 2077 cognoscendam
2806 2011 2885 2065 vel
2917 2012 3234 2082 eligendam,
3260 2031 3365 2070 non
3386 2031 3475 2071 so-

1876 2096 1988 2151 lum
2026 2104 2084 2151 ut
2124 2096 2379 2153 honorem
2431 2100 2714 2155 salubriter
2750 2103 2990 2158 habeatis
3014 2146 3028 2169 ,
3058 2105 3152 2159 sed
3200 2107 3359 2161 etiam
3401 2123 3471 2163 ne

1876 2188 2110 2258 pessime
2151 2189 2418 2259 pereatis!
2450 2191 2594 2246 Dicis
2624 2193 2791 2248 Deum
2821 2194 3032 2251 dedisse
3058 2197 3286 2255 liberum
3327 2198 3471 2255 πω.

1879 2280 2070 2345 trium;
2097 2279 2218 2336 ideo
2244 2298 2348 2336 non
2374 2282 2571 2338 debere
2588 2286 2703 2355 cogi
2732 2286 3001 2343 hominem
3028 2304 3127 2345 nec
3148 2291 3215 2344 ad
3240 2291 3466 2347 bonum.

1879 2372 2053 2440 Quare
2083 2389 2211 2444 ergo
2243 2374 2314 2429 illi
2346 2375 2413 2430 de
2435 2378 2625 2447 quibus
2648 2393 2804 2449 supra
2832 2380 2960 2448 dixi,
2993 2392 3253 2454 coguntur
3281 2384 3345 2439 ad
3374 2384 3473 2441 bo-

1882 2465 2055 2519 num?
2084 2466 2328 2522 Attende
2358 2484 2485 2539 ergo
2523 2471 2661 2540 quod
2690 2472 3028 2529 considerare
3066 2491 3171 2530 non
3200 2478 3299 2531 vis.
3347 2476 3474 2534 Ideo

1880 2556 2132 2611 voluntas
2158 2559 2294 2611 bona
2320 2560 2739 2617 misericorditer
2764 2563 3102 2634 impenditur,
3138 2576 3196 2621 ut
3221 2568 3357 2622 mala
3389 2584 3476 2623 vo-

1880 2648 2064 2703 luntas
2091 2648 2318 2704 hominis
2349 2650 2629 2721 dirigatur.
2662 2652 2792 2708 Nam
2824 2656 2941 2726 quis
2968 2658 3169 2713 neseiat
3193 2674 3293 2714 nec
3317 2659 3471 2715 dam—

1884 2742 1999 2796 nari
2029 2743 2298 2796 hominem
2318 2783 2332 2807 ,
2363 2743 2463 2797 nisi
2488 2745 2676 2799 merito
2704 2748 2855 2801 malae
2875 2749 3179 2815 voluntatis,
3206 2766 3304 2806 nec
3333 2751 3475 2807 libe-

1881 2836 1992 2891 rari
2047 2836 2148 2890 nisi
2197 2835 2389 2891 bonam
2448 2836 2694 2895 habuerit
2736 2841 3106 2898 voluntatem?
3138 2845 3254 2899 Non
3290 2854 3474 2902 tamen

1884 2927 2006 2982 ideo
2046 2928 2136 2998 qui
2180 2927 2493 3000 diliguntur,
2523 2932 2676 2986 malm
2711 2949 2820 2988 sum
2856 2935 3113 2993 voluntati
3161 2939 3375 3009 impune
3419 2950 3478 2996 et

1885 3018 2174 3075 crudeliter
2211 3022 2551 3091 permittendi
2602 3034 2753 3091 sunt;
2782 3028 2873 3081 sed
2905 3028 2990 3082 ubi
3022 3038 3256 3100 potestas
3285 3030 3474 3103 datur,

1885 3118 1942 3165 et
1979 3126 2007 3164 a
2051 3112 2191 3165 malo
2222 3112 2541 3183 prohibendi
2566 3158 2578 3180 ,
2604 3125 2659 3171 et
2688 3117 2751 3172 ad
2780 3117 2974 3173 bonum
3004 3122 3248 3191 cogendi.

1958 3201 2010 3256 5.
2044 3200 2174 3257 Nam
2199 3203 2245 3258 si
2285 3204 2527 3260 voluntas
2563 3208 2698 3262 mala
2736 3224 2948 3281 semper
2975 3228 3084 3267 suae
3118 3215 3476 3284 permittenda

1886 3300 1970 3347 est
2012 3294 2273 3361 libertati;
2320 3311 2485 3366 quare
2525 3299 2775 3355 Israelita:
2804 3316 3110 3360 recusantes
3142 3314 3195 3360 et
3234 3322 3480 3365 murmu-

1884 3394 2066 3440 rantes
2097 3396 2202 3441 lam
2229 3386 2376 3443 duris
2405 3388 2628 3461 ﬂagellis
2649 3407 2679 3446 a
2706 3393 2846 3448 malo
2872 3396 3306 3465 prohibebantur,
3326 3408 3380 3456 et
3408 3402 3480 3459 ad

1885 3486 2081 3533 terram
2101 3482 2470 3549 promissionis
2486 3486 2975 3555 compellebautur?
2995 3488 3049 3545 Si
3070 3493 3310 3548 voluntas
3338 3495 3480 3551 mala

1886 3585 2099 3642 semper
2126 3588 2235 3629 sua:
2262 3576 2617 3644 permittenda
2655 3588 2737 3634 est
2772 3580 3036 3646 libertati;
3070 3598 3236 3654 qttare
3276 3585 3477 3643 Paulus

1885 3680 1991 3720 non
2020 3674 2100 3721 est
2126 3667 2419 3738 permissus
2458 3670 2533 3724 uti
2575 3672 2805 3740 pessima
2838 3674 3112 3731 voluntate
3151 3693 3254 3748 qua
3288 3694 3478 3749 perseo

1883 3758 2466 3827 quebaturEcclesiam,
2488 3764 2580 3818 sed
2602 3774 2896 3833 prostratus
2917 3777 3068 3823 estut
3090 3782 3476 3842 exemearetur,

1794 3903 1796 3906 ,
1883 3858 1938 3906 et
1965 3863 2263 3907 excaecatus
2290 3864 2372 3909 est
2392 3864 2448 3908 ut
2470 3864 2785 3923 mutaretur,
2807 3870 3036 3916 mutatus
3066 3864 3471 3932 uLmitteretur,

1780 3964 1810 4034 gl.-
1881 3944 2079 3997 missus
2108 3954 2164 3998 ut
2191 3946 2368 4015 qualia
2414 3948 2611 4003 fecerat
2656 3952 2707 4005 in
2734 3968 2937 4019 errore,
2974 3957 3092 4009 talia
3126 3972 3219 4026 pro
3248 3960 3475 4015 veritate

1881 4041 2197 4109 pateretur?
2226 4041 2281 4095 Si
2300 4042 2545 4098 voluntas
2574 4046 2711 4099 mala
2747 4061 2959 4115 semper
2984 4064 3093 4102 sure
3118 4052 3475 4119 permittenda

1881 4140 1964 4185 est
1991 4130 2250 4198 libertati;
2281 4149 2445 4203 quare
2485 4145 2731 4190 mouetur
2759 4148 2909 4207 pater
2940 4139 2990 4192 in
3020 4138 3307 4211 Scripturis
3345 4159 3473 4198 san-

1882 4223 2004 4288 ctis,
2042 4222 2205 4276 lilium
2248 4224 2438 4279 durum
2481 4241 2582 4280 non
2626 4231 2798 4282 solum
2838 4230 3013 4285 verbis
3048 4234 3340 4303 corripere,
3377 4235 3474 4293 sed

1882 4315 2040 4368 etiam
2069 4315 2233 4371 latera
2262 4317 2384 4387 ejus
2418 4318 2660 4386 tundere,
2692 4329 2749 4375 ut
2793 4322 2859 4375 ad
2901 4324 3092 4378 bonam
3137 4325 3473 4400 disciplinam

1882 4417 2096 4462 coactus
2123 4418 2177 4464 et
2221 4409 2454 4466 domitus
2494 4413 2754 4483 dirigatur
2795 4415 2980 4487 (Ecl-li.
3009 4434 3134 4484 xxx,
3172 4419 3297 4493 12)?
3320 4422 3473 4479 Unde

1881 4502 2021 4559 idem
2053 4501 2213 4558 dicit:
2247 4503 2323 4557 Tu
2348 4506 2549 4576 quidem
2568 4509 2787 4575 percutis
2808 4525 2919 4562 eum
2947 4511 3111 4583 uirga;
3138 4514 3358 4568 animum
3380 4533 3475 4571 au—

1806 4618 1808 4620 τ
1883 4603 1981 4648 tem
2007 4597 2116 4667 ejus
2155 4594 2336 4650 liberas
2355 4615 2387 4650 a
2414 4607 2571 4651 morte
2597 4597 2776 4671 (Prov.
2806 4616 2962 4670 xum.
2995 4604 3106 4672 14).
3137 4604 3191 4657 Si
3224 4606 3361 4661 mala
3384 4624 3476 4663 vo-

1882 4688 2057 4742 luntas
2094 4703 2308 4758 semper
2338 4706 2446 4743 suae
2491 4692 2845 4759 permittenda
2883 4704 2963 4747 est
3003 4695 3263 4759 libertati;
3307 4713 3475 4767 quare

1880 4782 2241 4851 corripiuntur
2271 4783 2599 4853 negligentes
2631 4795 2887 4854 pastores,
2913 4796 2965 4841 et
2994 4786 3188 4841 dicitur
3207 4788 3283 4842 eis
3320 4809 3332 4844 :
3367 4790 3471 4844 Er-

1880 4882 2073 4925 rantem
2115 4888 2253 4925 ovem
2290 4890 2389 4926 non
2432 4878 2733 4943 revocastis,
2777 4877 3024 4946 perditdm
3054 4894 3153 4931 non
3194 4882 3473 4950 requisisti:

1883 4948 2096 5035 (Ezech.
2132 4981 2315 5029 xxxtv,
2345 4966 2435 5038 ψ
2462 4966 2530 5022 Ει
2566 4984 2658 5023 vos
2689 4985 2817 5023 oves
2846 4968 3045 5023 Christi
3085 4974 3213 5027 estis
3235 4948 3470 5039 ,Vehara-

1881 5067 2079 5113 cterem
2100 5058 2423 5115 dominicum
2456 5063 2678 5132 portatis
2700 5062 2752 5115 in
2781 5062 3128 5119 Saeramento
3151 5068 3290 5137 quod
3316 5086 3471 5126 acce-

1881 5151 2033 5221 pistis
2059 5169 2073 5217 ;
2104 5152 2196 5207 sed
2228 5154 2418 5207 erratis
2446 5160 2500 5207 et
2542 5153 2744 5222 peritis.
2777 5152 2891 5207 Non
2934 5154 3055 5211 ideo
3093 5159 3245 5214 vobis
3285 5161 3470 5231 displi-

1881 5257 2118 5310 ceamus,
2150 5246 2272 5314 quia
2304 5259 2617 5301 revocamus
2646 5258 2908 5313 errantes,
2941 5256 2995 5301 et
3022 5251 3311 5319 qumrimus
3350 5268 3471 5322 per-

1882 5337 2042 5393 ditos.
2074 5337 2260 5394 Melius
2302 5340 2442 5393 enim
2474 5338 2698 5393 facimus
2729 5340 3054 5397 voluntatem
3097 5344 3305 5399 Domini
3352 5360 3471 5401 mo.

1884 5430 2059 5485 uentis
2086 5440 2141 5485 ut
2160 5447 2253 5486 vos
2282 5431 2347 5486 ad
2365 5431 2481 5500 ejus
2500 5432 2639 5485 ovile
2666 5432 2842 5488 redire
2862 5449 3132 5505 cogamus,
3157 5451 3314 5506 quant
3343 5452 3474 5493 eon-

1884 5524 2145 5578 sentimus
2180 5524 2435 5579 voluntati
2476 5524 2652 5579 ovium
2690 5528 3017 5594 errantium,
3054 5537 3111 5582 ut
3161 5528 3333 5600 perire
3372 5546 3468 5587 vos

1885 5618 2272 5689 permittamus.
2302 5617 2419 5673 Noli
2448 5634 2577 5691 ergo
2613 5621 2721 5691 jam
2771 5621 2952 5678 dicere
2996 5622 3134 5691 quod
3176 5632 3226 5678 te
3253 5624 3470 5683 assidue

1886 5712 2042 5771 audio
2065 5713 2276 5770 dicere:
2312 5710 2402 5771 Sic
2428 5714 2549 5772 volo
2577 5731 2779 5786 errare,
2814 5716 2893 5773 sic
2917 5717 3037 5772 volo
3054 5718 3249 5786 perire.
3282 5718 3468 5778 Melius

1958 5935 2066 5984 tSic
2087 5940 2192 5986 Mss.
2228 5940 2283 5987 At
2303 5934 2438 6000 add,
2461 5939 2689 5993 traxerim
