4004 6420
541 503 643 559 755

542 618 687 670 enim
719 630 815 671 uo:
833 615 935 670 hoc
963 613 1176 668 omnino
1206 627 1308 665 non
1329 607 1708 680 permittimus,
1727 615 1981 676 quantum
2008 619 2132 672 pos-

549 723 755 764 smnus.

495 861 505 874 ,
617 804 670 858 4.
707 803 861 857 Modo
890 800 1032 872 quod
1067 809 1116 854 te
1142 801 1194 853 in
1223 808 1459 868 puteum,
1495 807 1550 850 ut
1577 795 1880 861 morereris,
1920 791 2131 857 misisti,

500 879 512 982 ξ
549 895 733 964 utique
757 894 922 948 libera
952 893 1219 946 voluntate
1245 888 1436 944 fecisti.
1458 887 1564 943 Sed
1590 903 1748 958 quam
1771 885 2018 942 crudeles
2044 899 2134 939 es-

505 978 509 1003 ⁵
547 998 668 1044 seut
689 987 828 1042 servi
852 986 964 1053 Dei,
989 985 1031 1038 si
1063 984 1184 1038 huic
1211 983 1362 1037 malm
1385 991 1488 1036 tua:
1512 980 1768 1034 voluntati
1787 990 1837 1035 te
1859 978 2136 1048 permitte-

548 1089 684 1146 rent,
713 1089 766 1134 et
792 1095 894 1133 non
925 1087 974 1132 te
1004 1077 1070 1132 de
1091 1077 1179 1130 illa
1202 1084 1373 1130 morte
1409 1075 1732 1129 liberarent!
1757 1076 1876 1143 quis
1905 1087 1998 1126 eos
2028 1086 2135 1126 non

546 1171 740 1226 merito
768 1169 1043 1240 culparet?
1071 1169 1192 1237 quis
1218 1183 1322 1221 non
1353 1167 1544 1238 impios
1580 1175 1721 1221 recte
1741 1163 2039 1236 iudicaret?
2066 1163 2134 1217 Et

549 1273 724 1317 tamen
755 1270 808 1315 tu
832 1270 882 1316 te
902 1261 1085 1315 volens
1117 1260 1167 1314 in
1197 1273 1387 1325 aquam
1416 1257 1608 1314 misisti
1640 1267 1696 1311 ut
1721 1257 2042 1321 morereris;
2061 1255 2137 1310 illi

549 1365 600 1408 te
625 1354 892 1408 nolentem
920 1352 986 1407 de
1008 1367 1141 1422 aqua
1172 1351 1502 1414 levaverunt,
1525 1364 1593 1406 ne
1622 1349 1910 1404 morereris
1935 1367 1950 1404 ι
1977 1356 2033 1402 ιιι
2057 1347 2137 1402 fe-

547 1444 667 1498 cisti
708 1441 998 1499 secundum
1023 1442 1348 1496 voluntatem
1377 1451 1556 1507 tuam,
1604 1441 1698 1497 sed
1748 1443 1799 1495 in
1849 1441 2137 1510 perniciem

548 1541 716 1600 tuam;
739 1536 810 1588 illi
829 1543 1010 1589 contra
1032 1534 1356 1588 voluntatem
1379 1542 1544 1598 tuam,
1562 1533 1656 1588 sed
1681 1541 1894 1604 propter
1915 1533 2138 1587 salutem

548 1637 716 1682 tuam.
751 1625 808 1682 Si
843 1642 970 1696 ergo
1011 1626 1154 1688 salus
1204 1626 1306 1680 ista
1333 1625 1627 1696 corporalis
1675 1626 1754 1680 sic
1790 1622 2140 1678 custodienda

551 1728 652 1785 est,
673 1727 734 1773 ut
772 1719 928 1773 etiam
963 1717 1013 1770 in
1054 1717 1376 1784 nolentibus,
1407 1717 1474 1772 ab
1512 1717 1590 1772 cis
1631 1716 1727 1788 qui
1765 1731 1860 1772 eos
1893 1715 2136 1786 diligunt,

550 1818 825 1875 servetur;
855 1815 1053 1879 quanto
1084 1809 1252 1878 magis
1272 1808 1360 1862 illa
1382 1807 1691 1878 Spiritualis,
1712 1808 1767 1861 in
1785 1807 1936 1877 cujus
1960 1805 2143 1862 deser-

554 1901 698 1955 tione
723 1915 868 1954 ntors
887 1909 1086 1954 aeterna
1114 1901 1396 1955 metuitur!
1427 1899 1739 1970 Quanquam
1773 1901 1824 1954 in
1849 1900 1947 1954 ista
1970 1909 2143 1954 morte

553 2012 709 2064 quam
744 1996 835 2049 tibi
872 2005 926 2050 tu
950 1995 1061 2065 ipse
1088 1994 1285 2050 inferre
1307 1995 1540 2063 voluisti,
1573 2011 1679 2051 non
1707 1995 1880 2049 solum
1911 1993 1980 2048 ad
2007 2005 2141 2048 tem-

551 2107 671 2161 pus,
705 2093 799 2146 sed
845 2092 1004 2145 etiam
1037 2092 1088 2146 in
1119 2099 1375 2147 aeternum
1404 2093 1725 2156 morereris;
1753 2091 1880 2161 quia
1907 2089 2005 2145 etsi
2036 2103 2142 2142 non

552 2181 616 2237 ad
648 2183 895 2250 salutem,
926 2199 1029 2238 non
1071 2183 1138 2238 ad
1172 2182 1422 2239 Ecclesiae
1452 2199 1672 2252 pacem,
1723 2199 1828 2238 non
1857 2184 1924 2238 ad
1942 2184 2141 2241 Christi

552 2273 791 2343 corporis
821 2274 1096 2339 unitatem,
1131 2292 1234 2329 non
1257 2275 1322 2329 ad
1345 2287 1581 2331 sanctam
1604 2286 1658 2330 et
1675 2275 2002 2331 individuam
2017 2276 2146 2349 cha-

553 2367 786 2434 ritatem,
805 2367 898 2422 sed
929 2367 995 2421 ad
1024 2369 1159 2422 mala
1182 2369 1354 2439 aliqua
1381 2361 1668 2439 cogereris,
1703 2385 1803 2425 nec
1823 2370 1901 2425 sic
1920 2371 2012 2425 tibi
2027 2371 2143 2440 ipse

556 2470 781 2515 mortem
807 2460 999 2515 inferre
1027 2459 1276 2516 debuisti.

626 2551 679 2604 ὕ.
708 2548 996 2606 Considera
1014 2552 1314 2623 Scripturas
1329 2553 1556 2619 divinas,
1583 2559 1639 2608 et
1656 2553 1860 2608 discute
1886 2562 2143 2624 quantum

555 2653 729 2713 potes,
753 2653 807 2699 et
835 2645 1160 2703 vid‘ulrum
1191 2647 1292 2701 hoc
1324 2647 1514 2702 fecerit
1540 2647 1732 2716 aliquis
1754 2648 2038 2718 aliquando
2053 2649 2143 2718 ju-

554 2744 756 2790 storum
786 2744 944 2806 alque
962 2736 1217 2799 ﬁdelium,
1249 2753 1368 2791 eum
1384 2738 1452 2792 ab
1473 2737 1549 2792 eis
1579 2745 1724 2792 tanta
1746 2739 1886 2792 mala
1906 2740 2143 2809 perpessi

553 2827 806 2898 sint,.qui
847 2843 940 2884 eos
979 2829 1046 2883 ad
1091 2839 1349 2884 mtcrnum
1389 2830 1682 2898 interitum,
1727 2845 1831 2885 non
1871 2831 1938 2886 ad
1983 2833 2143 2887 vitam

553 2928 829 2985 :etcruam,
859 2936 963 2991 quo
987 2931 1039 2976 tu
1065 2922 1424 2992 compelleris,
1457 2923 1761 2994 adigebant.
1793 2925 1982 2980 Audivi
2003 2926 2146 2996 quod

552 3011 753 3067 dixeris
779 3013 1079 3081 apostolum
1110 3014 1332 3068 Paulum
1358 3015 1689 3085 significasse
1716 3015 1816 3070 hoc
1842 3015 1954 3071 ﬁeri
1984 3017 2147 3073 debe-

554 3118 634 3164 re,
677 3103 764 3158 ubi
806 3105 900 3171 ait,
949 3103 1058 3158 Etsi
1097 3106 1356 3160 tradidero
1400 3123 1584 3178 corpus
1627 3124 1796 3162 meum
1838 3117 1896 3161 ut
1937 3109 2146 3162 ardeam

555 3194 598 3266 (l
618 3194 739 3249 Cor.
783 3212 896 3263 xm,
939 3198 1028 3268 5);
1061 3199 1181 3267 quia
1229 3199 1478 3253 videlicet
1523 3201 1699 3254 omnia
1737 3201 1878 3254 bona
1913 3201 2144 3268 dicebat,

554 3303 674 3358 quae
702 3287 819 3344 sine
834 3289 1091 3344 cbaritate
1112 3289 1243 3345 nihil
1272 3301 1511 3360 prosunt,
1534 3293 1670 3346 sicut
1690 3302 1814 3347 sunt
1837 3295 2028 3365 lingua:
2051 3295 2148 3349 ho-

555 3379 760 3434 minum
789 3387 844 3435 et
863 3381 1207 3451 Angelorum,
1232 3392 1286 3436 et
1309 3384 1487 3437 omnia
1517 3394 1870 3450 sacramenta,
1893 3395 1947 3441 et
1973 3388 2148 3442 earinis

556 3470 798 3538 scientia,
828 3480 883 3526 et
932 3473 1108 3528 omnis
1156 3473 1462 3543 prophetia,
1490 3485 1544 3529 et
1582 3477 1760 3530 omnis
1807 3476 1938 3532 fides
1981 3480 2050 3532 ita
2091 3488 2148 3533 ut

554 3574 764 3620 montes
809 3566 1228 3634 transferantur,
1263 3576 1318 3622 et
1359 3583 1538 3622 rerum
1588 3585 1806 3625 suarum
1843 3570 2148 3628 distributio

553 3657 878 3727 pauperibus
909 3658 926 3690 ¹
949 3674 965 3724 ;
991 3657 1111 3713 ideo
1141 3659 1347 3714 videtur
1387 3660 1479 3715 tibi
1503 3662 1665 3717 etiam
1709 3660 1813 3717 hoc
1842 3662 1982 3718 inter
2009 3665 2148 3720 bona

557 3765 886 3814 numerasse,
912 3759 970 3804 ut
1007 3751 1106 3807 sibi
1137 3753 1362 3823 quisque
1392 3752 1584 3809 inferat
1631 3764 1877 3810 mortem.
1911 3756 2018 3812 Sed
2062 3768 2146 3813 at-

557 3841 715 3895 tende
774 3842 1058 3913 diligenter
1111 3854 1166 3900 et
1214 3860 1444 3915 agnosce
1492 3847 1940 3916 quemadmodum
2007 3850 2146 3907 dicat

555 3931 849 4002 Scriptura,
879 3935 1021 4005 quod
1052 3936 1225 3991 tradat
1266 3939 1488 4008 quisque
1531 3955 1685 3993 suum
1725 3955 1924 4010 corpus
1959 3951 2016 3996 ut
2059 3959 2147 3997 ar-

555 4025 698 4080 deat.
731 4025 843 4080 Non
873 4027 1053 4098 utique
1089 4038 1145 4084 ut
1181 4030 1294 4100 ipse
1322 4045 1381 4086 se
1423 4031 1478 4085 in
1507 4031 1680 4101 ignem
1708 4032 1902 4100 mittat,
1935 4035 2148 4105 quando

552 4129 963 4189 persequentem
996 4121 1190 4191 patitur
1231 4122 1537 4187 inimicum;
1567 4123 1662 4179 sed
1689 4124 1910 4193 quando
1933 4125 1984 4180 ei
2019 4140 2146 4194 pro-

553 4212 767 4281 ponitur
790 4223 844 4268 ut
872 4222 963 4268 aut
995 4215 1328 4286 malialiquid
1351 4214 1529 4282 faciat,
1554 4226 1646 4271 aut
1673 4218 1796 4272 mali
1826 4219 2025 4288 aliquid
2053 4235 2148 4288 pa-

553 4307 736 4373 tiatur,
768 4305 927 4377 eligat
967 4324 1073 4363 non
1103 4309 1276 4365 facere
1303 4311 1440 4364 mala
1469 4327 1629 4381 quam
1673 4327 1778 4366 non
1807 4314 1916 4382 pati
1960 4313 2097 4367 mala
2130 4329 2144 4367 :

556 4404 717 4467 atque
735 4397 804 4450 ita
831 4412 1024 4467 corpus
1051 4414 1205 4453 suum
1227 4400 1396 4455 tradat
1425 4401 1476 4455 in
1506 4410 1821 4471 potes1atem
1845 4403 2149 4458 interfecto-

555 4488 670 4555 ris,
712 4489 849 4543 sicut
882 4498 992 4545 tres
1019 4489 1091 4543 illi
1128 4491 1225 4545 viri
1267 4490 1613 4562 feceruntqui
1659 4508 1877 4548 auream
1917 4504 2146 4592 statpam

557 4580 886 4653 cogebantur
924 4580 1169 4647 adorare,
1211 4591 1265 4636 et
1311 4583 1412 4637 nisi
1443 4581 1709 4650 facerent,
1743 4580 2058 4640 minabatur'
2071 4587 2148 4642 eis

559 4673 654 4730 ille
697 4673 787 4746 qui
827 4673 1070 4745 cogebat,
1110 4675 1378 4730 caminum
1428 4674 1564 4745 ignis
1602 4675 1899 4731 ardentem.
1946 4675 2146 4732 Idolum

560 4766 787 4822 adorare
817 4767 1135 4832 noluerunt;
1168 4781 1271 4820 non
1300 4765 1400 4836 ipsi
1438 4782 1494 4821 se
1532 4768 1582 4822 in
1626 4768 1801 4838 ignem
1842 4769 2144 4825 miserunt:

562 4869 616 4914 et
650 4867 825 4914 tamen
853 4860 1012 4915 etiam
1042 4858 1109 4914 de
1136 4858 1239 4914 illis
1259 4857 1336 4914 sic
1353 4859 1606 4929 scriptum
1635 4868 1737 4928 est,
1755 4862 1898 4931 quod
1927 4862 2150 4916 tradide-

560 4962 678 5006 runt
708 4968 923 5024 corpora
961 4970 1076 5019 sua,
1109 4964 1163 5007 ut
1191 4969 1348 5025 neque
1386 4955 1646 5022 servirent,
1683 4970 1842 5024 neque
1877 4955 2148 5010 adorarent

560 5044 724 5098 ullum
749 5047 768 5076 ¹
799 5045 966 5111 deum,
999 5045 1087 5100 sed
1114 5043 1279 5100 Deum
1305 5063 1449 5100 suum
1471 5045 1634 5118 (Dan.
1667 5062 1746 5114 ιιι,
1775 5047 1984 5120 14-95).
2008 5047 2148 5104 Ecce

562 5133 832 5206 quomodo
869 5135 1000 5191 dixit
1040 5137 1346 5208 Apostolus,
1373 5137 1435 5194 Si
1474 5137 1731 5193 tradidero
1771 5154 1955 5210 corpus
1983 5156 2149 5195 meum

561 5237 616 5282 ut
638 5226 862 5281 ardeam.

632 5320 685 5376 6.
712 5317 865 5390 Quod
894 5327 1071 5375 autem
1111 5323 1369 5393 sequitur,
1401 5322 1522 5379 vide
1558 5340 1572 5376 :
1610 5323 1673 5380 Si
1709 5323 2006 5380 eharitatem
2048 5342 2150 5381 non

561 5411 794 5480 habeam,
816 5411 945 5466 nihil
967 5410 1094 5466 mihi
1108 5411 1331 5483 prodest.
1363 5413 1444 5470 Ad
1464 5415 1619 5472 istam
1641 5415 1957 5472 eharitatcm
1989 5433 2148 5474 voca-

561 5505 656 5571 ris,
688 5503 755 5560 ab
783 5503 883 5560 ista
905 5503 1162 5562 cbaritate
1187 5506 1364 5576 perire
1393 5522 1496 5563 non
1522 5508 1748 5575 sineris;
1777 5518 1832 5564 et
1866 5517 2018 5580 putas
2055 5510 2149 5566 tibi

561 5595 757 5669 aliquid
802 5596 1078 5669 prodesse,
1109 5597 1155 5654 si
1186 5606 1238 5654 te
1268 5598 1381 5669 ipse
1422 5601 1720 5672 praecipites
1758 5602 1808 5656 in
1850 5602 2146 5671 interitum,

561 5703 682 5747 cum
723 5691 815 5747 tibi
860 5679 990 5748 nihil
1037 5692 1334 5765 prodesset,
1375 5691 1584 5751 etiamsi
1626 5697 1762 5753 alter
1791 5705 1842 5753 te
1879 5697 2150 5754 occideret

560 5783 835 5840 charitatis
858 5785 1164 5842 inimicum!
1196 5785 1347 5844 Foris
1377 5796 1556 5844 autem
1584 5787 1652 5846 ab
1678 5789 1912 5847 Ecclesia
1948 5791 2149 5847 consu-

626 5917 800 5982 fEdd.,
826 5918 1116 5982 pauperibus
1139 5920 1301 5982 prosit.

627 5981 648 6012 ⁸
669 5985 773 6028 Ilus.
799 5978 1021 6040 quatuor,
1040 5978 1190 6030 illurn.

1787 491 1841 545 S.
1886 483 2243 543 AUGUSTINt
2290 484 2588 541 El’lSCOPI
3704 499 3789 554 756

2244 608 2406 667 tutus,
2430 611 2483 656 et
2509 611 2784 672 separatus
2800 619 2832 658 a
2857 619 3112 676 compage
3139 605 3353 662 unitatis
3377 615 3434 662 et
3458 607 3658 665 vinculo
3681 613 3788 669 ob»

2241 693 2432 759 ritatis,
2475 704 2677 751 aeterno
2701 697 2962 768 supplicio
2997 697 3282 769 punireris,
3308 701 3514 757 etiamsi
3542 717 3634 772 pro
3656 703 3789 761 Citri-

2241 786 2310 840 sti
2333 789 2550 842 nomine
2573 788 2724 844 vivus
2754 788 3123 847 incendereris
3149 809 3164 846 :
3194 791 3298 847 hoc
3325 800 3411 849 est
3432 794 3568 850 enim
3587 798 3714 867 quod
3731 801 3792 856 ait

2241 882 2554 952 Apostolus,
2573 883 2690 938 Etsi
2712 884 2972 940 tradidero
2987 902 3172 958 corpus
3195 902 3364 942 meum
3386 897 3441 941 ιιι
3463 888 3794 956 «deamata-
3825 919 3830 925 -

2241 976 2442 1030 ritatem
2468 984 2637 1031 autem
2663 994 2764 1032 non
2802 976 3033 1045 habeam,
3059 978 3190 1033 nihil
3211 979 3338 1034 mihi
3365 981 3582 1050 prodest.
3615 981 3792 1041 Revoca
3881 973 3883 976 ’

2243 1081 2370 1138 ergo
2397 1069 2634 1123 animum
2663 1069 2729 1125 ad
2758 1084 2944 1124 sanam
2961 1069 3470 1138 considerationem,
3501 1082 3553 1127 et
3592 1074 3792 1131 sobriam

2243 1160 2650 1228 cogitationem;
2679 1160 2897 1217 attende
2912 1161 3193 1233 diligenter
3212 1171 3390 1217 utrum
3416 1162 3726 1220 att-errorem
3752 1178 3795 1222 et

2244 1251 2570 1320 impietatem
2602 1255 2832 1321 voceris,
2869 1263 2925 1309 et
2971 1264 3152 1323 patere
3191 1270 3290 1324 pro
3318 1255 3546 1312 veritate
3569 1258 3796 1327 quaslibet

2243 1342 2536 1400 molestias.
2561 1345 2618 1400 Si
2634 1356 2810 1401 autem
2834 1355 2888 1401 tu
2904 1346 3078 1416 potius
3099 1347 3152 1400 in
3172 1361 3358 1402 errore
3382 1356 3540 1418 atque
3557 1347 3608 1402 in
3636 1348 3794 1419 inpie-

2248 1442 2356 1490 tate
2376 1437 2630 1504 versaris,
2661 1453 2767 1508 quo
2792 1446 2970 1492 autem
2995 1438 3204 1493 vocaris
3218 1437 3296 1494 ibi
3321 1446 3409 1494 est
3432 1438 3623 1495 veritas
3638 1449 3684 1496 et
3705 1441 3796 1510 pie-

2247 1535 2346 1592 tas,
2378 1527 2499 1597 quia
2544 1529 2614 1582 ibi
2651 1536 2738 1584 est
2779 1529 3068 1585 christiana
3097 1531 3270 1585 unitas
3309 1540 3366 1586 ct
3400 1531 3569 1588 sancti
3604 1532 3797 1602 Spiritus

2245 1618 2510 1685 charitas;
2537 1622 2660 1691 quid
2687 1622 2863 1677 adhuc
2891 1622 2985 1678 tibi
3010 1637 3130 1678 esse
3152 1623 3368 1678 conaris
3387 1623 3664 1680 inimicus?

2319 1715 2369 1769 7.
2411 1715 2536 1770 ideo
2562 1717 2812 1786 praestitit
2845 1716 3208 1773 misericordia
3234 1718 3332 1772 Dei
3357 1727 3415 1772 ut
3435 1728 3488 1774 et
3525 1733 3620 1774 nos
3641 1730 3687 1774 et
3707 1720 3799 1790 epi-

2246 1809 2394 1879 scopi
2438 1809 2600 1864 vestri
2647 1817 2752 1864 tam
2807 1809 3070 1880 frequenti
3108 1827 3398 1867 numeroso
3431 1826 3535 1881 que
3572 1823 3796 1868 comante

2248 1901 2617 1972 Carthaginem
2649 1903 2972 1969 veniremus,
3001 1912 3164 1974 atque
3191 1905 3334 1960 inter
3370 1919 3470 1960 nos
3496 1903 3562 1960 de
3587 1905 3692 1974 ipsa
3712 1905 3795 1960 dis-

2247 1995 2498 2050 sensione
2525 1995 2918 2052 ordinatissime
2942 1997 3327 2053 conferremus.
3351 1997 3510 2054 Gesta
3536 2000 3797 2070 conscripta

2247 2095 2391 2152 sunt,
2419 2097 2615 2144 nostra:
2636 2091 2795 2144 etiam
2829 2089 3248 2159 subscriptiones
3281 2099 3564 2158 tenentur;
3594 2092 3716 2162 lege,
3730 2093 3795 2147 vel

2250 2190 2432 2251 patere
2477 2191 2534 2236 ut
2575 2183 2666 2237 tibi
2699 2183 2957 2254 legantur,
2988 2192 3042 2239 et
3067 2191 3192 2238 tunc
3217 2185 3360 2254 elige
3402 2183 3540 2254 quod
3582 2184 3796 2239 volueris.

2250 2272 2440 2326 Audivi
2469 2273 2609 2342 quod
2637 2274 2842 2329 dixeris
2855 2289 3015 2344 posse
3044 2284 3096 2331 te
3121 2274 3404 2329 nobiscum
3426 2275 3493 2330 de
3513 2276 3636 2346 ipsis
3657 2275 3800 2331 Custis

2250 2366 2449 2437 aliquid
2477 2382 2661 2437 agere,
2684 2369 2728 2422 si
2746 2370 3052 2423 omittamus
3074 2370 3234 2424 verba
3257 2369 3799 2439 episeoporumvestro-

2250 2473 2393 2525 rum,
2422 2458 2512 2513 ubi
2537 2459 2807 2526 dixerunt,
2843 2458 2953 2514 Nec
2972 2476 3125 2514 causa
3148 2476 3340 2527 causa,
3365 2477 3453 2514 nec
3480 2477 3676 2530 persona
3707 2476 3798 2532 per.

2249 2565 2388 2604 sana:
2403 2551 2720 2621 prwjudicat.
2739 2551 2867 2616 Haec
2885 2551 3046 2606 verba
3073 2552 3156 2606 vis
3172 2553 3504 2618 omittamus,
3526 2553 3610 2606 ubi
3633 2567 3714 2621 per
3725 2566 3800 2606 eos

2251 2642 2550 2697 nescientes
2572 2644 2772 2698 veritas
2809 2643 2922 2713 ipsa
2962 2644 3136 2699 locuta
3159 2652 3260 2700 est.
3297 2644 3406 2700 Sed
3434 2652 3484 2699 ιιι
3516 2643 3733 2699 dicturus
3752 2658 3798 2698 es

2251 2734 2337 2790 hic
2360 2750 2454 2790 eos
2483 2751 2715 2801 errasse,
2746 2745 2800 2792 et
2825 2737 2876 2791 in
2904 2737 3094 2793 falsam
3115 2741 3440 2793 sententiam
3469 2737 3709 2793 incautius
3729 2752 3798 2791 ee-

2251 2825 2467 2882 cidisse.
2492 2826 2602 2882 Nos
2619 2835 2796 2882 autem
2826 2829 3052 2884 dicimus
3073 2828 3176 2885 hoc
3193 2838 3296 2885 eus
3323 2845 3504 2885 verum
3533 2829 3729 2891 dixisse,
3759 2836 3799 2882 et

2251 2917 2354 2972 hoc
2376 2933 2471 2988 per
2493 2918 2716 2988 teipsum
2735 2917 2984 2976 facillime
3011 2921 3322 2990 probamus.
3345 2921 3402 2978 Si
3428 2921 3565 2976 enim
3601 2917 3798 2990 episcopi

2250 3009 2414 3064 vestri
2441 3009 2598 3065 electi
2625 3011 2692 3066 ab
2709 3011 2954 3067 universa
2978 3021 3127 3082 parte
3147 3013 3362 3078 Donati,
3389 3013 3478 3083 qui
3494 3027 3688 3068 causam
3707 3026 3799 3066 ota-

2251 3101 2396 3156 nium
2424 3102 2778 3167 sustinerent,
2810 3113 2865 3158 et
2884 3103 2932 3160 si
2956 3104 3082 3173 quid
3111 3105 3352 3173 egissent
3383 3114 3583 3175 gratum
3605 3115 3654 3159 et
3675 3116 3797 3158 acoe-

2253 3201 2400 3263 ptum
2429 3195 2605 3248 czrteri
2631 3195 2905 3261 baberent,
2937 3205 3112 3251 tamen
3141 3196 3196 3250 in
3222 3211 3292 3250 eo
3327 3197 3468 3267 quod
3494 3197 3607 3251 illos
3630 3204 3796 3248 temere

2258 3294 2313 3340 et
2340 3302 2445 3341 non
2465 3295 2611 3343 recte
2633 3288 2832 3344 dixisse
2861 3289 3156 3356 arbitraris,
3175 3304 3287 3343 non
3313 3290 3394 3344 vis
3418 3297 3473 3343 ut
3497 3289 3584 3342 tibi
3603 3287 3795 3358 prejudi-

2253 3393 2408 3448 cent;
2435 3399 2616 3436 verum
2645 3399 2771 3454 ergo
2800 3384 3067 3450 dixerunt,
3100 3385 3220 3454 quia
3241 3401 3337 3438 nec
3361 3401 3516 3438 causa
3541 3397 3704 3447 causa,
3724 3395 3793 3432 nec

2253 3491 2468 3545 persona
2497 3491 2724 3544 persomz
2753 3476 3072 3546 prtejudicat.
3101 3476 3168 3530 Et
3202 3476 3278 3530 ibi
3317 3476 3486 3532 debes
3517 3487 3784 3545 agnoscere,

2253 3569 2375 3639 quia
2402 3569 2446 3624 si
2489 3583 2711 3639 persona
2751 3578 2829 3623 tot
2861 3571 3236 3639 episcoporum
3287 3580 3505 3624 tuorum
3541 3569 3587 3622 in
3618 3564 3706 3620 illis
3727 3575 3792 3616 se-

2255 3671 2398 3730 ptem
2441 3663 2850 3716 constitutorum
2892 3677 2995 3716 non
3037 3663 3119 3716 vis
3162 3669 3220 3715 ut
3251 3662 3563 3731 praejudicct
3597 3668 3791 3728 personat

2257 3755 2442 3809 Donati
2473 3755 2900 3823 Mutugennensis
2929 3756 3248 3826 presbyteri,
3285 3764 3487 3826 quanto
3516 3756 3671 3808 minus
3700 3762 3786 3803 non

2253 3845 2410 3900 debet
2440 3847 2783 3916 praejudicare
2808 3846 3073 3901 Caeciliani
3105 3863 3357 3918 persona,
3381 3846 3580 3902 etiamsi
3599 3843 3702 3898 mali
3717 3840 3788 3893 ali-

2255 3940 2378 4009 quid
2408 3940 2458 3992 in
2492 3940 2582 3993 illo
2612 3949 2753 3994 esset
2785 3942 3076 4007 inventum,
3110 3941 3378 3996 universae
3409 3939 3586 3995 unitati
3610 3933 3788 3998 Christi,

2255 4048 2370 4101 (tua:
2398 4048 2499 4085 non
2524 4033 2572 4085 iu
2599 4049 2699 4086 uua
2732 4027 2851 4086 villa
2879 4033 3196 4103 Mutugenna
3223 4034 3575 4096 concluditur,
3599 4028 3679 4085 sed
3705 4035 3791 4082 toto

2256 4131 2520 4177 terrarum
2545 4124 2674 4178 orbe
2697 4123 3038 4179 diffunditur?

2325 4215 2377 4268 8.
2411 4213 2514 4269 Sed
2543 4231 2668 4270 ecce
2709 4216 2927 4271 facimus
2974 4216 3111 4286 quod
3140 4216 3354 4271 voluisti
3379 4235 3393 4285 ;
3422 4217 3496 4272 sic
3526 4223 3676 4270 tecum
3702 4211 3790 4280 agi-

2255 4321 2393 4371 mus,
2417 4322 2479 4361 ac
2504 4307 2547 4361 si
2576 4323 2679 4361 non
2711 4308 2942 4362 dixerint
2985 4309 3163 4374 vestri,
3201 4307 3314 4362 Nec
3345 4321 3496 4363 causa
3522 4317 3688 4366 causa,
3722 4316 3789 4354 nec

2255 4415 2468 4470 persona
2485 4416 2712 4471 persona:
2736 4400 3056 4471 prwjudieat.
3083 4395 3162 4455 Tu
3189 4395 3369 4456 inveni
3400 4395 3524 4472 quid
3549 4398 3617 4454 illi
3644 4391 3788 4451 dicere

2246 4489 2558 4561 debuerint,
2582 4511 2700 4548 cum
2727 4495 2804 4549 eis
2821 4493 3026 4564 objecta
3053 4499 3193 4550 esset
3218 4511 3379 4549 causa
3410 4503 3461 4550 et
3487 4501 3686 4563 persona
3699 4483 3790 4540 Pri-

2256 4587 2438 4650 miani,
2472 4588 2560 4656 qui
2587 4586 2927 4641 damnatores
2946 4601 3072 4642 suos
3100 4594 3154 4642 et
3168 4587 3439 4642 damnavit
3465 4597 3578 4640 cum
3600 4579 3782 4638 exteris,

2255 4691 2308 4736 et
2327 4681 2605 4735 damnatos
2625 4695 2687 4735 ac
2713 4679 3002 4736 detestatos
3030 4682 3082 4736 in
3111 4692 3236 4736 suos
3259 4694 3442 4736 rursus
3471 4679 3677 4732 honores
3696 4683 3787 4724 sus-

2253 4775 2424 4846 cepit,
2454 4784 2509 4829 et
2537 4775 2855 4846 baptismum
2904 4791 3062 4847 quem
3091 4776 3284 4830 mortui
3309 4775 3559 4830 dederant
3583 4767 3706 4843 (quia
3733 4761 3784 4816 d0

2255 4869 2383 4938 ipsis
2411 4871 2462 4924 in
2491 4869 2577 4923 illa
2605 4867 2856 4938 praeclara
2881 4869 3147 4923 sententia
3175 4867 3376 4923 dictum
3407 4873 3520 4922 erat
3539 4859 3664 4932 quod
3685 4870 3787 4909 uror-

2256 4971 2456 5014 tuorum
2483 4961 2744 5032 funeribus
2774 4961 2924 5032 plena
2955 4961 3054 5014 sint
3081 4959 3254 5014 littora
3285 4958 3334 5031 [1
3343 4977 3374 5012 ιι
3411 4955 3669 5028 Bagaitatte
3691 4961 3786 5000 60l-

2254 5054 2440 5128 cilio]),
2469 5070 2758 5127 agnoscere
2780 5055 2956 5125 potius
2981 5063 3036 5111 et
3055 5063 3350 5124 acceptare,
3370 5064 3526 5122 quam
3548 5039 3785 5102 exsufﬂare

2254 5157 2308 5204 et
2328 5148 2629 5204 rescindere
2642 5147 2847 5214 maluit,
2873 5155 3148 5217 totumque
3165 5145 3406 5202 dissolvit
3423 5139 3556 5214 quod
3578 5135 3696 5192 mle
3716 5132 3782 5184 ill‘

2255 5243 2554 5313 telligeates
2601 5240 2780 5296 dicere
2817 5240 3024 5307 soletis,
3054 5238 3156 5304 Qui
3193 5239 3470 5308 baptiutur
3493 5249 3528 5286 ιτ
3547 5235 3716 5319 mortuo
3737 5219 3780 5319 ξς

2255 5310 2393 5405 quid.
2414 5335 2460 5388 ei
2505 5333 2706 5406 prodest
2735 5333 2991 5387 lavacrum
3020 5333 3129 5402 ejus
3165 5329 3345 5402 (Eccli.
3387 5340 3566 5389 xxxw,
3595 5315 3705 5389 30)?
3734 5310 3776 5365 Si

2255 5436 2382 5496 ergo
2409 5441 2513 5479 non
2531 5421 2789 5491 dicerent,
2822 5417 2934 5478 Nec
2959 5432 3113 5477 causa
3151 5437 3336 5488 causa,
3364 5435 3450 5472 nec
3477 5419 3667 5485 persona
3687 5417 3776 5475 Pi"

2254 5533 2392 5573 sonu
2410 5517 2729 5590 prcjudicat,
2748 5517 2826 5571 rei
2844 5524 3152 5572 tenerentur
3166 5515 3218 5569 tu
3239 5525 3392 5569 causa
3413 5502 3642 5565 Primiani
3659 5507 3775 5590 :tttm

2255 5589 2434 5668 autem
2484 5612 2584 5667 hoc
2624 5611 2891 5677 dixerunt,
2935 5611 3224 5666 immunem
3267 5611 3495 5664 fecerunt
3530 5589 3774 5690 Ecclesiae!

2255 5703 2592 5771 catholicam,
2623 5705 2759 5760 sicut
2779 5718 2877 5759 nos
2900 5703 3333 5768 asserebamus,a
3356 5710 3506 5754 causa
3528 5679 3776 5748 Caecili“.

2321 5871 2336 5901 ι
2362 5869 2446 5930 me
2460 5865 3046 5930 ixmtgausinterjecm
3060 5867 3213 5930 est,ut

2257 5902 2728 5993 quotii'b'éigii'i'ss'f
2736 5902 3567 5993 ‘éi'iéia'aﬁﬁo'aé’u's'tﬁrsiémttu
3585 5902 3773 5959 solum:

2260 5988 2422 6040 exlih.
2454 5993 2472 6041 1
2502 5998 2726 6051 Retract.,
2754 6003 2796 6039 c.
2820 5988 2895 6050 21,
2921 5990 3035 6039 n.3.
