4004 6382
190 405 271 469 751
1302 381 1780 439 EPISTOLARUM
1819 382 2087 442 CLASSIS
2123 385 2209 440 Ill.

242 526 283 581 9.
311 518 404 577 Sed
423 526 601 573 caztcra
623 513 760 583 lege,
794 520 985 580 caetera
1011 507 1234 562 discute.
1265 505 1399 560 Vide
1445 513 1618 556 utrum
1656 501 1708 555 in

188 621 323 687 ipsum
367 607 727 670 Caecilianum,
774 601 840 656 de
889 599 1042 669 cujus
1087 611 1310 669 persona
1367 592 1711 664 prmjudicare

185 683 462 766 conabantur
486 695 754 759 Ecclesiae,
785 690 982 762 aliquid
1019 689 1141 744 mali
1171 687 1396 758 probare
1421 683 1708 755 potuerim.

185 801 289 858 Vide
304 805 457 851 utrum
489 807 588 846 non
636 788 813 858 potius
839 787 999 841 etiam
1034 798 1131 855 pro
1167 781 1258 837 illo
1293 779 1458 834 multa
1486 776 1710 847 egerint,

187 903 228 948 ct
252 888 463 964 pluribus
486 879 821 947 lectionibus,
851 893 980 950 quas
996 883 1180 931 contra
1207 888 1266 928 se
1299 869 1630 942 protulerunt
1661 873 1716 921 et

187 985 507 1043 recitaverunt,
547 989 762 1030 causam
816 970 930 1040 ejus
973 969 1166 1024 bonam
1210 963 1427 1020 omnino
1469 960 1716 1016 firmave-

189 1081 284 1135 rint.
304 1075 430 1144 Lege
447 1072 564 1134 ista,
583 1068 665 1122 vel
693 1067 935 1137 legantur
962 1062 1073 1118 libi.
1097 1059 1388 1115 Considera
1416 1055 1715 1118 omnia,re-

189 1177 318 1226 tracta
340 1164 624 1232 diligenter,
649 1167 702 1213 et
726 1157 862 1228 elige
888 1153 1012 1224 quid
1037 1150 1306 1222 sequaris:
1339 1157 1518 1202 utrum
1537 1144 1720 1200 nobis-

189 1274 278 1316 cum
306 1257 350 1310 in
393 1251 579 1308 Christi
621 1263 780 1318 pace,
820 1247 872 1300 in
901 1243 1153 1299 Ecclesiae
1180 1238 1455 1295 catholicae
1486 1237 1716 1316 unjtate,

190 1355 228 1409 in
249 1350 449 1406 fraterna
477 1343 732 1400 charitate
772 1339 1000 1410 gaudere
1024 1352 1038 1401 ;
1067 1351 1131 1388 an
1161 1347 1256 1403 pro
1287 1328 1484 1385 nefaria
1513 1309 1721 1381 dissen-

189 1448 320 1509 sione,
339 1454 426 1510 pro
446 1435 628 1492 Donati
650 1441 816 1503 parte,
839 1445 932 1500 pro
953 1425 1206 1494 sacrilega
1225 1422 1503 1482 divisione,
1530 1418 1599 1471 im
1608 1431 1721 1487 por-

189 1537 417 1593 tunitatem
444 1537 640 1585 nostrae
661 1524 801 1580 circa
828 1531 878 1578 te
899 1518 1194 1576 dilectionis
1218 1513 1416 1571 diutius
1437 1511 1718 1566 sustinere.

239 1625 308 1681 l0.
328 1619 557 1678 Attendis
574 1617 715 1674 enim
743 1624 799 1670 et
823 1627 964 1683 sche
992 1609 1208 1680 repetis,
1229 1607 1363 1660 sicut
1385 1597 1720 1671 audio,quod

187 1713 506 1787 inEvangelio
547 1711 806 1782 scriptum
850 1716 933 1762 est
979 1703 1264 1759 recessisse
1305 1714 1335 1752 a
1377 1695 1600 1752 Domino
1636 1708 1724 1749 se-

185 1813 410 1885 ptuaginta
444 1804 764 1876 discipulos,
791 1809 844 1857 et
865 1797 1085 1854 arbitrio
1112 1811 1222 1850 suae
1258 1791 1409 1848 malae
1437 1797 1595 1859 atque
1627 1787 1724 1840 imo

187 1907 262 1977 pia:
276 1899 599 1958 discessionis
645 1895 808 1950 fuisse
838 1891 1149 1963 permissos,
1180 1883 1496 1953 cacterisqne
1525 1875 1710 1934 duode-

185 1998 261 2051 cim
282 1995 358 2066 qui
397 1995 784 2048 remanserant,
816 1983 980 2038 fuisse
1019 1991 1353 2049 responsum,
1386 1968 1654 2044 Numquid
1681 1976 1725 2023 et

185 2107 248 2144 eos
277 2065 409 2143 vultis
436 2086 506 2139 ire
526 2081 711 2155 (Joan.
737 2096 808 2142 vt,
828 2075 956 2148 (38)?
985 2073 1053 2129 Et
1079 2087 1184 2126 non
1203 2067 1432 2124 altendis
1459 2065 1579 2136 quia
1602 2072 1726 2117 tunc

185 2183 369 2252 primunt
385 2176 622 2232 Ecclesia
641 2170 852 2227 novello
867 2165 1106 2240 germine
1130 2160 1438 2234 pullulabat,
1467 2155 1722 2211 nondum-

186 2248 262 2343 que
277 2273 319 2326 in
346 2286 401 2325 ea
431 2269 602 2323 fuerat
627 2262 892 2334 completa
919 2260 1005 2314 illa
1033 2253 1329 2329 prophetia,
1364 2249 1428 2304 Et
1446 2248 1727 2302 adorabunt

185 2384 270 2420 eum
283 2380 436 2421 omnes
458 2377 600 2433 reges
625 2367 804 2424 ter-rw;
831 2370 1002 2409 omnes
1031 2359 1201 2422 gentes
1225 2345 1436 2401 servient
1462 2341 1539 2395 illi
1557 2336 1726 2413 (Psal.

186 2474 300 2523 ιω,
328 2456 406 2525 ll)
439 2471 452 2507 :
484 2451 631 2524 quod
658 2451 840 2519 utique
869 2450 1067 2516 quanto
1093 2439 1262 2510 magis
1287 2435 1552 2506 impletur,
1584 2439 1729 2485 tanto

185 2521 346 2618 majore
363 2521 520 2600 utitur
548 2541 790 2598 Ecclesia
822 2543 1100 2608 potestate,
1123 2539 1305 2584 utnon
1331 2526 1502 2581 solum
1524 2521 1727 2588 invitet,

185 2641 256 2696 sed
281 2640 419 2696 etiam
453 2644 615 2708 cogat
652 2633 720 2689 ad
749 2633 967 2686 bonum.
1003 2626 1114 2680 Hoc
1140 2632 1264 2677 tunc
1291 2619 1545 2674 Dominus
1571 2614 1732 2685 signi-

186 2733 310 2789 licare
325 2731 541 2794 volebat,
575 2727 670 2798 qui
700 2721 939 2797 quamvis
969 2719 1192 2774 haberet
1219 2728 1460 2785 magnam
1494 2719 1730 2782 potesta-

187 2836 286 2893 tem,
324 2826 456 2895 prius
499 2833 682 2877 tamen
731 2816 889 2887 elegit
931 2807 1308 2870 commendare
1351 2803 1726 2859 humilitatem.

185 2917 274 2972 Hoc
307 2927 351 2971 et
391 2917 440 2970 in
498 2914 588 2968 illa
635 2906 865 2966 convivii
900 2901 1246 2960 similitudine
1287 2897 1416 2952 satis
1461 2893 1735 2949 evidenter

185 3008 395 3072 ostendit,
426 3006 512 3061 ubi
559 3003 712 3058 misit
737 2999 801 3054 ad
830 2997 1099 3061 invitatos,
1128 3002 1180 3048 et
1216 2990 1396 3045 venire
1429 2988 1732 3050 noluerunt,

185 3110 225 3154 et
244 3101 305 3154 ait
328 3114 472 3154 servo
503 3115 517 3150 :
548 3093 658 3149 Exi
687 3093 738 3145 in
767 3090 961 3162 plateas
986 3095 1032 3139 ct
1058 3085 1191 3138 vicos
1212 3080 1447 3143 civitatis,
1469 3089 1513 3131 et
1541 3092 1733 3146 paupe-

190 3208 267 3258 res,
289 3202 326 3246 et
351 3191 552 3256 debiles,
584 3197 634 3243 et
661 3201 841 3248 ccecos,
866 3191 911 3236 et
940 3179 1148 3234 claudos
1175 3173 1406 3228 introduc
1425 3172 1540 3224 huc.
1573 3168 1636 3223 Et
1667 3169 1738 3222 ait

187 3301 323 3340 servus
341 3281 560 3345 domino,
602 3275 818 3330 Factum
851 3282 922 3327 est
946 3279 998 3325 ut
1025 3266 1303 3338 imperasti,
1334 3274 1379 3317 et
1403 3263 1567 3316 adhuc
1600 3261 1740 3315 locus

187 3383 258 3427 est.
284 3372 344 3426 Et
366 3374 434 3426 ait
462 3370 701 3426 dominus
727 3382 886 3430 servo,
919 3361 1021 3417 Exi
1044 3363 1095 3414 in
1112 3360 1217 3414 vias
1243 3368 1287 3412 et
1313 3373 1472 3428 sepes,
1510 3365 1555 3410 et
1599 3370 1740 3408 com-

187 3469 290 3538 pelle
309 3469 504 3532 intrare,
529 3473 584 3520 ut
609 3462 880 3534 impleatur
902 3457 1079 3511 domus
1097 3471 1204 3508 mea
1227 3451 1375 3524 (Luc.
1397 3466 1504 3515 xxv,
1526 3447 1736 3517 91-25).

189 3559 295 3615 Vide
321 3576 452 3615 nunc
474 3551 930 3628 quemadmodum
957 3548 1023 3604 de
1052 3547 1132 3601 his
1162 3545 1252 3616 qui
1281 3543 1426 3614 prius
1452 3548 1737 3605 venerunt,

186 3652 351 3708 dictum
368 3661 465 3717 est,
485 3647 741 3704 Introduc
753 3644 850 3698 huc
870 3660 888 3708 ;
908 3658 1012 3696 non
1031 3640 1227 3695 dictum
1249 3643 1353 3703 est,
1374 3633 1614 3705 compelle
1637 3648 1653 3685 :
1671 3629 1740 3685 ita

187 3746 442 3816 signiﬁcata
469 3750 601 3798 sunt
618 3737 872 3794 Ecclesia:
900 3732 1186 3806 primordia
1211 3729 1277 3784 ad
1304 3729 1406 3783 hoc
1432 3724 1738 3790 crescentis,

187 3849 230 3893 ut
252 3851 413 3896 essent
431 3839 574 3894 vires
596 3836 754 3890 etiam
773 3829 1141 3902 compellendi.
1168 3825 1416 3888 Proinde,
1449 3824 1570 3894 quia
1587 3836 1739 3890 opor-

188 3930 306 3986 lebat
327 3932 433 4000 ejus
455 3931 567 3999 jam
601 3925 800 3982 viribus
822 3931 875 3978 et
903 3918 1265 3991 magnitudine
1294 3915 1543 3970 roborata
1580 3911 1741 3967 etiam

186 4023 400 4094 compelli
423 4022 673 4077 homines
703 4016 768 4072 ad
797 4013 1099 4070 convivium
1131 4008 1316 4063 salutis
1346 4017 1578 4070 :cternae,
1599 4012 1743 4073 post-

185 4129 377 4185 eaquam
397 4115 603 4170 dictum
629 4119 730 4177 est,
761 4106 978 4161 Factum
1010 4113 1082 4157 est
1106 4100 1241 4171 quod
1261 4097 1480 4172 jussisti,
1502 4107 1548 4149 et
1577 4095 1745 4148 adhuc

187 4216 243 4260 est
267 4208 424 4272 locus;
449 4205 574 4272 Exi,
602 4202 789 4274 inquit,
811 4199 863 4252 in
882 4199 988 4251 vias
1014 4205 1058 4249 et
1076 4210 1236 4262 sepes,
1257 4201 1300 4245 et
1327 4189 1565 4261 compelle
1587 4189 1749 4242 intra-

188 4314 242 4352 re.
269 4299 597 4386 Quppropter
618 4296 661 4349 si
697 4289 1040 4348 ambularetis
1073 4286 1236 4357 quieti
1266 4293 1413 4338 extra
1443 4282 1543 4337 hoc
1565 4281 1747 4337 convi-

189 4392 305 4448 vium
340 4381 528 4449 salutis
571 4400 788 4447 aeterna:
824 4397 878 4442 et
917 4388 933 4417 ¹
962 4393 1161 4439 sancta:
1208 4381 1424 4436 unitatis
1472 4381 1744 4444 Ecclesiae,

191 4494 409 4557 tanquam
440 4487 490 4540 in
521 4484 628 4538 viis
653 4497 746 4536 vos
769 4478 1158 4539 inveniremus;
1188 4488 1329 4528 nunc
1357 4487 1482 4527 vero
1513 4472 1634 4542 quia
1657 4487 1750 4541 per

191 4577 328 4632 multa
359 4579 492 4632 mala
523 4585 577 4632 et
611 4590 747 4628 smva
780 4587 898 4642 qua:
927 4570 982 4624 in
1010 4576 1224 4622 nostros
1249 4563 1600 4628 committitis,
1635 4573 1748 4617 tan-

191 4686 324 4739 quam
351 4670 513 4740 Spinis
545 4677 599 4722 et
619 4665 905 4735 asperitate
935 4661 1076 4732 pleni
1112 4660 1260 4721 estis,
1291 4674 1388 4712 vos
1414 4665 1662 4725 tanquam
1697 4657 1748 4710 in

193 4761 384 4830 sepibus
402 4759 722 4821 invenimus,
746 4765 799 4810 et
826 4756 1022 4808 intrare
1051 4750 1438 4819 compellimus.
1467 4747 1567 4814 Qui
1599 4763 1749 4801 com-

193 4853 400 4920 pellitur,
417 4868 524 4924 quo
554 4865 661 4905 non
677 4847 786 4902 vult
805 4847 1036 4917 cogitur;
1067 4841 1158 4896 scd
1187 4857 1304 4895 cum
1325 4839 1618 4899 intraverit,
1641 4837 1750 4908 jam

194 4945 354 4999 volens
376 4945 631 5015 pascitur.
661 4939 861 4996 Cohibe
902 4937 1077 5005 itaque
1101 4944 1205 4987 tam
1229 4929 1467 5000 iniquum
1499 4938 1554 4983 et
1584 4929 1750 4997 impa-

195 5045 347 5090 catum
374 5037 634 5100 animum,
663 5041 721 5087 ut
758 5033 809 5087 in
837 5044 962 5083 vera
995 5023 1231 5082 Ecclesia
1267 5019 1461 5077 Christi
1515 5020 1754 5075 invenias

197 5128 402 5186 salutare
427 5129 746 5184 convivium.

569 5217 896 5277 EPISTOLA
937 5210 1188 5268 CLXXIV
1217 5213 1236 5235 ⁶
1271 5209 1366 5282 (α).

198 5314 489 5388 Augustinus
527 5313 727 5369 Aurelio
769 5305 1155 5379 Cartlmginensi
1195 5303 1461 5374 episcopo,
1505 5298 1755 5353 transmit-

259 5417 355 5463 tcns
381 5409 535 5463 libros
561 5406 622 5459 de
645 5403 892 5459 Trinitate
919 5443 934 5468 ,
971 5398 1224 5452 absolutos
1249 5395 1450 5448 demum
1491 5391 1760 5446 secundum

255 5518 362 5588 θεῇς
381 5525 489 5588 nov.
519 5524 574 5566 Αι
596 5525 688 5588 Mss
724 5513 1002 5579 quindecim
1018 5518 1069 5561 et
1082 5505 1756 5572 antiquiorestadd.omittunt,

199 5577 348 5630 multis
360 5587 574 5640 teter-rue,
596 5584 656 5629 et.

580 5664 684 5716 eu
704 5671 875 5723 'I‘omo,
898 5661 984 5711 ubi
1004 5659 1119 5710 olim
1141 5657 1271 5708 edita
1292 5655 1381 5706 fuit
1402 5662 1517 5704 ante
1537 5651 1685 5701 libros
1701 5651 1762 5700 de

260 5808 329 5871 (ιι)
359 5816 421 5858 Ex
445 5817 579 5859 tome
599 5811 644 5869 3,
671 5808 864 5871 Irazﬁxa
887 5807 1022 5856 libris
1042 5805 1104 5853 de
1127 5803 1289 5871 '(rinit.
1318 5815 1329 5850 :
1355 5813 1465 5864 quae
1488 5806 1650 5849 autem
1676 5795 1766 5845 174

210 5866 323 5924 ρι’-θὶς
345 5885 468 5920 nunc
490 5871 596 5920 958.
619 5866 731 5932 scin
750 5883 796 5920 ta
821 5870 1012 5918 circiter
1036 5881 1112 5916 an.
1141 5866 1247 5914 illi.

3303 391 3406 449 758

1889 503 2046 572 ipsius
2073 503 2265 558 Aurelii
2297 503 2613 573 aliorumque
2648 505 2981 574 desiderium,
3014 518 3059 562 et
3089 509 3397 566 emendatos.

1825 595 2047 650 Domino
2077 595 2418 664 beatissimo,
2461 607 2516 652 et
2557 597 2918 652 sincerissima
2961 599 3218 655 charitate
3246 616 3410 658 vene-

1893 688 2083 758 rando,
2114 701 2299 745 sancto
2326 689 2476 745 fratri
2502 699 2555 745 et
2579 692 2946 748 consacerdoti
2972 709 3122 765 papae
3141 693 3406 763 Αυιειιο,

1894 780 2260 848 Auens'rnws,
2288 782 2342 836 in
2367 782 2597 838 Domino
2623 783 2876 840 salutem.

1895 875 1971 930 De
2000 874 2282 943 Trinitate,
2311 891 2430 946 qua:
2457 877 2600 932 Deus
2632 891 2873 934 summus
2901 887 2957 935 et
2999 894 3158 936 verus
3182 889 3269 938 est
3290 923 3306 949 ,
3336 881 3409 938 li-

1825 966 1950 1022 bros
1968 966 2180 1036 juvenis
2209 968 2473 1034 inchoavi,
2504 984 2667 1024 senex
2698 969 2862 1026 edidi.
2891 970 3186 1028 Omiseram
3211 975 3410 1048 quippe

1827 1060 1928 1115 hoc
1954 1073 2088 1129 opus
2106 1100 2120 1126 ,
2153 1069 2494 1130 posteaquam
2521 1063 2756 1132 comperi
2797 1073 3090 1136 prmreptos
3117 1065 3252 1121 mihi
3291 1081 3414 1124 esse

1827 1152 1940 1208 sive
1980 1152 2263 1221 subreptos
2289 1160 2573 1222 antequam
2609 1168 2704 1208 eos
2741 1153 3074 1212 absolverem
3096 1198 3110 1223 ,
3142 1165 3199 1214 et
3235 1166 3413 1213 retra-
3455 1175 3476 1223 ,'

1828 1251 2018 1310 elatos,
2047 1252 2103 1298 ut
2127 1258 2246 1300 mea
2273 1243 2552 1314 dispositio
2579 1243 2769 1314 fuerat,
2787 1249 3101 1318 expolirem.
3126 1248 3242 1304 Non
3261 1264 3408 1305 entm

1829 1335 2157 1404 singillatim,
2189 1334 2286 1391 sed
2315 1350 2501 1390 omnes
2526 1337 2684 1392 simul
2721 1336 2882 1393 edere
2905 1353 2969 1393 ea
2995 1339 3202 1395 ratione
3225 1340 3390 1398 dcere

1829 1442 2007 1482 veram
2036 1468 2051 1494 ,
2083 1425 2331 1497 quoniam
2372 1428 2795 1497 praecedentibus
2823 1438 3214 1501 consequentes
3240 1433 3415 1504 inqui-

1831 1519 2021 1574 sitione
2053 1519 2362 1588 proﬁciente
2405 1527 2709 1574 nectuntur.
2741 1519 2876 1575 Cum
2918 1535 3048 1592 ergo
3074 1538 3171 1593 per
3201 1540 3294 1580 eos
3321 1525 3418 1580 ho-

1832 1611 2004 1698 mines
2035 1607 2178 1683 (quia
2212 1610 2522 1681 priusquam
2549 1611 2740 1666 vellem
2763 1651 2781 1679 ,
2809 1611 2877 1666 ad
2917 1614 3174 1684 quosdam
3206 1617 3418 1672 illorum

1832 1702 2111 1772 pervenire
2150 1703 2461 1774 potuerunt)
2503 1701 2780 1772 dispositio
2810 1719 2929 1760 mea
2969 1706 3296 1776 nequivisset
3321 1709 3423 1765 ἰω-

1833 1795 1999 1865 pleri,
2044 1791 2392 1864 interruptam
2423 1793 2766 1850 dictationem
2797 1795 3116 1867 reliqueram
3138 1839 3156 1865 ,
3185 1801 3424 1870 cogitans

1836 1889 1936 1944 hoc
1965 1891 2135 1958 ipsum
2165 1888 2216 1942 in
2244 1887 2510 1958 aliquibus
2536 1887 2670 1942 meis
2690 1887 2902 1956 scriptis
2929 1891 3205 1960 conqueri,
3235 1901 3294 1947 ut
3320 1893 3427 1949 sci-

1835 1993 1974 2049 rent,
2001 1981 2090 2052 qui
2116 1987 2354 2052 possent,
2385 1994 2490 2034 non
2513 1995 2544 2033 a
2574 1993 2662 2034 me
2687 1979 2851 2035 fuisse
2876 1981 3094 2036 eosdem
3123 1983 3286 2038 libros
3310 1984 3427 2041 edi-

1836 2084 1918 2130 tos
1938 2117 1952 2140 ,
1995 2074 2086 2130 sed
2109 2073 2314 2129 ablatos
2342 2074 2646 2144 priusquam
2688 2072 2820 2126 mihi
2857 2073 3093 2129 editione
3130 2090 3249 2130 mea
3279 2077 3426 2148 digni

1836 2168 2161 2223 viderentur.
2185 2167 2378 2221 Verum
2405 2165 2690 2220 multorum
2714 2163 2936 2220 fratrum
2958 2166 3430 2226 vehementissima

1838 2259 2228 2332 postulatione,
2280 2266 2334 2313 et
2380 2257 2610 2312 maxime
2665 2266 2750 2311 tua
2803 2256 3042 2327 jussione
3085 2260 3425 2329 compulsus,

1838 2366 1972 2422 Opus
2005 2360 2108 2404 tam
2160 2348 2481 2403 laboriosum
2501 2387 2518 2415 ,
2549 2346 2834 2416 adjuvante
2879 2349 3103 2402 Domino
3130 2349 3424 2405 terminare

1840 2443 2052 2508 curavi;
2081 2456 2278 2512 eosque
2307 2440 2620 2495 emendatos
2645 2455 2750 2495 non
2776 2447 2834 2494 ut
2860 2440 3022 2507 volui,
3050 2440 3144 2496 sed
3169 2450 3228 2496 ut
3252 2444 3426 2512 potui,

1842 2553 1907 2592 ne
1937 2536 2003 2590 ab
2030 2535 2135 2589 illis
2164 2534 2254 2604 qui
2284 2533 2524 2606 subrepti
2548 2533 2657 2602 jam
2689 2533 2744 2587 in
2785 2548 2974 2587 manus
3005 2533 3280 2588 hominum
3313 2537 3430 2590 cxi-

1841 2634 2013 2691 erant,
2047 2625 2331 2695 plurimum
2371 2623 2771 2693 discreparent,
2809 2621 3145 2686 Veneraﬂni
3189 2635 3290 2678 tua:
3333 2640 3428 2694 per

1843 2718 2008 2772 lilium
2050 2725 2289 2771 nostrum
2327 2714 2711 2769 condiaconum
2754 2713 3126 2768 charissimum
3170 2715 3329 2780 misi,
3377 2725 3434 2771 et

1843 2812 2155 2880 cuicumque
2175 2805 2486 2871 audiendos,
2507 2804 2909 2869 describendos,
2932 2805 3291 2877 legendosque
3312 2821 3434 2876 per-

1846 2903 1967 2958 misi
1997 2921 2010 2956 :
2045 2903 2094 2956 in
2126 2899 2318 2972 quibus
2360 2899 2405 2954 si
2440 2898 2642 2954 servari
2679 2913 2796 2952 mea
2826 2897 3104 2968 dispositio
3130 2899 3431 2968 potuisset,

1846 3001 2026 3049 essent
2065 2991 2300 3062 profecto
2325 3032 2338 3055 ,
2394 2989 2494 3044 etsi
2534 2987 2748 3044 easdem
2799 2990 3090 3044 sententias
3133 2989 3429 3058 habentes,

1846 3086 2015 3141 multo
2056 3093 2230 3139 tamen
2274 3081 2610 3137 enodatiores
2647 3088 2807 3150 atque
2835 3080 3135 3150 planiores,
3173 3089 3435 3151 quantum

1848 3196 2023 3236 rerum
2058 3187 2321 3233 tantarum
2358 3172 2787 3244 explicandarum
2817 3171 3102 3228 diflicultas
3127 3181 3183 3227 et
3213 3172 3436 3228 facultas

1848 3279 2026 3328 nostra
2065 3277 2355 3342 pateretur.
2385 3267 2519 3323 Sunt
2545 3275 2721 3320 autem
2751 3265 2841 3334 qui
2879 3265 3077 3334 primos
3101 3273 3329 3336 quatuor
3355 3267 3437 3322 vel

1849 3368 2024 3438 potius
2051 3366 2286 3436 quinque
2313 3362 2472 3417 etiam
2501 3361 2614 3414 sine
2653 3357 2926 3429 prooemiis
2956 3357 3191 3424 habent,
3220 3367 3275 3412 et
3298 3356 3437 3412 duo-

1849 3460 2112 3515 decimum
2141 3458 2259 3512 sine
2284 3464 2520 3510 extrema
2559 3460 2712 3523 parte
2748 3465 2853 3506 non
2902 3464 3062 3521 parva
3093 3468 3106 3503 :
3137 3450 3228 3507 sed
3273 3449 3318 3504 si
3359 3450 3438 3505 eis

1853 3553 1966 3607 hzec
1994 3549 2160 3606 editio
2181 3547 2416 3619 potuerit
2439 3546 2795 3609 innotescere,
2829 3542 3007 3596 omnia
3033 3541 3080 3595 si
3101 3541 3364 3596 voluerint
3385 3550 3441 3596 et

1850 3645 2136 3711 valuerint,
2164 3640 2540 3697 emendabunt.
2567 3638 2696 3693 Peto
2725 3650 2854 3692 sane
2883 3647 2936 3689 ut
2964 3633 3102 3689 hanc
3133 3633 3437 3704 epistolam,

1852 3753 2092 3794 seorsum
2119 3735 2354 3806 quidem,
2388 3731 2482 3788 sed
2513 3740 2690 3786 tamen
2717 3729 2782 3784 ad
2818 3735 2977 3798 caput
3016 3727 3324 3783 eorumdem
3369 3727 3440 3782 li-

1852 3833 2067 3887 brorum
2093 3828 2280 3899 iubeas
2304 3823 2576 3895 anteponi.
2610 3821 2758 3877 Vale.
2789 3819 2890 3876 Ora
2919 3834 3017 3890 pro
3046 3833 3152 3875 me.

2261 3935 2593 3992 EPISTOLA
2630 3932 2860 3987 CLXXV
2890 3934 2909 3954 ί
2937 3931 3033 4001 (a).

1892 4034 2072 4088 Patres
2107 4031 2305 4086 concilii
2344 4027 2754 4096 Carthaginensis
2778 4067 2792 4090 ,
2837 4022 3134 4076 Innocentio
3174 4023 3402 4092 pontiﬁci

1925 4126 2177 4200 Romano,
2210 4122 2273 4176 de
2297 4120 2419 4173 actis
2445 4118 2681 4172 adversus
2713 4114 2974 4185 Pelagium
3004 4124 3050 4166 et
3080 4111 3364 4167 Celestium.

1858 4241 2082 4299 Domino
2108 4235 2416 4294 beatissimo
2455 4241 2507 4288 et
2535 4227 3031 4295 honorandissimo,
3063 4235 3249 4282 sancto
3290 4224 3442 4281 fratri

1927 4336 2276 4396 INNOCENTIO,
2329 4329 2634 4390 AURELIUS,
2693 4321 2988 4385 Nummus,
3057 4319 3442 4387 ltusrrcunus,

1928 4428 2314 4488 Ftnsnruaus,
2350 4421 2614 4474 Evscmus
2644 4416 2659 4446 ί
2678 4456 2692 4480 ,
2737 4414 3002 4467 ANTONIUS
3021 4413 3041 4442 ’
3062 4453 3076 4478 ,
3108 4412 3442 4477 PALATINUS,

1929 4522 2247 4578 MEODATUS
2273 4556 2286 4580 ,
2317 4509 2636 4565 Vtscrzartus
2661 4547 2674 4570 ,
2712 4505 3012 4558 PUBLIANUS
3035 4502 3054 4532 ³
3081 4544 3096 4567 ,
3141 4502 3408 4556 Tumsws
3429 4543 3444 4567 ,

1930 4616 2138 4676 Turus,
2171 4612 2468 4665 PANNONIUS
2489 4605 2510 4634 ⁵
2530 4646 2544 4670 ,
2573 4603 2774 4657 Vtcroa
2795 4644 2807 4666 ,
2841 4600 3182 4654 Rssrtrnrus
3201 4635 3216 4660 ,
3252 4596 3446 4648 Rnsrr-

1931 4725 2047 4776 cus,
2077 4706 2543 4764 FORTUNATIANUS,
2574 4695 2710 4750 alius
2739 4694 3075 4748 RESTlTUTUS
3096 4732 3109 4756 ,
3146 4688 3441 4755 Annuus,

1933 4806 2184 4858 Aumvtus
2207 4798 2246 4862 ",
2282 4795 2467 4856 Fam,
2504 4792 2856 4851 Donarmnus,
2890 4787 3228 4847 Aneonarus,
3262 4780 3441 4834 Ocn-
3484 4773 3492 4796 '

1925 4958 1942 4988 ί
1969 4953 2077 5004 uad.
2106 4960 2203 5000 Am.
2229 4956 2304 4997 Er.
2332 4953 2384 4996 et
2403 4952 2536 5002 ων..
2564 4939 2803 4998 Manilius,
2837 4933 3442 5004 [rusticanumfidentius.

1863 5025 1915 5068 At
1935 4995 2217 5067 agisne.
2232 4995 2472 5061 "e—tGallic.
2515 4995 2702 5068 necnon
2726 4995 3038 5050 conciliorum
3063 4995 3330 5068 editiones,
3347 5006 3452 5068 an.

2085 5056 2404 5128 nuéiicidnie,
2435 5056 2759 5138 Fidentiqnus.
2784 5071 3055 5138 Quanquam
3093 5059 3147 5138 ἱη1
3183 5056 3451 5130 Rusticianp

2433 5118 2448 5181 ξ
2471 5118 2580 5180 nam
2605 5118 2827 5189 [levique
2866 5118 2976 5192 cdd.
3013 5121 3104 5170 hoc
3135 5118 3451 5192 loco‘,_lmst‘i-

1865 5183 2350 5265 ﬁnisﬁnem
2375 5183 2421 5245 in
2445 5183 2688 5265 [rescripto
2711 5183 2969 5235 ttntocentii
2985 5220 2997 5245 ,
3012 5196 3121 5248 qua:
3145 5187 3222 5232 est
3243 5183 3322 5231 hic
3343 5184 3450 5243 Epi-

1865 5263 2095 5317 stol'a'l8l
2122 5263 2322 5319 habent,
2355 5263 2635 5319 mistrcmno.

1929 5307 2251 5376 il“tussi—Gallici.
2279 5307 2328 5372 ei
2350 5332 2474 5368 unus
2497 5329 2524 5364 e
2547 5313 2692 5376 vatie.
2717 5311 2947 5372 scriptum
2987 5307 3066 5356 hic.
3086 5307 3285 5364 habent,
3319 5307 3406 5354 Ant
3453 5344 3456 5347 .

1867 5372 2169 5441 uinus—stin
2191 5386 2332 5446 epist.
2359 5381 2467 5439 181,
2496 5372 2702 5446 ,ςηζᾳηὶίλ

1935 5437 2153 5500 5"concil.
2182 5437 2436 5502 editiones,
2457 5437 2767 5502 ’λι-ιώιὶειίῃηδ.

1933 5514 1954 5546 ⁸
1977 5493 2176 5564 hisiis.
2191 5493 2492 5556 constanter.
2521 5507 2570 5548 .-\t
2595 5498 2728 5564 Edd,
2748 5493 3047 5564 Pandionias:

1933 5578 1953 5609 ⁸
1978 5549 2541 5625 nail.":in.vttr:let—nova,
2575 5549 2763 5610 ruimus.
2787 5565 2924 5608 Cone.
2952 5555 3083 5614 Edd.,
3112 5549 3316 5603 Animus.
3342 5557 3453 5603 Mss.

1937 5665 1953 5682 ‘
1981 5657 2234 5719 ttecognita
2256 5652 2315 5702 ad
2336 5651 2413 5699 cb.
2439 5647 2489 5696 t‘l‘.
2517 5661 2600 5710 gg.
2627 5658 2716 5694 rm.
2743 5642 2812 5692 th.
2842 5654 2915 5692 vc.
2937 5637 3116 5688 duosv.
3135 5645 3232 5686 am.
3252 5633 3460 5686 Reddit.

1872 5734 2008 5848 mla)
2052 5784 2166 5832 ﬁlias
2187 5781 2247 5830 90
2273 5792 2284 5825 :
2312 5787 2422 5838 (tute
2446 5779 2608 5822 autem
2633 5768 2720 5817 i735
2745 5771 2865 5825 eral:
2891 5776 3017 5813 nunc
3038 5761 3146 5814 659'
3170 5768 3352 5823 semp“
3369 5771 3453 5810 m‘

1875 5851 1984 5899 416.
