4004 6384
160 398 229 460 761

165 508 365 567 Habemus
386 505 653 552 thesaurum
678 487 828 546 istum
852 485 907 541 in
930 483 1060 540 uasis
1086 481 1341 554 ﬁctilibus,
1372 489 1424 534 ut
1449 480 1666 536 eminen-

163 605 214 660 tia
226 592 388 654 uirtutis
407 590 465 644 sit
485 585 595 651 Dei,
613 591 658 638 et
677 597 774 636 non
798 595 862 634 ea:
885 577 1028 633 nobis
1054 575 1118 650 (Il
1143 575 1357 642 Cor.1v,
1388 573 1474 646 7);
1506 579 1560 628 et
1584 572 1664 626 in-

162 684 444 754 numerabilia
472 679 613 742 talia,
637 689 754 748 quae
781 674 850 731 de
878 671 1169 742 Scripturis
1194 667 1442 725 omnibus
1471 667 1517 721 si
1558 666 1667 721 col-

161 789 284 856 ﬁgere
307 776 528 838 velimus,
560 780 762 839 tempus
784 768 801 799 ³
828 782 934 822 non
967 764 1180 820 sufﬁcit.
1214 763 1279 817 Et
1310 774 1556 816 veremur
1600 772 1666 812 ne

131 945 136 952 ,
161 851 263 952 apud
287 888 329 931 te
352 874 438 929 ista
463 870 572 940 ipsa
598 857 1088 922 commemorando,
1121 871 1240 927 quae
1265 853 1470 924 majore
1499 851 1667 922 gratia

160 943 208 1030 de
227 968 337 1027 Sede
365 960 642 1035 apostolica
677 953 934 1027 praedicas
957 993 972 1019 ,
1019 946 1454 1004 inconvenienter
1495 943 1668 997 facere

160 1065 370 1120 videamur
395 1033 408 1108 έ
436 1052 527 1109 sed
553 1049 672 1106 ideo
699 1045 942 1110 facimus,
974 1040 1095 1112 quia
1123 1054 1190 1094 eo
1213 1051 1319 1108 quo
1348 1033 1668 1090 inﬁrmiores

135 1153 352 1218 'sumus',
392 1155 804 1220 quaquaversum
837 1137 1058 1210 quisque
1089 1141 1331 1188 nostrum
1369 1128 1532 1185 verbo
1576 1127 1668 1181 Dei

160 1240 428 1322 prmdieando
465 1245 677 1308 putatur
710 1232 992 1295 attentior,
1031 1223 1270 1282 crebrius
1309 1237 1402 1278 eos
1441 1220 1670 1291 patimur

162 1343 197 1397 in
214 1352 290 1395 nos
311 1345 355 1390 ct
378 1329 624 1387 audacius
660 1327 1014 1394 insurgentes.

205 1433 244 1488 Δ.
276 1429 323 1485 Si
360 1438 478 1496 ergo
512 1420 754 1490 Pelagius
796 1411 1188 1486 episcOpalibus
1235 1406 1414 1463 Gestis
1455 1419 1573 1496 quze
1617 1402 1670 1496 in

157 1525 320 1582 Oriente
341 1493 568 1572 confecta
594 1511 842 1566 dicuntur
867 1505 944 1578 (a)
967 1546 981 1571 ,
1003 1503 1163 1559 etiam
1191 1508 1293 1554 tute
1326 1493 1670 1552 Venerationi

157 1619 257 1688 iuste
275 1612 401 1666 visus
429 1605 585 1662 fuerit
616 1600 889 1658 absolutus
914 1614 929 1664 ;
957 1609 1109 1650 error
1138 1600 1316 1647 tamen
1346 1590 1458 1660 ipse
1487 1596 1541 1641 et
1571 1587 1670 1640 im-

157 1682 295 1784 pietas,
319 1719 426 1778 qure
450 1702 554 1772 jam
585 1697 779 1754 multos
805 1699 1103 1748 assertores
1123 1686 1306 1752 habet,
1337 1699 1430 1756 per
1459 1682 1669 1736 diversa

157 1775 401 1873 dispersos,
443 1793 601 1849 etiam
646 1785 959 1842 auctoritate
995 1779 1303 1852 apostolica:
1346 1775 1499 1832 Sedis
1547 1789 1675 1828 ana-

156 1890 376 1950 tltemanda
399 1896 495 1944 est.
525 1882 840 1940 Consideret
869 1878 1009 1935 enim
1046 1875 1309 1932 Sanctitas
1338 1881 1424 1926 tua
1444 1913 1458 1938 ,
1496 1878 1549 1925 et
1576 1885 1672 1940 pa-

156 1984 376 2044 storalibus
424 1980 575 2036 nobis
626 1975 978 2047 compatiatnr
1018 1968 1347 2034 visceribus,
1399 1980 1558 2037 qnam
1605 1963 1676 2018 sit

155 2077 396 2151 pestiferum
432 2081 484 2128 et
517 2069 737 2127 exitiale
774 2066 958 2123 ovibus
995 2062 1223 2126 Christi,
1269 2057 1410 2130 quod
1451 2057 1673 2111 istorum

154 2148 373 2238 Sacrilegas
409 2161 795 2234 disputationes
840 2153 1141 2211 necessario
1180 2148 1527 2219 consequitur
1552 2188 1568 2213 ,
1618 2153 1677 2199 ut

155 2277 222 2319 nec
237 2235 362 2316 orare
381 2256 669 2313 debeamus
687 2267 753 2306 ne
779 2251 1038 2304 intremus
1065 2247 1115 2299 in
1141 2242 1508 2307 tentationem,
1533 2235 1675 2309 quod

155 2357 349 2411 Dominus
383 2360 433 2406 et
467 2346 762 2425 discipulos
800 2342 1004 2398 monuit
1049 2337 1257 2411 (Matth.
1287 2350 1438 2400 xxvr,
1466 2331 1555 2404 41)
1580 2374 1594 2398 ,
1623 2338 1678 2386 et

154 2450 283 2521 posuit
309 2448 356 2502 in
395 2445 640 2501 oratione
668 2455 826 2511 quam
858 2436 1038 2492 docuit
1067 2433 1176 2501 (Id.
1204 2448 1257 2488 vi
1281 2473 1296 2497 ,
1330 2431 1450 2501 1'5);
1484 2435 1574 2481 aut
1610 2442 1677 2480 ne

152 2542 310 2599 deﬁciat
343 2539 463 2596 ﬁdes
492 2544 678 2592 nostra
699 2576 713 2599 ,
749 2531 888 2602 quod
917 2544 1010 2600 pro
1040 2525 1280 2598 apostolo
1311 2523 1468 2577 Petro
1507 2535 1566 2574 se
1593 2533 1679 2574 ro-

152 2651 264 2706 gasse
292 2636 388 2705 ipse
412 2640 639 2688 testatus
663 2634 747 2682 est
786 2623 937 2696 (Luc.
969 2635 1116 2687 χχιι,
1150 2616 1263 2688 '52).
1293 2615 1348 2670 Si
1390 2613 1530 2668 enim
1564 2611 1680 2665 hzec

151 2725 433 2798 possibilitate
457 2731 688 2788 natura),
713 2728 766 2774 et
785 2715 1006 2771 arbitrio
1029 2710 1315 2766 voluntatis
1342 2709 1392 2762 in
1419 2713 1680 2777 potestate

143 2821 241 2880 'sunt
267 2820 522 2876 constituta
547 2834 562 2883 ;
615 2814 734 2886 quis
760 2827 865 2866 non
895 2825 958 2865 ea
991 2807 1168 2862 videat
1195 2820 1224 2858 a
1255 2802 1482 2857 Domino
1513 2799 1681 2854 inani-

152 2927 210 2972 ter
239 2916 349 2988 peti,
380 2910 729 2985 etfallaciter
770 2904 941 2969 orari,
987 2917 1108 2957 cum
1156 2897 1357 2954 orando
1395 2903 1682 2966 poscuntur

151 2985 250 3078 qua);
279 3016 464 3062 natura:
512 3009 718 3058 nostrae
763 2997 872 3067 jam
921 2995 989 3049 ita
1036 2990 1263 3046 condita:
1301 2985 1683 3042 sufﬁcientibus

150 3101 302 3156 viribus
339 3093 691 3154 obtinentur?
739 3105 839 3144 nec
882 3085 1132 3144 debuisse
1178 3083 1356 3136 dicere
1403 3078 1682 3133 Dominum

151 3192 285 3248 lesum
308 3234 320 3258 ,
356 3189 567 3262 Vigilate
603 3193 649 3239 et
682 3191 859 3247 orate;
890 3178 983 3234 sed
1025 3172 1393 3230 tantummodo
1415 3168 1682 3241 ,Vigilatc,

150 3303 193 3338 ne
206 3284 364 3338 intretis
390 3284 440 3336 in
469 3275 847 3335 tentationem?
876 3287 976 3328 nec
1001 3267 1312 3326 beatissimo
1334 3266 1492 3320 Petro
1514 3262 1685 3334 primo

150 3378 462 3448 Apostolorum
483 3418 496 3442 ,
529 3371 734 3444 Rogavi
766 3383 856 3440 pro
885 3376 931 3421 te
953 3407 966 3430 ,
1000 3361 1118 3430 scd,
1151 3373 1345 3416 moneo
1373 3367 1442 3425 te,
1474 3355 1557 3412 vel
1588 3357 1688 3411 im-

151 3486 245 3541 pero
269 3486 322 3526 ac
346 3467 601 3541 praecipio
631 3480 697 3518 ne
726 3460 927 3531 deﬁciat
953 3456 1081 3528 ﬁdes
1115 3455 1238 3508 tua?

200 3563 240 3617 5.
263 3561 641 3620 Contradicitur
688 3555 847 3611 etiam
886 3553 1108 3606 istorum
1143 3545 1483 3602 contentione
1523 3545 1687 3600 bene-

150 3653 412 3710 dictionibus
437 3651 666 3714 nostris,
690 3656 748 3703 ut
775 3647 1039 3701 incassum
1064 3656 1222 3711 super
1240 3639 1492 3710 pupulum
1511 3636 1689 3692 dicere

151 3745 369 3802 videamur
387 3741 646 3817 quidquid
669 3740 748 3796 eis
763 3753 792 3792 a
811 3735 1035 3791 Domino
1058 3747 1359 3804 precamur,
1381 3739 1437 3784 ut
1466 3740 1608 3784 recte
1628 3743 1691 3784 ac

151 3839 210 3908 pie
230 3839 429 3896 vivendo
470 3837 544 3894 illi
598 3835 876 3906 placeant;
908 3829 993 3884 vel
1025 3827 1111 3882 illa
1151 3841 1271 3896 quae
1314 3840 1410 3894 pro
1451 3822 1691 3878 ﬁdelibus

151 3942 344 4002 precatur
369 3930 682 4002 Apostolus,
713 3924 898 3981 dicens
923 3941 935 3977 :
967 3919 1142 3975 Flecte
1164 3934 1327 3990 genua
1350 3933 1459 3970 mea
1487 3915 1554 3968 ad
1582 3914 1691 3969 Pa-

150 4033 239 4078 trem
256 4021 442 4080 Domini
468 4021 636 4078 nostri
656 4019 778 4074 Jesu
801 4016 1005 4079 Christi,
1032 4030 1093 4068 ea:
1115 4027 1212 4084 quo
1236 4010 1396 4064 onmis
1419 4010 1692 4079 paternitas

151 4118 186 4172 in
202 4120 314 4174 caelis
337 4129 378 4172 et
404 4119 452 4172 in
475 4127 613 4172 terra
640 4113 946 4176 nominatur,
977 4116 1031 4161 ut
1054 4106 1134 4160 det
1159 4103 1295 4158 vobis
1319 4101 1592 4155 secundum
1615 4101 1697 4154 di-

151 4211 260 4264 vitias
282 4211 448 4282 gloria:
472 4224 582 4264 sure
619 4208 800 4260 virtute
831 4199 1146 4257 corroborari
1177 4216 1266 4271 per
1300 4197 1549 4269 Spiritum
1585 4195 1695 4266 ejus

151 4303 276 4375 (Eph.
299 4321 369 4369 tu.
400 4301 617 4373 lli-l6).
641 4299 698 4354 Si
719 4313 844 4367 ergo
874 4295 1196 4351 voluerimus
1224 4289 1586 4349 benedicendo
1606 4305 1696 4345 su-

151 4409 222 4465 per
244 4399 474 4469 populum
502 4396 706 4459 dicere,
731 4393 805 4446 Da
834 4390 938 4446 illis
956 4433 970 4456 ,
1005 4390 1247 4456 Domine,
1285 4389 1479 4443 virtute
1508 4400 1696 4442 corro-

151 4487 288 4543 borari
327 4506 416 4560 per
443 4488 704 4558 Spiritum
747 4495 926 4548 tuum;
955 4483 1176 4537 istorum
1216 4480 1369 4536 nobis
1408 4478 1696 4550 disputatio

150 4581 435 4645 contradicit,
460 4579 736 4634 affirmans
763 4575 941 4645 negari
968 4573 1194 4628 liberum
1215 4573 1510 4638 arbitrium,
1531 4573 1574 4626 si
1598 4571 1698 4628 hoc

151 4685 172 4722 a
193 4673 281 4727 Deo
309 4675 539 4745 poscitur
568 4669 708 4743 quod
745 4669 798 4723 in
837 4676 1016 4721 nostra
1045 4675 1127 4720 est
1158 4674 1416 4735 potestate
1449 4667 1468 4719 ι’
1506 4663 1700 4718 Virtute

149 4766 251 4819 enim
269 4765 572 4821 corroborari
598 4764 642 4817 si
667 4761 914 4827 volumus,
933 4758 1193 4829 inquiunt,
1217 4773 1479 4827 possumus
1500 4773 1556 4810 ea
1577 4773 1695 4824 pes-

149 4856 350 4913 sibilitate
381 4868 600 4922 naturae,
632 4871 784 4928 quam
813 4869 943 4907 nunc
973 4868 1075 4906 non
1115 4850 1388 4923 accipimus
1409 4893 1422 4919 ,
1459 4848 1548 4904 sed
1586 4866 1699 4903 cum

149 4962 391 5005 crearentur
410 4950 719 5021 accepimus.

146 5044 155 5082 τ
205 5038 250 5092 6.
272 5041 514 5097 Parvulos
556 5041 716 5096 etiam
748 5046 961 5110 propter
988 5036 1210 5091 salutem
1250 5051 1368 5107 quae
1399 5049 1492 5106 per
1515 5034 1700 5091 Salva-

149 5139 286 5187 torem
307 5135 574 5191 Christum
596 5133 768 5199 datur,
802 5130 1150 5201 baptizandos
1176 5138 1390 5200 negant,
1413 5144 1473 5185 ac
1503 5129 1579 5185 sic
1608 5144 1701 5184 eos

149 5225 386 5281 mortifera
423 5229 522 5282 ista
565 5225 804 5280 doctrina
837 5225 888 5278 in
931 5233 1188 5278 :eternum
1228 5229 1441 5286 necant,
1474 5221 1698 5291 promit-

149 5319 292 5371 tentes
314 5317 518 5372 etiamsi
543 5331 646 5372 non
669 5317 1022 5388 baptizentur,
1056 5314 1331 5369 habituros
1357 5313 1515 5367 vitam
1549 5323 1703 5367 :etero

147 5420 268 5475 nam,
294 5426 389 5465 nec
418 5412 686 5480 pertinere
723 5410 788 5466 ad
833 5426 925 5466 eos
968 5409 1033 5464 dc
1075 5409 1265 5480 quibus
1308 5408 1561 5462 Dominus
1606 5407 1699 5472 ait,

104 5545 106 5547 .
159 5495 276 5554 Venit
295 5503 422 5557 enim
447 5502 493 5556 F
497 5503 615 5557 ilius
643 5503 864 5557 hominis
887 5519 1111 5568 qutererc
1139 5512 1182 5555 et
1206 5501 1402 5555 salvare
1427 5501 1562 5571 quod
1589 5519 1703 5572 per-

146 5589 254 5645 ierat
277 5593 420 5667 (Luc.
439 5611 563 5663 xtx,
592 5595 714 5670 £0);
743 5596 985 5668 qniaisti,
1015 5595 1276 5666 inquiunt,
1305 5611 1405 5649 non
1426 5595 1701 5666 perierant,

197 5750 214 5781 ⁸
235 5751 339 5800 Bad.
363 5761 462 5801 Am.
490 5759 566 5802 Er.
593 5761 642 5804 ct
661 5753 832 5804 Concil.
857 5753 992 5810 Edd.,
1016 5757 1184 5802 tomus.

200 5812 218 5841 ⁸
238 5819 358 5862 Unus
380 5827 410 5864 e
433 5816 567 5864 vatio
585 5822 712 5872 Mss.
735 5830 826 5879 quo
847 5814 1097 5879 inferiores
1118 5827 1280 5864 sumus
1345 5879 1354 5886 .

200 5891 266 5957 (a)
453 5897 782 5959 Dinspolitanze
803 5898 986 5960 synodi.

1246 361 1726 424 EPISTOLARUM
1762 363 2036 423 CLASSIS
2073 363 2160 423 Ill.

3258 367 3368 428 763

1778 495 1868 533 nec
1896 489 1970 534 est
1996 480 2130 554 quod
2156 480 2209 536 in
2235 479 2305 534 eis
2331 479 2566 550 salvetur,
2594 479 2672 536 uel
2695 486 2835 536 tanto
2855 480 3014 554 pretio
3038 483 3317 540 redimatur
3337 502 3359 543 :

1771 572 1890 642 quia
1919 571 2046 626 nihil
2071 582 2142 626 est
2167 573 2219 626 in
2253 572 2323 627 eis
2361 574 2606 639 vitiatum,
2635 572 2765 628 nihil
2803 583 2996 630 tenetur
3040 577 3129 631 sub
3173 577 3364 634 diaboli

1775 672 2018 734 potestate
2040 665 2309 737 captivum,
2334 683 2421 720 nec
2449 682 2540 737 pro
2568 667 2639 721 eis
2667 666 2807 737 [usus
2833 677 2902 722 est
2929 669 3137 741 sanguis
3165 671 3251 740 qui
3281 673 3370 743 fu.

1773 771 1859 808 sus
1891 757 1945 808 in
1985 756 2324 810 remissionem
2366 756 2545 826 legitur
2572 766 2890 827 peccatorum
2919 758 3147 831 (Matth.
3197 776 3327 818 XXVI
3348 804 3364 830 ,

1773 846 1890 917 28).
1921 847 2230 917 Quanquam
2261 863 2354 918 per
2383 847 2700 918 baptismum
2731 848 2927 905 Christi
2956 853 3118 907 etiam
3165 869 3360 923 parvu-

1775 936 1949 992 lorum
1978 938 2090 993 ﬁeri
2122 937 2542 1008 redemptionem
2561 981 2576 1006 ,
2602 939 2654 994 in
2684 939 2862 994 libello
2883 956 2980 996 suo
3007 942 3269 998 Celestius
3308 946 3364 1000 in

1774 1025 2176 1100 Carthaginiensi
2205 1031 2429 1086 ecclesia
2455 1030 2564 1101 jam
2590 1031 2865 1088 confessus
2891 1041 2974 1088 est
3006 1051 3018 1086 :
3069 1034 3162 1090 sed
3209 1036 3363 1093 multi

1775 1121 1864 1195 qui
1895 1137 2077 1177 eorum
2109 1123 2460 1193 perhibentur
2487 1138 2607 1180 esse
2633 1124 2716 1179 vel
2748 1125 2908 1181 fuisse
2933 1125 3211 1197 discipuli,
3245 1127 3363 1185 haec

1774 1214 1913 1268 mala
1956 1213 2146 1285 quibus
2193 1213 2536 1269 fundamenta
2580 1213 2882 1271 Christianae
2929 1215 3052 1272 ﬁdei
3099 1227 3363 1275 conantur

1776 1315 2016 1361 evertere
2037 1347 2051 1372 ,
2082 1321 2416 1378 quacumque
2439 1315 2682 1377 possunt,
2708 1306 2974 1364 afﬁrmare
3002 1325 3105 1364 non
3129 1319 3362 1368 cessant.

1777 1396 1928 1453 Unde
1964 1397 2171 1454 etiamsi
2199 1399 2440 1468 Pelagius
2466 1399 2832 1470 Celestiusqne
2859 1401 3086 1455 correcti
3107 1410 3249 1467 sunt,
3277 1404 3364 1460 vel

1778 1507 1836 1548 se
1858 1493 1955 1546 ista
1981 1509 2252 1564 nunquam
2279 1492 2513 1547 sensisse
2534 1492 2750 1560 dicunt,
2777 1501 2831 1548 et
2855 1508 3204 1566 quaecumque
3230 1497 3364 1551 scri-

1779 1595 1864 1654 pta
1901 1593 2086 1640 contra
2126 1599 2219 1639 eos
2250 1584 2452 1655 prolata
2493 1583 2687 1640 fuerint
2726 1599 2821 1639 sua
2848 1599 2966 1640 esse
3010 1596 3225 1657 negant,
3268 1604 3368 1646 nec

1777 1686 1860 1732 est
1885 1677 2328 1748 quemadmodum
2355 1677 2422 1733 de
2448 1675 2724 1732 mendacio
2750 1677 3134 1733 convincuntur
3165 1697 3178 1732 :
3210 1695 3372 1752 gene-

1778 1770 1962 1825 raliter
2005 1779 2183 1825 tamen
2213 1772 2536 1841 quicumque
2561 1770 2883 1842 dogmatizat
2913 1781 2967 1826 et
2995 1771 3225 1829 affirmat
3270 1775 3370 1830 lut-

1779 1877 1989 1917 manam
2012 1862 2110 1916 sibi
2141 1861 2209 1916 ad
2238 1862 2449 1917 vitanda
2481 1862 2498 1895 ¹
2529 1871 2743 1934 peccata
2764 1904 2778 1930 ,
2813 1871 2866 1917 et
2890 1862 2984 1917 Dei
3017 1864 3264 1920 mandata
3290 1865 3371 1921 fa-

1780 1955 1963 2010 cienda
1992 1953 2244 2010 sufﬁcere
2287 1968 2444 2025 posse
2483 1962 2744 2020 naturam,
2775 1961 2829 2009 et
2872 1968 2938 2008 eo
2985 1954 3145 2011 modo
3185 1957 3372 2027 gratiae

1781 2047 1896 2115 Dei,
1914 2063 2032 2117 qua:
2051 2056 2355 2102 sanctorum
2383 2045 2680 2101 evidentius
2701 2045 3368 2118 orationibns'declaratur,

1781 2139 2115 2194 adversarius
2142 2137 2442 2206 invenitur;
2474 2146 2527 2192 et
2555 2138 2876 2208 quicumque
2919 2147 3076 2209 negat
3120 2140 3370 2210 parvulos

1780 2251 1877 2306 per
1903 2234 2221 2305 baptismum
2237 2233 2433 2288 Christi
2450 2248 2476 2286 a
2498 2232 2794 2304 perditione
2819 2233 3054 2301 liberari,
3070 2241 3123 2288 et
3143 2233 3370 2291 salutem

1783 2331 2055 2404 percipere
2095 2331 2512 2400 sempiternam,
2563 2327 2846 2382 anathema
2884 2327 2971 2381 sit.
3012 2325 3371 2399 Qucecumque

1781 2435 1958 2482 autem
1987 2426 2087 2480 alia
2112 2425 2190 2479 eis
2215 2422 2558 2494 objiciuntur,
2591 2436 2694 2475 non
2722 2420 3027 2475 dubitamus
3056 2419 3370 2476 Veneratio-

1783 2534 1904 2573 nem
1936 2527 2077 2572 tuam
2104 2559 2117 2584 ,
2149 2531 2269 2570 cum
2301 2515 2460 2570 Gesta
2505 2513 2825 2584 episcopalis
2856 2513 3219 2584 perspexerit,
3252 2528 3380 2584 quae.

1783 2614 1836 2668 in
1863 2610 2079 2666 Oriente
2108 2612 2158 2664 in
2186 2609 2373 2664 eadem
2405 2623 2561 2663 causa
2589 2606 2829 2662 confecta
2859 2606 3126 2672 dicuntur,
3156 2606 3207 2661 id
3227 2605 3374 2676 judi-

1783 2713 2021 2760 caturam
2050 2702 2188 2757 unde
2216 2716 2401 2756 omnes
2424 2701 2475 2755 in
2507 2699 2602 2753 Dei
2645 2698 3005 2753 misericordia
3027 2697 3368 2770 gaudeamus.

1785 2795 1886 2852 Ora
1919 2809 2013 2868 pro
2042 2794 2213 2862 nobis,
2240 2793 2455 2849 domine
2481 2791 2790 2846 beatissime
2810 2789 2953 2860 Papa
2975 2792 3017 2843 '.

2213 2942 2546 3002 EPISTOLA
2583 2939 2842 2998 CLXXVI
2879 2939 3017 3013 ‘(a).

1852 3087 1903 3142 Μ
1913 3085 2135 3141 ileritani
2159 3084 2361 3139 concilii
2391 3082 2573 3137 Patres
2595 3081 2914 3150 Innocentio,
2938 3081 3001 3136 de
3027 3079 3316 3136 cohibendis

2289 3176 2584 3249 Pelagianis
2615 3175 2880 3230 hwreticis.

1792 3337 2018 3395 Domino
2036 3336 2346 3391 beatissimo
2371 3335 2667 3404 meritoque
2693 3330 3007 3398 venerabili,
3031 3339 3084 3386 et
3105 3329 3157 3386 in
3171 3328 3386 3386 Christo

1863 3430 2175 3488 honorando
2200 3429 2358 3499 Papae
2389 3429 2730 3492 lusocea'rio,
2757 3426 3025 3482 SILVANUS
3045 3425 3089 3492 ⁸,
3116 3423 3385 3480 VALENTI-

1864 3541 1981 3590 nus,
2013 3524 2303 3586 Auneuus,
2343 3521 2617 3585 Doxnus,
2661 3519 3034 3584 Resrrrurus,
3079 3516 3386 3583 Lucanus,

1865 3619 2111 3683 ALvews,
2140 3618 2493 3680 AUGUSTINUS,
2527 3614 2859 3668 PLACEN'I‘IUS
2884 3611 2926 3679 ⁸,
2955 3611 3220 3676 δενειιυε,
3250 3607 3390 3666 Fon-

1867 3723 2106 3764 ruamus
2126 3707 2168 3773 ⁵,
2193 3706 2488 3771 Possmws,
2507 3703 2782 3769 Novarus,
2805 3701 3103 3768 SECUNDUS,
3131 3699 3388 3755 Mannum

1867 3816 2022 3865 'I‘IUS,
2077 3799 2223 3865 Leo,
2267 3797 2687 3862 FADS’I‘INIANUS,
2735 3794 3094 3861 Cnsscomus,
3148 3793 3390 3862 MALCUS,

1868 3889 2216 3956 Lnromus‘,
2268 3888 2652 3954 Foaruunus,
2691 3887 2967 3952 Dounus,
3015 3885 3389 3953 PONTICANUS,

1867 3986 2214 4045 Suunmuus,
2236 3982 2588 4036 CHRISTONIUS
2600 3981 2644 4045 ⁷,
2666 3979 2952 4042 ilouomus,
2977 3977 3190 4042 Lucws,
3206 3978 3356 4033 Auno
3368 4007 3392 4020 -

1871 4092 2061 4144 unus,
2092 4076 2394 4130 Paocessus
2414 4115 2428 4139 ,
2452 4070 2780 4126 Cnescomus
2796 4113 2811 4136 ,
2842 4070 3115 4124 Sacuanus
3138 4110 3154 4134 ,
3185 4069 3351 4124 FELIX
3368 4108 3392 4139 ,

1870 4172 2185 4236 ΑειΑτιουε,
2214 4167 2540 4220 RUFINIANUS
2560 4166 2604 4231 ⁸,
2642 4163 2936 4217 FAUS'I‘INUS
2963 4204 2977 4227 ,
3006 4160 3218 4217 SEnvus
3241 4205 3256 4230 ,
3282 4162 3392 4218 Tr:-

1871 4277 2118 4327 nemws,
2148 4259 2497 4323 (Innscomus,
2530 4255 2886 4321 Sreaanrws,
2914 4253 3260 4322 QUADRATUS,
3284 4254 3390 4310 LU-

1872 4367 2078 4420 CILLUS,
2105 4352 2351 4414 Sumus,
2385 4348 2684 4404 Faue-rusus
2706 4350 2751 4416 ο,
2783 4345 3134 4411 Cnescomus,
3169 4345 3391 4416 Vtc'ron,

1875 4450 2204 4506 GIGNANTIUS
2230 4445 2292 4514 ’³,
2320 4445 2686 4510 POSSIDONIUS,
2715 4443 3022 4508 Aaromsus
3041 4441 3107 4510 “,
3133 4439 3393 4499 Inuocau-

1869 4652 1883 4682 ι
1910 4649 2041 4710 θιὼ,
2066 4647 2136 4710 ad
2153 4645 2402 4710 macerata.
2427 4649 2560 4710 Mss,
2583 4638 2649 4691 ad
2673 4639 2882 4710 vitantia.

1867 4715 1887 4744 ί
1911 4703 2268 4775 Mss.'(_3_allieani
2289 4713 2460 4775 carent
2481 4704 2556 4753 his
2579 4707 2840 4775 postremis
2861 4703 3042 4762 verbis,
3065 4713 3170 4761 ora,
3197 4707 3294 4752 etc.

1870 4776 1890 4807 ³
1911 4772 2225 4822 Conciliorum
2249 4768 2492 4817 editiones
2507 4801 2523 4826 ,
2547 4766 2762 4818 Silvanus
2784 4775 2956 4826 senex.

1868 4837 1889 4868 κ
1913 4841 2078 4894 Deest,
2108 4827 2393 4890 Placentius,
2421 4831 2470 4879 in
2490 4825 2599 4878 Mss.
2623 4835 2731 4878 octo
2753 4825 3017 4876 Gallicanis.

1868 4900 1889 4931 δ
1913 4905 2019 4946 Mss.
2044 4902 2183 4945 Gerv.
2211 4901 2264 4943 et
2294 4898 2500 4952 Gemm.,
2526 4897 2780 4941 Fortunas.

1871 4961 1890 4992 ⁶
1912 4968 2019 5022 Mss.
2033 4959 2270 5022 quinque,
2293 4947 2510 5005 Litorius.
2523 4952 2807 5011 casaleusis,
2824 4947 3064 5000 Lictorius.
3077 4954 3215 5000 Cone.
3228 4949 3394 5013 Editt.,

1815 5035 1836 5074 ι
1855 5030 2025 5134 1:113ng
2029 5034 2112 5143 sse;
2134 5089 2254 5142 tem,
2280 5086 2332 5131 ct
2351 5079 2524 5131 conci].
2554 5077 2689 5127 Editt.
2707 5076 2794 5134 sic,
2813 5073 3109 5125 Cresconius.
3128 5073 3397 5129 Casalensitl

1808 5148 1984 5207 codex,
2007 5143 2295 5195 Ctisconius.

1870 5212 1891 5243 Β
1916 5198 2122 5258 ιη’(ῖοηρ.
2147 5207 2283 5267 Edd.,
2299 5205 2510 5271 Ruﬁnus;
2537 5209 2588 5252 et
2610 5198 2730 5249 infra
2751 5212 2838 5262 pro
2859 5207 3017 5262 Servo,
3040 5201 3281 5262 scribitur,
3293 5210 3398 5252 Ser-

1807 5287 1911 5325 vius
1917 5309 1928 5320 .

1870 5337 1891 5369 9
1918 5342 1967 5384 In
1987 5333 2160 5384 Coneil.
2185 5333 2319 5385 uid.
2344 5331 2421 5380 hic
2462 5327 2696 5377 omittitur
2719 5324 3005 5389 Faustinus;
3049 5325 3254 5389 ejusque
3292 5324 3398 5375 loco

1810 5400 2020 5462 ponitur,
2058 5395 2172 5462 item
2193 5397 2406 5444 Sabinus.

1876 5462 1918 5493 ιο
1942 5447 2048 5509 Mss.
2073 5447 2218 5508 Vatic.
2244 5464 2346 5507 tres
2370 5460 2422 5504 ct
2436 5449 2592 5502 Gallic.
2618 5459 2829 5514 septem,
2853 5463 3042 5502 necnon
3063 5447 3238 5500 Concil.
3260 5448 3396 5512 Edd.,

1811 5519 2072 5587 (:igrmtius.

1878 5575 1916 5617 ίι
1945 5593 2051 5634 Mss.
2076 5583 2173 5631 duo
2194 5581 2362 5640 Vatic.,
2390 5575 2648 5640 Possidius,
2677 5575 2930 5640 peruenias.

1875 5649 1893 5666 ‘
1919 5646 2174 5707 ttecognita
2215 5643 2276 5691 ad
2307 5637 2356 5692 αξ
2379 5641 2462 5702 bg.
2488 5638 2563 5707 bl._
2580 5637 2724 5690 c.'ch.
2751 5639 2810 5707 lT._
2827 5653 2876 5699 g.
2900 5650 2982 5707 gv.
3007 5649 3056 5687 ιι.
3091 5649 3135 5688 s.
3159 5637 3234 5688 sb.
3260 5644 3298 5689 t.
3323 5637 3395 5689 th.

1815 5724 1885 5762 vc.
1911 5701 2095 5760 duosve.
2122 5713 2325 5769 quatuor
2349 5718 2396 5754 v.
2423 5701 2486 5753 iet
2506 5702 2565 5750 ad
2598 5711 2696 5751 Am.
2724 5701 2831 5749 uad.
2858 5707 2930 5748 Er.
2958 5705 3068 5752 ων.

1876 5835 1947 5900 (a)
1983 5833 2104 5882 Alias
2143 5832 2377 5900 92:_ane
2421 5837 2584 5881 autem
2632 5828 2720 5882 176
2745 5833 2867 5889 erat,
2913 5841 3040 5879 nunc
3062 5826 3172 5882 240.

1813 5895 1956 5962 p’ttllu
1978 5903 2085 5946 post
2106 5895 2430 5958 superiorem.
2938 5947 2966 5973 .
