4004 6386
621 394 726 453 763

694 530 833 581 'rws,
867 513 1179 580 PRESIDIDS,
1205 513 1568 569 Casscnurws
1595 511 1634 577 ⁸,
1657 507 1849 574 Fsux,
1875 507 2142 562 Asrouws
2163 506 2206 570 ’,

696 605 918 672 Vicroa,
950 607 1288 670 l‘louonnvs,
1326 604 1591 667 Dominus,
1625 599 1858 666 Perses,
1887 599 2205 664 Pnaasmws,

696 698 1041 767 CRESCONIUS,
1075 699 1396 765 LAMPADIUS,
1430 697 1747 762 Duremus,
1779 711 1846 750 ex
1870 693 2096 750 concilio
2117 692 2210 747 Mi-

699 794 948 860 levitano,
985 793 1035 848 in
1066 792 1290 846 Domino
1312 791 1556 846 salutem.

699 910 751 964 1.
780 908 909 976 Quia
929 916 979 963 te
1004 907 1257 962 Dominus
1281 907 1463 977 gratiae
1482 920 1594 962 sua:
1620 903 1886 974 praecipuo
1909 916 2129 957 munere
2157 901 2213 958 in

628 1001 770 1057 Sede
795 1001 1082 1071 apostolica
1107 1000 1404 1066 collocavit,
1435 999 1701 1069 talemque
1735 997 1932 1052 nostris
1961 997 2216 1067 tempori-

630 1097 730 1151 bus
759 1093 1021 1163 prmstitit,
1051 1101 1108 1147 ut
1135 1091 1288 1148 nobis
1316 1091 1496 1163 potius
1522 1090 1590 1144 ad
1628 1089 1839 1161 culpam
1880 1089 2218 1159 negligentia—3

627 1189 822 1250 valeat,
851 1186 896 1240 si
923 1185 1064 1256 apud
1085 1195 1226 1239 tuam
1253 1184 1680 1248 Venerationem,
1714 1197 1833 1253 qua:
1862 1197 1963 1253 pro
1977 1181 2216 1237 Ecclesia

628 1277 958 1350 suggerenda
987 1288 1129 1343 sunt,
1160 1277 1500 1343 tacuerimns,
1535 1291 1690 1346 uuam
1726 1291 1790 1330 ea
1825 1284 1881 1330 tu
1919 1274 2090 1344 possis
2131 1275 2218 1330 vel

627 1370 904 1427 fastidiose
937 1371 1025 1426 vel
1067 1371 1392 1440 negligenter
1421 1370 1698 1439 accipere;
1734 1369 1941 1438 magnis
1967 1369 2222 1438 periculis

629 1448 961 1518 inﬁrmorum
998 1464 1359 1517 membrorum
1401 1462 1598 1518 Christi
1638 1462 1956 1532 pastoralem
1990 1461 2215 1532 diligen-

629 1559 778 1625 tiam,
805 1573 1128 1626 quzesumus,
1152 1557 1403 1612 adhibere
1425 1556 1679 1626 digneris.

699 1649 754 1704 2.
787 1649 932 1704 Nova
953 1650 1148 1719 quippe
1176 1649 1394 1704 hmresis
1416 1659 1472 1703 et
1490 1648 1710 1702 nimium
1732 1647 2026 1717 perniciosa
2052 1654 2222 1702 tentat

629 1759 910 1813 assurgere
931 1743 1262 1799 inimicorum
1282 1744 1462 1810 gratia:
1478 1740 1677 1795 Christi
1706 1739 1748 1807 ³,
1771 1740 1862 1810 qui
1884 1740 2036 1794 nobis
2059 1738 2218 1792 etiam

631 1835 950 1891 dominicam
975 1835 1268 1890 orationem
1298 1833 1474 1904 impiis
1493 1832 1936 1902 disputationibus
1957 1838 2219 1886 conantur

631 1925 858 1981 auferre.
877 1926 1008 1981 Cum
1029 1927 1171 1981 enim
1198 1925 1456 1980 Dominus
1481 1923 1722 1979 docuerit
1744 1931 1802 1977 ut
1825 1923 2085 1986 dicamus,
2114 1920 2217 1976 Di-

630 2020 769 2073 mitte
787 2019 928 2074 nobis
954 2019 1118 2074 debita
1142 2028 1336 2084 nostra,
1362 2018 1491 2072 sicut
1516 2025 1563 2072 et
1584 2034 1677 2072 nos
1704 2017 2000 2072 dimittimus
2026 2016 2222 2072 debito-

631 2112 769 2166 ribus
809 2113 1026 2176 nostris;
1053 2113 1139 2166 isti
1171 2112 1348 2166 dicunt
1381 2127 1538 2181 posse
1566 2111 1836 2166 hominem
1869 2111 1922 2165 in
1949 2110 2049 2166 hac
2075 2112 2181 2166 vita
2201 2151 2218 2178 ,

630 2206 912 2275 prmeeptis
942 2205 1034 2259 Dei
1061 2205 1304 2275 cognitis,
1334 2204 1401 2258 ad
1431 2213 1630 2258 tantam
1660 2202 2038 2273 perfectionem
2063 2202 2222 2272 justi-

631 2298 720 2352 tia:
735 2298 850 2353 sine
871 2297 1137 2366 adjutorio
1156 2297 1341 2366 gratia:
1356 2295 1670 2361 Salvatoris,
1684 2311 1777 2364 per
1798 2294 1972 2348 solum
1994 2295 2220 2349 liberum

633 2389 918 2443 voluntatis
947 2388 1224 2442 arbitrium
1255 2388 1550 2455 pervenire,
1579 2394 1636 2440 ut
1663 2387 1712 2440 ei
1753 2400 1857 2442 non
1895 2386 1965 2440 sit
1989 2387 2098 2456 jam
2127 2402 2219 2441 ne—

635 2479 926 2535 cessarium
965 2478 1163 2544 dicere,
1214 2476 1424 2531 Dimitte
1466 2476 1606 2532 nobis
1643 2477 1809 2532 debita
1851 2485 2044 2533 nostra.
2085 2476 2224 2531 Illud.

631 2587 758 2627 vero
801 2571 946 2642 quod
984 2572 1240 2641 sequitur,
1289 2569 1371 2623 Ne
1416 2587 1505 2624 nos
1556 2570 1748 2640 inferas
1792 2570 1846 2623 in
1895 2571 2216 2624 tentationem

635 2663 843 2737 (Matth.
873 2679 944 2728 VI,
978 2663 1068 2730 12,
1092 2663 1179 2733 15)
1201 2704 1214 2728 ,
1244 2678 1349 2716 non
1380 2662 1449 2715 ita
1479 2661 1879 2732 intelligendum
1901 2704 1918 2728 ,
1967 2672 2216 2733 tanquam

631 2759 864 2813 divinum
886 2754 1204 2827 adjutorium
1224 2771 1442 2827 poscere
1457 2742 1750 2810 debeamus
1769 2771 1835 2810 ne
1861 2757 1910 2809 in
1940 2766 2220 2826 peccatum

632 2853 811 2906 tentati
847 2850 1189 2915 decidamus;
1221 2849 1315 2904 sed
1359 2848 1460 2903 hoc
1501 2850 1553 2902 in
1596 2857 1776 2903 nostra
1825 2863 1942 2903 esse
1984 2849 2212 2918 positum

631 2953 907 3016 potestate,
941 2953 995 2998 et
1019 2943 1086 2998 ad
1109 2943 1208 2996 hoc
1231 2942 1554 3012 implendum
1577 2942 1742 2995 solam
1763 2940 2009 2996 sufﬁcere
2033 2942 2217 2996 volun-

631 3047 788 3090 tatem
819 3036 1087 3090 hominis:
1121 3043 1372 3104 tanquam
1421 3033 1613 3089 frustra
1654 3035 1940 3103 Apostolus
1985 3035 2211 3100 dixerit,

634 3128 753 3181 Non
793 3128 998 3181 volentis
1041 3143 1196 3196 neque
1231 3130 1506 3186 currentis,
1550 3125 1639 3180 sed
1681 3126 1960 3180 miserentis
2006 3137 2077 3178 est
2119 3123 2216 3178 Πρί

631 3219 808 3292 (Rom.
840 3234 918 3283 ιχ,
945 3219 1065 3287 16);
1098 3228 1171 3283 et,
1206 3219 1402 3271 Fidelis
1429 3217 1586 3284 Deus,
1617 3220 1704 3288 qui
1724 3236 1821 3273 non
1849 3220 2098 3289 permittet
2130 3237 2215 3274 vos

630 3312 809 3366 tentari
833 3328 984 3382 super
1009 3311 1060 3365 id
1088 3312 1222 3382 quod
1250 3314 1487 3382 potestis;
1508 3311 1595 3366 sed
1625 3313 1775 3383 faciet
1803 3329 1918 3366 cum
1944 3315 2218 3368 tentationa

629 3405 778 3456 etiam
803 3405 990 3456 exitum
1011 3442 1026 3466 ,
1050 3411 1102 3455 ut
1129 3403 1331 3473 possitis
1357 3404 1599 3456 sustinere
1620 3402 1679 3473 (I
1708 3402 1826 3456 Cor.
1855 3419 1911 3466 ι,
1935 3405 2048 3472 15).
2076 3403 2213 3457 Fru-

627 3503 735 3549 stra
781 3494 939 3548 etiam
980 3493 1233 3548 Dominus
1274 3493 1466 3548 dixerit
1501 3493 1743 3562 apostolo
1785 3495 1975 3558 Petro,
2024 3495 2218 3566 Rogavi

629 3603 723 3658 pro
743 3595 806 3650 te,
827 3603 888 3640 ue
904 3586 1107 3654 deﬁciat
1138 3586 1264 3654 ﬁdes
1289 3594 1376 3639 tua
1398 3585 1549 3655 (Luc.
1574 3602 1706 3650 xx",
1738 3587 1863 3659 59.};
1894 3596 1947 3642 et
1971 3589 2217 3643 omnibus

627 3681 776 3746 suis,
831 3679 1066 3751 Vigilate,
1118 3689 1166 3734 et
1212 3690 1388 3747 orate,
1444 3695 1506 3733 ue
1551 3681 1742 3735 intretis
1790 3682 1844 3735 in
1895 3683 2216 3737 tentationem

630 3773 842 3843 (Matth.
874 3790 1030 3839 XXVI,
1059 3771 1186 3844 ait);
1234 3774 1279 3828 si
1309 3774 1409 3827 hoc
1456 3781 1622 3828 totum
1662 3783 1748 3829 est
1791 3776 2066 3842 potestatis
2116 3775 2215 3830 hu-

631 3881 820 3920 manae.
851 3866 1046 3920 Pueros
1063 3881 1273 3936 quoque
1301 3867 1566 3936 parvulus,
1589 3867 1688 3922 etsi
1712 3867 1872 3922 nullis
1900 3869 2218 3924 innoventur

627 3958 930 4012 christianie
956 3958 1139 4027 gratim
1167 3958 1541 4022 Sacramentis,
1573 3958 1850 4016 habituros
1876 3960 2036 4015 vitam
2064 3972 2218 4016 aeter-

629 4065 776 4116 nam,
802 4063 1027 4120 ncquam
1054 4051 1468 4119 praesumptione
1496 4051 1827 4107 contendunt
1851 4093 1868 4118 ,
1895 4063 2216 4109 evacuantes

627 4142 766 4214 quod
804 4141 932 4197 dicit
963 4143 1284 4212 Apostolus,
1321 4140 1424 4196 Per
1458 4159 1618 4197 unum
1661 4144 1916 4199 hominem
1955 4157 2214 4217 peccatum

627 4235 826 4288 intravit
856 4235 909 4286 in
951 4235 1214 4301 mundum,
1256 4243 1302 4288 et
1345 4251 1432 4305 per
1477 4245 1738 4306 peccatum
1774 4254 1930 4301 mors,
1962 4250 2008 4294 et
2053 4241 2126 4293 ita
2162 4242 2215 4294 in

629 4342 800 4379 omnes
828 4325 1052 4378 homines
1083 4325 1412 4395 pertransiit,
1441 4327 1493 4379 in
1527 4344 1626 4399 quo
1670 4344 1841 4382 omnes
1887 4340 2215 4398 peccaverunt

633 4416 810 4486 (Rom.
844 4431 897 4483 v,
933 4416 1057 4487 Ii);
1089 4427 1144 4472 et
1169 4419 1274 4471 alio
1305 4418 1444 4484 loco,
1470 4419 1614 4474 Sicut
1641 4421 1694 4474 in
1722 4421 1886 4476 Adam
1910 4440 2080 4478 omnes
2103 4441 2215 4478 mo-

630 4513 848 4576 riuntur,
889 4511 962 4564 sic
999 4520 1047 4564 et
1086 4511 1138 4563 in
1167 4509 1370 4565 Christo
1398 4529 1568 4566 omnes
1595 4513 1976 4581 viviﬁcabuntur
2009 4518 2026 4587 (
2054 4516 2212 4575 lCor.

628 4618 717 4662 xv,
745 4601 816 4657 22
839 4601 877 4672 ).

700 4695 751 4749 5.
773 4693 846 4749 ‘Ut
870 4708 1000 4764 ergo
1023 4693 1127 4748 alia
1147 4694 1455 4749 omittamus
1482 4709 1602 4764 qua:
1622 4707 1806 4750 contra
1835 4708 2048 4755 sanctas
2073 4700 2218 4757 Scri-

628 4794 814 4855 pturas
850 4785 1074 4855 plurima
1115 4784 1418 4852 disserunt;
1457 4787 1570 4842 lucc
1611 4789 1821 4844 interim
1851 4791 1955 4845 duo
1977 4834 1992 4858 ,
2024 4796 2216 4864 quibus

628 4878 847 4933 omnino
875 4887 1041 4934 totum
1071 4879 1211 4950 quod
1239 4879 1514 4934 christiani
1556 4895 1738 4936 sumus
1780 4882 2022 4939 nituntur
2060 4901 2214 4942 ever-

629 4981 763 5037 tere,
790 4986 907 5040 qua:
937 4970 1108 5026 ﬁdelia
1139 4971 1301 5026 corda
1331 4972 1694 5040 sustineant‘,
1734 4991 1839 5031 non
1867 4992 1985 5034 esse
2025 4995 2218 5050 rogan-

628 5065 754 5121 dum
780 5066 941 5120 Deum
970 5074 1025 5120 ut
1049 5076 1232 5121 contra
1261 5068 1462 5136 peccati
1482 5069 1676 5123 malum
1696 5080 1856 5140 atque
1885 5072 1951 5126 ad
1981 5087 2215 5142 operan-

629 5157 752 5212 dam
775 5157 1034 5228 justitiam
1059 5157 1127 5212 sit
1147 5168 1328 5212 noster
1351 5158 1582 5229 adjutor,
1611 5169 1664 5214 et
1692 5176 1798 5214 non
1822 5162 2068 5231 opitulari
2097 5179 2216 5233 par-

630 5249 768 5303 vulis
813 5247 881 5302 ad
926 5249 1354 5317 consequendam
1404 5249 1569 5303 vitam
1612 5260 1865 5306 :cternam
1911 5253 2217 5312 Christianae

627 5345 810 5414 gratiae
839 5341 1241 5399 Sacramentum
1267 5362 1279 5397 :
1316 5343 1428 5399 haec
1459 5345 1786 5401 insinuantes
1803 5349 2094 5416 apostolico
2124 5367 2215 5419 pe-

693 5458 710 5489 ι
735 5462 787 5505 tn
807 5455 983 5506 Concil.
1007 5455 1123 5505 Edd.
1150 5462 1201 5506 et
1225 5457 1270 5504 in
1293 5456 1453 5521 Gallic.
1479 5467 1585 5510 Mss.
1609 5464 1803 5521 septem
1823 5459 1970 5511 deest
1990 5471 2217 5516 crescen-

628 5518 740 5630 tias,
764 5533 856 5570 nec
877 5521 1152 5572 nominatur
1177 5518 1443 5571 t’rwsidius
1463 5522 1554 5570 nisi
1577 5518 1762 5585 semel,
1785 5522 1975 5576 scilicet
1997 5532 2105 5588 post
2127 5537 2216 5578 Pe~

653 5594 778 5632 ram.

827 5643 1002 5696 aoncil.
1049 5642 1164 5693 Edd.
1213 5651 1265 5696 et
1308 5645 1360 5694 in
1379 5651 1484 5696 Mss.
1511 5646 1729 5709 pluribus
1749 5655 2048 5715 constanter,
2080 5659 2213 5704 mlo-

718 5719 746 5753 tl
777 5742 789 5754 .

630 5716 1064 5846 Ἕῇἓετέςητξε
1094 5775 1280 5846 enim
1295 5769 1513 5846 nimiam
1536 5771 1806 5846 perniciosa
1827 5781 2081 5846 tempestas
2102 5791 2212 5830 sur-

630 5831 1068 5920 9N:
1087 5831 1259 5920 gratia:
1282 5831 1459 5884 Plu-isti
1483 5831 1644 5900 σάνρὶι.

746 5890 880 5950 add"
904 5890 1152 5959 sustineat.

1822 391 1876 445 s.
1918 383 2280 445 AUGUSTINI
2321 384 2620 443 muscum
3765 409 3848 470 πα

2317 504 2451 559 ctori
2479 513 2603 571 tuo,
2634 521 2736 562 non
2767 522 2900 578 opus
2941 508 3197 568 habemus
3241 516 3401 571 multa
3432 517 3605 576 dicere
3626 565 3639 586 ,
3664 532 3712 579 et
3747 533 3847 581 tan-

2320 606 2425 652 tam
2457 598 2783 671 impietatem
2813 603 2989 658 verbis
3011 620 3348 676 exaggerare,
3374 624 3492 666 cum
3520 616 3691 682 procul
3717 616 3847 676 dubio

2319 700 2370 747 te
2392 692 2463 746 ita
2492 703 2854 763 permoveant,
2875 704 2932 750 ut
2957 697 3025 752 ab
3051 697 3127 753 eis
3153 699 3496 771 corrigendis,
3522 721 3584 760 ne
3606 705 3744 764 latius
3759 727 3850 768 ser-

2318 793 2464 859 pant,
2500 787 2801 859 multosque
2830 792 3227 860 contaminent,
3263 795 3344 850 vel
3367 798 3539 866 potius
3565 799 3850 876 interimant,

2319 883 2443 937 dum
2472 897 2564 938 eos
2590 884 2688 938 sub
2726 884 2940 939 nomine
2967 882 3192 953 Christi,
3215 901 3244 940 a
3270 888 3442 958 gratia
3467 889 3654 948 Christi
3679 896 3850 964 penitus

2320 975 2575 1043 alienant,
2603 977 2820 1032 omnino
2841 977 3181 1035 dissimulare
3211 996 3314 1036 non
3343 984 3534 1053 possis.

2391 1070 2444 1125 4.
2479 1069 2644 1141 IIujus
2668 1079 2844 1126 autem
2862 1072 3296 1141 perniciosissimi
3314 1077 3510 1130 erroris
3527 1087 3746 1136 auctores
3763 1097 3856 1140 esse

2324 1161 2668 1231 perhibentur
2707 1163 2952 1233 Pelagius
2989 1172 3043 1220 et
3083 1164 3339 1221 Celestius
3364 1209 3380 1232 ,
3421 1181 3553 1238 quos
3593 1171 3779 1240 quidem
3813 1175 3852 1230 in

2325 1252 2564 1308 Ecclesia
2591 1255 2765 1308 sanari
2795 1255 3058 1310 malumus
3079 1299 3092 1321 ,
3125 1272 3281 1326 quam
3311 1258 3589 1329 desperata
3629 1264 3774 1318 salute
3802 1264 3855 1320 ab

2324 1345 2562 1401 Ecclesia
2586 1349 2834 1412 resecari,
2867 1349 2913 1403 si
2940 1351 3232 1406 necessitas
3257 1353 3400 1408 nulla
3426 1355 3711 1425 compellat.
3737 1357 3854 1427 Quo-

2323 1456 2439 1494 rum
2468 1456 2624 1504 unus,
2651 1440 2702 1496 id
2725 1450 2804 1496 est
2829 1441 3089 1499 Celestius
3109 1485 3123 1510 ,
3153 1445 3312 1500 etiam
3341 1446 3408 1500 ad
3441 1448 3790 1520 presbyterium
3813 1452 3852 1508 in

2325 1533 2448 1588 Asia
2482 1533 2677 1589 dicitur
2721 1536 3063 1605 pervenisse:
3101 1536 3167 1591 de
3211 1553 3316 1608 quo
3350 1548 3475 1594 ante
3507 1554 3688 1610 paucos
3723 1555 3856 1598 annos

2324 1625 2448 1697 quid
2469 1637 2675 1697 gestum
2699 1627 2874 1694 fuerit,
2904 1627 3164 1684 Sanctitas
3186 1638 3270 1684 tua
3294 1630 3360 1685 de
3382 1630 3758 1701 Carthaginensi
3775 1633 3852 1689 Ec-

2325 1720 2487 1775 clesia
2518 1721 2705 1775 melius
2747 1721 3041 1776 instruitur.
3073 1721 3315 1792 Pelagius
3353 1738 3500 1790 vero,
3541 1725 3668 1780 sicut
3701 1741 3727 1779 a
3763 1727 3855 1796 qui-

2325 1813 2546 1868 busdam
2591 1813 2839 1869 fratribus
2878 1815 3073 1871 nostris
3108 1817 3284 1870 missa:
3320 1817 3604 1889 loquuntur
3639 1821 3852 1889 epistolae,

2324 1907 2670 1979 Jerosolymis
2707 1907 3025 1962 constitutus
3063 1909 3348 1964 nonnullos
3381 1909 3565 1966 fallere
3610 1913 3853 1968 asseritur:

2325 2010 2687 2055 verumtamen
2719 1999 2882 2054 multo
2913 2000 3110 2071 plures,
3134 2003 3224 2072 qui
3249 2002 3368 2073 ejus
3397 2017 3583 2058 sensus
3605 2004 3857 2075 diligentius

2327 2091 2576 2163 indagare
2611 2102 2894 2163 potuerunt
2914 2135 2929 2160 ,
2961 2093 3214 2149 adversus
3244 2111 3366 2151 eum
3393 2111 3493 2167 pro
3521 2097 3676 2166 gratia
3700 2095 3855 2152 Christi

2325 2195 2378 2240 et
2410 2185 2685 2242 catholica:
2727 2185 2846 2241 ﬁdei
2890 2187 3114 2242 veritate
3155 2181 3482 2259 confligunt;
3513 2189 3603 2244 sed
3641 2192 3855 2260 pnecipue

2324 2287 2539 2335 sanctus
2568 2279 2705 2333 ﬁlius
2729 2287 2866 2347 tuus,
2897 2277 3059 2334 frater
3080 2288 3132 2334 et
3154 2280 3556 2352 compresbyter
3584 2293 3745 2338 noster
3761 2283 3857 2339 Ilie-

2324 2387 2598 2443 ronymus.

2395 2466 2447 2520 5.
2474 2463 2578 2520 Sed
2610 2464 2949 2530 arbitramur,
2979 2464 3262 2535 adjuvante
3305 2465 3659 2522 misericordia
3689 2466 3850 2524 Domini

2327 2557 2419 2612 Dei
2446 2559 2609 2612 nostri
2636 2557 2724 2627 qui
2751 2566 2801 2612 te
2833 2567 2885 2612 et
2921 2573 3104 2628 regere
3141 2560 3542 2624 consulentem,
3580 2569 3629 2614 et
3655 2569 3846 2615 orantem

2324 2651 2576 2705 exaudire
2600 2650 2864 2721 dignetur,
2896 2650 3194 2704 auctoritati
3221 2648 3535 2706 Sanctitatis
3553 2661 3665 2716 tuac,
3683 2649 3738 2705 de
3757 2666 3854 2706 san-

2323 2752 2525 2796 ctarum
2554 2741 2948 2812 Scripturarum
2979 2743 3303 2797 auctoritate
3331 2741 3668 2813 deprompta,
3696 2740 3856 2796 facilius

2323 2851 2415 2890 eos
2440 2837 2526 2906 qui
2563 2845 2664 2889 tam
2695 2851 2943 2906 perversa
2975 2844 3030 2888 et
3056 2834 3356 2905 perniciosa
3378 2835 3626 2901 sentiunt,
3652 2848 3753 2889 esse
3767 2847 3853 2888 ces-

2322 2945 2496 2995 suros,
2532 2939 2587 2984 ut
2607 2929 2673 2984 de
2701 2929 3033 2984 correctione
3055 2930 3229 2999 potius
3245 2945 3435 2986 eorum
3458 2929 3850 3000 congratulemur,

2323 3037 2479 3091 quam
2509 3021 2887 3076 contristentur
2914 3021 3146 3075 interitu.
3177 3021 3468 3089 Quodlibet
3491 3031 3653 3077 autem
3678 3021 3761 3092 ipsi
3778 3021 3852 3074 cli-

2322 3123 2468 3184 gant,
2497 3121 2642 3169 certe
2671 3115 2749 3167 vel
2777 3115 2912 3180 aliis,
2945 3130 3078 3184 quos
3110 3115 3376 3184 plurimos
3407 3124 3638 3184 possunt,
3665 3114 3700 3168 si
3721 3112 3775 3166 ab
3791 3113 3854 3165 eis

2323 3204 2722 3270 dissimuletur,
2757 3207 2864 3260 suis
2902 3206 3101 3276 laqueis
3145 3206 3451 3275 implicare,
3484 3207 3644 3260 cernit
3667 3204 3854 3259 Venera-

2325 3296 2500 3366 bilitas
2543 3307 2628 3351 tua
2662 3301 2921 3353 instanter
2961 3306 3013 3352 et
3058 3298 3308 3352 celeriter
3351 3297 3728 3367 providendum.
3758 3296 3852 3349 Ihuc

2323 3389 2388 3442 ad
2417 3389 2764 3444 Sanctitatem
2791 3397 2929 3442 tuam
2952 3388 3018 3442 de
3057 3389 3285 3443 cencilio
3312 3388 3573 3445 Numidia:
3598 3388 3758 3456 scripta
3782 3385 3849 3438 di-

2324 3482 2578 3546 reximus,
2613 3482 2879 3534 imitantes
2908 3481 3346 3549 C.-u'thaginensis
3378 3482 3625 3536 Ecclesia:
3649 3480 3661 3511 ¹
3683 3477 3845 3533 ctCar-

2324 3575 2652 3644 thaginensis
2692 3575 2974 3642 provincim
3017 3577 3374 3644 coepiscopos
3403 3587 3606 3630 nostros
3627 3615 3639 3638 ,
3669 3587 3775 3643 quos
3794 3570 3843 3622 ad

2323 3665 2513 3720 Sedem
2554 3665 2932 3736 apostolicam,
2961 3681 3118 3733 quam
3161 3667 3352 3721 beatus
3403 3667 3657 3729 illustras,
3683 3665 3738 3720 de
3772 3661 3847 3716 hac

2323 3773 2480 3811 causa
2503 3758 2782 3828 scripsisse
2808 3759 3166 3827 comperimus
3183 3759 3225 3810 ’.
3250 3757 3320 3811 Et
3339 3759 3445 3812 alia
3474 3773 3616 3812 mamt
3649 3773 3666 3810 :
3691 3755 3846 3809 Memor

2324 3848 2510 3913 nostri,
2545 3849 2598 3903 in
2630 3849 2719 3904 Dei
2749 3851 2912 3919 gratia
2944 3851 3204 3920 augeat-is,
3236 3850 3454 3906 domine
3475 3850 3746 3907 beatissime
3765 3859 3846 3898 mes

2323 3942 2528 4011 rituque
2558 3940 2876 3996 venerabilis
2898 3984 2912 4009 ,
2943 3950 2995 3995 ct
3036 3942 3086 3995 in
3125 3940 3342 3996 Christo
3383 3940 3676 3998 honorande
3707 3941 3846 3992 sancte

2325 4036 2500 4090 Pater.

2703 4153 3035 4208 EPISTULA
3071 4151 3358 4208 CLXXVII
3389 4158 3405 4176 ⁶
3441 4151 3512 4225 (a)

2321 4291 2560 4348 Aurelius
2605 4293 2788 4363 aliique
2829 4302 2928 4346 tres
2971 4307 3072 4345 una
3112 4306 3230 4345 cum
3256 4292 3536 4363 Augustino
3563 4285 3772 4360 episcopi.
3799 4278 3849 4332 ad

2392 4385 2748 4441 Innocentium
2776 4385 2840 4438 de
2866 4384 3078 4457 Pelagio
3097 4425 3113 4451 ,
3143 4395 3418 4456 retegentes
3457 4385 3610 4456 ipsius
3643 4378 3842 4438 Iitvresim,

2392 4499 2600 4555 eamque
2626 4483 2688 4536 ab
2717 4483 2993 4553 apostolica
3021 4481 3155 4538 Sede
3179 4483 3424 4553 proscribi
3455 4479 3751 4554 postulantes.

2321 4623 2547 4678 Domino
2577 4621 2906 4687 beatissimo,
2931 4621 3231 4692 meritoque
3260 4618 3701 4676 bonorandissimo
3729 4606 3837 4666 ΐτιῖῐτῖ

2392 4716 2710 4772 ΙΝΝορειιτιο
2740 4715 2918 4783 Papae,
2949 4717 3237 4796 sanemus,
3268 4715 3516 4777 Annuus,
3547 4711 3837 4765 AccusrmS.

2393 4811 2646 4878 Eventus,
2677 4816 2732 4864 et
2755 4795 3045 4874 Possmtus,
3076 4807 3130 4863 in
3161 4808 3386 4862 Domino
3412 4805 3643 4863 salutem.

2391 4929 2444 4982 1.
2488 4926 2563 4981 De
2611 4922 2851 4980 conciliis
2901 4924 3107 4979 duobus
3148 4921 3434 4994 provincias
3472 4906 3836 5006 Carthaginiensis

2321 5027 2478 5090 atque
2503 5017 2762 5074 Numidia:
2784 5016 2852 5074 ad
2880 5027 3023 5073 tuam
3052 5015 3392 5072 Sanctitatem
3422 5028 3450 5066 a
3480 5026 3580 5066 non
3601 5017 3738 5078 parto
3755 5014 3836 5066 cl?"

2350 5170 2402 5282 ‘8‘
2393 5172 2500 5284 “sic
2521 5172 2603 5284 hic
2591 5177 2700 5222 Mss.
2727 5178 2782 5223 At
2803 5173 2854 5222 in
2877 5170 3085 5236 vulgatis
3105 5169 3358 5228 omittitur,
3392 5151 3742 5227 Carthaginem
3769 5157 3832 5198 [ι’-

2481 5269 2496 5284 .
2523 5247 2552 5284 e
2607 5271 2619 5283 .
3675 5282 3685 5284 _

3013 5309 3042 5346 α

2320 5359 2513 5424 riunt“!
2535 5349 2584 5408 i'n
2606 5359 2831 5409 omnibus
2853 5360 2961 5424 [idd-
2989 5373 3018 5409 e
3040 5358 3218 5424 ειυὲιηιε
3241 5353 3345 5424 Baiis
3375 5363 3470 5424 ΑΨ·
3495 5351 3563 5424 '2’:
3589 5349 3808 5424 εέ,,¹ί’ἳῖ.ξ¹ἓ

2319 5397 3381 5495 ,Ι
3493 5406 3679 5466 Domini,
3716 5397 3776 5450 νει
3794 5397 3830 5445 ix

2321 5491 2415 5536 Dei
2431 5491 2608 5551 gratia.

2385 5569 2404 5587 '
2429 5568 2494 5617 Ad
2531 5568 2658 5618 hanc
2678 5565 3027 5617 emendandam
3049 5565 3125 5614 usi
3157 5576 3321 5612 sumus
3342 5561 3390 5608 lt”.
3406 5560 3484 5623 th.
3507 5551 3824 5623 duolttSj-i":

2320 5604 2662 5681 metrica;
2679 5604 3566 5687 ἶῖἷόῑὲδῗΐεὲἶῖὁη⁹ἷιῖῷᾁᾷίιῖβώηξ
3596 5604 3827 5687 curiatim!

2321 5673 2729 5762 ﬂgiti—{iligneae
2754 5673 2946 5762 uigiliis
2960 5673 3196 5756 {Epistula
3219 5681 3464 5753 ﬁnuitiaris
3485 5679 3670 5747 quinque
3687 5673 3839 5762 εριςιτοπ.

2321 5753 2492 5820 parum
2514 5753 2578 5805 ad
2607 5753 2930 5806 Innocentium
2965 5753 3159 5819 papam.
3613 5821 3642 5822 η
3751 5809 3762 5822 ⁸

2384 5839 2615 5905 (ἀλωῆς
2644 5839 2707 5888 95
2731 5852 2742 5886 :
2769 5852 2880 5901 qure
2923 5815 3089 5888 autem
3133 5837 3224 5887 177
3268 5838 3384 5892 erat,
3425 5837 3545 5879 nunc
3570 5815 3821 5874 ξιιεωρυ

2319 5903 2446 5956 circa
2467 5903 2598 5955 idem
2620 5909 2830 5965 tempus.

3961 5437 3963 5548 ψ
