  <div class='ocr_page' id='page_1' title='image "/cluster/home/n/w/nwhite01/storage/ocr_20150623/33/uva.x000669810/398.png"; bbox 0 0 4004 6434; ppageno 0'>
   <div class='ocr_carea' id='block_1_1' title="bbox 152 430 2183 544">
    <p class='ocr_par' dir='ltr' id='par_1_1' title="bbox 152 430 2183 544">
     <span class='ocr_line' id='line_1_1' title="bbox 152 430 2183 544; baseline 0.012 -31"><span class='ocrx_word' id='word_1_1' title='bbox 152 487 228 544; x_wconf 54' lang='grc' dir='ltr'><strong>εδδ</strong></span> <span class='ocrx_word' id='word_1_2' title='bbox 1267 430 1738 532; x_wconf 64' lang='lat' dir='ltr'><strong>urtsromnuu</strong></span> <span class='ocrx_word' id='word_1_3' title='bbox 1780 474 2055 535; x_wconf 69' lang='lat' dir='ltr'><strong>cmssrs</strong></span> <span class='ocrx_word' id='word_1_4' title='bbox 2097 479 2183 538; x_wconf 90' lang='lat' dir='ltr'><strong>Ill.</strong></span> 
     </span>
    </p>
   </div>
   <div class='ocr_carea' id='block_1_2' title="bbox 150 589 1679 669">
    <p class='ocr_par' dir='ltr' id='par_1_2' title="bbox 150 589 1679 669">
     <span class='ocr_line' id='line_1_2' title="bbox 150 589 1679 669; baseline -0.007 -14"><span class='ocrx_word' id='word_1_5' title='bbox 150 610 381 669; x_wconf 66' lang='lat' dir='ltr'><strong>naporum</strong></span> <span class='ocrx_word' id='word_1_6' title='bbox 409 602 630 649; x_wconf 87' lang='lat' dir='ltr'><strong>numero</strong></span> <span class='ocrx_word' id='word_1_7' title='bbox 655 591 976 662; x_wconf 81' lang='lat' dir='ltr'><strong>subscriptas</strong></span> <span class='ocrx_word' id='word_1_8' title='bbox 999 589 1200 645; x_wconf 76' lang='lat' dir='ltr'><strong>litteras</strong></span> <span class='ocrx_word' id='word_1_9' title='bbox 1228 590 1471 645; x_wconf 69' lang='lat' dir='ltr'><strong>misimus</strong></span> <span class='ocrx_word' id='word_1_10' title='bbox 1496 598 1679 645; x_wconf 86' lang='lat' dir='ltr'><strong>contra</strong></span> 
     </span>
    </p>
   </div>
   <div class='ocr_carea' id='block_1_3' title="bbox 150 680 1676 758">
    <p class='ocr_par' dir='ltr' id='par_1_3' title="bbox 150 680 1676 758">
     <span class='ocr_line' id='line_1_3' title="bbox 150 680 1676 758; baseline -0.009 -11"><span class='ocrx_word' id='word_1_11' title='bbox 150 689 345 749; x_wconf 87' lang='lat' dir='ltr'><strong>inimicos</strong></span> <span class='ocrx_word' id='word_1_12' title='bbox 366 683 546 758; x_wconf 66' lang='lat' dir='ltr'><strong>gratim</strong></span> <span class='ocrx_word' id='word_1_13' title='bbox 573 680 795 750; x_wconf 79' lang='lat' dir='ltr'><strong>Christi,</strong></span> <span class='ocrx_word' id='word_1_14' title='bbox 828 682 918 755; x_wconf 67' lang='lat' dir='ltr'><strong>Qui</strong></span> <span class='ocrx_word' id='word_1_15' title='bbox 944 682 1217 738; x_wconf 89' lang='lat' dir='ltr'><strong>contidunt</strong></span> <span class='ocrx_word' id='word_1_16' title='bbox 1246 683 1298 737; x_wconf 90' lang='lat' dir='ltr'><strong>in</strong></span> <span class='ocrx_word' id='word_1_17' title='bbox 1338 682 1530 736; x_wconf 83' lang='lat' dir='ltr'><strong>virtute</strong></span> <span class='ocrx_word' id='word_1_18' title='bbox 1562 694 1676 746; x_wconf 84' lang='lat' dir='ltr'><strong>sua,</strong></span> 
     </span>
    </p>
   </div>
   <div class='ocr_carea' id='block_1_4' title="bbox 151 770 1683 848">
    <p class='ocr_par' dir='ltr' id='par_1_4' title="bbox 151 770 1683 848">
     <span class='ocr_line' id='line_1_4' title="bbox 151 770 1683 848; baseline -0.008 -7"><span class='ocrx_word' id='word_1_19' title='bbox 151 790 189 840; x_wconf 88' lang='lat' dir='ltr'><strong>et</strong></span> <span class='ocrx_word' id='word_1_20' title='bbox 207 778 412 840; x_wconf 82' lang='lat' dir='ltr'><strong>Creatori</strong></span> <span class='ocrx_word' id='word_1_21' title='bbox 439 782 625 832; x_wconf 89' lang='lat' dir='ltr'><strong>nostro</strong></span> <span class='ocrx_word' id='word_1_22' title='bbox 648 772 1037 848; x_wconf 89' lang='lat' dir='ltr'><strong>quodammodo</strong></span> <span class='ocrx_word' id='word_1_23' title='bbox 1066 775 1287 830; x_wconf 89' lang='lat' dir='ltr'><strong>dicunt:</strong></span> <span class='ocrx_word' id='word_1_24' title='bbox 1319 772 1398 829; x_wconf 91' lang='lat' dir='ltr'><strong>Tu</strong></span> <span class='ocrx_word' id='word_1_25' title='bbox 1430 786 1527 828; x_wconf 86' lang='lat' dir='ltr'><strong>nos</strong></span> <span class='ocrx_word' id='word_1_26' title='bbox 1558 770 1683 829; x_wconf 82' lang='lat' dir='ltr'><strong>feci-</strong></span> 
     </span>
    </p>
   </div>
   <div class='ocr_carea' id='block_1_5' title="bbox 150 864 1685 940">
    <p class='ocr_par' dir='ltr' id='par_1_5' title="bbox 150 864 1685 940">
     <span class='ocr_line' id='line_1_5' title="bbox 150 864 1685 940; baseline -0.006 -10"><span class='ocrx_word' id='word_1_27' title='bbox 150 875 197 930; x_wconf 80' lang='lat' dir='ltr'><strong>sti</strong></span> <span class='ocrx_word' id='word_1_28' title='bbox 218 870 462 936; x_wconf 85' lang='lat' dir='ltr'><strong>homines;</strong></span> <span class='ocrx_word' id='word_1_29' title='bbox 491 868 665 940; x_wconf 72' lang='lat' dir='ltr'><strong>justus</strong></span> <span class='ocrx_word' id='word_1_30' title='bbox 686 878 861 923; x_wconf 88' lang='lat' dir='ltr'><strong>autem</strong></span> <span class='ocrx_word' id='word_1_31' title='bbox 890 867 987 939; x_wconf 88' lang='lat' dir='ltr'><strong>ipsi</strong></span> <span class='ocrx_word' id='word_1_32' title='bbox 1014 884 1113 923; x_wconf 89' lang='lat' dir='ltr'><strong>nos</strong></span> <span class='ocrx_word' id='word_1_33' title='bbox 1138 867 1377 923; x_wconf 83' lang='lat' dir='ltr'><strong>fecimus.</strong></span> <span class='ocrx_word' id='word_1_34' title='bbox 1401 864 1503 934; x_wconf 83' lang='lat' dir='ltr'><strong>Qui</strong></span> <span class='ocrx_word' id='word_1_35' title='bbox 1531 875 1685 921; x_wconf 86' lang='lat' dir='ltr'><strong>natu-</strong></span> 
     </span>
    </p>
   </div>
   <div class='ocr_carea' id='block_1_6' title="bbox 150 958 1682 1030">
    <p class='ocr_par' dir='ltr' id='par_1_6' title="bbox 150 958 1682 1030">
     <span class='ocr_line' id='line_1_6' title="bbox 150 958 1682 1030; baseline -0.005 -10"><span class='ocrx_word' id='word_1_36' title='bbox 150 983 233 1025; x_wconf 82' lang='lat' dir='ltr'><strong>ram</strong></span> <span class='ocrx_word' id='word_1_37' title='bbox 255 964 516 1018; x_wconf 88' lang='lat' dir='ltr'><strong>humanam</strong></span> <span class='ocrx_word' id='word_1_38' title='bbox 549 958 669 1016; x_wconf 87' lang='lat' dir='ltr'><strong>ideo</strong></span> <span class='ocrx_word' id='word_1_39' title='bbox 692 958 872 1016; x_wconf 90' lang='lat' dir='ltr'><strong>dicunt</strong></span> <span class='ocrx_word' id='word_1_40' title='bbox 894 960 1137 1023; x_wconf 88' lang='lat' dir='ltr'><strong>liberam,</strong></span> <span class='ocrx_word' id='word_1_41' title='bbox 1165 975 1232 1015; x_wconf 87' lang='lat' dir='ltr'><strong>ne</strong></span> <span class='ocrx_word' id='word_1_42' title='bbox 1260 966 1501 1030; x_wconf 64' lang='lat' dir='ltr'><strong>quierant</strong></span> <span class='ocrx_word' id='word_1_43' title='bbox 1528 959 1682 1014; x_wconf 80' lang='lat' dir='ltr'><strong>Libe-</strong></span> 
     </span>
    </p>
   </div>
   <div class='ocr_carea' id='block_1_7' title="bbox 152 1050 1678 1121">
    <p class='ocr_par' dir='ltr' id='par_1_7' title="bbox 152 1050 1678 1121">
     <span class='ocr_line' id='line_1_7' title="bbox 152 1050 1678 1121; baseline -0.005 -8"><span class='ocrx_word' id='word_1_44' title='bbox 152 1067 361 1118; x_wconf 78' lang='lat' dir='ltr'><strong>ratorem;</strong></span> <span class='ocrx_word' id='word_1_45' title='bbox 389 1052 506 1106; x_wconf 90' lang='lat' dir='ltr'><strong>ideo</strong></span> <span class='ocrx_word' id='word_1_46' title='bbox 529 1051 752 1119; x_wconf 86' lang='lat' dir='ltr'><strong>salvam,</strong></span> <span class='ocrx_word' id='word_1_47' title='bbox 787 1059 843 1105; x_wconf 91' lang='lat' dir='ltr'><strong>ut</strong></span> <span class='ocrx_word' id='word_1_48' title='bbox 873 1050 1197 1121; x_wconf 83' lang='lat' dir='ltr'><strong>superﬂuum</strong></span> <span class='ocrx_word' id='word_1_49' title='bbox 1230 1050 1467 1121; x_wconf 78' lang='lat' dir='ltr'><strong>judicent</strong></span> <span class='ocrx_word' id='word_1_50' title='bbox 1494 1050 1678 1106; x_wconf 83' lang='lat' dir='ltr'><strong>Salva-</strong></span> 
     </span>
    </p>
   </div>
   <div class='ocr_carea' id='block_1_8' title="bbox 150 1141 1678 1208">
    <p class='ocr_par' dir='ltr' id='par_1_8' title="bbox 150 1141 1678 1208">
     <span class='ocr_line' id='line_1_8' title="bbox 150 1141 1678 1208; baseline -0.005 -4"><span class='ocrx_word' id='word_1_51' title='bbox 150 1160 292 1204; x_wconf 86' lang='lat' dir='ltr'><strong>torem.</strong></span> <span class='ocrx_word' id='word_1_52' title='bbox 320 1142 539 1199; x_wconf 86' lang='lat' dir='ltr'><strong>Tantum</strong></span> <span class='ocrx_word' id='word_1_53' title='bbox 563 1142 703 1198; x_wconf 89' lang='lat' dir='ltr'><strong>enim</strong></span> <span class='ocrx_word' id='word_1_54' title='bbox 732 1143 913 1197; x_wconf 89' lang='lat' dir='ltr'><strong>dicunt</strong></span> <span class='ocrx_word' id='word_1_55' title='bbox 942 1145 1229 1208; x_wconf 79' lang='lat' dir='ltr'><strong>valentem,</strong></span> <span class='ocrx_word' id='word_1_56' title='bbox 1264 1150 1319 1197; x_wconf 90' lang='lat' dir='ltr'><strong>ut</strong></span> <span class='ocrx_word' id='word_1_57' title='bbox 1340 1143 1450 1197; x_wconf 88' lang='lat' dir='ltr'><strong>suis</strong></span> <span class='ocrx_word' id='word_1_58' title='bbox 1476 1141 1678 1197; x_wconf 85' lang='lat' dir='ltr'><strong>viribus</strong></span> 
     </span>
    </p>
   </div>
   <div class='ocr_carea' id='block_1_9' title="bbox 148 1236 1680 1307">
    <p class='ocr_par' dir='ltr' id='par_1_9' title="bbox 148 1236 1680 1307">
     <span class='ocr_line' id='line_1_9' title="bbox 148 1236 1680 1307; baseline -0.003 -12"><span class='ocrx_word' id='word_1_59' title='bbox 148 1240 270 1296; x_wconf 80' lang='lat' dir='ltr'><strong>semel</strong></span> <span class='ocrx_word' id='word_1_60' title='bbox 300 1238 345 1291; x_wconf 90' lang='lat' dir='ltr'><strong>in</strong></span> <span class='ocrx_word' id='word_1_61' title='bbox 382 1237 583 1307; x_wconf 75' lang='lat' dir='ltr'><strong>origine</strong></span> <span class='ocrx_word' id='word_1_62' title='bbox 611 1250 721 1291; x_wconf 81' lang='lat' dir='ltr'><strong>suae</strong></span> <span class='ocrx_word' id='word_1_63' title='bbox 747 1236 1031 1291; x_wconf 86' lang='lat' dir='ltr'><strong>crcationis</strong></span> <span class='ocrx_word' id='word_1_64' title='bbox 1062 1236 1293 1307; x_wconf 89' lang='lat' dir='ltr'><strong>acceptis</strong></span> <span class='ocrx_word' id='word_1_65' title='bbox 1313 1278 1328 1304; x_wconf 92' lang='lat'><strong>,</strong></span> <span class='ocrx_word' id='word_1_66' title='bbox 1372 1236 1536 1306; x_wconf 86' lang='lat' dir='ltr'><strong>possit</strong></span> <span class='ocrx_word' id='word_1_67' title='bbox 1584 1250 1680 1307; x_wconf 84' lang='lat' dir='ltr'><strong>per</strong></span> 
     </span>
    </p>
   </div>
   <div class='ocr_carea' id='block_1_10' title="bbox 148 1326 1677 1400">
    <p class='ocr_par' dir='ltr' id='par_1_10' title="bbox 148 1326 1677 1400">
     <span class='ocr_line' id='line_1_10' title="bbox 148 1326 1677 1400; baseline -0.003 -12"><span class='ocrx_word' id='word_1_68' title='bbox 148 1333 316 1389; x_wconf 83' lang='lat' dir='ltr'><strong>liberum</strong></span> <span class='ocrx_word' id='word_1_69' title='bbox 342 1328 638 1394; x_wconf 82' lang='lat' dir='ltr'><strong>arbitrium,</strong></span> <span class='ocrx_word' id='word_1_70' title='bbox 670 1326 800 1382; x_wconf 89' lang='lat' dir='ltr'><strong>nihil</strong></span> <span class='ocrx_word' id='word_1_71' title='bbox 834 1329 1054 1384; x_wconf 90' lang='lat' dir='ltr'><strong>ulterius</strong></span> <span class='ocrx_word' id='word_1_72' title='bbox 1079 1328 1364 1400; x_wconf 86' lang='lat' dir='ltr'><strong>adjuvante</strong></span> <span class='ocrx_word' id='word_1_73' title='bbox 1390 1329 1533 1383; x_wconf 91' lang='lat' dir='ltr'><strong>illius</strong></span> <span class='ocrx_word' id='word_1_74' title='bbox 1559 1345 1677 1400; x_wconf 78' lang='lat' dir='ltr'><strong>gra-</strong></span> 
     </span>
    </p>
   </div>
   <div class='ocr_carea' id='block_1_11' title="bbox 150 1420 1676 1493">
    <p class='ocr_par' dir='ltr' id='par_1_11' title="bbox 150 1420 1676 1493">
     <span class='ocr_line' id='line_1_11' title="bbox 150 1420 1676 1493; baseline -0.001 -14"><span class='ocrx_word' id='word_1_75' title='bbox 150 1426 198 1479; x_wconf 79' lang='lat' dir='ltr'><strong>tia</strong></span> <span class='ocrx_word' id='word_1_76' title='bbox 215 1422 284 1493; x_wconf 88' lang='lat' dir='ltr'><strong>qui</strong></span> <span class='ocrx_word' id='word_1_77' title='bbox 309 1420 516 1488; x_wconf 83' lang='lat' dir='ltr'><strong>creavit,</strong></span> <span class='ocrx_word' id='word_1_78' title='bbox 549 1420 771 1476; x_wconf 90' lang='lat' dir='ltr'><strong>domare</strong></span> <span class='ocrx_word' id='word_1_79' title='bbox 802 1429 854 1476; x_wconf 90' lang='lat' dir='ltr'><strong>et</strong></span> <span class='ocrx_word' id='word_1_80' title='bbox 883 1423 1220 1493; x_wconf 84' lang='lat' dir='ltr'><strong>exstinguere</strong></span> <span class='ocrx_word' id='word_1_81' title='bbox 1246 1437 1433 1479; x_wconf 91' lang='lat' dir='ltr'><strong>omnes</strong></span> <span class='ocrx_word' id='word_1_82' title='bbox 1468 1422 1676 1493; x_wconf 87' lang='lat' dir='ltr'><strong>cupidi-</strong></span> 
     </span>
    </p>
   </div>
   <div class='ocr_carea' id='block_1_12' title="bbox 148 1513 1674 1585">
    <p class='ocr_par' dir='ltr' id='par_1_12' title="bbox 148 1513 1674 1585">
     <span class='ocr_line' id='line_1_12' title="bbox 148 1513 1674 1585; baseline -0.001 -15"><span class='ocrx_word' id='word_1_83' title='bbox 148 1525 269 1581; x_wconf 78' lang='lat' dir='ltr'><strong>tates,</strong></span> <span class='ocrx_word' id='word_1_84' title='bbox 309 1513 725 1583; x_wconf 88' lang='lat' dir='ltr'><strong>tentationesque</strong></span> <span class='ocrx_word' id='word_1_85' title='bbox 765 1524 1054 1585; x_wconf 83' lang='lat' dir='ltr'><strong>superare;</strong></span> <span class='ocrx_word' id='word_1_86' title='bbox 1098 1514 1353 1585; x_wconf 82' lang='lat' dir='ltr'><strong>multique</strong></span> <span class='ocrx_word' id='word_1_87' title='bbox 1378 1531 1559 1571; x_wconf 87' lang='lat' dir='ltr'><strong>eorum</strong></span> <span class='ocrx_word' id='word_1_88' title='bbox 1592 1516 1674 1569; x_wconf 90' lang='lat' dir='ltr'><strong>in-</strong></span> 
     </span>
    </p>
   </div>
   <div class='ocr_carea' id='block_1_13' title="bbox 148 1606 1675 1679">
    <p class='ocr_par' dir='ltr' id='par_1_13' title="bbox 148 1606 1675 1679">
     <span class='ocr_line' id='line_1_13' title="bbox 148 1606 1675 1679; baseline 0.001 -17"><span class='ocrx_word' id='word_1_89' title='bbox 148 1616 313 1679; x_wconf 78' lang='lat' dir='ltr'><strong>surgunt</strong></span> <span class='ocrx_word' id='word_1_90' title='bbox 336 1606 609 1662; x_wconf 84' lang='lat' dir='ltr'><strong>adversum</strong></span> <span class='ocrx_word' id='word_1_91' title='bbox 640 1621 757 1674; x_wconf 91' lang='lat' dir='ltr'><strong>nos,</strong></span> <span class='ocrx_word' id='word_1_92' title='bbox 794 1617 847 1663; x_wconf 86' lang='lat' dir='ltr'><strong>et</strong></span> <span class='ocrx_word' id='word_1_93' title='bbox 871 1607 1053 1662; x_wconf 86' lang='lat' dir='ltr'><strong>dicunt</strong></span> <span class='ocrx_word' id='word_1_94' title='bbox 1082 1609 1273 1663; x_wconf 72' lang='lat' dir='ltr'><strong>anima:</strong></span> <span class='ocrx_word' id='word_1_95' title='bbox 1304 1619 1520 1673; x_wconf 86' lang='lat' dir='ltr'><strong>nostrae,</strong></span> <span class='ocrx_word' id='word_1_96' title='bbox 1554 1608 1675 1664; x_wconf 89' lang='lat' dir='ltr'><strong>Non</strong></span> 
     </span>
    </p>
   </div>
   <div class='ocr_carea' id='block_1_14' title="bbox 146 1696 1675 1774">
    <p class='ocr_par' dir='ltr' id='par_1_14' title="bbox 146 1696 1675 1774">
     <span class='ocr_line' id='line_1_14' title="bbox 146 1696 1675 1774; baseline 0.003 -21"><span class='ocrx_word' id='word_1_97' title='bbox 146 1708 197 1753; x_wconf 75' lang='lat' dir='ltr'><strong>at</strong></span> <span class='ocrx_word' id='word_1_98' title='bbox 222 1696 334 1753; x_wconf 78' lang='lat' dir='ltr'><strong>satus</strong></span> <span class='ocrx_word' id='word_1_99' title='bbox 371 1698 446 1752; x_wconf 82' lang='lat' dir='ltr'><strong>illi</strong></span> <span class='ocrx_word' id='word_1_100' title='bbox 482 1699 536 1753; x_wconf 80' lang='lat' dir='ltr'><strong>in</strong></span> <span class='ocrx_word' id='word_1_101' title='bbox 577 1696 687 1753; x_wconf 83' lang='lat' dir='ltr'><strong>Deo</strong></span> <span class='ocrx_word' id='word_1_102' title='bbox 723 1699 835 1772; x_wconf 82' lang='lat' dir='ltr'><strong>ejus</strong></span> <span class='ocrx_word' id='word_1_103' title='bbox 879 1700 1048 1772; x_wconf 82' lang='lat' dir='ltr'><strong>(Psal.</strong></span> <span class='ocrx_word' id='word_1_104' title='bbox 1084 1716 1160 1767; x_wconf 86' lang='grc' dir='ltr'><strong>ιιι,</strong></span> <span class='ocrx_word' id='word_1_105' title='bbox 1195 1700 1273 1774; x_wconf 78' lang='grc'><strong>5).</strong></span> <span class='ocrx_word' id='word_1_106' title='bbox 1303 1700 1521 1757; x_wconf 80' lang='lat' dir='ltr'><strong>Familia</strong></span> <span class='ocrx_word' id='word_1_107' title='bbox 1550 1716 1675 1774; x_wconf 81' lang='lat' dir='ltr'><strong>ergo</strong></span> 
     </span>
    </p>
   </div>
   <div class='ocr_carea' id='block_1_15' title="bbox 145 1788 1674 1864">
    <p class='ocr_par' dir='ltr' id='par_1_15' title="bbox 145 1788 1674 1864">
     <span class='ocr_line' id='line_1_15' title="bbox 145 1788 1674 1864; baseline 0.003 -21"><span class='ocrx_word' id='word_1_108' title='bbox 145 1788 294 1845; x_wconf 74' lang='lat' dir='ltr'><strong>Christi</strong></span> <span class='ocrx_word' id='word_1_109' title='bbox 327 1805 434 1859; x_wconf 72' lang='lat' dir='ltr'><strong>qua!</strong></span> <span class='ocrx_word' id='word_1_110' title='bbox 474 1789 643 1857; x_wconf 86' lang='lat' dir='ltr'><strong>dicit,</strong></span> <span class='ocrx_word' id='word_1_111' title='bbox 693 1789 909 1855; x_wconf 83' lang='lat' dir='ltr'><strong>Quando</strong></span> <span class='ocrx_word' id='word_1_112' title='bbox 949 1791 1197 1861; x_wconf 82' lang='lat' dir='ltr'><strong>inﬁrmor,</strong></span> <span class='ocrx_word' id='word_1_113' title='bbox 1247 1802 1364 1846; x_wconf 82' lang='lat' dir='ltr'><strong>tunc</strong></span> <span class='ocrx_word' id='word_1_114' title='bbox 1396 1793 1539 1864; x_wconf 78' lang='lat' dir='ltr'><strong>fortis</strong></span> <span class='ocrx_word' id='word_1_115' title='bbox 1563 1810 1674 1848; x_wconf 83' lang='lat' dir='ltr'><strong>sum</strong></span> 
     </span>
    </p>
   </div>
   <div class='ocr_carea' id='block_1_16' title="bbox 146 1880 1675 1957">
    <p class='ocr_par' dir='ltr' id='par_1_16' title="bbox 146 1880 1675 1957">
     <span class='ocr_line' id='line_1_16' title="bbox 146 1880 1675 1957; baseline 0.003 -20"><span class='ocrx_word' id='word_1_116' title='bbox 146 1880 306 1955; x_wconf 83' lang='lat' dir='ltr'><strong>(llCor.</strong></span> <span class='ocrx_word' id='word_1_117' title='bbox 332 1898 419 1951; x_wconf 82' lang='lat' dir='ltr'><strong>xu,</strong></span> <span class='ocrx_word' id='word_1_118' title='bbox 452 1882 568 1955; x_wconf 74' lang='lat'><strong>{0),</strong></span> <span class='ocrx_word' id='word_1_119' title='bbox 603 1892 658 1938; x_wconf 90' lang='lat' dir='ltr'><strong>et</strong></span> <span class='ocrx_word' id='word_1_120' title='bbox 684 1883 766 1939; x_wconf 89' lang='lat' dir='ltr'><strong>cui</strong></span> <span class='ocrx_word' id='word_1_121' title='bbox 801 1882 929 1939; x_wconf 90' lang='lat' dir='ltr'><strong>dicit</strong></span> <span class='ocrx_word' id='word_1_122' title='bbox 953 1885 1210 1941; x_wconf 87' lang='lat' dir='ltr'><strong>Dominus</strong></span> <span class='ocrx_word' id='word_1_123' title='bbox 1237 1886 1371 1957; x_wconf 87' lang='lat' dir='ltr'><strong>ejus,</strong></span> <span class='ocrx_word' id='word_1_124' title='bbox 1402 1886 1559 1942; x_wconf 81' lang='lat' dir='ltr'><strong>Salus</strong></span> <span class='ocrx_word' id='word_1_125' title='bbox 1589 1900 1675 1941; x_wconf 85' lang='lat' dir='ltr'><strong>ma</strong></span> 
     </span>
    </p>
   </div>
   <div class='ocr_carea' id='block_1_17' title="bbox 147 1973 1673 2049">
    <p class='ocr_par' dir='ltr' id='par_1_17' title="bbox 147 1973 1673 2049">
     <span class='ocr_line' id='line_1_17' title="bbox 147 1973 1673 2049; baseline 0.005 -21"><span class='ocrx_word' id='word_1_126' title='bbox 147 1992 311 2047; x_wconf 71' lang='lat' dir='ltr'><strong>tgomm</strong></span> <span class='ocrx_word' id='word_1_127' title='bbox 334 1973 493 2048; x_wconf 85' lang='lat' dir='ltr'><strong>(Psal.</strong></span> <span class='ocrx_word' id='word_1_128' title='bbox 518 1978 714 2043; x_wconf 80' lang='lat' dir='ltr'><strong>&#39;xxxtv,</strong></span> <span class='ocrx_word' id='word_1_129' title='bbox 740 1976 823 2049; x_wconf 83' lang='lat'><strong>&#39;5),</strong></span> <span class='ocrx_word' id='word_1_130' title='bbox 848 1993 1109 2049; x_wconf 87' lang='lat' dir='ltr'><strong>suspenso</strong></span> <span class='ocrx_word' id='word_1_131' title='bbox 1131 1979 1312 2043; x_wconf 89' lang='lat' dir='ltr'><strong>corde,</strong></span> <span class='ocrx_word' id='word_1_132' title='bbox 1338 1996 1455 2034; x_wconf 92' lang='lat' dir='ltr'><strong>eum</strong></span> <span class='ocrx_word' id='word_1_133' title='bbox 1483 1980 1673 2036; x_wconf 86' lang='lat' dir='ltr'><strong>timore</strong></span> 
     </span>
    </p>
   </div>
   <div class='ocr_carea' id='block_1_18' title="bbox 147 2068 1668 2142">
    <p class='ocr_par' dir='ltr' id='par_1_18' title="bbox 147 2068 1668 2142">
     <span class='ocr_line' id='line_1_18' title="bbox 147 2068 1668 2142; baseline 0.005 -21"><span class='ocrx_word' id='word_1_134' title='bbox 147 2075 183 2121; x_wconf 82' lang='lat' dir='ltr'><strong>et</strong></span> <span class='ocrx_word' id='word_1_135' title='bbox 211 2076 406 2124; x_wconf 85' lang='lat' dir='ltr'><strong>tremore</strong></span> <span class='ocrx_word' id='word_1_136' title='bbox 446 2068 773 2139; x_wconf 87' lang='lat' dir='ltr'><strong>adjutorium</strong></span> <span class='ocrx_word' id='word_1_137' title='bbox 807 2070 1016 2125; x_wconf 89' lang='lat' dir='ltr'><strong>Domini</strong></span> <span class='ocrx_word' id='word_1_138' title='bbox 1045 2073 1204 2127; x_wconf 82' lang='lat' dir='ltr'><strong>etiam</strong></span> <span class='ocrx_word' id='word_1_139' title='bbox 1238 2086 1331 2142; x_wconf 90' lang='lat' dir='ltr'><strong>per</strong></span> <span class='ocrx_word' id='word_1_140' title='bbox 1359 2073 1668 2129; x_wconf 88' lang='lat' dir='ltr'><strong>charitatem</strong></span> 
     </span>
    </p>
   </div>
   <div class='ocr_carea' id='block_1_19' title="bbox 150 2160 904 2233">
    <p class='ocr_par' dir='ltr' id='par_1_19' title="bbox 150 2160 904 2233">
     <span class='ocr_line' id='line_1_19' title="bbox 150 2160 904 2233; baseline 0.004 -20"><span class='ocrx_word' id='word_1_141' title='bbox 150 2170 219 2214; x_wconf 71' lang='lat' dir='ltr'><strong>tare</strong></span> <span class='ocrx_word' id='word_1_142' title='bbox 240 2160 579 2217; x_wconf 76' lang='lat' dir='ltr'><strong>Venerationis</strong></span> <span class='ocrx_word' id='word_1_143' title='bbox 608 2171 904 2233; x_wconf 78' lang='lat' dir='ltr'><strong>ex5peetat.</strong></span> 
     </span>
    </p>
   </div>
   <div class='ocr_carea' id='block_1_20' title="bbox 194 2251 1670 2333">
    <p class='ocr_par' dir='ltr' id='par_1_20' title="bbox 194 2251 1670 2333">
     <span class='ocr_line' id='line_1_20' title="bbox 194 2251 1670 2333; baseline 0.005 -29"><span class='ocrx_word' id='word_1_144' title='bbox 194 2251 233 2304; x_wconf 67' lang='grc' dir='ltr'><strong>Ξ.</strong></span> <span class='ocrx_word' id='word_1_145' title='bbox 255 2252 541 2307; x_wconf 75' lang='lat' dir='ltr'><strong>Andivimus</strong></span> <span class='ocrx_word' id='word_1_146' title='bbox 569 2255 715 2308; x_wconf 87' lang='lat' dir='ltr'><strong>enim</strong></span> <span class='ocrx_word' id='word_1_147' title='bbox 741 2266 861 2309; x_wconf 86' lang='lat' dir='ltr'><strong>esse</strong></span> <span class='ocrx_word' id='word_1_148' title='bbox 887 2254 937 2309; x_wconf 91' lang='lat' dir='ltr'><strong>in</strong></span> <span class='ocrx_word' id='word_1_149' title='bbox 964 2254 1094 2333; x_wconf 73' lang='lat' dir='ltr'><strong>urbe</strong></span> <span class='ocrx_word' id='word_1_150' title='bbox 1125 2252 1313 2320; x_wconf 83' lang='lat' dir='ltr'><strong>Roma,</strong></span> <span class='ocrx_word' id='word_1_151' title='bbox 1346 2254 1432 2310; x_wconf 86' lang='lat' dir='ltr'><strong>ubi</strong></span> <span class='ocrx_word' id='word_1_152' title='bbox 1461 2252 1549 2311; x_wconf 88' lang='lat' dir='ltr'><strong>ille</strong></span> <span class='ocrx_word' id='word_1_153' title='bbox 1580 2257 1670 2312; x_wconf 92' lang='lat' dir='ltr'><strong>diu</strong></span> 
     </span>
    </p>
   </div>
   <div class='ocr_carea' id='block_1_21' title="bbox 147 2345 1668 2418">
    <p class='ocr_par' dir='ltr' id='par_1_21' title="bbox 147 2345 1668 2418">
     <span class='ocr_line' id='line_1_21' title="bbox 147 2345 1668 2418; baseline 0.005 -22"><span class='ocrx_word' id='word_1_154' title='bbox 147 2345 253 2410; x_wconf 71' lang='lat' dir='ltr'><strong>vixit,</strong></span> <span class='ocrx_word' id='word_1_155' title='bbox 277 2346 539 2401; x_wconf 73' lang='lat' dir='ltr'><strong>nonnullos</strong></span> <span class='ocrx_word' id='word_1_156' title='bbox 558 2346 653 2417; x_wconf 88' lang='lat' dir='ltr'><strong>qui</strong></span> <span class='ocrx_word' id='word_1_157' title='bbox 676 2346 900 2401; x_wconf 77' lang='lat' dir='ltr'><strong>diversis</strong></span> <span class='ocrx_word' id='word_1_158' title='bbox 921 2348 1096 2401; x_wconf 79' lang='lat' dir='ltr'><strong>causis</strong></span> <span class='ocrx_word' id='word_1_159' title='bbox 1122 2348 1169 2401; x_wconf 91' lang='lat' dir='ltr'><strong>ei</strong></span> <span class='ocrx_word' id='word_1_160' title='bbox 1198 2346 1429 2414; x_wconf 83' lang='lat' dir='ltr'><strong>faveant,</strong></span> <span class='ocrx_word' id='word_1_161' title='bbox 1455 2347 1668 2418; x_wconf 89' lang='lat' dir='ltr'><strong>quidam</strong></span> 
     </span>
    </p>
   </div>
   <div class='ocr_carea' id='block_1_22' title="bbox 146 2443 1669 2516">
    <p class='ocr_par' dir='ltr' id='par_1_22' title="bbox 146 2443 1669 2516">
     <span class='ocr_line' id='line_1_22' title="bbox 146 2443 1669 2516; baseline 0.003 -20"><span class='ocrx_word' id='word_1_162' title='bbox 146 2443 311 2511; x_wconf 78' lang='lat' dir='ltr'><strong>scilicet,</strong></span> <span class='ocrx_word' id='word_1_163' title='bbox 336 2445 446 2514; x_wconf 86' lang='lat' dir='ltr'><strong>quia</strong></span> <span class='ocrx_word' id='word_1_164' title='bbox 475 2445 552 2500; x_wconf 86' lang='lat' dir='ltr'><strong>eis</strong></span> <span class='ocrx_word' id='word_1_165' title='bbox 584 2444 711 2499; x_wconf 85' lang='lat' dir='ltr'><strong>talia</strong></span> <span class='ocrx_word' id='word_1_166' title='bbox 736 2445 1063 2515; x_wconf 89' lang='lat' dir='ltr'><strong>persuasisse</strong></span> <span class='ocrx_word' id='word_1_167' title='bbox 1085 2445 1393 2515; x_wconf 75' lang='lat' dir='ltr'><strong>perhibetur</strong></span> <span class='ocrx_word' id='word_1_168' title='bbox 1423 2444 1462 2513; x_wconf 68' lang='grc' dir='ltr'><strong>ί,</strong></span> <span class='ocrx_word' id='word_1_169' title='bbox 1491 2446 1669 2516; x_wconf 87' lang='lat' dir='ltr'><strong>plures</strong></span> 
     </span>
    </p>
   </div>
   <div class='ocr_carea' id='block_1_23' title="bbox 146 2534 1666 2606">
    <p class='ocr_par' dir='ltr' id='par_1_23' title="bbox 146 2534 1666 2606">
     <span class='ocr_line' id='line_1_23' title="bbox 146 2534 1666 2606; baseline 0.002 -18"><span class='ocrx_word' id='word_1_170' title='bbox 146 2551 248 2603; x_wconf 84' lang='lat' dir='ltr'><strong>vero,</strong></span> <span class='ocrx_word' id='word_1_171' title='bbox 276 2536 349 2606; x_wconf 90' lang='lat' dir='ltr'><strong>qui</strong></span> <span class='ocrx_word' id='word_1_172' title='bbox 384 2552 501 2593; x_wconf 82' lang='lat' dir='ltr'><strong>eum</strong></span> <span class='ocrx_word' id='word_1_173' title='bbox 531 2536 661 2592; x_wconf 88' lang='lat' dir='ltr'><strong>talia</strong></span> <span class='ocrx_word' id='word_1_174' title='bbox 704 2538 903 2593; x_wconf 89' lang='lat' dir='ltr'><strong>sentire</strong></span> <span class='ocrx_word' id='word_1_175' title='bbox 930 2552 1035 2591; x_wconf 81' lang='lat' dir='ltr'><strong>non</strong></span> <span class='ocrx_word' id='word_1_176' title='bbox 1074 2536 1333 2603; x_wconf 85' lang='lat' dir='ltr'><strong>credunt;</strong></span> <span class='ocrx_word' id='word_1_177' title='bbox 1370 2534 1666 2606; x_wconf 66' lang='lat' dir='ltr'><strong>praesertim</strong></span> 
     </span>
    </p>
   </div>
   <div class='ocr_carea' id='block_1_24' title="bbox 144 2628 1667 2702">
    <p class='ocr_par' dir='ltr' id='par_1_24' title="bbox 144 2628 1667 2702">
     <span class='ocr_line' id='line_1_24' title="bbox 144 2628 1667 2702; baseline 0.002 -20"><span class='ocrx_word' id='word_1_178' title='bbox 144 2633 226 2699; x_wconf 76' lang='lat' dir='ltr'><strong>quia</strong></span> <span class='ocrx_word' id='word_1_179' title='bbox 256 2631 298 2685; x_wconf 90' lang='lat' dir='ltr'><strong>in</strong></span> <span class='ocrx_word' id='word_1_180' title='bbox 335 2631 538 2688; x_wconf 86' lang='lat' dir='ltr'><strong>Oriente</strong></span> <span class='ocrx_word' id='word_1_181' title='bbox 565 2675 578 2699; x_wconf 92' lang='lat'><strong>,</strong></span> <span class='ocrx_word' id='word_1_182' title='bbox 622 2628 713 2687; x_wconf 89' lang='lat' dir='ltr'><strong>ubi</strong></span> <span class='ocrx_word' id='word_1_183' title='bbox 743 2632 917 2702; x_wconf 83' lang='lat' dir='ltr'><strong>degit,</strong></span> <span class='ocrx_word' id='word_1_184' title='bbox 956 2632 1112 2688; x_wconf 86' lang='lat' dir='ltr'><strong>Gesta</strong></span> <span class='ocrx_word' id='word_1_185' title='bbox 1146 2631 1505 2686; x_wconf 84' lang='lat' dir='ltr'><strong>ecclesiastica</strong></span> <span class='ocrx_word' id='word_1_186' title='bbox 1533 2631 1667 2686; x_wconf 85' lang='lat' dir='ltr'><strong>facta</strong></span> 
     </span>
    </p>
   </div>
   <div class='ocr_carea' id='block_1_25' title="bbox 146 2722 1667 2797">
    <p class='ocr_par' dir='ltr' id='par_1_25' title="bbox 146 2722 1667 2797">
     <span class='ocr_line' id='line_1_25' title="bbox 146 2722 1667 2797; baseline 0.002 -22"><span class='ocrx_word' id='word_1_187' title='bbox 146 2737 229 2777; x_wconf 82' lang='lat' dir='ltr'><strong>esse</strong></span> <span class='ocrx_word' id='word_1_188' title='bbox 247 2722 480 2791; x_wconf 78' lang='lat' dir='ltr'><strong>iactantur</strong></span> <span class='ocrx_word' id='word_1_189' title='bbox 508 2723 607 2797; x_wconf 90' lang='lat' dir='ltr'><strong>(a),</strong></span> <span class='ocrx_word' id='word_1_190' title='bbox 648 2724 838 2794; x_wconf 84' lang='lat' dir='ltr'><strong>quibus</strong></span> <span class='ocrx_word' id='word_1_191' title='bbox 868 2733 1081 2794; x_wconf 90' lang='lat' dir='ltr'><strong>putatur</strong></span> <span class='ocrx_word' id='word_1_192' title='bbox 1107 2738 1223 2778; x_wconf 86' lang='lat' dir='ltr'><strong>esse</strong></span> <span class='ocrx_word' id='word_1_193' title='bbox 1256 2733 1507 2794; x_wconf 76' lang='lat' dir='ltr'><strong>purgatus</strong></span> <span class='ocrx_word' id='word_1_194' title='bbox 1536 2741 1551 2779; x_wconf 87' lang='lat'><strong>:</strong></span> <span class='ocrx_word' id='word_1_195' title='bbox 1580 2722 1667 2778; x_wconf 90' lang='lat' dir='ltr'><strong>ubi</strong></span> 
     </span>
    </p>
   </div>
   <div class='ocr_carea' id='block_1_26' title="bbox 142 2814 1663 2888">
    <p class='ocr_par' dir='ltr' id='par_1_26' title="bbox 142 2814 1663 2888">
     <span class='ocr_line' id='line_1_26' title="bbox 142 2814 1663 2888; baseline 0.003 -21"><span class='ocrx_word' id='word_1_196' title='bbox 142 2815 298 2885; x_wconf 84' lang='lat' dir='ltr'><strong>quidem</strong></span> <span class='ocrx_word' id='word_1_197' title='bbox 326 2814 364 2871; x_wconf 90' lang='lat' dir='ltr'><strong>sl</strong></span> <span class='ocrx_word' id='word_1_198' title='bbox 408 2816 647 2888; x_wconf 83' lang='lat' dir='ltr'><strong>episcopi</strong></span> <span class='ocrx_word' id='word_1_199' title='bbox 700 2834 818 2872; x_wconf 91' lang='lat' dir='ltr'><strong>cum</strong></span> <span class='ocrx_word' id='word_1_200' title='bbox 857 2816 1176 2872; x_wconf 83' lang='lat' dir='ltr'><strong>catholicum</strong></span> <span class='ocrx_word' id='word_1_201' title='bbox 1222 2817 1663 2888; x_wconf 84' lang='lat' dir='ltr'><strong>pronuntiarunt,</strong></span> 
     </span>
    </p>
   </div>
   <div class='ocr_carea' id='block_1_27' title="bbox 143 2909 1667 2981">
    <p class='ocr_par' dir='ltr' id='par_1_27' title="bbox 143 2909 1667 2981">
     <span class='ocr_line' id='line_1_27' title="bbox 143 2909 1667 2981; baseline 0.004 -21"><span class='ocrx_word' id='word_1_202' title='bbox 143 2922 214 2961; x_wconf 82' lang='lat' dir='ltr'><strong>non</strong></span> <span class='ocrx_word' id='word_1_203' title='bbox 239 2910 293 2963; x_wconf 89' lang='lat' dir='ltr'><strong>ob</strong></span> <span class='ocrx_word' id='word_1_204' title='bbox 314 2910 439 2965; x_wconf 90' lang='lat' dir='ltr'><strong>aliud</strong></span> <span class='ocrx_word' id='word_1_205' title='bbox 468 2911 671 2966; x_wconf 86' lang='lat' dir='ltr'><strong>factum</strong></span> <span class='ocrx_word' id='word_1_206' title='bbox 694 2924 813 2965; x_wconf 89' lang='lat' dir='ltr'><strong>esse</strong></span> <span class='ocrx_word' id='word_1_207' title='bbox 838 2909 1159 2981; x_wconf 84' lang='lat' dir='ltr'><strong>credendum</strong></span> <span class='ocrx_word' id='word_1_208' title='bbox 1192 2918 1294 2974; x_wconf 86' lang='lat' dir='ltr'><strong>est,</strong></span> <span class='ocrx_word' id='word_1_209' title='bbox 1326 2910 1423 2965; x_wconf 90' lang='lat' dir='ltr'><strong>nisi</strong></span> <span class='ocrx_word' id='word_1_210' title='bbox 1454 2910 1574 2980; x_wconf 85' lang='lat' dir='ltr'><strong>quia</strong></span> <span class='ocrx_word' id='word_1_211' title='bbox 1610 2926 1667 2966; x_wconf 90' lang='lat' dir='ltr'><strong>se</strong></span> 
     </span>
    </p>
   </div>
   <div class='ocr_carea' id='block_1_28' title="bbox 56 2996 1657 3073">
    <p class='ocr_par' dir='ltr' id='par_1_28' title="bbox 56 2996 1657 3073">
     <span class='ocr_line' id='line_1_28' title="bbox 56 2996 1657 3073; baseline 0.003 -23"><span class='ocrx_word' id='word_1_212' title='bbox 56 3068 57 3073; x_wconf 16' lang='grc' dir='ltr'><strong>η</strong></span> <span class='ocrx_word' id='word_1_213' title='bbox 142 2997 232 3051; x_wconf 66' lang='lat' dir='ltr'><strong>dixit</strong></span> <span class='ocrx_word' id='word_1_214' title='bbox 254 3000 328 3054; x_wconf 92' lang='lat' dir='ltr'><strong>Dei</strong></span> <span class='ocrx_word' id='word_1_215' title='bbox 351 3002 559 3073; x_wconf 80' lang='lat' dir='ltr'><strong>gratiam</strong></span> <span class='ocrx_word' id='word_1_216' title='bbox 591 3001 862 3067; x_wconf 87' lang='lat' dir='ltr'><strong>conﬁteri,</strong></span> <span class='ocrx_word' id='word_1_217' title='bbox 897 3009 949 3055; x_wconf 89' lang='lat' dir='ltr'><strong>et</strong></span> <span class='ocrx_word' id='word_1_218' title='bbox 976 2996 1043 3054; x_wconf 87' lang='lat' dir='ltr'><strong>ita</strong></span> <span class='ocrx_word' id='word_1_219' title='bbox 1075 2996 1232 3070; x_wconf 83' lang='lat' dir='ltr'><strong>posse</strong></span> <span class='ocrx_word' id='word_1_220' title='bbox 1260 3000 1528 3055; x_wconf 86' lang='lat' dir='ltr'><strong>hominem</strong></span> <span class='ocrx_word' id='word_1_221' title='bbox 1560 3015 1657 3055; x_wconf 86' lang='lat' dir='ltr'><strong>suo</strong></span> 
     </span>
    </p>
   </div>
   <div class='ocr_carea' id='block_1_29' title="bbox 142 3089 1663 3162">
    <p class='ocr_par' dir='ltr' id='par_1_29' title="bbox 142 3089 1663 3162">
     <span class='ocr_line' id='line_1_29' title="bbox 142 3089 1663 3162; baseline 0.002 -20"><span class='ocrx_word' id='word_1_222' title='bbox 142 3089 270 3147; x_wconf 81' lang='lat' dir='ltr'><strong>labore</strong></span> <span class='ocrx_word' id='word_1_223' title='bbox 292 3108 345 3149; x_wconf 88' lang='lat' dir='ltr'><strong>ac</strong></span> <span class='ocrx_word' id='word_1_224' title='bbox 367 3093 639 3149; x_wconf 88' lang='lat' dir='ltr'><strong>voluntate</strong></span> <span class='ocrx_word' id='word_1_225' title='bbox 664 3093 808 3162; x_wconf 86' lang='lat' dir='ltr'><strong>justc</strong></span> <span class='ocrx_word' id='word_1_226' title='bbox 836 3092 1012 3147; x_wconf 85' lang='lat' dir='ltr'><strong>vivere</strong></span> <span class='ocrx_word' id='word_1_227' title='bbox 1033 3135 1047 3159; x_wconf 92' lang='lat'><strong>,</strong></span> <span class='ocrx_word' id='word_1_228' title='bbox 1094 3099 1148 3146; x_wconf 89' lang='lat' dir='ltr'><strong>ut</strong></span> <span class='ocrx_word' id='word_1_229' title='bbox 1191 3091 1257 3146; x_wconf 91' lang='lat' dir='ltr'><strong>ad</strong></span> <span class='ocrx_word' id='word_1_230' title='bbox 1291 3092 1388 3146; x_wconf 90' lang='lat' dir='ltr'><strong>hoe</strong></span> <span class='ocrx_word' id='word_1_231' title='bbox 1429 3092 1663 3161; x_wconf 88' lang='lat' dir='ltr'><strong>adjuvari</strong></span> 
     </span>
    </p>
   </div>
   <div class='ocr_carea' id='block_1_30' title="bbox 56 3168 1661 3255">
    <p class='ocr_par' dir='ltr' id='par_1_30' title="bbox 56 3168 1661 3255">
     <span class='ocr_line' id='line_1_30' title="bbox 56 3168 1661 3255; baseline 0.004 -24"><span class='ocrx_word' id='word_1_232' title='bbox 142 3178 203 3233; x_wconf 80' lang='lat' dir='ltr'><strong>Dei</strong></span> <span class='ocrx_word' id='word_1_233' title='bbox 229 3185 366 3252; x_wconf 78' lang='lat' dir='ltr'><strong>gratia</strong></span> <span class='ocrx_word' id='word_1_234' title='bbox 394 3201 491 3238; x_wconf 91' lang='lat' dir='ltr'><strong>non</strong></span> <span class='ocrx_word' id='word_1_235' title='bbox 524 3192 771 3255; x_wconf 79' lang='lat' dir='ltr'><strong>negaret.</strong></span> <span class='ocrx_word' id='word_1_236' title='bbox 808 3183 899 3238; x_wconf 85' lang='lat' dir='ltr'><strong>His</strong></span> <span class='ocrx_word' id='word_1_237' title='bbox 940 3182 1083 3238; x_wconf 89' lang='lat' dir='ltr'><strong>enim</strong></span> <span class='ocrx_word' id='word_1_238' title='bbox 1115 3183 1309 3238; x_wconf 84' lang='lat' dir='ltr'><strong>auditis</strong></span> <span class='ocrx_word' id='word_1_239' title='bbox 1342 3184 1538 3249; x_wconf 82' lang='lat' dir='ltr'><strong>verbis,</strong></span> <span class='ocrx_word' id='word_1_240' title='bbox 1571 3199 1661 3237; x_wconf 82' lang='lat' dir='ltr'><strong>ca-</strong></span> 
     </span>
    </p>
   </div>
   <div class='ocr_carea' id='block_1_31' title="bbox 56 3258 1662 3346">
    <p class='ocr_par' dir='ltr' id='par_1_31' title="bbox 56 3258 1662 3346">
     <span class='ocr_line' id='line_1_31' title="bbox 56 3258 1662 3346; baseline 0.005 -24"><span class='ocrx_word' id='word_1_241' title='bbox 143 3271 269 3328; x_wconf 79' lang='lat' dir='ltr'><strong>tlmiici</strong></span> <span class='ocrx_word' id='word_1_242' title='bbox 293 3276 535 3332; x_wconf 87' lang='lat' dir='ltr'><strong>antistites</strong></span> <span class='ocrx_word' id='word_1_243' title='bbox 566 3277 772 3331; x_wconf 87' lang='lat' dir='ltr'><strong>nullam</strong></span> <span class='ocrx_word' id='word_1_244' title='bbox 803 3276 959 3329; x_wconf 89' lang='lat' dir='ltr'><strong>aliam</strong></span> <span class='ocrx_word' id='word_1_245' title='bbox 1002 3276 1090 3331; x_wconf 88' lang='lat' dir='ltr'><strong>Dei</strong></span> <span class='ocrx_word' id='word_1_246' title='bbox 1117 3276 1337 3346; x_wconf 77' lang='lat' dir='ltr'><strong>gratiam</strong></span> <span class='ocrx_word' id='word_1_247' title='bbox 1369 3276 1662 3346; x_wconf 81' lang='lat' dir='ltr'><strong>intelligere</strong></span> 
     </span>
    </p>
   </div>
   <div class='ocr_carea' id='block_1_32' title="bbox 144 3366 1663 3437">
    <p class='ocr_par' dir='ltr' id='par_1_32' title="bbox 144 3366 1663 3437">
     <span class='ocr_line' id='line_1_32' title="bbox 144 3366 1663 3437; baseline 0.007 -27"><span class='ocrx_word' id='word_1_248' title='bbox 144 3371 376 3428; x_wconf 64' lang='lat' dir='ltr'><strong>nituerunt,</strong></span> <span class='ocrx_word' id='word_1_249' title='bbox 406 3368 503 3421; x_wconf 89' lang='lat' dir='ltr'><strong>nisi</strong></span> <span class='ocrx_word' id='word_1_250' title='bbox 534 3382 700 3437; x_wconf 87' lang='lat' dir='ltr'><strong>quam</strong></span> <span class='ocrx_word' id='word_1_251' title='bbox 734 3367 783 3420; x_wconf 91' lang='lat' dir='ltr'><strong>in</strong></span> <span class='ocrx_word' id='word_1_252' title='bbox 816 3366 989 3421; x_wconf 88' lang='lat' dir='ltr'><strong>Libris</strong></span> <span class='ocrx_word' id='word_1_253' title='bbox 1018 3366 1111 3421; x_wconf 88' lang='lat' dir='ltr'><strong>Dei</strong></span> <span class='ocrx_word' id='word_1_254' title='bbox 1142 3366 1345 3435; x_wconf 80' lang='lat' dir='ltr'><strong>legere,</strong></span> <span class='ocrx_word' id='word_1_255' title='bbox 1376 3376 1427 3419; x_wconf 89' lang='lat' dir='ltr'><strong>et</strong></span> <span class='ocrx_word' id='word_1_256' title='bbox 1454 3367 1663 3436; x_wconf 83' lang='lat' dir='ltr'><strong>populis</strong></span> 
     </span>
    </p>
   </div>
   <div class='ocr_carea' id='block_1_33' title="bbox 143 3450 1663 3528">
    <p class='ocr_par' dir='ltr' id='par_1_33' title="bbox 143 3450 1663 3528">
     <span class='ocr_line' id='line_1_33' title="bbox 143 3450 1663 3528; baseline 0.007 -25"><span class='ocrx_word' id='word_1_257' title='bbox 143 3450 205 3505; x_wconf 79' lang='lat' dir='ltr'><strong>Dei</strong></span> <span class='ocrx_word' id='word_1_258' title='bbox 228 3456 479 3524; x_wconf 63' lang='lat' dir='ltr'><strong>praedicare</strong></span> <span class='ocrx_word' id='word_1_259' title='bbox 506 3466 909 3513; x_wconf 84' lang='lat' dir='ltr'><strong>consueverunt</strong></span> <span class='ocrx_word' id='word_1_260' title='bbox 934 3473 945 3509; x_wconf 89' lang='lat'><strong>:</strong></span> <span class='ocrx_word' id='word_1_261' title='bbox 976 3472 1092 3512; x_wconf 89' lang='lat' dir='ltr'><strong>eam</strong></span> <span class='ocrx_word' id='word_1_262' title='bbox 1124 3458 1303 3528; x_wconf 88' lang='lat' dir='ltr'><strong>utique</strong></span> <span class='ocrx_word' id='word_1_263' title='bbox 1331 3458 1395 3511; x_wconf 88' lang='lat' dir='ltr'><strong>de</strong></span> <span class='ocrx_word' id='word_1_264' title='bbox 1418 3473 1516 3527; x_wconf 89' lang='lat' dir='ltr'><strong>qua</strong></span> <span class='ocrx_word' id='word_1_265' title='bbox 1537 3458 1663 3513; x_wconf 87' lang='lat' dir='ltr'><strong>dicit</strong></span> 
     </span>
    </p>
   </div>
   <div class='ocr_carea' id='block_1_34' title="bbox 143 3545 1663 3629">
    <p class='ocr_par' dir='ltr' id='par_1_34' title="bbox 143 3545 1663 3629">
     <span class='ocr_line' id='line_1_34' title="bbox 143 3545 1663 3629; baseline 0.005 -32"><span class='ocrx_word' id='word_1_266' title='bbox 143 3548 376 3617; x_wconf 69' lang='lat' dir='ltr'><strong>Apostolus,</strong></span> <span class='ocrx_word' id='word_1_267' title='bbox 410 3550 524 3605; x_wconf 79' lang='lat' dir='ltr'><strong>Non</strong></span> <span class='ocrx_word' id='word_1_268' title='bbox 556 3550 763 3605; x_wconf 83' lang='lat' dir='ltr'><strong>irritam</strong></span> <span class='ocrx_word' id='word_1_269' title='bbox 793 3552 922 3621; x_wconf 82' lang='lat' dir='ltr'><strong>facio</strong></span> <span class='ocrx_word' id='word_1_270' title='bbox 950 3552 1166 3622; x_wconf 79' lang='lat' dir='ltr'><strong>gratiam</strong></span> <span class='ocrx_word' id='word_1_271' title='bbox 1194 3545 1306 3603; x_wconf 84' lang='lat' dir='ltr'><strong>Dei.</strong></span> <span class='ocrx_word' id='word_1_272' title='bbox 1344 3549 1481 3604; x_wconf 82' lang='lat' dir='ltr'><strong>Nam</strong></span> <span class='ocrx_word' id='word_1_273' title='bbox 1510 3550 1554 3629; x_wconf 80' lang='lat' dir='ltr'><strong>si</strong></span> <span class='ocrx_word' id='word_1_274' title='bbox 1576 3568 1663 3622; x_wconf 81' lang='lat' dir='ltr'><strong>per</strong></span> 
     </span>
    </p>
   </div>
   <div class='ocr_carea' id='block_1_35' title="bbox 144 3634 1659 3717">
    <p class='ocr_par' dir='ltr' id='par_1_35' title="bbox 144 3634 1659 3717">
     <span class='ocr_line' id='line_1_35' title="bbox 144 3634 1659 3717; baseline 0.003 -24"><span class='ocrx_word' id='word_1_275' title='bbox 144 3634 269 3706; x_wconf 63' lang='lat' dir='ltr'><strong>Legem</strong></span> <span class='ocrx_word' id='word_1_276' title='bbox 281 3642 483 3713; x_wconf 79' lang='lat' dir='ltr'><strong>jnstitia,</strong></span> <span class='ocrx_word' id='word_1_277' title='bbox 515 3658 640 3715; x_wconf 83' lang='lat' dir='ltr'><strong>ergo</strong></span> <span class='ocrx_word' id='word_1_278' title='bbox 668 3640 896 3698; x_wconf 77' lang='lat' dir='ltr'><strong>Christus</strong></span> <span class='ocrx_word' id='word_1_279' title='bbox 923 3645 1082 3715; x_wconf 89' lang='lat' dir='ltr'><strong>gratis</strong></span> <span class='ocrx_word' id='word_1_280' title='bbox 1108 3654 1335 3698; x_wconf 81' lang='lat' dir='ltr'><strong>mortuus</strong></span> <span class='ocrx_word' id='word_1_281' title='bbox 1361 3652 1436 3697; x_wconf 86' lang='lat' dir='ltr'><strong>est</strong></span> <span class='ocrx_word' id='word_1_282' title='bbox 1462 3642 1659 3717; x_wconf 83' lang='lat' dir='ltr'><strong>(Galat.</strong></span> 
     </span>
    </p>
   </div>
   <div class='ocr_carea' id='block_1_36' title="bbox 143 3730 1661 3809">
    <p class='ocr_par' dir='ltr' id='par_1_36' title="bbox 143 3730 1661 3809">
     <span class='ocr_line' id='line_1_36' title="bbox 143 3730 1661 3809; baseline 0.006 -26"><span class='ocrx_word' id='word_1_283' title='bbox 143 3742 175 3787; x_wconf 62' lang='lat' dir='ltr'><strong>It.</strong></span> <span class='ocrx_word' id='word_1_284' title='bbox 194 3730 262 3804; x_wconf 68' lang='lat' dir='ltr'><strong>2i)</strong></span> <span class='ocrx_word' id='word_1_285' title='bbox 280 3750 291 3798; x_wconf 91' lang='lat'><strong>;</strong></span> <span class='ocrx_word' id='word_1_286' title='bbox 312 3736 414 3791; x_wconf 88' lang='lat' dir='ltr'><strong>sine</strong></span> <span class='ocrx_word' id='word_1_287' title='bbox 438 3735 606 3791; x_wconf 83' lang='lat' dir='ltr'><strong>dubio</strong></span> <span class='ocrx_word' id='word_1_288' title='bbox 631 3736 853 3806; x_wconf 81' lang='lat' dir='ltr'><strong>gratiam</strong></span> <span class='ocrx_word' id='word_1_289' title='bbox 881 3750 978 3806; x_wconf 88' lang='lat' dir='ltr'><strong>qua</strong></span> <span class='ocrx_word' id='word_1_290' title='bbox 1003 3736 1357 3807; x_wconf 78' lang='lat' dir='ltr'><strong>justiiicamnr</strong></span> <span class='ocrx_word' id='word_1_291' title='bbox 1377 3737 1444 3790; x_wconf 91' lang='lat' dir='ltr'><strong>ab</strong></span> <span class='ocrx_word' id='word_1_292' title='bbox 1470 3737 1661 3809; x_wconf 85' lang='lat' dir='ltr'><strong>iniqui-</strong></span> 
     </span>
    </p>
   </div>
   <div class='ocr_carea' id='block_1_37' title="bbox 48 3827 1658 3898">
    <p class='ocr_par' dir='ltr' id='par_1_37' title="bbox 48 3827 1658 3898">
     <span class='ocr_line' id='line_1_37' title="bbox 48 3827 1658 3898; baseline 0.004 -21"><span class='ocrx_word' id='word_1_293' title='bbox 48 3827 53 3877; x_wconf 61' lang='grc' dir='ltr'><em>ὲ</em></span> <span class='ocrx_word' id='word_1_294' title='bbox 144 3828 238 3888; x_wconf 67' lang='lat' dir='ltr'><strong>hic,</strong></span> <span class='ocrx_word' id='word_1_295' title='bbox 263 3834 303 3879; x_wconf 90' lang='lat' dir='ltr'><strong>ct</strong></span> <span class='ocrx_word' id='word_1_296' title='bbox 332 3842 423 3898; x_wconf 89' lang='lat' dir='ltr'><strong>qua</strong></span> <span class='ocrx_word' id='word_1_297' title='bbox 454 3828 730 3883; x_wconf 79' lang='lat' dir='ltr'><strong>solvamur</strong></span> <span class='ocrx_word' id='word_1_298' title='bbox 759 3829 825 3882; x_wconf 88' lang='lat' dir='ltr'><strong>ab</strong></span> <span class='ocrx_word' id='word_1_299' title='bbox 854 3827 1158 3882; x_wconf 76' lang='lat' dir='ltr'><strong>infirmitate</strong></span> <span class='ocrx_word' id='word_1_300' title='bbox 1182 3872 1193 3893; x_wconf 92' lang='lat'><strong>,</strong></span> <span class='ocrx_word' id='word_1_301' title='bbox 1236 3845 1341 3882; x_wconf 88' lang='lat' dir='ltr'><strong>non</strong></span> <span class='ocrx_word' id='word_1_302' title='bbox 1368 3844 1466 3897; x_wconf 85' lang='lat' dir='ltr'><strong>qua</strong></span> <span class='ocrx_word' id='word_1_303' title='bbox 1497 3831 1658 3883; x_wconf 71' lang='lat' dir='ltr'><strong>creati</strong></span> 
     </span>
    </p>
   </div>
   <div class='ocr_carea' id='block_1_38' title="bbox 48 3902 1661 3993">
    <p class='ocr_par' dir='ltr' id='par_1_38' title="bbox 48 3902 1661 3993">
     <span class='ocr_line' id='line_1_38' title="bbox 48 3902 1661 3993; baseline 0.013 -36"><span class='ocrx_word' id='word_1_304' title='bbox 48 3902 53 3959; x_wconf 74' lang='grc' dir='ltr'><em>ξ</em></span> <span class='ocrx_word' id='word_1_305' title='bbox 142 3926 269 3967; x_wconf 67' lang='lat' dir='ltr'><strong>sumus</strong></span> <span class='ocrx_word' id='word_1_306' title='bbox 294 3934 398 3973; x_wconf 90' lang='lat' dir='ltr'><strong>cum</strong></span> <span class='ocrx_word' id='word_1_307' title='bbox 426 3920 643 3993; x_wconf 88' lang='lat' dir='ltr'><strong>propria</strong></span> <span class='ocrx_word' id='word_1_308' title='bbox 673 3921 963 3976; x_wconf 86' lang='lat' dir='ltr'><strong>voluntate.</strong></span> <span class='ocrx_word' id='word_1_309' title='bbox 1005 3920 1135 3975; x_wconf 83' lang='lat' dir='ltr'><strong>Nam</strong></span> <span class='ocrx_word' id='word_1_310' title='bbox 1182 3923 1223 3974; x_wconf 88' lang='lat' dir='ltr'><strong>si</strong></span> <span class='ocrx_word' id='word_1_311' title='bbox 1271 3921 1661 3978; x_wconf 85' lang='lat' dir='ltr'><strong>intellexissent</strong></span> 
     </span>
    </p>
   </div>
   <div class='ocr_carea' id='block_1_39' title="bbox 48 4002 1655 4081">
    <p class='ocr_par' dir='ltr' id='par_1_39' title="bbox 48 4002 1655 4081">
     <span class='ocr_line' id='line_1_39' title="bbox 48 4002 1655 4081; baseline 0.008 -28"><span class='ocrx_word' id='word_1_312' title='bbox 48 4006 53 4041; x_wconf 76' lang='lat'><em>7</em></span> <span class='ocrx_word' id='word_1_313' title='bbox 142 4002 186 4056; x_wconf 73' lang='lat' dir='ltr'><strong>iiii</strong></span> <span class='ocrx_word' id='word_1_314' title='bbox 216 4009 413 4081; x_wconf 83' lang='lat' dir='ltr'><strong>episcopi</strong></span> <span class='ocrx_word' id='word_1_315' title='bbox 456 4027 569 4068; x_wconf 87' lang='lat' dir='ltr'><strong>eam</strong></span> <span class='ocrx_word' id='word_1_316' title='bbox 623 4010 766 4067; x_wconf 89' lang='lat' dir='ltr'><strong>illum</strong></span> <span class='ocrx_word' id='word_1_317' title='bbox 811 4011 986 4066; x_wconf 82' lang='lat' dir='ltr'><strong>dicere</strong></span> <span class='ocrx_word' id='word_1_318' title='bbox 1026 4012 1269 4080; x_wconf 76' lang='lat' dir='ltr'><strong>gratiam,</strong></span> <span class='ocrx_word' id='word_1_319' title='bbox 1314 4026 1470 4081; x_wconf 85' lang='lat' dir='ltr'><strong>quam</strong></span> <span class='ocrx_word' id='word_1_320' title='bbox 1499 4014 1655 4066; x_wconf 87' lang='lat' dir='ltr'><strong>etiam</strong></span> 
     </span>
    </p>
   </div>
   <div class='ocr_carea' id='block_1_40' title="bbox 48 4102 1653 4173">
    <p class='ocr_par' dir='ltr' id='par_1_40' title="bbox 48 4102 1653 4173">
     <span class='ocr_line' id='line_1_40' title="bbox 48 4102 1653 4173; baseline 0.009 -31"><span class='ocrx_word' id='word_1_321' title='bbox 48 4122 49 4133; x_wconf 60' lang='grc' dir='ltr'><strong>ι</strong></span> <span class='ocrx_word' id='word_1_322' title='bbox 140 4110 218 4149; x_wconf 81' lang='grc' dir='ltr'><strong>ιιιιιι</strong></span> <span class='ocrx_word' id='word_1_323' title='bbox 257 4103 408 4171; x_wconf 86' lang='lat' dir='ltr'><strong>impiis</strong></span> <span class='ocrx_word' id='word_1_324' title='bbox 448 4103 742 4170; x_wconf 82' lang='lat' dir='ltr'><strong>habemus,</strong></span> <span class='ocrx_word' id='word_1_325' title='bbox 787 4118 909 4158; x_wconf 91' lang='lat' dir='ltr'><strong>cum</strong></span> <span class='ocrx_word' id='word_1_326' title='bbox 952 4103 1141 4173; x_wconf 90' lang='lat' dir='ltr'><strong>quibus</strong></span> <span class='ocrx_word' id='word_1_327' title='bbox 1172 4102 1412 4157; x_wconf 84' lang='lat' dir='ltr'><strong>homines</strong></span> <span class='ocrx_word' id='word_1_328' title='bbox 1443 4118 1653 4169; x_wconf 87' lang='lat' dir='ltr'><strong>sumus;</strong></span> 
     </span>
    </p>
   </div>
   <div class='ocr_carea' id='block_1_41' title="bbox 139 4194 1653 4265">
    <p class='ocr_par' dir='ltr' id='par_1_41' title="bbox 139 4194 1653 4265">
     <span class='ocr_line' id='line_1_41' title="bbox 139 4194 1653 4265; baseline 0.007 -24"><span class='ocrx_word' id='word_1_329' title='bbox 139 4198 275 4256; x_wconf 69' lang='lat' dir='ltr'><strong>tegare</strong></span> <span class='ocrx_word' id='word_1_330' title='bbox 310 4204 423 4249; x_wconf 82' lang='lat' dir='ltr'><strong>vero</strong></span> <span class='ocrx_word' id='word_1_331' title='bbox 469 4212 591 4251; x_wconf 89' lang='lat' dir='ltr'><strong>eam</strong></span> <span class='ocrx_word' id='word_1_332' title='bbox 637 4209 736 4265; x_wconf 84' lang='lat' dir='ltr'><strong>qua</strong></span> <span class='ocrx_word' id='word_1_333' title='bbox 769 4195 1043 4249; x_wconf 80' lang='lat' dir='ltr'><strong>christiani</strong></span> <span class='ocrx_word' id='word_1_334' title='bbox 1091 4201 1143 4249; x_wconf 89' lang='lat' dir='ltr'><strong>et</strong></span> <span class='ocrx_word' id='word_1_335' title='bbox 1191 4194 1282 4248; x_wconf 90' lang='lat' dir='ltr'><strong>ﬁlii</strong></span> <span class='ocrx_word' id='word_1_336' title='bbox 1314 4195 1405 4248; x_wconf 87' lang='lat' dir='ltr'><strong>Dei</strong></span> <span class='ocrx_word' id='word_1_337' title='bbox 1437 4209 1653 4261; x_wconf 84' lang='lat' dir='ltr'><strong>sumus;</strong></span> 
     </span>
    </p>
   </div>
   <div class='ocr_carea' id='block_1_42' title="bbox 138 4280 1655 4355">
    <p class='ocr_par' dir='ltr' id='par_1_42' title="bbox 138 4280 1655 4355">
     <span class='ocr_line' id='line_1_42' title="bbox 138 4280 1655 4355; baseline -0.001 -12"><span class='ocrx_word' id='word_1_338' title='bbox 138 4280 216 4343; x_wconf 67' lang='lat' dir='ltr'><strong>‘i‘iis</strong></span> <span class='ocrx_word' id='word_1_339' title='bbox 237 4299 335 4338; x_wconf 86' lang='lat' dir='ltr'><strong>eum</strong></span> <span class='ocrx_word' id='word_1_340' title='bbox 358 4289 619 4355; x_wconf 86' lang='lat' dir='ltr'><strong>patienter</strong></span> <span class='ocrx_word' id='word_1_341' title='bbox 654 4288 1040 4343; x_wconf 87' lang='lat' dir='ltr'><strong>catholicorum</strong></span> <span class='ocrx_word' id='word_1_342' title='bbox 1072 4286 1410 4342; x_wconf 87' lang='lat' dir='ltr'><strong>sacerdotum</strong></span> <span class='ocrx_word' id='word_1_343' title='bbox 1442 4304 1545 4340; x_wconf 91' lang='lat' dir='ltr'><strong>non</strong></span> <span class='ocrx_word' id='word_1_344' title='bbox 1574 4288 1655 4342; x_wconf 79' lang='lat' dir='ltr'><strong>di-</strong></span> 
     </span>
    </p>
   </div>
   <div class='ocr_carea' id='block_1_43' title="bbox 140 4370 1652 4448">
    <p class='ocr_par' dir='ltr' id='par_1_43' title="bbox 140 4370 1652 4448">
     <span class='ocr_line' id='line_1_43' title="bbox 140 4370 1652 4448; baseline 0.008 -31"><span class='ocrx_word' id='word_1_345' title='bbox 140 4370 261 4427; x_wconf 79' lang='lat' dir='ltr'><strong>rimus</strong></span> <span class='ocrx_word' id='word_1_346' title='bbox 284 4376 498 4444; x_wconf 84' lang='lat' dir='ltr'><strong>audiret,</strong></span> <span class='ocrx_word' id='word_1_347' title='bbox 530 4379 629 4435; x_wconf 86' lang='lat' dir='ltr'><strong>sed</strong></span> <span class='ocrx_word' id='word_1_348' title='bbox 660 4388 783 4434; x_wconf 89' lang='lat' dir='ltr'><strong>ante</strong></span> <span class='ocrx_word' id='word_1_349' title='bbox 810 4380 994 4433; x_wconf 88' lang='lat' dir='ltr'><strong>oculos</strong></span> <span class='ocrx_word' id='word_1_350' title='bbox 1024 4391 1147 4432; x_wconf 81' lang='lat' dir='ltr'><strong>suos</strong></span> <span class='ocrx_word' id='word_1_351' title='bbox 1174 4376 1383 4432; x_wconf 87' lang='lat' dir='ltr'><strong>ferret?</strong></span> <span class='ocrx_word' id='word_1_352' title='bbox 1412 4378 1652 4448; x_wconf 81' lang='lat' dir='ltr'><strong>Quapro-</strong></span> 
     </span>
    </p>
   </div>
   <div class='ocr_carea' id='block_1_44' title="bbox 138 4468 1655 4541">
    <p class='ocr_par' dir='ltr' id='par_1_44' title="bbox 138 4468 1655 4541">
     <span class='ocr_line' id='line_1_44' title="bbox 138 4468 1655 4541; baseline 0.007 -26"><span class='ocrx_word' id='word_1_353' title='bbox 138 4468 215 4525; x_wconf 73' lang='lat' dir='ltr'><strong>pter</strong></span> <span class='ocrx_word' id='word_1_354' title='bbox 237 4481 319 4519; x_wconf 89' lang='grc' dir='ltr'><strong>ιιοιι</strong></span> <span class='ocrx_word' id='word_1_355' title='bbox 342 4471 580 4541; x_wconf 84' lang='lat' dir='ltr'><strong>culpandi</strong></span> <span class='ocrx_word' id='word_1_356' title='bbox 604 4478 727 4527; x_wconf 89' lang='lat' dir='ltr'><strong>sunt</strong></span> <span class='ocrx_word' id='word_1_357' title='bbox 748 4471 970 4541; x_wconf 86' lang='lat' dir='ltr'><strong>judices,</strong></span> <span class='ocrx_word' id='word_1_358' title='bbox 1000 4470 1120 4540; x_wconf 91' lang='lat' dir='ltr'><strong>quia</strong></span> <span class='ocrx_word' id='word_1_359' title='bbox 1148 4471 1507 4526; x_wconf 85' lang='lat' dir='ltr'><strong>ecclesiastica</strong></span> <span class='ocrx_word' id='word_1_360' title='bbox 1528 4486 1655 4526; x_wconf 85' lang='lat' dir='ltr'><strong>eou-</strong></span> 
     </span>
    </p>
   </div>
   <div class='ocr_carea' id='block_1_45' title="bbox 138 4557 1653 4637">
    <p class='ocr_par' dir='ltr' id='par_1_45' title="bbox 138 4557 1653 4637">
     <span class='ocr_line' id='line_1_45' title="bbox 138 4557 1653 4637; baseline 0.012 -34"><span class='ocrx_word' id='word_1_361' title='bbox 138 4557 347 4616; x_wconf 81' lang='lat' dir='ltr'><strong>suetudine</strong></span> <span class='ocrx_word' id='word_1_362' title='bbox 388 4579 575 4621; x_wconf 86' lang='lat' dir='ltr'><strong>nomen</strong></span> <span class='ocrx_word' id='word_1_363' title='bbox 626 4566 807 4637; x_wconf 62' lang='lat' dir='ltr'><strong>gratiae</strong></span> <span class='ocrx_word' id='word_1_364' title='bbox 855 4565 1169 4631; x_wconf 89' lang='lat' dir='ltr'><strong>audierunt,</strong></span> <span class='ocrx_word' id='word_1_365' title='bbox 1200 4566 1499 4622; x_wconf 82' lang='lat' dir='ltr'><strong>nescientes</strong></span> <span class='ocrx_word' id='word_1_366' title='bbox 1529 4568 1653 4637; x_wconf 91' lang='lat' dir='ltr'><strong>quid</strong></span> 
     </span>
    </p>
   </div>
   <div class='ocr_carea' id='block_1_46' title="bbox 139 4642 1652 4725">
    <p class='ocr_par' dir='ltr' id='par_1_46' title="bbox 139 4642 1652 4725">
     <span class='ocr_line' id='line_1_46' title="bbox 139 4642 1652 4725; baseline 0.013 -30"><span class='ocrx_word' id='word_1_367' title='bbox 139 4642 371 4715; x_wconf 81' lang='lat' dir='ltr'><strong>hojusmotli</strong></span> <span class='ocrx_word' id='word_1_368' title='bbox 398 4658 637 4715; x_wconf 85' lang='lat' dir='ltr'><strong>homines</strong></span> <span class='ocrx_word' id='word_1_369' title='bbox 661 4658 744 4713; x_wconf 84' lang='lat' dir='ltr'><strong>vel</strong></span> <span class='ocrx_word' id='word_1_370' title='bbox 772 4659 823 4713; x_wconf 90' lang='lat' dir='ltr'><strong>in</strong></span> <span class='ocrx_word' id='word_1_371' title='bbox 855 4674 963 4713; x_wconf 74' lang='lat' dir='ltr'><strong>sua:</strong></span> <span class='ocrx_word' id='word_1_372' title='bbox 994 4657 1249 4713; x_wconf 73' lang='lat' dir='ltr'><strong>doctrinm</strong></span> <span class='ocrx_word' id='word_1_373' title='bbox 1279 4659 1455 4725; x_wconf 85' lang='lat' dir='ltr'><strong>libris,</strong></span> <span class='ocrx_word' id='word_1_374' title='bbox 1490 4660 1569 4713; x_wconf 86' lang='lat' dir='ltr'><strong>vel</strong></span> <span class='ocrx_word' id='word_1_375' title='bbox 1600 4660 1652 4715; x_wconf 92' lang='lat' dir='ltr'><strong>in</strong></span> 
     </span>
    </p>
   </div>
   <div class='ocr_carea' id='block_1_47' title="bbox 137 4747 1013 4820">
    <p class='ocr_par' dir='ltr' id='par_1_47' title="bbox 137 4747 1013 4820">
     <span class='ocr_line' id='line_1_47' title="bbox 137 4747 1013 4820; baseline 0.016 -32"><span class='ocrx_word' id='word_1_376' title='bbox 137 4749 295 4797; x_wconf 81' lang='lat' dir='ltr'><strong>suorum</strong></span> <span class='ocrx_word' id='word_1_377' title='bbox 318 4747 475 4803; x_wconf 87' lang='lat' dir='ltr'><strong>solent</strong></span> <span class='ocrx_word' id='word_1_378' title='bbox 502 4750 719 4806; x_wconf 87' lang='lat' dir='ltr'><strong>auribus</strong></span> <span class='ocrx_word' id='word_1_379' title='bbox 745 4764 1013 4820; x_wconf 79' lang='lat' dir='ltr'><strong>spargere.</strong></span> 
     </span>
    </p>
   </div>
   <div class='ocr_carea' id='block_1_48' title="bbox 187 4831 1655 4911">
    <p class='ocr_par' dir='ltr' id='par_1_48' title="bbox 187 4831 1655 4911">
     <span class='ocr_line' id='line_1_48' title="bbox 187 4831 1655 4911; baseline 0.007 -23"><span class='ocrx_word' id='word_1_380' title='bbox 187 4831 226 4885; x_wconf 79' lang='grc'><strong>5.</strong></span> <span class='ocrx_word' id='word_1_381' title='bbox 256 4833 353 4891; x_wconf 80' lang='lat' dir='ltr'><strong>Non</strong></span> <span class='ocrx_word' id='word_1_382' title='bbox 375 4841 541 4910; x_wconf 79' lang='lat' dir='ltr'><strong>agitur</strong></span> <span class='ocrx_word' id='word_1_383' title='bbox 562 4842 630 4897; x_wconf 87' lang='lat' dir='ltr'><strong>de</strong></span> <span class='ocrx_word' id='word_1_384' title='bbox 658 4856 763 4896; x_wconf 87' lang='lat' dir='ltr'><strong>uno</strong></span> <span class='ocrx_word' id='word_1_385' title='bbox 790 4841 1021 4911; x_wconf 77' lang='lat' dir='ltr'><strong>Pelagio,</strong></span> <span class='ocrx_word' id='word_1_386' title='bbox 1055 4840 1139 4909; x_wconf 88' lang='lat' dir='ltr'><strong>qni</strong></span> <span class='ocrx_word' id='word_1_387' title='bbox 1168 4840 1275 4909; x_wconf 86' lang='lat' dir='ltr'><strong>jam</strong></span> <span class='ocrx_word' id='word_1_388' title='bbox 1310 4839 1443 4895; x_wconf 85' lang='lat' dir='ltr'><strong>forte</strong></span> <span class='ocrx_word' id='word_1_389' title='bbox 1473 4856 1655 4898; x_wconf 59' lang='lat' dir='ltr'><strong>correa</strong></span> 
     </span>
    </p>
   </div>
   <div class='ocr_carea' id='block_1_49' title="bbox 138 4927 1654 5004">
    <p class='ocr_par' dir='ltr' id='par_1_49' title="bbox 138 4927 1654 5004">
     <span class='ocr_line' id='line_1_49' title="bbox 138 4927 1654 5004; baseline 0.013 -36"><span class='ocrx_word' id='word_1_390' title='bbox 138 4927 219 4974; x_wconf 78' lang='lat' dir='ltr'><strong>rtus</strong></span> <span class='ocrx_word' id='word_1_391' title='bbox 240 4938 322 4992; x_wconf 85' lang='lat' dir='ltr'><strong>est,</strong></span> <span class='ocrx_word' id='word_1_392' title='bbox 345 4933 473 5001; x_wconf 90' lang='lat' dir='ltr'><strong>quod</strong></span> <span class='ocrx_word' id='word_1_393' title='bbox 499 4936 697 4989; x_wconf 90' lang='lat' dir='ltr'><strong>utinam</strong></span> <span class='ocrx_word' id='word_1_394' title='bbox 728 4934 796 4987; x_wconf 91' lang='lat' dir='ltr'><strong>ita</strong></span> <span class='ocrx_word' id='word_1_395' title='bbox 826 4935 927 5000; x_wconf 81' lang='lat' dir='ltr'><strong>sit;</strong></span> <span class='ocrx_word' id='word_1_396' title='bbox 958 4932 1052 4988; x_wconf 87' lang='lat' dir='ltr'><strong>sed</strong></span> <span class='ocrx_word' id='word_1_397' title='bbox 1080 4933 1147 4987; x_wconf 89' lang='lat' dir='ltr'><strong>de</strong></span> <span class='ocrx_word' id='word_1_398' title='bbox 1175 4941 1278 4985; x_wconf 87' lang='lat' dir='ltr'><strong>tam</strong></span> <span class='ocrx_word' id='word_1_399' title='bbox 1307 4934 1506 4999; x_wconf 89' lang='lat' dir='ltr'><strong>multis,</strong></span> <span class='ocrx_word' id='word_1_400' title='bbox 1538 4936 1654 5004; x_wconf 85' lang='lat' dir='ltr'><strong>qui-</strong></span> 
     </span>
    </p>
   </div>
   <div class='ocr_carea' id='block_1_50' title="bbox 140 5008 1651 5095">
    <p class='ocr_par' dir='ltr' id='par_1_50' title="bbox 140 5008 1651 5095">
     <span class='ocr_line' id='line_1_50' title="bbox 140 5008 1651 5095; baseline 0.012 -34"><span class='ocrx_word' id='word_1_401' title='bbox 140 5008 209 5065; x_wconf 81' lang='lat' dir='ltr'><strong>bus</strong></span> <span class='ocrx_word' id='word_1_402' title='bbox 230 5015 479 5088; x_wconf 76' lang='lat' dir='ltr'><strong>loquaciter</strong></span> <span class='ocrx_word' id='word_1_403' title='bbox 504 5025 951 5080; x_wconf 87' lang='lat' dir='ltr'><strong>contendentibus</strong></span> <span class='ocrx_word' id='word_1_404' title='bbox 976 5068 988 5087; x_wconf 93' lang='lat'><strong>,</strong></span> <span class='ocrx_word' id='word_1_405' title='bbox 1030 5033 1082 5079; x_wconf 90' lang='lat' dir='ltr'><strong>et</strong></span> <span class='ocrx_word' id='word_1_406' title='bbox 1110 5025 1345 5078; x_wconf 89' lang='lat' dir='ltr'><strong>inﬁrmas</strong></span> <span class='ocrx_word' id='word_1_407' title='bbox 1373 5032 1531 5095; x_wconf 87' lang='lat' dir='ltr'><strong>atque</strong></span> <span class='ocrx_word' id='word_1_408' title='bbox 1571 5026 1651 5079; x_wconf 83' lang='lat' dir='ltr'><strong>in-</strong></span> 
     </span>
    </p>
   </div>
   <div class='ocr_carea' id='block_1_51' title="bbox 140 5105 1654 5185">
    <p class='ocr_par' dir='ltr' id='par_1_51' title="bbox 140 5105 1654 5185">
     <span class='ocr_line' id='line_1_51' title="bbox 140 5105 1654 5185; baseline 0.012 -31"><span class='ocrx_word' id='word_1_409' title='bbox 140 5105 319 5166; x_wconf 81' lang='lat' dir='ltr'><strong>etuditas</strong></span> <span class='ocrx_word' id='word_1_410' title='bbox 353 5117 546 5173; x_wconf 85' lang='lat' dir='ltr'><strong>animas</strong></span> <span class='ocrx_word' id='word_1_411' title='bbox 588 5120 731 5174; x_wconf 88' lang='lat' dir='ltr'><strong>velut</strong></span> <span class='ocrx_word' id='word_1_412' title='bbox 769 5119 973 5173; x_wconf 87' lang='lat' dir='ltr'><strong>vinctas</strong></span> <span class='ocrx_word' id='word_1_413' title='bbox 1003 5119 1023 5149; x_wconf 84' lang='grc'>¹</span> <span class='ocrx_word' id='word_1_414' title='bbox 1058 5115 1422 5185; x_wconf 89' lang='lat' dir='ltr'><strong>trahentibus,</strong></span> <span class='ocrx_word' id='word_1_415' title='bbox 1476 5117 1654 5173; x_wconf 87' lang='lat' dir='ltr'><strong>ﬁrmas</strong></span> 
     </span>
    </p>
   </div>
   <div class='ocr_carea' id='block_1_52' title="bbox 42 4260 49 4367">
    <p class='ocr_par' dir='ltr' id='par_1_52' title="bbox 42 4260 49 4367">
     <span class='ocr_line' id='line_1_52' title="bbox 44 4260 49 4331; baseline 0 0"><span class='ocrx_word' id='word_1_416' title='bbox 44 4260 49 4331; x_wconf 74' lang='grc' dir='ltr'><em>ἓ</em></span> 
     </span>
     <span class='ocr_line' id='line_1_53' title="bbox 42 4336 49 4367; baseline 0 0"><span class='ocrx_word' id='word_1_417' title='bbox 42 4336 49 4367; x_wconf 73' lang='grc' dir='ltr'><strong>ι</strong></span> 
     </span>
    </p>
   </div>
   <div class='ocr_carea' id='block_1_53' title="bbox 182 5268 1654 5339">
    <p class='ocr_par' dir='ltr' id='par_1_53' title="bbox 182 5268 1654 5339">
     <span class='ocr_line' id='line_1_54' title="bbox 182 5268 1654 5339; baseline -0.003 -7"><span class='ocrx_word' id='word_1_418' title='bbox 182 5268 319 5337; x_wconf 47' lang='grc' dir='ltr'><strong>ἶ,Αὲυά</strong></span> <span class='ocrx_word' id='word_1_419' title='bbox 338 5278 436 5328; x_wconf 70' lang='lat' dir='ltr'><strong>Boil.</strong></span> <span class='ocrx_word' id='word_1_420' title='bbox 463 5288 559 5328; x_wconf 75' lang='lat' dir='ltr'><strong>Am.</strong></span> <span class='ocrx_word' id='word_1_421' title='bbox 583 5285 656 5331; x_wconf 82' lang='lat' dir='ltr'><strong>Er.</strong></span> <span class='ocrx_word' id='word_1_422' title='bbox 684 5286 797 5330; x_wconf 80' lang='lat' dir='ltr'><strong>Lor.</strong></span> <span class='ocrx_word' id='word_1_423' title='bbox 823 5285 875 5329; x_wconf 86' lang='lat' dir='ltr'><strong>et</strong></span> <span class='ocrx_word' id='word_1_424' title='bbox 918 5276 1093 5327; x_wconf 86' lang='lat' dir='ltr'><strong>Concil.</strong></span> <span class='ocrx_word' id='word_1_425' title='bbox 1144 5277 1383 5339; x_wconf 82' lang='lat' dir='ltr'><strong>editiones</strong></span> <span class='ocrx_word' id='word_1_426' title='bbox 1400 5276 1553 5339; x_wconf 78' lang='lat' dir='ltr'><strong>,_quia</strong></span> <span class='ocrx_word' id='word_1_427' title='bbox 1576 5289 1654 5327; x_wconf 75' lang='lat' dir='ltr'><strong>vos</strong></span> 
     </span>
    </p>
   </div>
   <div class='ocr_carea' id='block_1_54' title="bbox 138 5328 1653 5406">
    <p class='ocr_par' dir='ltr' id='par_1_54' title="bbox 138 5328 1653 5406">
     <span class='ocr_line' id='line_1_55' title="bbox 138 5328 1653 5406; baseline -0.001 -16"><span class='ocrx_word' id='word_1_428' title='bbox 138 5328 495 5406; x_wconf 44' lang='grc' dir='ltr'><strong>ξῇίέζιιβϐνξυαδὶδςε</strong></span> <span class='ocrx_word' id='word_1_429' title='bbox 518 5328 781 5406; x_wconf 62' lang='lat' dir='ltr'><strong>perhibent.</strong></span> <span class='ocrx_word' id='word_1_430' title='bbox 808 5328 961 5406; x_wconf 74' lang='lat' dir='ltr'><strong>luitis.</strong></span> <span class='ocrx_word' id='word_1_431' title='bbox 991 5341 1157 5406; x_wconf 75' lang='lat' dir='ltr'><strong>\‘a_t_ic.,</strong></span> <span class='ocrx_word' id='word_1_432' title='bbox 1182 5336 1295 5401; x_wconf 80' lang='lat' dir='ltr'><strong>quia</strong></span> <span class='ocrx_word' id='word_1_433' title='bbox 1318 5328 1512 5406; x_wconf 30' lang='lat' dir='ltr'><strong>nobis?&quot;</strong></span> <span class='ocrx_word' id='word_1_434' title='bbox 1530 5352 1653 5406; x_wconf 43' lang='lat' dir='ltr'><strong>per:</strong></span> 
     </span>
    </p>
   </div>
   <div class='ocr_carea' id='block_1_55' title="bbox 138 5384 1653 5466">
    <p class='ocr_par' dir='ltr' id='par_1_55' title="bbox 138 5384 1653 5466">
     <span class='ocr_line' id='line_1_56' title="bbox 138 5384 1653 5466; baseline 0.003 -21"><span class='ocrx_word' id='word_1_435' title='bbox 138 5384 293 5466; x_wconf 57' lang='lat' dir='ltr'><strong>una,</strong></span> <span class='ocrx_word' id='word_1_436' title='bbox 312 5384 961 5466; x_wconf 55' lang='lat' dir='ltr'><strong>sau&#39;ee&#39;ng&#39;gazms;j2,;.a</strong></span> <span class='ocrx_word' id='word_1_437' title='bbox 980 5384 1563 5466; x_wconf 47' lang='lat' dir='ltr'><strong>autemautem;</strong></span> <span class='ocrx_word' id='word_1_438' title='bbox 1576 5384 1653 5466; x_wconf 62' lang='lat' dir='ltr'><strong>an</strong></span> 
     </span>
    </p>
   </div>
   <div class='ocr_carea' id='block_1_56' title="bbox 140 5459 1653 5527">
    <p class='ocr_par' dir='ltr' id='par_1_56' title="bbox 140 5459 1653 5527">
     <span class='ocr_line' id='line_1_57' title="bbox 140 5459 1653 5527; baseline -0.001 -15"><span class='ocrx_word' id='word_1_439' title='bbox 140 5459 260 5527; x_wconf 58' lang='grc' dir='ltr'>μαῖαι</span> <span class='ocrx_word' id='word_1_440' title='bbox 276 5462 487 5527; x_wconf 75' lang='lat' dir='ltr'><strong>Possidius</strong></span> <span class='ocrx_word' id='word_1_441' title='bbox 506 5479 549 5515; x_wconf 89' lang='lat' dir='ltr'><strong>e.</strong></span> <span class='ocrx_word' id='word_1_442' title='bbox 576 5459 650 5527; x_wconf 71' lang='lat' dir='ltr'><strong>i8,</strong></span> <span class='ocrx_word' id='word_1_443' title='bbox 693 5459 973 5527; x_wconf 73' lang='lat' dir='ltr'><strong>«perﬁdiam</strong></span> <span class='ocrx_word' id='word_1_444' title='bbox 996 5475 1133 5513; x_wconf 84' lang='lat' dir='ltr'><strong>suam</strong></span> <span class='ocrx_word' id='word_1_445' title='bbox 1158 5475 1246 5527; x_wconf 80' lang='lat' dir='ltr'><strong>per</strong></span> <span class='ocrx_word' id='word_1_446' title='bbox 1268 5474 1405 5511; x_wconf 88' lang='lat' dir='ltr'><strong>suam</strong></span> <span class='ocrx_word' id='word_1_447' title='bbox 1419 5459 1653 5527; x_wconf 68' lang='lat' dir='ltr'><strong>amintio-</strong></span> 
     </span>
    </p>
   </div>
   <div class='ocr_carea' id='block_1_57' title="bbox 143 5524 1654 5591">
    <p class='ocr_par' dir='ltr' id='par_1_57' title="bbox 143 5524 1654 5591">
     <span class='ocr_line' id='line_1_58' title="bbox 143 5524 1654 5591; baseline 0.002 -20"><span class='ocrx_word' id='word_1_448' title='bbox 143 5525 543 5591; x_wconf 49' lang='lat' dir='ltr'><strong>filgtupouabautur</strong></span> <span class='ocrx_word' id='word_1_449' title='bbox 576 5524 904 5591; x_wconf 68' lang='lat' dir='ltr'><strong>persuadere</strong></span> <span class='ocrx_word' id='word_1_450' title='bbox 925 5524 1231 5591; x_wconf 22' lang='lat' dir='ltr'><strong>saticthScdi</strong></span> <span class='ocrx_word' id='word_1_451' title='bbox 1260 5539 1271 5573; x_wconf 90' lang='lat'><strong>:</strong></span> <span class='ocrx_word' id='word_1_452' title='bbox 1310 5541 1331 5567; x_wconf 74' lang='grc' dir='ltr'><strong>ιι</strong></span> <span class='ocrx_word' id='word_1_453' title='bbox 1363 5537 1545 5591; x_wconf 63' lang='grc' dir='ltr'><strong>ιιθίιιιρΔ</strong></span> <span class='ocrx_word' id='word_1_454' title='bbox 1570 5524 1654 5574; x_wconf 80' lang='lat' dir='ltr'><strong>al)—</strong></span> 
     </span>
    </p>
   </div>
   <div class='ocr_carea' id='block_1_58' title="bbox 143 5574 1653 5651">
    <p class='ocr_par' dir='ltr' id='par_1_58' title="bbox 143 5574 1653 5651">
     <span class='ocr_line' id='line_1_59' title="bbox 143 5574 1653 5651; baseline 0.004 -21"><span class='ocrx_word' id='word_1_455' title='bbox 143 5574 298 5651; x_wconf 55' lang='lat' dir='ltr'><strong>ffimde</strong></span> <span class='ocrx_word' id='word_1_456' title='bbox 317 5597 422 5651; x_wconf 83' lang='lat' dir='ltr'><strong>vero</strong></span> <span class='ocrx_word' id='word_1_457' title='bbox 570 5574 813 5651; x_wconf 59' lang='lat' dir='ltr'><strong>factotum</strong></span> <span class='ocrx_word' id='word_1_458' title='bbox 840 5587 1076 5651; x_wconf 73' lang='lat' dir='ltr'><strong>ﬁnissent)</strong></span> <span class='ocrx_word' id='word_1_459' title='bbox 1110 5586 1227 5651; x_wconf 68' lang='lat' dir='ltr'><strong>ipsis</strong></span> <span class='ocrx_word' id='word_1_460' title='bbox 1249 5597 1356 5651; x_wconf 81' lang='lat' dir='ltr'><strong>eam</strong></span> <span class='ocrx_word' id='word_1_461' title='bbox 1379 5574 1460 5651; x_wconf 45' lang='lat' dir='ltr'><strong>se.</strong></span> <span class='ocrx_word' id='word_1_462' title='bbox 1478 5583 1547 5635; x_wconf 89' lang='lat' dir='ltr'><strong>illi</strong></span> <span class='ocrx_word' id='word_1_463' title='bbox 1571 5600 1653 5636; x_wconf 80' lang='lat' dir='ltr'><strong>re-</strong></span> 
     </span>
    </p>
   </div>
   <div class='ocr_carea' id='block_1_59' title="bbox 158 5646 1653 5712">
    <p class='ocr_par' dir='ltr' id='par_1_59' title="bbox 158 5646 1653 5712">
     <span class='ocr_line' id='line_1_60' title="bbox 158 5646 1653 5712; baseline 0.002 -15"><span class='ocrx_word' id='word_1_464' title='bbox 158 5646 511 5712; x_wconf 33' lang='lat' dir='ltr'><strong>summa.</strong></span> <span class='ocrx_word' id='word_1_465' title='bbox 553 5646 767 5702; x_wconf 64' lang='lat' dir='ltr'><strong>tutamen</strong></span> <span class='ocrx_word' id='word_1_466' title='bbox 788 5646 1289 5712; x_wconf 42' lang='lat' dir='ltr'><strong>amplectituur’aliam</strong></span> <span class='ocrx_word' id='word_1_467' title='bbox 1311 5646 1572 5712; x_wconf 75' lang='lat' dir='ltr'><strong>lectionem</strong></span> <span class='ocrx_word' id='word_1_468' title='bbox 1590 5661 1653 5700; x_wconf 77' lang='lat' dir='ltr'><strong>ex</strong></span> 
     </span>
    </p>
   </div>
   <div class='ocr_carea' id='block_1_60' title="bbox 38 5702 1654 5773">
    <p class='ocr_par' dir='ltr' id='par_1_60' title="bbox 38 5702 1654 5773">
     <span class='ocr_line' id='line_1_61' title="bbox 38 5702 1654 5773; baseline 0.001 -16"><span class='ocrx_word' id='word_1_469' title='bbox 38 5736 39 5745; x_wconf 62' lang='grc' dir='ltr'><strong>ι</strong></span> <span class='ocrx_word' id='word_1_470' title='bbox 141 5703 345 5773; x_wconf 57' lang='grc' dir='ltr'><strong>’ᾖξέριοιιε</strong></span> <span class='ocrx_word' id='word_1_471' title='bbox 366 5713 697 5764; x_wconf 86' lang='lat' dir='ltr'><strong>substitutama</strong></span> <span class='ocrx_word' id='word_1_472' title='bbox 723 5720 769 5761; x_wconf 84' lang='lat' dir='ltr'><strong>it.</strong></span> <span class='ocrx_word' id='word_1_473' title='bbox 789 5719 835 5760; x_wconf 77' lang='grc' dir='ltr'><strong>ι’.</strong></span> <span class='ocrx_word' id='word_1_474' title='bbox 856 5702 1121 5773; x_wconf 68' lang='lat' dir='ltr'><strong>(tuesuelio</strong></span> <span class='ocrx_word' id='word_1_475' title='bbox 1144 5709 1266 5773; x_wconf 62' lang='lat' dir='ltr'><strong>,cui</strong></span> <span class='ocrx_word' id='word_1_476' title='bbox 1292 5708 1485 5773; x_wconf 74' lang='lat' dir='ltr'><strong>vulgata</strong></span> <span class='ocrx_word' id='word_1_477' title='bbox 1508 5702 1654 5760; x_wconf 80' lang='lat' dir='ltr'><strong>lectio</strong></span> 
     </span>
    </p>
   </div>
   <div class='ocr_carea' id='block_1_61' title="bbox 38 5766 1378 5885">
    <p class='ocr_par' dir='ltr' id='par_1_61' title="bbox 38 5766 1378 5885">
     <span class='ocr_line' id='line_1_62' title="bbox 107 5766 1378 5866; baseline 0.002 -49"><span class='ocrx_word' id='word_1_478' title='bbox 107 5766 424 5866; x_wconf 50' lang='grc' dir='ltr'><strong>Ιωῖιιὶιιιειιοδιι</strong></span> <span class='ocrx_word' id='word_1_479' title='bbox 445 5775 492 5823; x_wconf 80' lang='lat' dir='ltr'><strong>in</strong></span> <span class='ocrx_word' id='word_1_480' title='bbox 511 5780 761 5826; x_wconf 69' lang='lat' dir='ltr'><strong>Romanum</strong></span> <span class='ocrx_word' id='word_1_481' title='bbox 803 5766 1083 5838; x_wconf 76' lang='lat' dir='ltr'><strong>pontiﬁcem</strong></span> <span class='ocrx_word' id='word_1_482' title='bbox 1107 5766 1378 5823; x_wconf 77' lang='lat' dir='ltr'><strong>videbatur.</strong></span> 
     </span>
     <span class='ocr_line' id='line_1_63' title="bbox 38 5828 1378 5885; baseline 0 0"><span class='ocrx_word' id='word_1_483' title='bbox 38 5828 41 5885; x_wconf 84' lang='grc' dir='ltr'><strong>Ι</strong></span> <span class='ocrx_word' id='word_1_484' title='bbox 186 5842 305 5885; x_wconf 67' lang='lat' dir='ltr'><strong>&#39;m.</strong></span> <span class='ocrx_word' id='word_1_485' title='bbox 338 5857 405 5885; x_wconf 73' lang='lat' dir='ltr'><strong>Am</strong></span> <span class='ocrx_word' id='word_1_486' title='bbox 443 5858 498 5885; x_wconf 72' lang='grc' dir='ltr'><strong>ιη.</strong></span> <span class='ocrx_word' id='word_1_487' title='bbox 540 5863 700 5885; x_wconf 64' lang='grc' dir='ltr'><strong>ιη...</strong></span> <span class='ocrx_word' id='word_1_488' title='bbox 761 5856 1031 5885; x_wconf 65' lang='grc' dir='ltr'><strong>..η-..δηηιηο</strong></span> <span class='ocrx_word' id='word_1_489' title='bbox 1084 5861 1125 5885; x_wconf 71' lang='grc' dir='ltr'><strong>ιι</strong></span> <span class='ocrx_word' id='word_1_490' title='bbox 1152 5862 1241 5885; x_wconf 64' lang='grc' dir='ltr'><strong>ηρ.</strong></span> <span class='ocrx_word' id='word_1_491' title='bbox 1309 5855 1378 5885; x_wconf 61' lang='grc' dir='ltr'><strong>..δη</strong></span> 
     </span>
    </p>
   </div>
   <div class='ocr_carea' id='block_1_62' title="bbox 186 5842 1504 5921">
    <p class='ocr_par' dir='ltr' id='par_1_62' title="bbox 186 5842 1504 5921">
     <span class='ocr_line' id='line_1_64' title="bbox 186 5842 1504 5921; baseline 0.008 -26"><span class='ocrx_word' id='word_1_492' title='bbox 186 5842 309 5897; x_wconf 67' lang='lat' dir='ltr'><strong>&#39;M.</strong></span> <span class='ocrx_word' id='word_1_493' title='bbox 334 5857 422 5903; x_wconf 77' lang='lat' dir='ltr'><strong>Am.</strong></span> <span class='ocrx_word' id='word_1_494' title='bbox 443 5858 514 5905; x_wconf 61' lang='grc' dir='ltr'><strong>υ.</strong></span> <span class='ocrx_word' id='word_1_495' title='bbox 537 5863 588 5910; x_wconf 80' lang='lat' dir='ltr'><strong>et</strong></span> <span class='ocrx_word' id='word_1_496' title='bbox 605 5864 737 5921; x_wconf 73' lang='lat' dir='ltr'><strong>um,</strong></span> <span class='ocrx_word' id='word_1_497' title='bbox 759 5856 1046 5909; x_wconf 68' lang='lat' dir='ltr'><strong>conuiuatus.</strong></span> <span class='ocrx_word' id='word_1_498' title='bbox 1076 5861 1130 5906; x_wconf 76' lang='lat' dir='ltr'><strong>At.</strong></span> <span class='ocrx_word' id='word_1_499' title='bbox 1152 5862 1281 5915; x_wconf 62' lang='lat' dir='ltr'><strong>uss,</strong></span> <span class='ocrx_word' id='word_1_500' title='bbox 1309 5855 1504 5907; x_wconf 73' lang='lat' dir='ltr'><strong>vinctas.</strong></span> 
     </span>
    </p>
   </div>
   <div class='ocr_carea' id='block_1_63' title="bbox 190 5967 938 6049">
    <p class='ocr_par' dir='ltr' id='par_1_63' title="bbox 190 5967 938 6049">
     <span class='ocr_line' id='line_1_65' title="bbox 190 5967 938 6049; baseline 0.003 -19"><span class='ocrx_word' id='word_1_501' title='bbox 190 5967 248 6035; x_wconf 75' lang='grc' dir='ltr'><strong>(η)</strong></span> <span class='ocrx_word' id='word_1_502' title='bbox 270 5980 391 6028; x_wconf 68' lang='lat' dir='ltr'><strong>Gesta</strong></span> <span class='ocrx_word' id='word_1_503' title='bbox 409 5983 729 6046; x_wconf 70' lang='lat' dir='ltr'><strong>Diospolitanze</strong></span> <span class='ocrx_word' id='word_1_504' title='bbox 750 5983 938 6049; x_wconf 80' lang='lat' dir='ltr'><strong>synodi.</strong></span> 
     </span>
    </p>
   </div>
   <div class='ocr_carea' id='block_1_64' title="bbox 3279 493 3382 552">
    <p class='ocr_par' dir='ltr' id='par_1_64' title="bbox 3279 493 3382 552">
     <span class='ocr_line' id='line_1_66' title="bbox 3279 493 3382 552; baseline 0.049 -5"><span class='ocrx_word' id='word_1_505' title='bbox 3279 493 3382 552; x_wconf 79' lang='lat'><strong>766</strong></span> 
     </span>
    </p>
   </div>
   <div class='ocr_carea' id='block_1_65' title="bbox 1791 592 3379 676">
    <p class='ocr_par' dir='ltr' id='par_1_65' title="bbox 1791 592 3379 676">
     <span class='ocr_line' id='line_1_67' title="bbox 1791 592 3379 676; baseline 0.011 -30"><span class='ocrx_word' id='word_1_506' title='bbox 1791 599 1969 647; x_wconf 79' lang='lat' dir='ltr'><strong>autem</strong></span> <span class='ocrx_word' id='word_1_507' title='bbox 1992 600 2046 648; x_wconf 86' lang='lat' dir='ltr'><strong>et</strong></span> <span class='ocrx_word' id='word_1_508' title='bbox 2071 593 2123 649; x_wconf 86' lang='lat' dir='ltr'><strong>in</strong></span> <span class='ocrx_word' id='word_1_509' title='bbox 2151 592 2253 650; x_wconf 75' lang='lat' dir='ltr'><strong>ﬁde</strong></span> <span class='ocrx_word' id='word_1_510' title='bbox 2274 595 2490 653; x_wconf 80' lang='lat' dir='ltr'><strong>Stabiles</strong></span> <span class='ocrx_word' id='word_1_511' title='bbox 2519 596 2629 670; x_wconf 86' lang='lat' dir='ltr'><strong>ipsa</strong></span> <span class='ocrx_word' id='word_1_512' title='bbox 2654 602 2997 658; x_wconf 83' lang='lat' dir='ltr'><strong>contentione</strong></span> <span class='ocrx_word' id='word_1_513' title='bbox 3020 601 3379 676; x_wconf 81' lang='lat' dir='ltr'><strong>fatigantibus,</strong></span> 
     </span>
    </p>
   </div>
   <div class='ocr_carea' id='block_1_66' title="bbox 1790 682 3383 771">
    <p class='ocr_par' dir='ltr' id='par_1_66' title="bbox 1790 682 3383 771">
     <span class='ocr_line' id='line_1_68' title="bbox 1790 682 3383 771; baseline 0.013 -33"><span class='ocrx_word' id='word_1_514' title='bbox 1790 698 2169 758; x_wconf 83' lang='lat' dir='ltr'><strong>usquequaque</strong></span> <span class='ocrx_word' id='word_1_515' title='bbox 2192 682 2299 759; x_wconf 88' lang='lat' dir='ltr'><strong>jam</strong></span> <span class='ocrx_word' id='word_1_516' title='bbox 2333 690 2485 760; x_wconf 89' lang='lat' dir='ltr'><strong>plena</strong></span> <span class='ocrx_word' id='word_1_517' title='bbox 2515 700 2637 747; x_wconf 89' lang='lat' dir='ltr'><strong>sunt</strong></span> <span class='ocrx_word' id='word_1_518' title='bbox 2668 694 2864 748; x_wconf 86' lang='lat' dir='ltr'><strong>omnia.</strong></span> <span class='ocrx_word' id='word_1_519' title='bbox 2909 696 3012 752; x_wconf 76' lang='lat' dir='ltr'><strong>Ant</strong></span> <span class='ocrx_word' id='word_1_520' title='bbox 3054 712 3183 771; x_wconf 90' lang='lat' dir='ltr'><strong>ergo</strong></span> <span class='ocrx_word' id='word_1_521' title='bbox 3223 714 3251 754; x_wconf 87' lang='lat' dir='ltr'><strong>a</strong></span> <span class='ocrx_word' id='word_1_522' title='bbox 3296 712 3383 760; x_wconf 80' lang='lat' dir='ltr'><strong>tua</strong></span> 
     </span>
    </p>
   </div>
   <div class='ocr_carea' id='block_1_67' title="bbox 1790 774 3381 860">
    <p class='ocr_par' dir='ltr' id='par_1_67' title="bbox 1790 774 3381 860">
     <span class='ocr_line' id='line_1_69' title="bbox 1790 774 3381 860; baseline 0.011 -29"><span class='ocrx_word' id='word_1_523' title='bbox 1790 774 2149 835; x_wconf 76' lang='lat' dir='ltr'><strong>Venemtione</strong></span> <span class='ocrx_word' id='word_1_524' title='bbox 2190 778 2475 837; x_wconf 82' lang='lat' dir='ltr'><strong>aceiendus</strong></span> <span class='ocrx_word' id='word_1_525' title='bbox 2506 793 2585 838; x_wconf 86' lang='lat' dir='ltr'><strong>est</strong></span> <span class='ocrx_word' id='word_1_526' title='bbox 2612 780 2833 841; x_wconf 80' lang='lat' dir='ltr'><strong>Romam</strong></span> <span class='ocrx_word' id='word_1_527' title='bbox 2855 830 2868 855; x_wconf 93' lang='lat'><strong>,</strong></span> <span class='ocrx_word' id='word_1_528' title='bbox 2901 794 2955 843; x_wconf 89' lang='lat' dir='ltr'><strong>et</strong></span> <span class='ocrx_word' id='word_1_529' title='bbox 2981 788 3265 860; x_wconf 77' lang='lat' dir='ltr'><strong>diligenter</strong></span> <span class='ocrx_word' id='word_1_530' title='bbox 3298 792 3381 849; x_wconf 89' lang='lat' dir='ltr'><strong>in-</strong></span> 
     </span>
    </p>
   </div>
   <div class='ocr_carea' id='block_1_68' title="bbox 1790 871 3382 951">
    <p class='ocr_par' dir='ltr' id='par_1_68' title="bbox 1790 871 3382 951">
     <span class='ocr_line' id='line_1_70' title="bbox 1790 871 3382 951; baseline 0.013 -28"><span class='ocrx_word' id='word_1_531' title='bbox 1790 871 2142 941; x_wconf 86' lang='lat' dir='ltr'><strong>terrogandus</strong></span> <span class='ocrx_word' id='word_1_532' title='bbox 2171 888 2327 945; x_wconf 88' lang='lat' dir='ltr'><strong>quam</strong></span> <span class='ocrx_word' id='word_1_533' title='bbox 2356 874 2496 931; x_wconf 85' lang='lat' dir='ltr'><strong>dicat</strong></span> <span class='ocrx_word' id='word_1_534' title='bbox 2522 876 2744 948; x_wconf 80' lang='lat' dir='ltr'><strong>gratiam</strong></span> <span class='ocrx_word' id='word_1_535' title='bbox 2766 922 2779 946; x_wconf 96' lang='lat'><strong>,</strong></span> <span class='ocrx_word' id='word_1_536' title='bbox 2814 894 2915 950; x_wconf 89' lang='lat' dir='ltr'><strong>qua</strong></span> <span class='ocrx_word' id='word_1_537' title='bbox 2942 879 3190 951; x_wconf 82' lang='lat' dir='ltr'><strong>fateatur,</strong></span> <span class='ocrx_word' id='word_1_538' title='bbox 3223 886 3267 940; x_wconf 93' lang='lat' dir='ltr'><strong>si</strong></span> <span class='ocrx_word' id='word_1_539' title='bbox 3298 895 3382 943; x_wconf 83' lang='lat' dir='ltr'><strong>ta-</strong></span> 
     </span>
    </p>
   </div>
   <div class='ocr_carea' id='block_1_69' title="bbox 1789 961 3384 1043">
    <p class='ocr_par' dir='ltr' id='par_1_69' title="bbox 1789 961 3384 1043">
     <span class='ocr_line' id='line_1_71' title="bbox 1789 961 3384 1043; baseline 0.011 -29"><span class='ocrx_word' id='word_1_540' title='bbox 1789 974 1910 1015; x_wconf 91' lang='lat' dir='ltr'><strong>men</strong></span> <span class='ocrx_word' id='word_1_541' title='bbox 1938 961 2047 1032; x_wconf 82' lang='lat' dir='ltr'><strong>jam</strong></span> <span class='ocrx_word' id='word_1_542' title='bbox 2082 962 2330 1032; x_wconf 80' lang='lat' dir='ltr'><strong>fateatur,</strong></span> <span class='ocrx_word' id='word_1_543' title='bbox 2359 965 2424 1021; x_wconf 91' lang='lat' dir='ltr'><strong>ad</strong></span> <span class='ocrx_word' id='word_1_544' title='bbox 2451 980 2554 1022; x_wconf 88' lang='lat' dir='ltr'><strong>non</strong></span> <span class='ocrx_word' id='word_1_545' title='bbox 2581 969 2903 1038; x_wconf 87' lang='lat' dir='ltr'><strong>peccandum</strong></span> <span class='ocrx_word' id='word_1_546' title='bbox 2930 971 3181 1043; x_wconf 82' lang='lat' dir='ltr'><strong>justeque</strong></span> <span class='ocrx_word' id='word_1_547' title='bbox 3201 975 3384 1032; x_wconf 81' lang='lat' dir='ltr'><strong>viven-</strong></span> 
     </span>
    </p>
   </div>
   <div class='ocr_carea' id='block_1_70' title="bbox 1786 1050 3386 1136">
    <p class='ocr_par' dir='ltr' id='par_1_70' title="bbox 1786 1050 3386 1136">
     <span class='ocr_line' id='line_1_72' title="bbox 1786 1050 3386 1136; baseline 0.011 -30"><span class='ocrx_word' id='word_1_548' title='bbox 1786 1051 1913 1107; x_wconf 84' lang='lat' dir='ltr'><strong>dum</strong></span> <span class='ocrx_word' id='word_1_549' title='bbox 1957 1050 2200 1110; x_wconf 86' lang='lat' dir='ltr'><strong>homines</strong></span> <span class='ocrx_word' id='word_1_550' title='bbox 2229 1055 2500 1127; x_wconf 78' lang='lat' dir='ltr'><strong>adjuvari;</strong></span> <span class='ocrx_word' id='word_1_551' title='bbox 2546 1068 2636 1112; x_wconf 89' lang='lat' dir='ltr'><strong>aut</strong></span> <span class='ocrx_word' id='word_1_552' title='bbox 2680 1059 2780 1114; x_wconf 85' lang='lat' dir='ltr'><strong>hoc</strong></span> <span class='ocrx_word' id='word_1_553' title='bbox 2821 1058 2994 1132; x_wconf 87' lang='lat' dir='ltr'><strong>ipsum</strong></span> <span class='ocrx_word' id='word_1_554' title='bbox 3034 1077 3157 1118; x_wconf 89' lang='lat' dir='ltr'><strong>cum</strong></span> <span class='ocrx_word' id='word_1_555' title='bbox 3194 1079 3259 1119; x_wconf 88' lang='lat' dir='ltr'><strong>eo</strong></span> <span class='ocrx_word' id='word_1_556' title='bbox 3285 1081 3386 1136; x_wconf 89' lang='lat' dir='ltr'><strong>per</strong></span> 
     </span>
    </p>
   </div>
   <div class='ocr_carea' id='block_1_71' title="bbox 1791 1144 3383 1220">
    <p class='ocr_par' dir='ltr' id='par_1_71' title="bbox 1791 1144 3383 1220">
     <span class='ocr_line' id='line_1_73' title="bbox 1791 1144 3383 1220; baseline 0.01 -20"><span class='ocrx_word' id='word_1_557' title='bbox 1791 1144 1997 1202; x_wconf 78' lang='lat' dir='ltr'><strong>litteras</strong></span> <span class='ocrx_word' id='word_1_558' title='bbox 2026 1149 2289 1220; x_wconf 83' lang='lat' dir='ltr'><strong>agendum</strong></span> <span class='ocrx_word' id='word_1_559' title='bbox 2320 1166 2337 1205; x_wconf 73' lang='grc' dir='ltr'><em>τ</em></span> <span class='ocrx_word' id='word_1_560' title='bbox 2364 1159 2556 1207; x_wconf 90' lang='lat' dir='ltr'><strong>etcum</strong></span> <span class='ocrx_word' id='word_1_561' title='bbox 2584 1151 2831 1208; x_wconf 85' lang='lat' dir='ltr'><strong>iuventus</strong></span> <span class='ocrx_word' id='word_1_562' title='bbox 2853 1155 3013 1210; x_wconf 82' lang='lat' dir='ltr'><strong>fuerit</strong></span> <span class='ocrx_word' id='word_1_563' title='bbox 3039 1155 3174 1213; x_wconf 88' lang='lat' dir='ltr'><strong>hanc</strong></span> <span class='ocrx_word' id='word_1_564' title='bbox 3200 1155 3383 1217; x_wconf 84' lang='lat' dir='ltr'><strong>dicere</strong></span> 
     </span>
    </p>
   </div>
   <div class='ocr_carea' id='block_1_72' title="bbox 1785 1240 3380 1315">
    <p class='ocr_par' dir='ltr' id='par_1_72' title="bbox 1785 1240 3380 1315">
     <span class='ocr_line' id='line_1_74' title="bbox 1785 1240 3380 1315; baseline 0.009 -23"><span class='ocrx_word' id='word_1_565' title='bbox 1785 1254 1945 1311; x_wconf 88' lang='lat' dir='ltr'><strong>quam</strong></span> <span class='ocrx_word' id='word_1_566' title='bbox 1990 1240 2147 1297; x_wconf 88' lang='lat' dir='ltr'><strong>docet</strong></span> <span class='ocrx_word' id='word_1_567' title='bbox 2191 1243 2553 1299; x_wconf 86' lang='lat' dir='ltr'><strong>ecclesiastica</strong></span> <span class='ocrx_word' id='word_1_568' title='bbox 2584 1252 2639 1299; x_wconf 86' lang='lat' dir='ltr'><strong>et</strong></span> <span class='ocrx_word' id='word_1_569' title='bbox 2676 1246 2963 1315; x_wconf 85' lang='lat' dir='ltr'><strong>apostolica</strong></span> <span class='ocrx_word' id='word_1_570' title='bbox 2991 1248 3218 1315; x_wconf 77' lang='lat' dir='ltr'><strong>veritas,</strong></span> <span class='ocrx_word' id='word_1_571' title='bbox 3254 1258 3380 1308; x_wconf 88' lang='lat' dir='ltr'><strong>tunc</strong></span> 
     </span>
    </p>
   </div>
   <div class='ocr_carea' id='block_1_73' title="bbox 1785 1333 3380 1411">
    <p class='ocr_par' dir='ltr' id='par_1_73' title="bbox 1785 1333 3380 1411">
     <span class='ocr_line' id='line_1_75' title="bbox 1785 1333 3380 1411; baseline 0.008 -24"><span class='ocrx_word' id='word_1_572' title='bbox 1785 1333 1901 1387; x_wconf 88' lang='lat' dir='ltr'><strong>sine</strong></span> <span class='ocrx_word' id='word_1_573' title='bbox 1930 1334 2038 1389; x_wconf 89' lang='lat' dir='ltr'><strong>ullo</strong></span> <span class='ocrx_word' id='word_1_574' title='bbox 2063 1336 2313 1406; x_wconf 84' lang='lat' dir='ltr'><strong>scrupulo</strong></span> <span class='ocrx_word' id='word_1_575' title='bbox 2335 1334 2609 1401; x_wconf 73' lang='lat' dir='ltr'><strong>Ecclesize,</strong></span> <span class='ocrx_word' id='word_1_576' title='bbox 2635 1337 2751 1392; x_wconf 85' lang='lat' dir='ltr'><strong>sine</strong></span> <span class='ocrx_word' id='word_1_577' title='bbox 2769 1336 2991 1393; x_wconf 86' lang='lat' dir='ltr'><strong>latibulo</strong></span> <span class='ocrx_word' id='word_1_578' title='bbox 3020 1341 3380 1411; x_wconf 73' lang='lat' dir='ltr'><strong>ambiguitatis</strong></span> 
     </span>
    </p>
   </div>
   <div class='ocr_carea' id='block_1_74' title="bbox 1785 1425 3380 1506">
    <p class='ocr_par' dir='ltr' id='par_1_74' title="bbox 1785 1425 3380 1506">
     <span class='ocr_line' id='line_1_76' title="bbox 1785 1425 3380 1506; baseline 0.009 -29"><span class='ocrx_word' id='word_1_579' title='bbox 1785 1425 1943 1480; x_wconf 76' lang='lat' dir='ltr'><strong>ullius</strong></span> <span class='ocrx_word' id='word_1_580' title='bbox 1970 1426 2325 1483; x_wconf 85' lang='lat' dir='ltr'><strong>absolvendus</strong></span> <span class='ocrx_word' id='word_1_581' title='bbox 2356 1436 2457 1496; x_wconf 88' lang='lat' dir='ltr'><strong>est,</strong></span> <span class='ocrx_word' id='word_1_582' title='bbox 2492 1435 2617 1483; x_wconf 87' lang='lat' dir='ltr'><strong>tunc</strong></span> <span class='ocrx_word' id='word_1_583' title='bbox 2642 1438 2723 1484; x_wconf 88' lang='lat' dir='ltr'><strong>est</strong></span> <span class='ocrx_word' id='word_1_584' title='bbox 2750 1444 2935 1486; x_wconf 84' lang='lat' dir='ltr'><strong>revera</strong></span> <span class='ocrx_word' id='word_1_585' title='bbox 2966 1430 3032 1486; x_wconf 90' lang='lat' dir='ltr'><strong>de</strong></span> <span class='ocrx_word' id='word_1_586' title='bbox 3052 1432 3168 1503; x_wconf 84' lang='lat' dir='ltr'><strong>ejus</strong></span> <span class='ocrx_word' id='word_1_587' title='bbox 3188 1444 3380 1506; x_wconf 80' lang='lat' dir='ltr'><strong>purga-</strong></span> 
     </span>
    </p>
   </div>
   <div class='ocr_carea' id='block_1_75' title="bbox 1786 1517 2312 1587">
    <p class='ocr_par' dir='ltr' id='par_1_75' title="bbox 1786 1517 2312 1587">
     <span class='ocr_line' id='line_1_77' title="bbox 1786 1517 2312 1587; baseline 0.008 -17"><span class='ocrx_word' id='word_1_588' title='bbox 1786 1518 1927 1572; x_wconf 87' lang='lat' dir='ltr'><strong>tione</strong></span> <span class='ocrx_word' id='word_1_589' title='bbox 1956 1517 2312 1587; x_wconf 85' lang='lat' dir='ltr'><strong>gaudendum.</strong></span> 
     </span>
    </p>
   </div>
   <div class='ocr_carea' id='block_1_76' title="bbox 1854 1609 3377 1682">
    <p class='ocr_par' dir='ltr' id='par_1_76' title="bbox 1854 1609 3377 1682">
     <span class='ocr_line' id='line_1_78' title="bbox 1854 1609 3377 1682; baseline 0.007 -18"><span class='ocrx_word' id='word_1_590' title='bbox 1854 1611 1906 1664; x_wconf 79' lang='grc'><strong>4.</strong></span> <span class='ocrx_word' id='word_1_591' title='bbox 1948 1609 2073 1666; x_wconf 84' lang='lat' dir='ltr'><strong>Sive</strong></span> <span class='ocrx_word' id='word_1_592' title='bbox 2114 1612 2257 1667; x_wconf 87' lang='lat' dir='ltr'><strong>enim</strong></span> <span class='ocrx_word' id='word_1_593' title='bbox 2303 1612 2529 1682; x_wconf 77' lang='lat' dir='ltr'><strong>gratiam</strong></span> <span class='ocrx_word' id='word_1_594' title='bbox 2570 1610 2764 1668; x_wconf 82' lang='lat' dir='ltr'><strong>dixerit</strong></span> <span class='ocrx_word' id='word_1_595' title='bbox 2802 1627 2922 1669; x_wconf 89' lang='lat' dir='ltr'><strong>esse</strong></span> <span class='ocrx_word' id='word_1_596' title='bbox 2958 1613 3184 1670; x_wconf 87' lang='lat' dir='ltr'><strong>liberum</strong></span> <span class='ocrx_word' id='word_1_597' title='bbox 3233 1616 3377 1673; x_wconf 87' lang='lat' dir='ltr'><strong>arbi-</strong></span> 
     </span>
    </p>
   </div>
   <div class='ocr_carea' id='block_1_77' title="bbox 1783 1701 3373 1778">
    <p class='ocr_par' dir='ltr' id='par_1_77' title="bbox 1783 1701 3373 1778">
     <span class='ocr_line' id='line_1_79' title="bbox 1783 1701 3373 1778; baseline 0.007 -24"><span class='ocrx_word' id='word_1_598' title='bbox 1783 1701 1974 1768; x_wconf 85' lang='lat' dir='ltr'><strong>trium,</strong></span> <span class='ocrx_word' id='word_1_599' title='bbox 2024 1702 2137 1759; x_wconf 86' lang='lat' dir='ltr'><strong>sive</strong></span> <span class='ocrx_word' id='word_1_600' title='bbox 2179 1706 2409 1774; x_wconf 86' lang='lat' dir='ltr'><strong>gratiam</strong></span> <span class='ocrx_word' id='word_1_601' title='bbox 2449 1718 2568 1760; x_wconf 89' lang='lat' dir='ltr'><strong>esse</strong></span> <span class='ocrx_word' id='word_1_602' title='bbox 2612 1706 2982 1761; x_wconf 83' lang='lat' dir='ltr'><strong>remissionem</strong></span> <span class='ocrx_word' id='word_1_603' title='bbox 3014 1720 3373 1778; x_wconf 87' lang='lat' dir='ltr'><strong>peccaturum,</strong></span> 
     </span>
    </p>
   </div>
   <div class='ocr_carea' id='block_1_78' title="bbox 1781 1794 3372 1872">
    <p class='ocr_par' dir='ltr' id='par_1_78' title="bbox 1781 1794 3372 1872">
     <span class='ocr_line' id='line_1_80' title="bbox 1781 1794 3372 1872; baseline 0.006 -25"><span class='ocrx_word' id='word_1_604' title='bbox 1781 1794 1892 1849; x_wconf 84' lang='lat' dir='ltr'><strong>sive</strong></span> <span class='ocrx_word' id='word_1_605' title='bbox 1917 1797 2143 1867; x_wconf 86' lang='lat' dir='ltr'><strong>gratiam</strong></span> <span class='ocrx_word' id='word_1_606' title='bbox 2164 1810 2284 1851; x_wconf 82' lang='lat' dir='ltr'><strong>esse</strong></span> <span class='ocrx_word' id='word_1_607' title='bbox 2308 1797 2435 1867; x_wconf 85' lang='lat' dir='ltr'><strong>legis</strong></span> <span class='ocrx_word' id='word_1_608' title='bbox 2460 1808 2779 1867; x_wconf 85' lang='lat' dir='ltr'><strong>praeceptum</strong></span> <span class='ocrx_word' id='word_1_609' title='bbox 2806 1815 2820 1865; x_wconf 88' lang='lat'><strong>;</strong></span> <span class='ocrx_word' id='word_1_610' title='bbox 2855 1799 2982 1853; x_wconf 91' lang='lat' dir='ltr'><strong>nihil</strong></span> <span class='ocrx_word' id='word_1_611' title='bbox 3010 1812 3194 1854; x_wconf 86' lang='lat' dir='ltr'><strong>eorum</strong></span> <span class='ocrx_word' id='word_1_612' title='bbox 3222 1802 3372 1872; x_wconf 88' lang='lat' dir='ltr'><strong>dicit,</strong></span> 
     </span>
    </p>
   </div>
   <div class='ocr_carea' id='block_1_79' title="bbox 1778 1889 3377 1965">
    <p class='ocr_par' dir='ltr' id='par_1_79' title="bbox 1778 1889 3377 1965">
     <span class='ocr_line' id='line_1_81' title="bbox 1778 1889 3377 1965; baseline 0.009 -25"><span class='ocrx_word' id='word_1_613' title='bbox 1778 1903 1897 1958; x_wconf 75' lang='lat' dir='ltr'><strong>qum</strong></span> <span class='ocrx_word' id='word_1_614' title='bbox 1928 1898 2032 1958; x_wconf 84' lang='lat' dir='ltr'><strong>per</strong></span> <span class='ocrx_word' id='word_1_615' title='bbox 2063 1889 2609 1946; x_wconf 82' lang='lat' dir='ltr'><strong>subministrationem</strong></span> <span class='ocrx_word' id='word_1_616' title='bbox 2649 1891 2875 1960; x_wconf 84' lang='lat' dir='ltr'><strong>Spiritus</strong></span> <span class='ocrx_word' id='word_1_617' title='bbox 2910 1899 3076 1948; x_wconf 80' lang='lat' dir='ltr'><strong>sancti</strong></span> <span class='ocrx_word' id='word_1_618' title='bbox 3112 1897 3377 1965; x_wconf 85' lang='lat' dir='ltr'><strong>pertinent</strong></span> 
     </span>
    </p>
   </div>
   <div class='ocr_carea' id='block_1_80' title="bbox 1778 1980 3374 2057">
    <p class='ocr_par' dir='ltr' id='par_1_80' title="bbox 1778 1980 3374 2057">
     <span class='ocr_line' id='line_1_82' title="bbox 1778 1980 3374 2057; baseline 0.007 -26"><span class='ocrx_word' id='word_1_619' title='bbox 1778 1980 1844 2032; x_wconf 87' lang='lat' dir='ltr'><strong>ad</strong></span> <span class='ocrx_word' id='word_1_620' title='bbox 1872 1982 2331 2050; x_wconf 79' lang='lat' dir='ltr'><strong>emieupisccntias</strong></span> <span class='ocrx_word' id='word_1_621' title='bbox 2365 1980 2790 2052; x_wconf 83' lang='lat' dir='ltr'><strong>tentationesqne</strong></span> <span class='ocrx_word' id='word_1_622' title='bbox 2837 1984 3126 2039; x_wconf 86' lang='lat' dir='ltr'><strong>vincendas</strong></span> <span class='ocrx_word' id='word_1_623' title='bbox 3151 2028 3164 2050; x_wconf 91' lang='lat'><strong>,</strong></span> <span class='ocrx_word' id='word_1_624' title='bbox 3214 2004 3374 2057; x_wconf 87' lang='lat' dir='ltr'><strong>quem</strong></span> 
     </span>
    </p>
   </div>
   <div class='ocr_carea' id='block_1_81' title="bbox 1777 2071 3372 2147">
    <p class='ocr_par' dir='ltr' id='par_1_81' title="bbox 1777 2071 3372 2147">
     <span class='ocr_line' id='line_1_83' title="bbox 1777 2071 3372 2147; baseline 0.007 -22"><span class='ocrx_word' id='word_1_625' title='bbox 1777 2071 2038 2127; x_wconf 81' lang='lat' dir='ltr'><strong>ditissime</strong></span> <span class='ocrx_word' id='word_1_626' title='bbox 2078 2073 2264 2127; x_wconf 76' lang='lat' dir='ltr'><strong>effudit</strong></span> <span class='ocrx_word' id='word_1_627' title='bbox 2315 2075 2365 2127; x_wconf 91' lang='lat' dir='ltr'><strong>in</strong></span> <span class='ocrx_word' id='word_1_628' title='bbox 2410 2090 2505 2129; x_wconf 82' lang='lat' dir='ltr'><strong>nos</strong></span> <span class='ocrx_word' id='word_1_629' title='bbox 2547 2074 2672 2147; x_wconf 85' lang='lat' dir='ltr'><strong>(Tit.</strong></span> <span class='ocrx_word' id='word_1_630' title='bbox 2704 2091 2779 2140; x_wconf 90' lang='grc' dir='ltr'><strong>ιιι,</strong></span> <span class='ocrx_word' id='word_1_631' title='bbox 2811 2076 2887 2146; x_wconf 81' lang='grc' dir='ltr'><strong>ϐ),</strong></span> <span class='ocrx_word' id='word_1_632' title='bbox 2930 2078 3016 2146; x_wconf 90' lang='lat' dir='ltr'><strong>qui</strong></span> <span class='ocrx_word' id='word_1_633' title='bbox 3046 2080 3285 2134; x_wconf 84' lang='lat' dir='ltr'><strong>ascendit</strong></span> <span class='ocrx_word' id='word_1_634' title='bbox 3322 2083 3372 2137; x_wconf 82' lang='lat' dir='ltr'><strong>in</strong></span> 
     </span>
    </p>
   </div>
   <div class='ocr_carea' id='block_1_82' title="bbox 1777 2166 3369 2236">
    <p class='ocr_par' dir='ltr' id='par_1_82' title="bbox 1777 2166 3369 2236">
     <span class='ocr_line' id='line_1_84' title="bbox 1777 2166 3369 2236; baseline 0.006 -18"><span class='ocrx_word' id='word_1_635' title='bbox 1777 2166 1992 2230; x_wconf 86' lang='lat' dir='ltr'><strong>coelum,</strong></span> <span class='ocrx_word' id='word_1_636' title='bbox 2026 2174 2077 2219; x_wconf 88' lang='lat' dir='ltr'><strong>et</strong></span> <span class='ocrx_word' id='word_1_637' title='bbox 2107 2166 2379 2235; x_wconf 85' lang='lat' dir='ltr'><strong>captivans</strong></span> <span class='ocrx_word' id='word_1_638' title='bbox 2406 2167 2761 2236; x_wconf 85' lang='lat' dir='ltr'><strong>captivitatem</strong></span> <span class='ocrx_word' id='word_1_639' title='bbox 2789 2167 2936 2223; x_wconf 82' lang='lat' dir='ltr'><strong>dedit</strong></span> <span class='ocrx_word' id='word_1_640' title='bbox 2965 2168 3103 2225; x_wconf 87' lang='lat' dir='ltr'><strong>dona</strong></span> <span class='ocrx_word' id='word_1_641' title='bbox 3138 2172 3369 2227; x_wconf 89' lang='lat' dir='ltr'><strong>homini-</strong></span> 
     </span>
    </p>
   </div>
   <div class='ocr_carea' id='block_1_83' title="bbox 1775 2250 3371 2333">
    <p class='ocr_par' dir='ltr' id='par_1_83' title="bbox 1775 2250 3371 2333">
     <span class='ocr_line' id='line_1_85' title="bbox 1775 2250 3371 2333; baseline 0.006 -23"><span class='ocrx_word' id='word_1_642' title='bbox 1775 2250 1874 2311; x_wconf 79' lang='lat' dir='ltr'><strong>bus</strong></span> <span class='ocrx_word' id='word_1_643' title='bbox 1917 2256 2079 2329; x_wconf 82' lang='lat' dir='ltr'><strong>(Eph.</strong></span> <span class='ocrx_word' id='word_1_644' title='bbox 2112 2273 2183 2323; x_wconf 81' lang='lat' dir='ltr'><strong>tv,</strong></span> <span class='ocrx_word' id='word_1_645' title='bbox 2215 2257 2293 2328; x_wconf 86' lang='lat'><strong>8).</strong></span> <span class='ocrx_word' id='word_1_646' title='bbox 2329 2258 2463 2312; x_wconf 85' lang='lat' dir='ltr'><strong>Hine</strong></span> <span class='ocrx_word' id='word_1_647' title='bbox 2493 2258 2633 2312; x_wconf 79' lang='lat' dir='ltr'><strong>enim</strong></span> <span class='ocrx_word' id='word_1_648' title='bbox 2676 2272 2891 2314; x_wconf 87' lang='lat' dir='ltr'><strong>oramus</strong></span> <span class='ocrx_word' id='word_1_649' title='bbox 2927 2270 2985 2315; x_wconf 84' lang='lat' dir='ltr'><strong>ut</strong></span> <span class='ocrx_word' id='word_1_650' title='bbox 3034 2273 3371 2333; x_wconf 81' lang='lat' dir='ltr'><strong>peccatorum</strong></span> 
     </span>
    </p>
   </div>
   <div class='ocr_carea' id='block_1_84' title="bbox 1777 2349 3367 2424">
    <p class='ocr_par' dir='ltr' id='par_1_84' title="bbox 1777 2349 3367 2424">
     <span class='ocr_line' id='line_1_86' title="bbox 1777 2349 3367 2424; baseline 0.007 -23"><span class='ocrx_word' id='word_1_651' title='bbox 1777 2349 2122 2403; x_wconf 83' lang='lat' dir='ltr'><strong>tentationem</strong></span> <span class='ocrx_word' id='word_1_652' title='bbox 2141 2359 2395 2418; x_wconf 86' lang='lat' dir='ltr'><strong>superare</strong></span> <span class='ocrx_word' id='word_1_653' title='bbox 2420 2350 2706 2419; x_wconf 80' lang='lat' dir='ltr'><strong>possimus,</strong></span> <span class='ocrx_word' id='word_1_654' title='bbox 2736 2360 2794 2407; x_wconf 84' lang='lat' dir='ltr'><strong>ut</strong></span> <span class='ocrx_word' id='word_1_655' title='bbox 2817 2350 3046 2424; x_wconf 79' lang='lat' dir='ltr'><strong>Spiritus</strong></span> <span class='ocrx_word' id='word_1_656' title='bbox 3077 2352 3190 2422; x_wconf 85' lang='lat' dir='ltr'><strong>Dei,</strong></span> <span class='ocrx_word' id='word_1_657' title='bbox 3224 2357 3367 2413; x_wconf 88' lang='lat' dir='ltr'><strong>unde</strong></span> 
     </span>
    </p>
   </div>
   <div class='ocr_carea' id='block_1_85' title="bbox 1774 2439 3365 2514">
    <p class='ocr_par' dir='ltr' id='par_1_85' title="bbox 1774 2439 3365 2514">
     <span class='ocr_line' id='line_1_87' title="bbox 1774 2439 3365 2514; baseline 0.008 -23"><span class='ocrx_word' id='word_1_658' title='bbox 1774 2441 1967 2510; x_wconf 77' lang='lat' dir='ltr'><strong>pignus</strong></span> <span class='ocrx_word' id='word_1_659' title='bbox 1991 2441 2291 2509; x_wconf 82' lang='lat' dir='ltr'><strong>accepimus</strong></span> <span class='ocrx_word' id='word_1_660' title='bbox 2314 2440 2378 2513; x_wconf 87' lang='lat' dir='ltr'><strong>(ll</strong></span> <span class='ocrx_word' id='word_1_661' title='bbox 2400 2439 2514 2495; x_wconf 74' lang='lat' dir='ltr'><strong>Cor.</strong></span> <span class='ocrx_word' id='word_1_662' title='bbox 2542 2458 2599 2507; x_wconf 85' lang='grc' dir='ltr'><strong>ιι,</strong></span> <span class='ocrx_word' id='word_1_663' title='bbox 2624 2443 2741 2510; x_wconf 70' lang='lat'><strong>22),</strong></span> <span class='ocrx_word' id='word_1_664' title='bbox 2764 2443 2977 2514; x_wconf 73' lang='lat' dir='ltr'><strong>adjuvet</strong></span> <span class='ocrx_word' id='word_1_665' title='bbox 2998 2444 3365 2504; x_wconf 87' lang='lat' dir='ltr'><strong>inﬁrmitatem</strong></span> 
     </span>
    </p>
   </div>
   <div class='ocr_carea' id='block_1_86' title="bbox 1773 2530 3373 2603">
    <p class='ocr_par' dir='ltr' id='par_1_86' title="bbox 1773 2530 3373 2603">
     <span class='ocr_line' id='line_1_88' title="bbox 1773 2530 3373 2603; baseline 0.006 -18"><span class='ocrx_word' id='word_1_666' title='bbox 1773 2541 2013 2585; x_wconf 83' lang='lat' dir='ltr'><strong>nostram</strong></span> <span class='ocrx_word' id='word_1_667' title='bbox 2040 2530 2217 2599; x_wconf 77' lang='lat' dir='ltr'><strong>(liam.</strong></span> <span class='ocrx_word' id='word_1_668' title='bbox 2250 2546 2359 2598; x_wconf 78' lang='lat' dir='ltr'><strong>vni,</strong></span> <span class='ocrx_word' id='word_1_669' title='bbox 2389 2531 2503 2603; x_wconf 66' lang='lat'><strong>26).</strong></span> <span class='ocrx_word' id='word_1_670' title='bbox 2534 2532 2634 2600; x_wconf 79' lang='lat' dir='ltr'><strong>Qui</strong></span> <span class='ocrx_word' id='word_1_671' title='bbox 2661 2540 2837 2588; x_wconf 82' lang='lat' dir='ltr'><strong>autem</strong></span> <span class='ocrx_word' id='word_1_672' title='bbox 2863 2542 2982 2589; x_wconf 75' lang='lat' dir='ltr'><strong>erat</strong></span> <span class='ocrx_word' id='word_1_673' title='bbox 3011 2542 3064 2590; x_wconf 84' lang='lat' dir='ltr'><strong>et</strong></span> <span class='ocrx_word' id='word_1_674' title='bbox 3093 2536 3254 2602; x_wconf 86' lang='lat' dir='ltr'><strong>dicit,</strong></span> <span class='ocrx_word' id='word_1_675' title='bbox 3286 2537 3373 2594; x_wconf 87' lang='lat' dir='ltr'><strong>Ne</strong></span> 
     </span>
    </p>
   </div>
   <div class='ocr_carea' id='block_1_87' title="bbox 1774 2625 3370 2699">
    <p class='ocr_par' dir='ltr' id='par_1_87' title="bbox 1774 2625 3370 2699">
     <span class='ocr_line' id='line_1_89' title="bbox 1774 2625 3370 2699; baseline 0.006 -22"><span class='ocrx_word' id='word_1_676' title='bbox 1774 2639 1867 2678; x_wconf 83' lang='lat' dir='ltr'><strong>uos</strong></span> <span class='ocrx_word' id='word_1_677' title='bbox 1894 2625 2085 2695; x_wconf 75' lang='lat' dir='ltr'><strong>inferas</strong></span> <span class='ocrx_word' id='word_1_678' title='bbox 2112 2626 2165 2678; x_wconf 89' lang='lat' dir='ltr'><strong>in</strong></span> <span class='ocrx_word' id='word_1_679' title='bbox 2199 2627 2542 2693; x_wconf 69' lang='lat' dir='ltr'><strong>Mutationem,</strong></span> <span class='ocrx_word' id='word_1_680' title='bbox 2577 2638 2682 2681; x_wconf 84' lang='lat' dir='ltr'><strong>non</strong></span> <span class='ocrx_word' id='word_1_681' title='bbox 2711 2628 2892 2699; x_wconf 86' lang='lat' dir='ltr'><strong>utique</strong></span> <span class='ocrx_word' id='word_1_682' title='bbox 2918 2628 2968 2683; x_wconf 89' lang='lat' dir='ltr'><strong>id</strong></span> <span class='ocrx_word' id='word_1_683' title='bbox 2992 2639 3106 2684; x_wconf 85' lang='lat' dir='ltr'><strong>orat</strong></span> <span class='ocrx_word' id='word_1_684' title='bbox 3131 2638 3187 2684; x_wconf 84' lang='lat' dir='ltr'><strong>ut</strong></span> <span class='ocrx_word' id='word_1_685' title='bbox 3209 2629 3370 2687; x_wconf 91' lang='lat' dir='ltr'><strong>homo</strong></span> 
     </span>
    </p>
   </div>
   <div class='ocr_carea' id='block_1_88' title="bbox 1772 2714 3369 2793">
    <p class='ocr_par' dir='ltr' id='par_1_88' title="bbox 1772 2714 3369 2793">
     <span class='ocr_line' id='line_1_90' title="bbox 1772 2714 3369 2793; baseline 0.007 -25"><span class='ocrx_word' id='word_1_686' title='bbox 1772 2714 1863 2782; x_wconf 81' lang='lat' dir='ltr'><strong>sit,</strong></span> <span class='ocrx_word' id='word_1_687' title='bbox 1889 2714 2032 2786; x_wconf 83' lang='lat' dir='ltr'><strong>quod</strong></span> <span class='ocrx_word' id='word_1_688' title='bbox 2059 2726 2141 2771; x_wconf 80' lang='lat' dir='ltr'><strong>est</strong></span> <span class='ocrx_word' id='word_1_689' title='bbox 2165 2727 2386 2793; x_wconf 79' lang='lat' dir='ltr'><strong>natura;</strong></span> <span class='ocrx_word' id='word_1_690' title='bbox 2422 2730 2593 2788; x_wconf 76' lang='lat' dir='ltr'><strong>neque</strong></span> <span class='ocrx_word' id='word_1_691' title='bbox 2620 2719 2671 2772; x_wconf 86' lang='lat' dir='ltr'><strong>id</strong></span> <span class='ocrx_word' id='word_1_692' title='bbox 2698 2729 2815 2773; x_wconf 74' lang='lat' dir='ltr'><strong>erat</strong></span> <span class='ocrx_word' id='word_1_693' title='bbox 2843 2728 2901 2774; x_wconf 87' lang='lat' dir='ltr'><strong>ut</strong></span> <span class='ocrx_word' id='word_1_694' title='bbox 2925 2718 3117 2776; x_wconf 85' lang='lat' dir='ltr'><strong>habeat</strong></span> <span class='ocrx_word' id='word_1_695' title='bbox 3142 2722 3369 2779; x_wconf 82' lang='lat' dir='ltr'><strong>liberum</strong></span> 
     </span>
    </p>
   </div>
   <div class='ocr_carea' id='block_1_89' title="bbox 1772 2808 3365 2886">
    <p class='ocr_par' dir='ltr' id='par_1_89' title="bbox 1772 2808 3365 2886">
     <span class='ocr_line' id='line_1_91' title="bbox 1772 2808 3365 2886; baseline 0.007 -25"><span class='ocrx_word' id='word_1_696' title='bbox 1772 2808 2071 2874; x_wconf 85' lang='lat' dir='ltr'><strong>arbitrium,</strong></span> <span class='ocrx_word' id='word_1_697' title='bbox 2104 2809 2249 2880; x_wconf 83' lang='lat' dir='ltr'><strong>quod</strong></span> <span class='ocrx_word' id='word_1_698' title='bbox 2269 2810 2380 2880; x_wconf 84' lang='lat' dir='ltr'><strong>jam</strong></span> <span class='ocrx_word' id='word_1_699' title='bbox 2412 2812 2649 2881; x_wconf 84' lang='lat' dir='ltr'><strong>accepit,</strong></span> <span class='ocrx_word' id='word_1_700' title='bbox 2683 2824 2805 2867; x_wconf 78' lang='lat' dir='ltr'><strong>cum</strong></span> <span class='ocrx_word' id='word_1_701' title='bbox 2831 2824 3104 2870; x_wconf 85' lang='lat' dir='ltr'><strong>crearetur</strong></span> <span class='ocrx_word' id='word_1_702' title='bbox 3129 2816 3241 2886; x_wconf 82' lang='lat' dir='ltr'><strong>ipsa</strong></span> <span class='ocrx_word' id='word_1_703' title='bbox 3267 2832 3365 2872; x_wconf 86' lang='lat' dir='ltr'><strong>na-</strong></span> 
     </span>
    </p>
   </div>
   <div class='ocr_carea' id='block_1_90' title="bbox 1770 2903 3369 2979">
    <p class='ocr_par' dir='ltr' id='par_1_90' title="bbox 1770 2903 3369 2979">
     <span class='ocr_line' id='line_1_92' title="bbox 1770 2903 3369 2979; baseline 0.008 -26"><span class='ocrx_word' id='word_1_704' title='bbox 1770 2908 1922 2965; x_wconf 85' lang='lat' dir='ltr'><strong>tura;</strong></span> <span class='ocrx_word' id='word_1_705' title='bbox 1954 2914 2127 2971; x_wconf 87' lang='lat' dir='ltr'><strong>neque</strong></span> <span class='ocrx_word' id='word_1_706' title='bbox 2151 2911 2268 2955; x_wconf 83' lang='lat' dir='ltr'><strong>orat</strong></span> <span class='ocrx_word' id='word_1_707' title='bbox 2295 2903 2665 2957; x_wconf 82' lang='lat' dir='ltr'><strong>remissionem</strong></span> <span class='ocrx_word' id='word_1_708' title='bbox 2704 2914 3043 2975; x_wconf 85' lang='lat' dir='ltr'><strong>peccatorum</strong></span> <span class='ocrx_word' id='word_1_709' title='bbox 3065 2949 3080 2975; x_wconf 93' lang='lat'><strong>,</strong></span> <span class='ocrx_word' id='word_1_710' title='bbox 3114 2910 3234 2979; x_wconf 86' lang='lat' dir='ltr'><strong>quia</strong></span> <span class='ocrx_word' id='word_1_711' title='bbox 3268 2909 3369 2966; x_wconf 90' lang='lat' dir='ltr'><strong>hoc</strong></span> 
     </span>
    </p>
   </div>
   <div class='ocr_carea' id='block_1_91' title="bbox 1772 2993 3363 3073">
    <p class='ocr_par' dir='ltr' id='par_1_91' title="bbox 1772 2993 3363 3073">
     <span class='ocr_line' id='line_1_93' title="bbox 1772 2993 3363 3073; baseline 0.007 -26"><span class='ocrx_word' id='word_1_712' title='bbox 1772 2994 2019 3062; x_wconf 87' lang='lat' dir='ltr'><strong>superius</strong></span> <span class='ocrx_word' id='word_1_713' title='bbox 2036 2994 2245 3062; x_wconf 87' lang='lat' dir='ltr'><strong>dicitur,</strong></span> <span class='ocrx_word' id='word_1_714' title='bbox 2274 2993 2486 3049; x_wconf 75' lang='lat' dir='ltr'><strong>Dimitte</strong></span> <span class='ocrx_word' id='word_1_715' title='bbox 2507 2996 2650 3051; x_wconf 76' lang='lat' dir='ltr'><strong>nobis</strong></span> <span class='ocrx_word' id='word_1_716' title='bbox 2672 2998 2837 3051; x_wconf 84' lang='lat' dir='ltr'><strong>debita</strong></span> <span class='ocrx_word' id='word_1_717' title='bbox 2857 3008 3033 3053; x_wconf 79' lang='lat' dir='ltr'><strong>nostra</strong></span> <span class='ocrx_word' id='word_1_718' title='bbox 3054 3000 3265 3073; x_wconf 66' lang='lat' dir='ltr'><strong>(Matt/1.</strong></span> <span class='ocrx_word' id='word_1_719' title='bbox 3292 3017 3363 3069; x_wconf 86' lang='lat' dir='ltr'><strong>vt,</strong></span> 
     </span>
    </p>
   </div>
   <div class='ocr_carea' id='block_1_92' title="bbox 1770 3084 3364 3163">
    <p class='ocr_par' dir='ltr' id='par_1_92' title="bbox 1770 3084 3364 3163">
     <span class='ocr_line' id='line_1_94' title="bbox 1770 3084 3364 3163; baseline 0.008 -26"><span class='ocrx_word' id='word_1_720' title='bbox 1770 3085 1856 3149; x_wconf 75' lang='lat' dir='ltr'><strong>i5,</strong></span> <span class='ocrx_word' id='word_1_721' title='bbox 1889 3084 2008 3155; x_wconf 67' lang='lat'><strong>12);</strong></span> <span class='ocrx_word' id='word_1_722' title='bbox 2038 3100 2211 3155; x_wconf 88' lang='lat' dir='ltr'><strong>neque</strong></span> <span class='ocrx_word' id='word_1_723' title='bbox 2237 3098 2354 3140; x_wconf 88' lang='lat' dir='ltr'><strong>orat</strong></span> <span class='ocrx_word' id='word_1_724' title='bbox 2379 3096 2435 3141; x_wconf 75' lang='lat' dir='ltr'><strong>ut</strong></span> <span class='ocrx_word' id='word_1_725' title='bbox 2458 3088 2681 3157; x_wconf 82' lang='lat' dir='ltr'><strong>accipiat</strong></span> <span class='ocrx_word' id='word_1_726' title='bbox 2706 3090 3012 3145; x_wconf 86' lang='lat' dir='ltr'><strong>mandatum</strong></span> <span class='ocrx_word' id='word_1_727' title='bbox 3039 3110 3052 3145; x_wconf 91' lang='lat'><strong>:</strong></span> <span class='ocrx_word' id='word_1_728' title='bbox 3085 3092 3185 3147; x_wconf 88' lang='lat' dir='ltr'><strong>sed</strong></span> <span class='ocrx_word' id='word_1_729' title='bbox 3199 3094 3364 3163; x_wconf 83' lang='lat' dir='ltr'><strong>plane</strong></span> 
     </span>
    </p>
   </div>
   <div class='ocr_carea' id='block_1_93' title="bbox 1768 3174 3364 3240">
    <p class='ocr_par' dir='ltr' id='par_1_93' title="bbox 1768 3174 3364 3240">
     <span class='ocr_line' id='line_1_95' title="bbox 1768 3174 3364 3240; baseline 0.007 -11"><span class='ocrx_word' id='word_1_730' title='bbox 1768 3184 1889 3229; x_wconf 85' lang='lat' dir='ltr'><strong>orat</strong></span> <span class='ocrx_word' id='word_1_731' title='bbox 1924 3183 1979 3228; x_wconf 86' lang='lat' dir='ltr'><strong>ut</strong></span> <span class='ocrx_word' id='word_1_732' title='bbox 2024 3174 2181 3229; x_wconf 85' lang='lat' dir='ltr'><strong>faciat</strong></span> <span class='ocrx_word' id='word_1_733' title='bbox 2222 3177 2529 3232; x_wconf 87' lang='lat' dir='ltr'><strong>mandatum</strong></span> <span class='ocrx_word' id='word_1_734' title='bbox 2571 3180 2609 3230; x_wconf 71' lang='grc' dir='ltr'><strong>ί.</strong></span> <span class='ocrx_word' id='word_1_735' title='bbox 2660 3178 2716 3234; x_wconf 84' lang='lat' dir='ltr'><strong>Si</strong></span> <span class='ocrx_word' id='word_1_736' title='bbox 2756 3180 2899 3234; x_wconf 86' lang='lat' dir='ltr'><strong>enim</strong></span> <span class='ocrx_word' id='word_1_737' title='bbox 2931 3181 3364 3240; x_wconf 83' lang='lat' dir='ltr'><strong>intentationem</strong></span> 
     </span>
    </p>
   </div>
   <div class='ocr_carea' id='block_1_94' title="bbox 1768 3266 3367 3341">
    <p class='ocr_par' dir='ltr' id='par_1_94' title="bbox 1768 3266 3367 3341">
     <span class='ocr_line' id='line_1_96' title="bbox 1768 3266 3367 3341; baseline 0.009 -22"><span class='ocrx_word' id='word_1_738' title='bbox 1768 3267 2017 3321; x_wconf 87' lang='lat' dir='ltr'><strong>inductus</strong></span> <span class='ocrx_word' id='word_1_739' title='bbox 2043 3266 2221 3333; x_wconf 76' lang='lat' dir='ltr'><strong>fuerit,</strong></span> <span class='ocrx_word' id='word_1_740' title='bbox 2258 3268 2359 3323; x_wconf 83' lang='lat' dir='ltr'><strong>hoc</strong></span> <span class='ocrx_word' id='word_1_741' title='bbox 2388 3278 2490 3337; x_wconf 87' lang='lat' dir='ltr'><strong>est,</strong></span> <span class='ocrx_word' id='word_1_742' title='bbox 2517 3271 2570 3325; x_wconf 91' lang='lat' dir='ltr'><strong>in</strong></span> <span class='ocrx_word' id='word_1_743' title='bbox 2614 3273 2907 3328; x_wconf 82' lang='lat' dir='ltr'><strong>tentatione</strong></span> <span class='ocrx_word' id='word_1_744' title='bbox 2932 3273 3207 3341; x_wconf 79' lang='lat' dir='ltr'><strong>defecerit,</strong></span> <span class='ocrx_word' id='word_1_745' title='bbox 3242 3276 3367 3333; x_wconf 84' lang='lat' dir='ltr'><strong>facit</strong></span> 
     </span>
    </p>
   </div>
   <div class='ocr_carea' id='block_1_95' title="bbox 1767 3360 3363 3431">
    <p class='ocr_par' dir='ltr' id='par_1_95' title="bbox 1767 3360 3363 3431">
     <span class='ocr_line' id='line_1_97' title="bbox 1767 3360 3363 3431; baseline 0.007 -18"><span class='ocrx_word' id='word_1_746' title='bbox 1767 3360 1949 3429; x_wconf 86' lang='lat' dir='ltr'><strong>utique</strong></span> <span class='ocrx_word' id='word_1_747' title='bbox 1990 3369 2273 3431; x_wconf 78' lang='lat' dir='ltr'><strong>peccatum</strong></span> <span class='ocrx_word' id='word_1_748' title='bbox 2313 3362 2455 3431; x_wconf 87' lang='lat' dir='ltr'><strong>quod</strong></span> <span class='ocrx_word' id='word_1_749' title='bbox 2494 3372 2576 3417; x_wconf 82' lang='lat' dir='ltr'><strong>est</strong></span> <span class='ocrx_word' id='word_1_750' title='bbox 2619 3372 2806 3419; x_wconf 78' lang='lat' dir='ltr'><strong>contra</strong></span> <span class='ocrx_word' id='word_1_751' title='bbox 2855 3365 3183 3421; x_wconf 85' lang='lat' dir='ltr'><strong>mandatum.</strong></span> <span class='ocrx_word' id='word_1_752' title='bbox 3231 3367 3363 3424; x_wconf 85' lang='lat' dir='ltr'><strong>Orat</strong></span> 
     </span>
    </p>
   </div>
   <div class='ocr_carea' id='block_1_96' title="bbox 1766 3453 3363 3529">
    <p class='ocr_par' dir='ltr' id='par_1_96' title="bbox 1766 3453 3363 3529">
     <span class='ocr_line' id='line_1_98' title="bbox 1766 3453 3363 3529; baseline 0.004 -22"><span class='ocrx_word' id='word_1_753' title='bbox 1766 3467 1894 3522; x_wconf 83' lang='lat' dir='ltr'><strong>ergo</strong></span> <span class='ocrx_word' id='word_1_754' title='bbox 1923 3464 1980 3507; x_wconf 93' lang='lat' dir='ltr'><strong>ut</strong></span> <span class='ocrx_word' id='word_1_755' title='bbox 2006 3469 2115 3507; x_wconf 85' lang='lat' dir='ltr'><strong>non</strong></span> <span class='ocrx_word' id='word_1_756' title='bbox 2145 3462 2351 3522; x_wconf 84' lang='lat' dir='ltr'><strong>peccet,</strong></span> <span class='ocrx_word' id='word_1_757' title='bbox 2380 3453 2482 3508; x_wconf 85' lang='lat' dir='ltr'><strong>hoc</strong></span> <span class='ocrx_word' id='word_1_758' title='bbox 2505 3462 2589 3507; x_wconf 86' lang='lat' dir='ltr'><strong>est</strong></span> <span class='ocrx_word' id='word_1_759' title='bbox 2616 3467 2681 3509; x_wconf 84' lang='lat' dir='ltr'><strong>ne</strong></span> <span class='ocrx_word' id='word_1_760' title='bbox 2707 3455 2833 3525; x_wconf 87' lang='lat' dir='ltr'><strong>quid</strong></span> <span class='ocrx_word' id='word_1_761' title='bbox 2865 3455 3025 3511; x_wconf 84' lang='lat' dir='ltr'><strong>faciat</strong></span> <span class='ocrx_word' id='word_1_762' title='bbox 3049 3456 3194 3523; x_wconf 67' lang='lat' dir='ltr'><strong>mali,</strong></span> <span class='ocrx_word' id='word_1_763' title='bbox 3223 3460 3363 3529; x_wconf 88' lang='lat' dir='ltr'><strong>quod</strong></span> 
     </span>
    </p>
   </div>
   <div class='ocr_carea' id='block_1_97' title="bbox 1766 3547 3365 3617">
    <p class='ocr_par' dir='ltr' id='par_1_97' title="bbox 1766 3547 3365 3617">
     <span class='ocr_line' id='line_1_99' title="bbox 1766 3547 3365 3617; baseline 0.003 -15"><span class='ocrx_word' id='word_1_764' title='bbox 1766 3563 1863 3617; x_wconf 82' lang='lat' dir='ltr'><strong>pro</strong></span> <span class='ocrx_word' id='word_1_765' title='bbox 1887 3547 2179 3601; x_wconf 79' lang='lat' dir='ltr'><strong>Corinthiis</strong></span> <span class='ocrx_word' id='word_1_766' title='bbox 2208 3556 2327 3601; x_wconf 86' lang='lat' dir='ltr'><strong>orat</strong></span> <span class='ocrx_word' id='word_1_767' title='bbox 2342 3548 2615 3616; x_wconf 78' lang='lat' dir='ltr'><strong>apostolus</strong></span> <span class='ocrx_word' id='word_1_768' title='bbox 2645 3548 2859 3612; x_wconf 84' lang='lat' dir='ltr'><strong>Paulus,</strong></span> <span class='ocrx_word' id='word_1_769' title='bbox 2890 3549 3111 3604; x_wconf 84' lang='lat' dir='ltr'><strong>dicens:</strong></span> <span class='ocrx_word' id='word_1_770' title='bbox 3145 3549 3365 3606; x_wconf 78' lang='lat' dir='ltr'><strong>Oramus</strong></span> 
     </span>
    </p>
   </div>
   <div class='ocr_carea' id='block_1_98' title="bbox 1764 3637 3358 3712">
    <p class='ocr_par' dir='ltr' id='par_1_98' title="bbox 1764 3637 3358 3712">
     <span class='ocr_line' id='line_1_100' title="bbox 1764 3637 3358 3712; baseline 0.004 -20"><span class='ocrx_word' id='word_1_771' title='bbox 1764 3648 1934 3693; x_wconf 80' lang='lat' dir='ltr'><strong>autem</strong></span> <span class='ocrx_word' id='word_1_772' title='bbox 1961 3638 2031 3692; x_wconf 83' lang='lat' dir='ltr'><strong>ad</strong></span> <span class='ocrx_word' id='word_1_773' title='bbox 2049 3637 2331 3693; x_wconf 83' lang='lat' dir='ltr'><strong>Dominum</strong></span> <span class='ocrx_word' id='word_1_774' title='bbox 2349 3656 2412 3692; x_wconf 84' lang='lat' dir='ltr'><strong>ne</strong></span> <span class='ocrx_word' id='word_1_775' title='bbox 2435 3640 2557 3709; x_wconf 82' lang='lat' dir='ltr'><strong>quid</strong></span> <span class='ocrx_word' id='word_1_776' title='bbox 2572 3639 2773 3711; x_wconf 73' lang='lat' dir='ltr'><strong>faciatis</strong></span> <span class='ocrx_word' id='word_1_777' title='bbox 2793 3641 2916 3693; x_wconf 81' lang='lat' dir='ltr'><strong>mali</strong></span> <span class='ocrx_word' id='word_1_778' title='bbox 2933 3640 2997 3712; x_wconf 90' lang='lat' dir='ltr'><strong>(ll</strong></span> <span class='ocrx_word' id='word_1_779' title='bbox 3016 3640 3135 3696; x_wconf 76' lang='lat' dir='ltr'><strong>Cor.</strong></span> <span class='ocrx_word' id='word_1_780' title='bbox 3153 3656 3265 3709; x_wconf 77' lang='lat' dir='ltr'><strong>xm,</strong></span> <span class='ocrx_word' id='word_1_781' title='bbox 3286 3643 3358 3711; x_wconf 16' lang='lat'><strong>7,).</strong></span> 
     </span>
    </p>
   </div>
   <div class='ocr_carea' id='block_1_99' title="bbox 1765 3730 3361 3802">
    <p class='ocr_par' dir='ltr' id='par_1_99' title="bbox 1765 3730 3361 3802">
     <span class='ocr_line' id='line_1_101' title="bbox 1765 3730 3361 3802; baseline 0.003 -15"><span class='ocrx_word' id='word_1_782' title='bbox 1765 3730 1917 3787; x_wconf 88' lang='lat' dir='ltr'><strong>Unde</strong></span> <span class='ocrx_word' id='word_1_783' title='bbox 1940 3732 2067 3786; x_wconf 88' lang='lat' dir='ltr'><strong>satis</strong></span> <span class='ocrx_word' id='word_1_784' title='bbox 2090 3740 2310 3802; x_wconf 86' lang='lat' dir='ltr'><strong>apparet</strong></span> <span class='ocrx_word' id='word_1_785' title='bbox 2337 3731 2482 3801; x_wconf 88' lang='lat' dir='ltr'><strong>quod</strong></span> <span class='ocrx_word' id='word_1_786' title='bbox 2506 3731 2573 3787; x_wconf 87' lang='lat' dir='ltr'><strong>ad</strong></span> <span class='ocrx_word' id='word_1_787' title='bbox 2598 3747 2702 3786; x_wconf 88' lang='lat' dir='ltr'><strong>non</strong></span> <span class='ocrx_word' id='word_1_788' title='bbox 2724 3732 3071 3802; x_wconf 71' lang='lat' dir='ltr'><strong>peccandum,</strong></span> <span class='ocrx_word' id='word_1_789' title='bbox 3098 3733 3151 3788; x_wconf 75' lang='lat' dir='ltr'><strong>id</strong></span> <span class='ocrx_word' id='word_1_790' title='bbox 3166 3745 3269 3801; x_wconf 70' lang='lat' dir='ltr'><strong>est,</strong></span> <span class='ocrx_word' id='word_1_791' title='bbox 3292 3737 3361 3791; x_wconf 86' lang='lat' dir='ltr'><strong>ad</strong></span> 
     </span>
    </p>
   </div>
   <div class='ocr_carea' id='block_1_100' title="bbox 1763 3823 3365 3893">
    <p class='ocr_par' dir='ltr' id='par_1_100' title="bbox 1763 3823 3365 3893">
     <span class='ocr_line' id='line_1_102' title="bbox 1763 3823 3365 3893; baseline 0.004 -16"><span class='ocrx_word' id='word_1_792' title='bbox 1763 3839 1869 3877; x_wconf 86' lang='lat' dir='ltr'><strong>non</strong></span> <span class='ocrx_word' id='word_1_793' title='bbox 1902 3825 2039 3877; x_wconf 87' lang='lat' dir='ltr'><strong>male</strong></span> <span class='ocrx_word' id='word_1_794' title='bbox 2072 3823 2395 3891; x_wconf 83' lang='lat' dir='ltr'><strong>faciendum,</strong></span> <span class='ocrx_word' id='word_1_795' title='bbox 2426 3825 2673 3893; x_wconf 72' lang='lat' dir='ltr'><strong>quamvis</strong></span> <span class='ocrx_word' id='word_1_796' title='bbox 2694 3840 2816 3879; x_wconf 78' lang='lat' dir='ltr'><strong>esse</strong></span> <span class='ocrx_word' id='word_1_797' title='bbox 2845 3840 2950 3880; x_wconf 90' lang='lat' dir='ltr'><strong>non</strong></span> <span class='ocrx_word' id='word_1_798' title='bbox 2978 3826 3254 3882; x_wconf 65' lang='lat' dir='ltr'><strong>dubitatur</strong></span> <span class='ocrx_word' id='word_1_799' title='bbox 3278 3845 3365 3883; x_wconf 83' lang='lat' dir='ltr'><strong>ar-</strong></span> 
     </span>
    </p>
   </div>
   <div class='ocr_carea' id='block_1_101' title="bbox 1763 3914 3358 3989">
    <p class='ocr_par' dir='ltr' id='par_1_101' title="bbox 1763 3914 3358 3989">
     <span class='ocr_line' id='line_1_103' title="bbox 1763 3914 3358 3989; baseline 0.004 -21"><span class='ocrx_word' id='word_1_800' title='bbox 1763 3914 1977 3969; x_wconf 83' lang='lat' dir='ltr'><strong>bitrium</strong></span> <span class='ocrx_word' id='word_1_801' title='bbox 2008 3916 2328 3981; x_wconf 79' lang='lat' dir='ltr'><strong>voluntatis,</strong></span> <span class='ocrx_word' id='word_1_802' title='bbox 2357 3924 2533 3970; x_wconf 85' lang='lat' dir='ltr'><strong>tamen</strong></span> <span class='ocrx_word' id='word_1_803' title='bbox 2564 3916 2682 3983; x_wconf 75' lang='lat' dir='ltr'><strong>ejus</strong></span> <span class='ocrx_word' id='word_1_804' title='bbox 2708 3927 2948 3985; x_wconf 81' lang='lat' dir='ltr'><strong>potestas</strong></span> <span class='ocrx_word' id='word_1_805' title='bbox 2974 3932 3087 3973; x_wconf 28' lang='lat' dir='ltr'><strong>non.</strong></span> <span class='ocrx_word' id='word_1_806' title='bbox 3107 3918 3358 3989; x_wconf 85' lang='lat' dir='ltr'><strong>sufﬁciat,</strong></span> 
     </span>
    </p>
   </div>
   <div class='ocr_carea' id='block_1_102' title="bbox 1762 4006 3361 4077">
    <p class='ocr_par' dir='ltr' id='par_1_102' title="bbox 1762 4006 3361 4077">
     <span class='ocr_line' id='line_1_104' title="bbox 1762 4006 3361 4077; baseline 0.004 -18"><span class='ocrx_word' id='word_1_807' title='bbox 1762 4007 1864 4060; x_wconf 81' lang='lat' dir='ltr'><strong>nisi</strong></span> <span class='ocrx_word' id='word_1_808' title='bbox 1891 4006 2175 4075; x_wconf 87' lang='lat' dir='ltr'><strong>adjuvetur</strong></span> <span class='ocrx_word' id='word_1_809' title='bbox 2196 4006 2495 4060; x_wconf 82' lang='lat' dir='ltr'><strong>inﬁrmitas.</strong></span> <span class='ocrx_word' id='word_1_810' title='bbox 2523 4008 2636 4075; x_wconf 80' lang='lat' dir='ltr'><strong>ipsa</strong></span> <span class='ocrx_word' id='word_1_811' title='bbox 2667 4008 2828 4077; x_wconf 88' lang='lat' dir='ltr'><strong>igitur</strong></span> <span class='ocrx_word' id='word_1_812' title='bbox 2853 4010 3046 4070; x_wconf 85' lang='lat' dir='ltr'><strong>oratio,</strong></span> <span class='ocrx_word' id='word_1_813' title='bbox 3067 4010 3361 4067; x_wconf 84' lang='lat' dir='ltr'><strong>clarissima</strong></span> 
     </span>
    </p>
   </div>
   <div class='ocr_carea' id='block_1_103' title="bbox 1762 4098 3359 4168">
    <p class='ocr_par' dir='ltr' id='par_1_103' title="bbox 1762 4098 3359 4168">
     <span class='ocr_line' id='line_1_105' title="bbox 1762 4098 3359 4168; baseline 0.003 -14"><span class='ocrx_word' id='word_1_814' title='bbox 1762 4108 1841 4154; x_wconf 85' lang='lat' dir='ltr'><strong>est</strong></span> <span class='ocrx_word' id='word_1_815' title='bbox 1868 4098 2049 4168; x_wconf 63' lang='lat' dir='ltr'><strong>gratia:</strong></span> <span class='ocrx_word' id='word_1_816' title='bbox 2080 4098 2419 4153; x_wconf 85' lang='lat' dir='ltr'><strong>testiﬁcatio:</strong></span> <span class='ocrx_word' id='word_1_817' title='bbox 2446 4098 2581 4153; x_wconf 84' lang='lat' dir='ltr'><strong>hanc</strong></span> <span class='ocrx_word' id='word_1_818' title='bbox 2621 4099 2709 4151; x_wconf 86' lang='lat' dir='ltr'><strong>ille</strong></span> <span class='ocrx_word' id='word_1_819' title='bbox 2754 4100 3106 4167; x_wconf 85' lang='lat' dir='ltr'><strong>conﬁteatur,</strong></span> <span class='ocrx_word' id='word_1_820' title='bbox 3153 4111 3211 4156; x_wconf 79' lang='lat' dir='ltr'><strong>et</strong></span> <span class='ocrx_word' id='word_1_821' title='bbox 3237 4117 3359 4158; x_wconf 90' lang='lat' dir='ltr'><strong>eum</strong></span> 
     </span>
    </p>
   </div>
   <div class='ocr_carea' id='block_1_104' title="bbox 1760 4192 2995 4262">
    <p class='ocr_par' dir='ltr' id='par_1_104' title="bbox 1760 4192 2995 4262">
     <span class='ocr_line' id='line_1_106' title="bbox 1760 4192 2995 4262; baseline 0.002 -17"><span class='ocrx_word' id='word_1_822' title='bbox 1760 4192 2109 4262; x_wconf 79' lang='lat' dir='ltr'><strong>gaudebimus</strong></span> <span class='ocrx_word' id='word_1_823' title='bbox 2134 4193 2249 4247; x_wconf 83' lang='lat' dir='ltr'><strong>sive</strong></span> <span class='ocrx_word' id='word_1_824' title='bbox 2278 4201 2500 4256; x_wconf 82' lang='lat' dir='ltr'><strong>rectum,</strong></span> <span class='ocrx_word' id='word_1_825' title='bbox 2528 4193 2641 4248; x_wconf 82' lang='lat' dir='ltr'><strong>sive</strong></span> <span class='ocrx_word' id='word_1_826' title='bbox 2666 4204 2995 4247; x_wconf 84' lang='lat' dir='ltr'><strong>correctum.</strong></span> 
     </span>
    </p>
   </div>
   <div class='ocr_carea' id='block_1_105' title="bbox 1832 4283 3347 4355">
    <p class='ocr_par' dir='ltr' id='par_1_105' title="bbox 1832 4283 3347 4355">
     <span class='ocr_line' id='line_1_107' title="bbox 1832 4283 3347 4355; baseline 0.001 -16"><span class='ocrx_word' id='word_1_827' title='bbox 1832 4285 1886 4339; x_wconf 82' lang='lat'><strong>5.</strong></span> <span class='ocrx_word' id='word_1_828' title='bbox 1925 4283 2304 4353; x_wconf 72' lang='lat' dir='ltr'><strong>Distinguenda</strong></span> <span class='ocrx_word' id='word_1_829' title='bbox 2333 4293 2413 4338; x_wconf 90' lang='lat' dir='ltr'><strong>est</strong></span> <span class='ocrx_word' id='word_1_830' title='bbox 2444 4284 2527 4338; x_wconf 79' lang='lat' dir='ltr'><strong>lex</strong></span> <span class='ocrx_word' id='word_1_831' title='bbox 2549 4324 2563 4348; x_wconf 92' lang='lat'><strong>,</strong></span> <span class='ocrx_word' id='word_1_832' title='bbox 2597 4294 2651 4339; x_wconf 85' lang='lat' dir='ltr'><strong>et</strong></span> <span class='ocrx_word' id='word_1_833' title='bbox 2671 4285 2860 4355; x_wconf 71' lang='lat' dir='ltr'><strong>gratia.</strong></span> <span class='ocrx_word' id='word_1_834' title='bbox 2893 4283 3005 4340; x_wconf 79' lang='lat' dir='ltr'><strong>Lex</strong></span> <span class='ocrx_word' id='word_1_835' title='bbox 3025 4283 3217 4355; x_wconf 77' lang='lat' dir='ltr'><strong>jubere</strong></span> <span class='ocrx_word' id='word_1_836' title='bbox 3243 4298 3347 4341; x_wconf 35' lang='lat' dir='ltr'><strong>nos</strong></span> 
     </span>
    </p>
   </div>
   <div class='ocr_carea' id='block_1_106' title="bbox 1758 4374 3353 4447">
    <p class='ocr_par' dir='ltr' id='par_1_106' title="bbox 1758 4374 3353 4447">
     <span class='ocr_line' id='line_1_108' title="bbox 1758 4374 3353 4447; baseline 0.002 -16"><span class='ocrx_word' id='word_1_837' title='bbox 1758 4377 1855 4443; x_wconf 84' lang='lat' dir='ltr'><strong>vit,</strong></span> <span class='ocrx_word' id='word_1_838' title='bbox 1878 4376 2044 4445; x_wconf 89' lang='lat' dir='ltr'><strong>gratia</strong></span> <span class='ocrx_word' id='word_1_839' title='bbox 2065 4375 2275 4446; x_wconf 82' lang='lat' dir='ltr'><strong>juvarc.</strong></span> <span class='ocrx_word' id='word_1_840' title='bbox 2295 4374 2400 4431; x_wconf 84' lang='lat' dir='ltr'><strong>Nec</strong></span> <span class='ocrx_word' id='word_1_841' title='bbox 2423 4375 2508 4429; x_wconf 81' lang='lat' dir='ltr'><strong>lex</strong></span> <span class='ocrx_word' id='word_1_842' title='bbox 2528 4376 2763 4445; x_wconf 87' lang='lat' dir='ltr'><strong>juberet,</strong></span> <span class='ocrx_word' id='word_1_843' title='bbox 2791 4377 2890 4431; x_wconf 89' lang='lat' dir='ltr'><strong>nisi</strong></span> <span class='ocrx_word' id='word_1_844' title='bbox 2907 4387 3052 4433; x_wconf 84' lang='lat' dir='ltr'><strong>esset</strong></span> <span class='ocrx_word' id='word_1_845' title='bbox 3071 4377 3353 4447; x_wconf 84' lang='lat' dir='ltr'><strong>voluntas;</strong></span> 
     </span>
    </p>
   </div>
   <div class='ocr_carea' id='block_1_107' title="bbox 1760 4468 3358 4540">
    <p class='ocr_par' dir='ltr' id='par_1_107' title="bbox 1760 4468 3358 4540">
     <span class='ocr_line' id='line_1_109' title="bbox 1760 4468 3358 4540; baseline 0.001 -15"><span class='ocrx_word' id='word_1_846' title='bbox 1760 4484 1862 4526; x_wconf 85' lang='lat' dir='ltr'><strong>nec</strong></span> <span class='ocrx_word' id='word_1_847' title='bbox 1888 4470 2057 4540; x_wconf 87' lang='lat' dir='ltr'><strong>gratia</strong></span> <span class='ocrx_word' id='word_1_848' title='bbox 2080 4468 2318 4539; x_wconf 88' lang='lat' dir='ltr'><strong>juvaret,</strong></span> <span class='ocrx_word' id='word_1_849' title='bbox 2350 4469 2394 4522; x_wconf 91' lang='lat' dir='ltr'><strong>si</strong></span> <span class='ocrx_word' id='word_1_850' title='bbox 2422 4478 2506 4524; x_wconf 85' lang='lat' dir='ltr'><strong>sat</strong></span> <span class='ocrx_word' id='word_1_851' title='bbox 2535 4478 2679 4525; x_wconf 84' lang='lat' dir='ltr'><strong>esset</strong></span> <span class='ocrx_word' id='word_1_852' title='bbox 2720 4470 2987 4526; x_wconf 84' lang='lat' dir='ltr'><strong>voluntas.</strong></span> <span class='ocrx_word' id='word_1_853' title='bbox 3033 4470 3262 4527; x_wconf 68' lang='lat' dir='ltr'><strong>labetur</strong></span> <span class='ocrx_word' id='word_1_854' title='bbox 3299 4482 3358 4528; x_wconf 91' lang='lat' dir='ltr'><strong>ut</strong></span> 
     </span>
    </p>
   </div>
   <div class='ocr_carea' id='block_1_108' title="bbox 1760 4561 3358 4629">
    <p class='ocr_par' dir='ltr' id='par_1_108' title="bbox 1760 4561 3358 4629">
     <span class='ocr_line' id='line_1_110' title="bbox 1760 4561 3358 4629; baseline 0.002 -14"><span class='ocrx_word' id='word_1_855' title='bbox 1760 4561 2053 4618; x_wconf 86' lang='lat' dir='ltr'><strong>habeamus</strong></span> <span class='ocrx_word' id='word_1_856' title='bbox 2083 4561 2448 4628; x_wconf 84' lang='lat' dir='ltr'><strong>intellecmm,</strong></span> <span class='ocrx_word' id='word_1_857' title='bbox 2487 4561 2575 4616; x_wconf 83' lang='lat' dir='ltr'><strong>ubi</strong></span> <span class='ocrx_word' id='word_1_858' title='bbox 2602 4562 2835 4629; x_wconf 82' lang='lat' dir='ltr'><strong>dicitur,</strong></span> <span class='ocrx_word' id='word_1_859' title='bbox 2884 4562 3059 4617; x_wconf 71' lang='lat' dir='ltr'><strong>Nolite</strong></span> <span class='ocrx_word' id='word_1_860' title='bbox 3093 4581 3205 4619; x_wconf 73' lang='lat' dir='ltr'><strong>esse</strong></span> <span class='ocrx_word' id='word_1_861' title='bbox 3230 4566 3358 4618; x_wconf 82' lang='lat' dir='ltr'><strong>sicut</strong></span> 
     </span>
    </p>
   </div>
   <div class='ocr_carea' id='block_1_109' title="bbox 1760 4653 3353 4727">
    <p class='ocr_par' dir='ltr' id='par_1_109' title="bbox 1760 4653 3353 4727">
     <span class='ocr_line' id='line_1_111' title="bbox 1760 4653 3353 4727; baseline 0.002 -19"><span class='ocrx_word' id='word_1_862' title='bbox 1760 4670 1913 4726; x_wconf 81' lang='lat' dir='ltr'><strong>equus</strong></span> <span class='ocrx_word' id='word_1_863' title='bbox 1929 4665 1976 4707; x_wconf 85' lang='lat' dir='ltr'><strong>et</strong></span> <span class='ocrx_word' id='word_1_864' title='bbox 1992 4655 2177 4721; x_wconf 80' lang='lat' dir='ltr'><strong>mutus,</strong></span> <span class='ocrx_word' id='word_1_865' title='bbox 2195 4653 2375 4725; x_wconf 82' lang='lat' dir='ltr'><strong>quibus</strong></span> <span class='ocrx_word' id='word_1_866' title='bbox 2391 4654 2579 4708; x_wconf 57' lang='lat' dir='ltr'><strong>non’est</strong></span> <span class='ocrx_word' id='word_1_867' title='bbox 2601 4653 2881 4709; x_wconf 75' lang='lat' dir='ltr'><strong>intellectus</strong></span> <span class='ocrx_word' id='word_1_868' title='bbox 2907 4654 2926 4725; x_wconf 70' lang='grc' dir='ltr'><strong><em>ί</em></strong></span> <span class='ocrx_word' id='word_1_869' title='bbox 2937 4654 3077 4710; x_wconf 77' lang='lat' dir='ltr'><strong>Psat.</strong></span> <span class='ocrx_word' id='word_1_870' title='bbox 3103 4670 3254 4719; x_wconf 76' lang='lat' dir='ltr'><strong>xm.</strong></span> <span class='ocrx_word' id='word_1_871' title='bbox 3275 4657 3353 4727; x_wconf 90' lang='lat'><strong>9);</strong></span> 
     </span>
    </p>
   </div>
   <div class='ocr_carea' id='block_1_110' title="bbox 1759 4746 3348 4811">
    <p class='ocr_par' dir='ltr' id='par_1_110' title="bbox 1759 4746 3348 4811">
     <span class='ocr_line' id='line_1_112' title="bbox 1759 4746 3348 4811; baseline 0.001 -10"><span class='ocrx_word' id='word_1_872' title='bbox 1759 4758 1812 4801; x_wconf 89' lang='lat' dir='ltr'><strong>et</strong></span> <span class='ocrx_word' id='word_1_873' title='bbox 1842 4756 2018 4802; x_wconf 87' lang='lat' dir='ltr'><strong>tamen</strong></span> <span class='ocrx_word' id='word_1_874' title='bbox 2054 4760 2272 4801; x_wconf 87' lang='lat' dir='ltr'><strong>oramus</strong></span> <span class='ocrx_word' id='word_1_875' title='bbox 2302 4755 2360 4801; x_wconf 85' lang='lat' dir='ltr'><strong>ut</strong></span> <span class='ocrx_word' id='word_1_876' title='bbox 2390 4746 2679 4802; x_wconf 80' lang='lat' dir='ltr'><strong>habeamus</strong></span> <span class='ocrx_word' id='word_1_877' title='bbox 2708 4748 3060 4811; x_wconf 87' lang='lat' dir='ltr'><strong>intellectum,</strong></span> <span class='ocrx_word' id='word_1_878' title='bbox 3095 4748 3182 4803; x_wconf 90' lang='lat' dir='ltr'><strong>ubi</strong></span> <span class='ocrx_word' id='word_1_879' title='bbox 3214 4748 3348 4803; x_wconf 85' lang='lat' dir='ltr'><strong>dici-</strong></span> 
     </span>
    </p>
   </div>
   <div class='ocr_carea' id='block_1_111' title="bbox 1759 4837 3351 4911">
    <p class='ocr_par' dir='ltr' id='par_1_111' title="bbox 1759 4837 3351 4911">
     <span class='ocr_line' id='line_1_113' title="bbox 1759 4837 3351 4911; baseline 0.002 -19"><span class='ocrx_word' id='word_1_880' title='bbox 1759 4848 1863 4902; x_wconf 88' lang='lat' dir='ltr'><strong>tur,</strong></span> <span class='ocrx_word' id='word_1_881' title='bbox 1894 4838 1975 4892; x_wconf 86' lang='lat' dir='ltr'><strong>Da</strong></span> <span class='ocrx_word' id='word_1_882' title='bbox 2002 4840 2124 4892; x_wconf 80' lang='lat' dir='ltr'><strong>mihi</strong></span> <span class='ocrx_word' id='word_1_883' title='bbox 2151 4837 2463 4892; x_wconf 76' lang='lat' dir='ltr'><strong>intellectum</strong></span> <span class='ocrx_word' id='word_1_884' title='bbox 2490 4848 2545 4891; x_wconf 86' lang='lat' dir='ltr'><strong>ut</strong></span> <span class='ocrx_word' id='word_1_885' title='bbox 2571 4839 2763 4893; x_wconf 86' lang='lat' dir='ltr'><strong>discam</strong></span> <span class='ocrx_word' id='word_1_886' title='bbox 2794 4839 3041 4893; x_wconf 84' lang='lat' dir='ltr'><strong>mandata</strong></span> <span class='ocrx_word' id='word_1_887' title='bbox 3069 4848 3155 4893; x_wconf 84' lang='lat' dir='ltr'><strong>tua</strong></span> <span class='ocrx_word' id='word_1_888' title='bbox 3180 4838 3351 4911; x_wconf 81' lang='lat' dir='ltr'><strong>(Psal.</strong></span> 
     </span>
    </p>
   </div>
   <div class='ocr_carea' id='block_1_112' title="bbox 1759 4929 3354 5001">
    <p class='ocr_par' dir='ltr' id='par_1_112' title="bbox 1759 4929 3354 5001">
     <span class='ocr_line' id='line_1_114' title="bbox 1759 4929 3354 5001; baseline 0.001 -15"><span class='ocrx_word' id='word_1_889' title='bbox 1759 4946 1943 4992; x_wconf 79' lang='lat' dir='ltr'><strong>cxvm,</strong></span> <span class='ocrx_word' id='word_1_890' title='bbox 1977 4930 2124 4999; x_wconf 71' lang='grc'>125).</span> <span class='ocrx_word' id='word_1_891' title='bbox 2152 4929 2378 4985; x_wconf 80' lang='lat' dir='ltr'><strong>Jubetur</strong></span> <span class='ocrx_word' id='word_1_892' title='bbox 2403 4940 2461 4983; x_wconf 91' lang='lat' dir='ltr'><strong>ut</strong></span> <span class='ocrx_word' id='word_1_893' title='bbox 2486 4930 2778 4985; x_wconf 85' lang='lat' dir='ltr'><strong>habeamus</strong></span> <span class='ocrx_word' id='word_1_894' title='bbox 2803 4932 3136 5001; x_wconf 85' lang='lat' dir='ltr'><strong>sapientiam,</strong></span> <span class='ocrx_word' id='word_1_895' title='bbox 3164 4932 3252 4989; x_wconf 81' lang='lat' dir='ltr'><strong>ubi</strong></span> <span class='ocrx_word' id='word_1_896' title='bbox 3272 4933 3354 4988; x_wconf 81' lang='lat' dir='ltr'><strong>di-</strong></span> 
     </span>
    </p>
   </div>
   <div class='ocr_carea' id='block_1_113' title="bbox 1759 5020 3351 5097">
    <p class='ocr_par' dir='ltr' id='par_1_113' title="bbox 1759 5020 3351 5097">
     <span class='ocr_line' id='line_1_115' title="bbox 1759 5020 3351 5097; baseline 0.004 -22"><span class='ocrx_word' id='word_1_897' title='bbox 1759 5022 1913 5083; x_wconf 90' lang='lat' dir='ltr'><strong>citur,</strong></span> <span class='ocrx_word' id='word_1_898' title='bbox 1945 5020 2101 5075; x_wconf 84' lang='lat' dir='ltr'><strong>Stulti</strong></span> <span class='ocrx_word' id='word_1_899' title='bbox 2126 5022 2402 5091; x_wconf 78' lang='lat' dir='ltr'><strong>aliquando</strong></span> <span class='ocrx_word' id='word_1_900' title='bbox 2426 5023 2586 5093; x_wconf 79' lang='lat' dir='ltr'><strong>sapite</strong></span> <span class='ocrx_word' id='word_1_901' title='bbox 2612 5020 2951 5097; x_wconf 64' lang='lat' dir='ltr'><strong>(Pathum,</strong></span> <span class='ocrx_word' id='word_1_902' title='bbox 2980 5020 3073 5095; x_wconf 87' lang='lat'><strong>8);</strong></span> <span class='ocrx_word' id='word_1_903' title='bbox 3099 5033 3153 5079; x_wconf 84' lang='lat' dir='ltr'><strong>et</strong></span> <span class='ocrx_word' id='word_1_904' title='bbox 3175 5032 3351 5082; x_wconf 89' lang='lat' dir='ltr'><strong>tamen</strong></span> 
     </span>
    </p>
   </div>
   <div class='ocr_carea' id='block_1_114' title="bbox 1759 5112 3354 5190">
    <p class='ocr_par' dir='ltr' id='par_1_114' title="bbox 1759 5112 3354 5190">
     <span class='ocr_line' id='line_1_116' title="bbox 1759 5112 3354 5190; baseline 0.004 -23"><span class='ocrx_word' id='word_1_905' title='bbox 1759 5121 1939 5167; x_wconf 89' lang='lat' dir='ltr'><strong>oratur</strong></span> <span class='ocrx_word' id='word_1_906' title='bbox 1971 5121 2027 5167; x_wconf 89' lang='lat' dir='ltr'><strong>ut</strong></span> <span class='ocrx_word' id='word_1_907' title='bbox 2056 5112 2347 5169; x_wconf 73' lang='lat' dir='ltr'><strong>habeamus</strong></span> <span class='ocrx_word' id='word_1_908' title='bbox 2374 5114 2708 5184; x_wconf 75' lang='lat' dir='ltr'><strong>sapientiam,</strong></span> <span class='ocrx_word' id='word_1_909' title='bbox 2751 5114 2840 5168; x_wconf 87' lang='lat' dir='ltr'><strong>ubi</strong></span> <span class='ocrx_word' id='word_1_910' title='bbox 2875 5114 3094 5179; x_wconf 82' lang='lat' dir='ltr'><strong>dicitur.</strong></span> <span class='ocrx_word' id='word_1_911' title='bbox 3137 5115 3198 5172; x_wconf 85' lang='lat' dir='ltr'><strong>Si</strong></span> <span class='ocrx_word' id='word_1_912' title='bbox 3238 5120 3354 5190; x_wconf 80' lang='lat' dir='ltr'><strong>quis</strong></span> 
     </span>
    </p>
   </div>
   <div class='ocr_carea' id='block_1_115' title="bbox 1758 5205 3353 5279">
    <p class='ocr_par' dir='ltr' id='par_1_115' title="bbox 1758 5205 3353 5279">
     <span class='ocr_line' id='line_1_117' title="bbox 1758 5205 3353 5279; baseline 0.004 -21"><span class='ocrx_word' id='word_1_913' title='bbox 1758 5215 1925 5259; x_wconf 77' lang='lat' dir='ltr'><strong>autem</strong></span> <span class='ocrx_word' id='word_1_914' title='bbox 1952 5214 2169 5259; x_wconf 82' lang='lat' dir='ltr'><strong>vestrum</strong></span> <span class='ocrx_word' id='word_1_915' title='bbox 2194 5205 2385 5277; x_wconf 81' lang='lat' dir='ltr'><strong>indiget</strong></span> <span class='ocrx_word' id='word_1_916' title='bbox 2414 5206 2684 5276; x_wconf 83' lang='lat' dir='ltr'><strong>sapientia,</strong></span> <span class='ocrx_word' id='word_1_917' title='bbox 2717 5206 2932 5275; x_wconf 76' lang='lat' dir='ltr'><strong>postulet</strong></span> <span class='ocrx_word' id='word_1_918' title='bbox 2954 5224 2984 5260; x_wconf 81' lang='grc' dir='ltr'><em>α</em></span> <span class='ocrx_word' id='word_1_919' title='bbox 3010 5206 3135 5273; x_wconf 82' lang='lat' dir='ltr'><strong>Deo,</strong></span> <span class='ocrx_word' id='word_1_920' title='bbox 3159 5210 3245 5279; x_wconf 81' lang='lat' dir='ltr'><strong>qui</strong></span> <span class='ocrx_word' id='word_1_921' title='bbox 3264 5210 3353 5265; x_wconf 88' lang='lat' dir='ltr'><strong>dat</strong></span> 
     </span>
    </p>
   </div>
   <div class='ocr_carea' id='block_1_116' title="bbox 1759 5297 3349 5369">
    <p class='ocr_par' dir='ltr' id='par_1_116' title="bbox 1759 5297 3349 5369">
     <span class='ocr_line' id='line_1_118' title="bbox 1759 5297 3349 5369; baseline 0.001 -16"><span class='ocrx_word' id='word_1_922' title='bbox 1759 5297 1982 5353; x_wconf 77' lang='lat' dir='ltr'><strong>omnibus</strong></span> <span class='ocrx_word' id='word_1_923' title='bbox 2025 5298 2302 5369; x_wconf 59' lang='lat' dir='ltr'><strong>aﬂuenti”,</strong></span> <span class='ocrx_word' id='word_1_924' title='bbox 2332 5308 2377 5351; x_wconf 86' lang='lat' dir='ltr'><strong>et</strong></span> <span class='ocrx_word' id='word_1_925' title='bbox 2407 5314 2511 5352; x_wconf 84' lang='lat' dir='ltr'><strong>non</strong></span> <span class='ocrx_word' id='word_1_926' title='bbox 2550 5298 2857 5367; x_wconf 73' lang='lat' dir='ltr'><strong>irnpreperat</strong></span> <span class='ocrx_word' id='word_1_927' title='bbox 2874 5314 2895 5362; x_wconf 83' lang='lat'><strong>,°</strong></span> <span class='ocrx_word' id='word_1_928' title='bbox 2934 5309 2983 5355; x_wconf 75' lang='lat' dir='ltr'><strong>et</strong></span> <span class='ocrx_word' id='word_1_929' title='bbox 3024 5300 3224 5355; x_wconf 81' lang='lat' dir='ltr'><strong>dabitur</strong></span> <span class='ocrx_word' id='word_1_930' title='bbox 3259 5301 3305 5355; x_wconf 76' lang='lat' dir='ltr'><strong>ei</strong></span> <span class='ocrx_word' id='word_1_931' title='bbox 3328 5302 3349 5333; x_wconf 84' lang='grc'><em>³</em></span> 
     </span>
    </p>
   </div>
   <div class='ocr_carea' id='block_1_117' title="bbox 1760 5388 3349 5462">
    <p class='ocr_par' dir='ltr' id='par_1_117' title="bbox 1760 5388 3349 5462">
     <span class='ocr_line' id='line_1_119' title="bbox 1760 5388 3349 5462; baseline 0.004 -21"><span class='ocrx_word' id='word_1_932' title='bbox 1760 5389 1961 5461; x_wconf 79' lang='lat' dir='ltr'><strong>(Jacobi</strong></span> <span class='ocrx_word' id='word_1_933' title='bbox 2013 5402 2065 5456; x_wconf 88' lang='grc' dir='ltr'><strong>ι,</strong></span> <span class='ocrx_word' id='word_1_934' title='bbox 2098 5390 2189 5462; x_wconf 77' lang='grc'><strong>5).</strong></span> <span class='ocrx_word' id='word_1_935' title='bbox 2229 5389 2453 5444; x_wconf 79' lang='lat' dir='ltr'><strong>Jubetur</strong></span> <span class='ocrx_word' id='word_1_936' title='bbox 2488 5397 2548 5444; x_wconf 80' lang='lat' dir='ltr'><strong>ut</strong></span> <span class='ocrx_word' id='word_1_937' title='bbox 2590 5388 2880 5446; x_wconf 80' lang='lat' dir='ltr'><strong>habeamus</strong></span> <span class='ocrx_word' id='word_1_938' title='bbox 2930 5393 3349 5460; x_wconf 78' lang='lat' dir='ltr'><strong>continentiam,</strong></span> 
     </span>
    </p>
   </div>
   <div class='ocr_carea' id='block_1_118' title="bbox 1758 5482 3347 5556">
    <p class='ocr_par' dir='ltr' id='par_1_118' title="bbox 1758 5482 3347 5556">
     <span class='ocr_line' id='line_1_120' title="bbox 1758 5482 3347 5556; baseline 0.001 -18"><span class='ocrx_word' id='word_1_939' title='bbox 1758 5484 1846 5539; x_wconf 89' lang='lat' dir='ltr'><strong>ubi</strong></span> <span class='ocrx_word' id='word_1_940' title='bbox 1875 5484 2084 5550; x_wconf 84' lang='lat' dir='ltr'><strong>dicitur,</strong></span> <span class='ocrx_word' id='word_1_941' title='bbox 2117 5482 2234 5539; x_wconf 86' lang='lat' dir='ltr'><strong>Sint</strong></span> <span class='ocrx_word' id='word_1_942' title='bbox 2259 5484 2415 5537; x_wconf 78' lang='lat' dir='ltr'><strong>luntbi</strong></span> <span class='ocrx_word' id='word_1_943' title='bbox 2444 5483 2591 5537; x_wconf 83' lang='lat' dir='ltr'><strong>vestri</strong></span> <span class='ocrx_word' id='word_1_944' title='bbox 2618 5485 2881 5553; x_wconf 77' lang='lat' dir='ltr'><strong>prrccincti</strong></span> <span class='ocrx_word' id='word_1_945' title='bbox 2911 5484 3062 5556; x_wconf 86' lang='lat' dir='ltr'><strong>(Luc.</strong></span> <span class='ocrx_word' id='word_1_946' title='bbox 3093 5501 3187 5551; x_wconf 77' lang='lat' dir='ltr'><strong>xu,</strong></span> <span class='ocrx_word' id='word_1_947' title='bbox 3219 5486 3347 5556; x_wconf 71' lang='lat'><strong>55);</strong></span> 
     </span>
    </p>
   </div>
   <div class='ocr_carea' id='block_1_119' title="bbox 1824 5660 3352 5729">
    <p class='ocr_par' dir='ltr' id='par_1_119' title="bbox 1824 5660 3352 5729">
     <span class='ocr_line' id='line_1_121' title="bbox 1824 5660 3352 5729; baseline -0.004 -11"><span class='ocrx_word' id='word_1_948' title='bbox 1824 5668 1838 5700; x_wconf 73' lang='grc' dir='ltr'><strong>ι</strong></span> <span class='ocrx_word' id='word_1_949' title='bbox 1874 5670 2087 5717; x_wconf 86' lang='lat' dir='ltr'><strong>Deerant</strong></span> <span class='ocrx_word' id='word_1_950' title='bbox 2106 5662 2233 5729; x_wconf 80' lang='lat' dir='ltr'><strong>apud</strong></span> <span class='ocrx_word' id='word_1_951' title='bbox 2250 5662 2361 5729; x_wconf 82' lang='lat' dir='ltr'><strong>_Bad.</strong></span> <span class='ocrx_word' id='word_1_952' title='bbox 2389 5671 2495 5729; x_wconf 76' lang='lat' dir='ltr'><strong>Am.</strong></span> <span class='ocrx_word' id='word_1_953' title='bbox 2513 5664 2589 5713; x_wconf 73' lang='lat' dir='ltr'><strong>Er.</strong></span> <span class='ocrx_word' id='word_1_954' title='bbox 2616 5670 2667 5717; x_wconf 90' lang='lat' dir='ltr'><strong>et</strong></span> <span class='ocrx_word' id='word_1_955' title='bbox 2704 5669 2814 5714; x_wconf 71' lang='grc' dir='ltr'><strong>ιον.</strong></span> <span class='ocrx_word' id='word_1_956' title='bbox 2837 5665 3001 5729; x_wconf 39' lang='grc' dir='ltr'><strong>γεεί)αῄ</strong></span> <span class='ocrx_word' id='word_1_957' title='bbox 3030 5660 3225 5727; x_wconf 66' lang='grc' dir='ltr'><strong>ἰδαιειω,</strong></span> <span class='ocrx_word' id='word_1_958' title='bbox 3265 5664 3352 5717; x_wconf 77' lang='lat' dir='ltr'><strong>sed</strong></span> 
     </span>
    </p>
   </div>
   <div class='ocr_carea' id='block_1_120' title="bbox 1758 5724 3353 5804">
    <p class='ocr_par' dir='ltr' id='par_1_120' title="bbox 1758 5724 3353 5804">
     <span class='ocr_line' id='line_1_122' title="bbox 1758 5724 3353 5804; baseline -0.001 -23"><span class='ocrx_word' id='word_1_959' title='bbox 1758 5727 1900 5804; x_wconf 69' lang='lat' dir='ltr'><strong>plane</strong></span> <span class='ocrx_word' id='word_1_960' title='bbox 1943 5733 2048 5778; x_wconf 84' lang='lat' dir='ltr'><strong>orat</strong></span> <span class='ocrx_word' id='word_1_961' title='bbox 2072 5733 2122 5778; x_wconf 86' lang='lat' dir='ltr'><strong>ut</strong></span> <span class='ocrx_word' id='word_1_962' title='bbox 2137 5724 2311 5791; x_wconf 67' lang='lat' dir='ltr'><strong>&#39;faciat</strong></span> <span class='ocrx_word' id='word_1_963' title='bbox 2348 5727 2653 5789; x_wconf 83' lang='lat' dir='ltr'><strong>mandatum;</strong></span> <span class='ocrx_word' id='word_1_964' title='bbox 2676 5738 2789 5791; x_wconf 67' lang='lat' dir='ltr'><strong>quae</strong></span> <span class='ocrx_word' id='word_1_965' title='bbox 2813 5741 2877 5777; x_wconf 83' lang='lat' dir='ltr'><strong>ex</strong></span> <span class='ocrx_word' id='word_1_966' title='bbox 2900 5724 3046 5779; x_wconf 73' lang='lat' dir='ltr'><strong>vatio.</strong></span> <span class='ocrx_word' id='word_1_967' title='bbox 3072 5731 3180 5779; x_wconf 79' lang='lat' dir='ltr'><strong>Mss.</strong></span> <span class='ocrx_word' id='word_1_968' title='bbox 3206 5724 3353 5780; x_wconf 82' lang='lat' dir='ltr'><strong>resti-</strong></span> 
     </span>
    </p>
   </div>
   <div class='ocr_carea' id='block_1_121' title="bbox 1758 5798 3351 5916">
    <p class='ocr_par' dir='ltr' id='par_1_121' title="bbox 1758 5798 3351 5916">
     <span class='ocr_line' id='line_1_123' title="bbox 1758 5798 3351 5916; baseline 0.002 -15"><span class='ocrx_word' id='word_1_969' title='bbox 1758 5798 1995 5902; x_wconf 46' lang='lat' dir='ltr'><strong>tuliliiiiric</strong></span> <span class='ocrx_word' id='word_1_970' title='bbox 2019 5857 2071 5901; x_wconf 90' lang='lat' dir='ltr'><strong>et</strong></span> <span class='ocrx_word' id='word_1_971' title='bbox 2099 5852 2485 5916; x_wconf 83' lang='lat' dir='ltr'><strong>subsequentem</strong></span> <span class='ocrx_word' id='word_1_972' title='bbox 2505 5850 2778 5916; x_wconf 79' lang='lat' dir='ltr'><strong>periodum,</strong></span> <span class='ocrx_word' id='word_1_973' title='bbox 2804 5858 3065 5916; x_wconf 79' lang='lat' dir='ltr'><strong>utramque</strong></span> <span class='ocrx_word' id='word_1_974' title='bbox 3090 5853 3136 5903; x_wconf 89' lang='lat' dir='ltr'><strong>in</strong></span> <span class='ocrx_word' id='word_1_975' title='bbox 3180 5852 3351 5904; x_wconf 88' lang='lat' dir='ltr'><strong>hacte-</strong></span> 
     </span>
    </p>
   </div>
   <div class='ocr_carea' id='block_1_122' title="bbox 1760 5913 3331 5980">
    <p class='ocr_par' dir='ltr' id='par_1_122' title="bbox 1760 5913 3331 5980">
     <span class='ocr_line' id='line_1_124' title="bbox 1760 5913 3331 5980; baseline -0.001 -14"><span class='ocrx_word' id='word_1_976' title='bbox 1760 5931 1852 5966; x_wconf 87' lang='lat' dir='ltr'><strong>nus</strong></span> <span class='ocrx_word' id='word_1_977' title='bbox 1870 5916 2013 5980; x_wconf 81' lang='lat' dir='ltr'><strong>editis</strong></span> <span class='ocrx_word' id='word_1_978' title='bbox 2034 5918 2172 5975; x_wconf 84' lang='lat' dir='ltr'><strong>parte</strong></span> <span class='ocrx_word' id='word_1_979' title='bbox 2196 5913 2359 5980; x_wconf 78' lang='lat' dir='ltr'><strong>priore</strong></span> <span class='ocrx_word' id='word_1_980' title='bbox 2382 5913 2614 5974; x_wconf 88' lang='lat' dir='ltr'><strong>mutilam,</strong></span> <span class='ocrx_word' id='word_1_981' title='bbox 2654 5915 2722 5965; x_wconf 72' lang='lat' dir='ltr'><strong>sic</strong></span> <span class='ocrx_word' id='word_1_982' title='bbox 2744 5914 2795 5966; x_wconf 67' lang='lat' dir='ltr'><strong>in</strong></span> <span class='ocrx_word' id='word_1_983' title='bbox 2816 5913 3065 5980; x_wconf 62' lang='lat' dir='ltr'><strong>integram</strong></span> <span class='ocrx_word' id='word_1_984' title='bbox 3085 5918 3331 5969; x_wconf 80' lang='lat' dir='ltr'><strong>restituun</strong></span> 
     </span>
    </p>
   </div>
   <div class='ocr_carea' id='block_1_123' title="bbox 1760 5976 2388 6028">
    <p class='ocr_par' dir='ltr' id='par_1_123' title="bbox 1760 5976 2388 6028">
     <span class='ocr_line' id='line_1_125' title="bbox 1760 5976 2388 6028; baseline -0.008 0"><span class='ocrx_word' id='word_1_985' title='bbox 1760 5985 1865 6028; x_wconf 70' lang='lat' dir='ltr'><strong>Mss.</strong></span> <span class='ocrx_word' id='word_1_986' title='bbox 1892 5977 2039 6025; x_wconf 73' lang='lat' dir='ltr'><strong>Vatic.</strong></span> <span class='ocrx_word' id='word_1_987' title='bbox 2067 5981 2117 6024; x_wconf 87' lang='lat' dir='ltr'><strong>et</strong></span> <span class='ocrx_word' id='word_1_988' title='bbox 2139 5976 2388 6026; x_wconf 82' lang='lat' dir='ltr'><strong>Fuxensis.</strong></span> 
     </span>
    </p>
   </div>
  </div>
