4004 6384
728 390 831 454 767

727 524 782 574 et
806 524 982 573 tamen
1009 529 1223 573 oramus
1247 522 1307 572 ut
1331 515 1620 574 habeamus
1659 516 2041 575 continentiam
2059 560 2075 586 ,
2108 519 2200 577 ubi
2228 520 2314 576 di-

725 609 886 677 citur,
912 607 1040 667 Cum
1065 611 1243 665 scirem
1267 611 1387 682 quia
1414 626 1558 666 nemo
1587 620 1748 684 potest
1769 629 1874 668 esse
1901 616 2181 681 continens,
2213 616 2315 673 nisi

633 730 646 741 Ï‚
724 699 866 757 Deus
892 703 996 771 det,
1023 711 1072 759 et
1100 704 1194 758 Itoc
1219 703 1389 773 ipsum
1413 714 1520 758 erat
1549 705 1831 776 sapientior,
1858 706 1988 763 scire
2011 709 2159 781 cujus
2183 716 2309 764 esset

724 795 820 850 hoc
856 796 1077 863 donum;
1113 796 1219 849 adii
1262 794 1571 862 Dominum,
1604 807 1653 853 et
1682 799 1977 870 deprecatus
2005 818 2116 855 sum
2154 800 2309 873 (Sap.

722 900 836 951 vin,
863 884 977 959 2|).
1006 888 1284 943 Postremo
1314 903 1381 944 ne
1402 888 1623 944 nimium
1644 891 1859 962 longum
1885 892 1955 947 sit
1979 903 2169 949 cuncta
2193 908 2313 963 per-

721 993 958 1046 currere,
983 978 1201 1050 jubetur
1230 990 1289 1036 ut
1314 996 1418 1037 non
1444 980 1702 1039 faciamus
1722 984 1944 1052 malum,
1980 985 2067 1041 ubi
2093 984 2307 1052 dicitur,

719 1070 931 1126 Declina
958 1090 990 1127 a
1015 1074 1185 1140 malo;
1213 1083 1268 1130 et
1298 1084 1475 1131 tamen
1505 1086 1688 1131 oratur
1712 1088 1767 1131 ut
1795 1094 1899 1133 non
1926 1078 2179 1135 faciamus
2204 1094 2311 1135 ma-

719 1164 827 1221 lum
854 1207 869 1234 ,
904 1167 990 1223 ubi
1022 1168 1234 1234 dicitur,
1270 1169 1490 1225 Oramus
1513 1180 1679 1225 autem
1703 1172 1771 1225 ad
1800 1170 2073 1229 Dontinum
2100 1192 2164 1232 ne
2186 1179 2310 1248 quid

716 1258 919 1329 faciatis
946 1259 1087 1314 ntali.
1114 1259 1339 1317 .lubetur
1366 1271 1422 1316 ut
1445 1261 1697 1318 faciamus
1724 1264 1943 1331 bonum,
1976 1267 2063 1323 ubi
2092 1268 2304 1337 dicitur,

713 1346 930 1405 Declina
944 1368 976 1405 a
991 1353 1144 1419 malo,
1160 1363 1205 1407 et
1221 1356 1303 1421 [ac
1319 1354 1502 1409 bonum
1520 1354 1540 1430 (
1550 1354 1692 1411 Psal.
1714 1373 1899 1426 xxxvr,
1919 1358 2035 1432 27);
2056 1369 2110 1416 et
2128 1371 2307 1420 tamen

714 1451 898 1497 oratur
924 1452 979 1498 nt
1004 1443 1259 1500 faciamus
1285 1445 1505 1514 bonum,
1539 1448 1629 1503 ubi
1656 1449 1871 1515 dicitur,
1904 1450 2027 1507 Non
2051 1470 2306 1513 cessamus

714 1550 809 1605 pro
842 1534 979 1590 vobis
1013 1546 1214 1592 orantes
1248 1547 1299 1592 et
1339 1540 1651 1610 postulantes
1684 1557 1703 1596 :
1738 1553 1898 1614 atque
1930 1546 2068 1601 inter
2087 1558 2300 1617 etetera,

712 1641 833 1697 qua!
857 1640 955 1697 pro
986 1628 1090 1683 illis
1128 1638 1285 1696 orat,
1323 1630 1480 1699 dicit,
1527 1631 1594 1687 Ut
1631 1634 1897 1689 ambuletis
1940 1637 2090 1709 digne
2114 1639 2223 1695 Deo
2252 1642 2305 1696 in

712 1735 858 1774 omne
885 1720 1267 1792 beneplacitum,
1298 1724 1352 1779 in
1377 1726 1516 1787 omni
1539 1743 1687 1798 opere
1714 1738 1763 1783 et
1781 1746 2009 1786 sermone
2033 1733 2161 1788 bono
2186 1734 2305 1807 (Co-

711 1812 831 1868 loss.
864 1829 903 1882 l,
926 1814 1112 1889 9,10).
1137 1815 1281 1873 Sicut
1306 1833 1433 1890 ergo
1451 1822 1788 1891 agnoscimus
1807 1825 2153 1893 voluntatem,
2179 1845 2300 1885 cum

709 1901 826 1959 haec
855 1906 1263 1976 praecipiuntur;
1291 1910 1370 1966 sic
1398 1920 1453 1967 et
1480 1912 1595 1983 ipse
1622 1926 1877 1985 agnoscat
1904 1919 2148 1989 gratiam,
2179 1937 2297 1978 cum

709 2005 979 2066 petuntur.

780 2087 834 2143 6.
862 2089 1099 2147 Misimus
1124 2092 1459 2152 Reverentia:
1486 2106 1587 2155 tua:
1608 2100 1821 2171 librum,
1847 2121 2004 2175 quem
2034 2107 2298 2168 dederunt

707 2179 923 2252 quidam
968 2185 1201 2256 religiosi
1237 2196 1292 2242 et
1334 2189 1544 2245 honeSIi
1587 2192 1960 2252 adolescentes
2000 2201 2139 2255 servi
2179 2202 2295 2271 Dei,

705 2287 931 2345 quorum
955 2275 1115 2332 etiam
1146 2278 1359 2333 nomina
1385 2296 1493 2337 non
1515 2291 1780 2351 tacemus;
1814 2303 1935 2343 nam
1962 2289 2226 2348 Timasius
2244 2303 2299 2350 et

705 2362 936 2420 Jacobus
982 2377 1284 2424 vocantur:
1332 2373 1459 2442 qui,
1510 2374 1647 2431 sicut
1685 2377 2003 2447 audivimus,
2039 2392 2094 2439 et
2137 2387 2296 2443 etiam

706 2472 865 2513 nosse
880 2457 1137 2531 dignaris,
1161 2462 1327 2533 ipsius
1352 2465 1551 2539 Pelagii
1580 2469 1949 2531 exhortatione
1967 2493 2114 2547 spem
2136 2496 2295 2552 quam

706 2550 973 2609 habebant
1002 2556 1056 2610 in
1084 2558 1281 2613 saeculo
1320 2562 1684 2633 reliquerunt,
1716 2576 1769 2622 et
1795 2584 1936 2625 nunc
1960 2550 2296 2631 continentes

705 2644 818 2701 Deo
831 2648 1090 2705 serviunt.
1108 2650 1210 2719 Qui
1235 2668 1358 2710 cum
1378 2656 1565 2713 eodem
1578 2674 1763 2716 errore
1781 2663 1990 2719 tandem
2013 2668 2294 2738 aliquando

705 2753 804 2809 per
829 2741 1276 2817 qualemcumque
1304 2762 1522 2819 operam
1570 2762 1803 2809 nostram
1854 2757 2077 2813 Domino
2123 2762 2292 2832 inspi-

700 2839 853 2886 rante
872 2834 1187 2902 caruissent,
1220 2839 1558 2907 protulerunt
1579 2845 1824 2899 eumdem
1850 2846 2064 2914 librum,
2089 2850 2291 2923 Pelagii

698 2936 818 2979 esse
846 2923 1107 2993 dicentes,
1146 2937 1202 2984 et
1224 2939 1282 2985 ut
1310 2932 1360 2987 ei
1390 2935 1806 3005 responderetur
1835 2939 2103 3009 impendio
2132 2959 2291 3014 roga-

698 3026 909 3073 verunt.
942 3018 1162 3076 Faetum
1189 3032 1302 3089 est;
1330 3024 1396 3081 ad
1417 3027 1635 3084 eosdem
1667 3032 1921 3102 rescripta
1952 3045 2034 3090 est
2062 3036 2173 3105 ipsa
2205 3055 2289 3094 re-

699 3112 918 3179 sponsio
944 3112 1021 3185 (a)
1048 3134 1061 3171 :
1089 3127 1305 3188 agentes
1330 3123 1526 3191 gratias
1544 3126 1933 3197 rescripserunt
1955 3129 2052 3202 (b).
2073 3131 2291 3188 Utrum-

701 3217 807 3272 que
835 3204 1097 3275 misimus,
1127 3218 1180 3265 et
1205 3211 1289 3266 cui
1324 3228 1638 3284 responsum
1666 3226 1775 3284 est,
1807 3229 1860 3275 et
1888 3223 2029 3292 quod
2060 3239 2287 3295 respon-

698 3310 815 3351 sum
845 3306 966 3353 est:
998 3309 1052 3355 et
1081 3316 1149 3357 ne
1174 3303 1393 3360 nimium
1432 3322 1673 3365 essemus
1709 3316 1950 3381 onerosi,
1982 3317 2128 3388 signa
2159 3319 2286 3375 feci-

695 3405 815 3447 mus
860 3391 943 3449 his
990 3394 1121 3452 locis
1166 3397 1252 3454 ubi
1300 3400 1528 3471 petimus
1576 3403 1837 3474 inspicere
1881 3424 1985 3464 non
2025 3416 2281 3483 graveris,

692 3484 1141 3552 quemadmodum
1184 3489 1282 3545 sibi
1327 3491 1532 3562 objecta
1569 3497 1863 3566 quiestione
1891 3502 2032 3571 quod
2061 3506 2282 3575 gratiam

695 3574 790 3631 Dei
816 3588 1055 3649 negaret,
1088 3580 1157 3636 ita
1205 3585 1517 3654 respondit,
1564 3597 1623 3643 ut
1652 3604 1769 3643 eam
1800 3606 1918 3648 esse
1942 3609 2049 3651 non
2076 3574 2283 3656 diceret

694 3668 799 3725 nisi
824 3678 1069 3727 naturam
1100 3674 1152 3729 in
1180 3692 1281 3747 qua
1312 3694 1410 3734 nos
1433 3680 1672 3737 condidit
1702 3684 1861 3741 Deus.

766 3762 818 3816 7.
859 3762 917 3819 Si
942 3775 1120 3822 autem
1150 3767 1292 3825 hunc
1318 3785 1438 3827 esse
1463 3789 1615 3829 suum
1637 3776 1831 3833 librum
1864 3791 2040 3851 negat,
2070 3797 2161 3840 aut
2183 3802 2277 3842 ea-

692 3851 815 3908 dem
840 3854 891 3910 in
919 3856 1055 3913 libro
1082 3858 1198 3915 loca
1224 3902 1238 3926 ,
1272 3878 1379 3918 non
1410 3868 1817 3936 contendimus;
1849 3876 2153 3934 anathemet
2178 3896 2238 3935 ea
2259 3925 2273 3951 ,

689 3954 745 4001 et
772 3946 915 4003 illam
939 3950 1258 4010 confiteatur
1278 3958 1614 4026 apertissime
1642 3965 1863 4035 gratiam
1892 3984 2047 4039 quam
2076 3946 2275 4029 doctri;

683 4054 752 4095 na
779 4040 1067 4100 christiana
1098 4046 1429 4107 demonstrat
1458 4061 1512 4108 et
1556 4056 1808 4125 praedicat
1845 4075 1964 4116 esse
2006 4067 2273 4135 propriam

683 4132 1125 4207 Christianorum,
1154 4158 1273 4213 qua:
1294 4160 1402 4200 non
1427 4156 1508 4202 est
1534 4158 1742 4216 natura,
1785 4153 1878 4207 sed
1904 4171 2006 4225 qua
2037 4158 2275 4218 salvatur

680 4238 868 4286 natura
896 4250 909 4286 :
937 4249 1055 4303 qua:
1086 4245 1331 4293 naturam
1372 4255 1476 4297 non
1521 4244 1737 4299 auribus
1776 4257 2000 4305 sonante
2029 4252 2271 4310 doctrina

682 4319 769 4373 vel
814 4322 990 4392 aliquo
1032 4325 1342 4396 adjumento
1392 4332 1580 4388 visibili
1623 4334 1795 4401 fovet,
1845 4340 2270 4412 sicutplantator

681 4412 1078 4482 quodammodo
1104 4428 1160 4473 et
1180 4421 1429 4493 irrigatur
1453 4426 1787 4484 extrinsecus
1818 4433 1854 4496 Â¹Í¾
1886 4434 1977 4489 sed
2005 4437 2267 4494 submini-

678 4505 937 4562 stratione
963 4509 1201 4579 spiritus,
1233 4520 1289 4567 et
1317 4516 1523 4571 occulta
1554 4520 1919 4579 misericordia
1940 4568 1953 4592 ,
1982 4528 2118 4583 sicut
2144 4530 2267 4588 facit

674 4596 765 4655 ille
809 4600 900 4670 qui
940 4601 1032 4656 dat
1076 4604 1461 4662 incrementum
1507 4609 1649 4667 Deus
1680 4613 1726 4682 (l
1754 4611 1873 4670 Cor.
1906 4633 1991 4681 Î¹Î¹Î¹,
2023 4619 2098 4689 7).
2150 4622 2263 4678 Etsi

674 4693 816 4748 enim
843 4695 1069 4766 quadam
1098 4712 1203 4753 non
1248 4699 1599 4772 improbanda
1646 4707 1851 4763 ratione
1877 4709 2071 4765 dicitur
2094 4719 2261 4784 gratia

671 4783 766 4840 Dei
796 4801 898 4856 qua
939 4792 1103 4845 creati
1130 4806 1336 4857 sumus,
1384 4802 1441 4848 ut
1487 4796 1728 4851 nonnihil
1770 4814 2032 4869 essemus,
2064 4819 2162 4859 nec
2188 4806 2259 4862 ita

669 4893 912 4937 essemus
938 4883 1137 4955 aliquid
1169 4894 1226 4941 ut
1247 4886 1475 4942 cadaver
1498 4889 1639 4960 quod
1668 4905 1771 4945 non
1804 4892 1952 4961 vivit,
1983 4903 2073 4949 aut
2100 4896 2261 4954 arbor

666 4986 787 5041 quae
814 4989 918 5030 non
943 4979 1121 5043 sentit,
1151 4988 1244 5034 aut
1268 4996 1430 5050 pecus
1449 4982 1591 5053 quod
1613 4998 1716 5039 non
1743 4985 2009 5057 intelligit,
2037 4989 2133 5044 sed
2160 4990 2258 5045 ho-

666 5062 871 5132 mines,
900 5069 987 5136 qui
1018 5079 1071 5125 et
1095 5085 1335 5127 essemus
1354 5114 1368 5139 ,
1395 5082 1450 5129 et
1473 5074 1773 5132 viveremus
1792 5119 1805 5143 ,
1834 5087 1889 5133 et
1911 5080 2252 5152 sentiremus,

666 5164 721 5209 et
752 5155 1182 5230 intelligeremus,
1212 5175 1266 5220 et
1293 5165 1361 5222 de
1391 5167 1492 5223 hoc
1533 5176 1680 5225 tanto
1720 5172 1982 5230 beneficio
2007 5175 2251 5232 Creatori

663 5256 849 5304 nostro
876 5254 1075 5322 gratias
1104 5271 1261 5327 agere
1307 5259 1617 5327 valeamus;
1650 5262 1789 5317 unde
1818 5267 2010 5321 merito
2050 5275 2105 5323 et
2150 5269 2251 5325 ista

659 5341 828 5411 gratia
853 5342 959 5399 dici
993 5354 1198 5417 potest,
1229 5349 1350 5420 quia
1381 5366 1485 5408 non
1512 5352 1923 5422 praecedentium
1951 5358 2248 5429 aliquorum

723 5510 740 5577 Î¾
766 5516 876 5562 Lov.
891 5528 921 5577 _:_
934 5512 1149 5565 solvatur
1161 5519 1351 5577 natura,
1379 5531 1473 5568 non
1507 5519 1704 5570 auribus
1726 5527 1920 5572 sonante
1942 5523 2162 5574 doctrina
2177 5524 2251 5577 vel

655 5569 818 5646 aliqua
833 5573 1110 5646 adjumento
1132 5576 1307 5646 visibili
1321 5569 1443 5631 sicut
1474 5569 1719 5646 plantatur
1737 5569 2161 5646 quodammodo'et
2181 5569 2249 5639 iii

652 5632 842 5745 matur
857 5632 1171 5691 efctriusecus.
1197 5642 1307 5691 uad.
1333 5651 1433 5692 Am.
1459 5632 1554 5705 lira,
1581 5632 1793 5698 solvatur
1810 5632 2118 5710 mattiarios:
2157 5664 2246 5700 au-

734 5710 806 5745 us.
824 5705 917 5745 etc.
943 5702 1032 5745 SM
1057 5702 1230 5745 anJiOP
1253 5703 1399 5745 19min
1420 5712 1499 5745 Me,
1529 5708 1658 5745 Valin
1692 5708 1750 5745 ml
1770 5722 1916 5745 nllnm
1939 5710 2068 5745 hnnn
2086 5711 2243 5745 anm

688 5686 1506 5773 tamen?saluata-â€œï¬cium;
1522 5686 2244 5773 'tanettâ€˜a'atss't'tssitcâ€˜a};

652 5760 1011 5820 castigavimus.

737 5841 790 5902 (Î¹)
823 5841 921 5897 Lib,
945 5843 1008 5893 de
1032 5853 1201 5899 Natura
1226 5855 1273 5899 et
1298 5858 1423 5902 Grai.

741 5852 767 5885 a
823 5841 921 5897 Lib,
945 5843 1008 5893 de
1032 5853 1100 5895 Nat

741 5840 791 5963 bl
823 5905 966 5964 Epist.
999 5906 1100 5956 188.

1927 399 1984 455 s.
2025 400 2393 462 AUGUSTIN]
2430 403 2735 467 EPISCOPI
2794 368 2797 369 á½·

2424 524 2682 582 bonorum
2728 542 2947 600 operum
2998 531 3204 590 meritis
3223 578 3236 602 ,
3268 536 3359 595 sed
3386 545 3603 612 gratuita
3628 545 3711 604 Dei
3736 549 3914 616 bonitate

2421 617 2613 674 donata
2644 630 2726 677 est
2752 640 2765 677 :
2790 623 2889 678 alia
2910 633 3188 683 esttamen
3216 644 3315 701 qua
3344 624 3689 717 praedestinatil
3706 659 3911 719 vocamur,

2415 709 2784 780 justifieamnr,
2808 715 3187 786 glorificamur,
3210 732 3267 776 ut
3281 722 3455 781 dicere
3474 709 3733 799 possimus,
3756 736 3806 792 Si
3822 709 3914 798 Due

2418 822 2512 877 pro
2547 807 2689 862 nobis
2709 850 2722 872 ,
2753 810 2865 879 quis
2892 821 3069 866 contra
3097 816 3229 869 nos?
3260 814 3355 883 Qui
3384 817 3521 875 Filio
3544 839 3628 877 suo
3654 831 3823 897 praprio
3845 851 3913 889 non

2419 899 2676 967 pepercit,
2717 901 2806 955 sed
2850 890 3132 973 promobis
3167 908 3397 964 omnibus
3442 890 3913 992 tradidit'eum(liont.

2418 1003 2531 1057 Vin,
2560 991 2649 1057 Î´Î¹,
2678 992 2788 1065 se).
3501 1000 3504 1002 â€˜

2487 1081 2538 1136 8.
2574 1082 2649 1138 De
2694 1083 2791 1141 hac
2840 1088 3007 1157 gratia
3067 1093 3292 1161 qurestio
3333 1096 3645 1167 vertebatur,
3674 1106 3842 1172 quando
3868 1112 3911 1167 ab

2416 1171 2482 1227 iis
2511 1188 2646 1244 quos
2670 1175 2913 1248 Pelagius
2939 1181 3175 1249 graviter
3198 1183 3497 1243 ollâ€˜endebat
3532 1171 3697 1261 atque
3715 1197 3909 1267 turbabat,

2414 1262 2688 1321 dicebatur
2717 1268 2765 1322 ei
2794 1271 2938 1339 quod
2966 1286 3084 1326 eam
3115 1274 3226 1329 suis
3255 1275 3687 1347 disputationibus
3709 1262 3910 1357 Oppugna;

2413 1364 2515 1421 ret,
2544 1357 2734 1427 quibus
2764 1372 3033 1417 assereret
3072 1380 3177 1420 non
3208 1367 3379 1422 solum
3419 1370 3485 1424 ad
3526 1371 3753 1441 facienda,
3779 1394 3908 1435 verum

2412 1446 2570 1503 etiam
2602 1449 2668 1504 ad
2692 1451 3014 1521 perï¬cienda
3042 1458 3289 1513 mandata
3314 1460 3511 1529 divina,
3533 1478 3623 1534 per
3646 1467 3829 1524 liberum
3849 1489 3908 1526 ar-

2411 1537 2627 1596 bitrium
2672 1541 2960 1601 humanam
2992 1549 3090 1604 sibi
3122 1550 3368 1607 sufï¬cere
3394 1564 3643 1612 naturam.
3677 1559 3799 1617 Hanc
3816 1578 3906 1634 apo.

2409 1632 2595 1688 stolica
2626 1635 2866 1693 doctrina
2904 1642 3129 1709 gratiam
3178 1660 3285 1700 non
3338 1646 3598 1703 immerito
3642 1652 3731 1707 isto
3754 1659 3907 1715 nomine
3968 1690 3969 1715 Í¾

2408 1725 2659 1794 appellat,
2689 1744 2790 1799 qua
2821 1731 3089 1789 salvamur
3118 1744 3172 1790 et
3196 1736 3552 1805 justificamur
3573 1756 3633 1797 ex
3650 1742 3737 1801 fide
3752 1744 3904 1805 Christi.

2408 1818 2484 1873 De
2531 1820 2629 1877 hac
2666 1826 2921 1895 scriptum
2953 1838 3063 1895 est,
3100 1829 3220 1885 Non
3245 1832 3444 1886 irritam
3472 1836 3598 1906 facio
3623 1840 3803 1909 gratiam
3826 1840 3905 1899 Dei.

2409 1911 2548 1968 Nam
2575 1917 2619 1970 si
2644 1934 2733 1987 per
2761 1918 2945 1990 Legem
2971 1922 3210 1992 justitia;
3241 1942 3360 1996 ergo
3402 1925 3622 1983 Christus
3647 1932 3779 1999 gratis
3810 1950 3905 1989 mor-

2407 2017 2522 2062 tuus
2560 2019 2630 2063 est
2661 2009 2856 2080 (Galat.
2888 2028 2943 2082 Î¹Î¹,
2975 2014 3186 2089 21)Í¾Î¹1Î¸
3216 2017 3317 2073 hac
3343 2021 3590 2090 scriptum
3614 2033 3705 2090 est,
3730 2024 3906 2081 Evacaati

2405 2100 2521 2154 estis
2547 2117 2578 2153 a
2605 2100 2822 2171 Christo,
2840 2106 2987 2173 quiin
3014 2107 3147 2179 Lege
3163 2109 3583 2179 justiï¬cmnini;a
3606 2115 3750 2186 gratia
3770 2120 3902 2173 excidi-

2403 2195 2492 2248 stis
2523 2194 2628 2265 (Id.
2657 2212 2710 2265 v,
2739 2197 2794 2270 4)
2818 2218 2830 2253 :
2858 2200 2926 2255 de
2951 2200 3048 2256 hac
3061 2203 3321 2273 scriptum
3367 2213 3469 2271 est,
3511 2206 3568 2262 Si
3611 2217 3755 2263 autem
3772 2213 3901 2282 gratia,

2400 2289 2627 2357 iamnon
2660 2308 2721 2345 ea;
2745 2293 3008 2361 operibus;
3034 2295 3257 2367 alioquin
3282 2300 3451 2368 gratia
3468 2299 3575 2369 jam
3596 2316 3685 2355 non
3711 2312 3772 2355 est
3791 2306 3903 2373 gratis

2404 2378 2578 2453 (Rom.
2611 2400 2682 2448 xu,
2717 2383 2772 2457 6)
2797 2403 2809 2439 :
2834 2385 2899 2441 de
2926 2386 3025 2442 hac
3054 2389 3311 2460 scriptum
3342 2400 3442 2459 est,
3474 2390 3538 2446 Ei
3562 2404 3710 2449 autem
3734 2398 3801 2465 qui
3822 2414 3901 2467 opr-

2399 2484 2545 2529 ratur
2572 2492 2758 2531 merces
2785 2495 2883 2533 non
2923 2480 3203 2553 imputatur
3230 2483 3507 2538 secundum
3542 2488 3749 2557 gratiam,
3770 2488 3837 2541 sed
3848 2506 3901 2541 se-

2400 2566 2619 2620 cundum
2662 2568 2983 2625 debitum:ei
3005 2581 3172 2626 autent
3216 2575 3303 2644 qui
3344 2591 3445 2629 non
3489 2588 3720 2646 operatur,
3746 2580 3901 2633 credenti

2398 2667 2565 2713 autent
2593 2660 2786 2727 incum
2811 2664 2897 2732 qui
2907 2664 3159 2734 justiï¬cat
3184 2667 3421 2735 impium,
3443 2678 3687 2739 reputatur
3710 2671 3810 2741 ï¬des
3827 2672 3899 2741 ejus

2398 2753 2466 2805 ad
2479 2753 2735 2823 justitiam
2763 2754 2871 2827 (Id.
2905 2772 2976 2823 1v,
3007 2758 3061 2823 4,
3085 2756 3169 2830 5)Í¾
3204 2768 3257 2813 et
3284 2761 3453 2832 multa
3494 2763 3608 2827 alia,
3635 2779 3739 2833 qure
3767 2764 3899 2817 melius

2400 2853 2548 2913 potes
2597 2846 2710 2916 ipse
2754 2848 3092 2915 meminisse,
3126 2857 3181 2905 et
3224 2850 3522 2922 intelligere
3567 2853 3899 2923 prudentius,ct

2396 2935 2653 2993 illustrius
2700 2939 3013 3009 praediave.
3048 2940 3193 2995 Illam
3234 2958 3369 2998 vero
3406 2945 3621 3015 gratiam
3661 2961 3746 3014 qua
3781 2945 3895 2999 creati

2395 3042 2579 3083 sumus
2608 3029 2871 3099 homines,
2900 3032 3108 3087 etiamsi
3151 3032 3219 3088 ita
3260 3036 3624 3105 appellandam
3650 3051 3739 3091 non
3763 3037 3897 3091 imme-

2393 3123 2497 3175 rito
2527 3122 2891 3193 intelligimus,
2925 3125 3117 3179 mirum
3146 3135 3227 3181 est
3254 3134 3436 3183 tamen
3479 3130 3521 3183 si
3560 3130 3626 3184 ita
3652 3129 3893 3199 appellatam

2393 3214 2444 3268 in
2459 3214 2581 3269 ullis
2596 3215 2842 3286 legitimis
2857 3216 3199 3289 propheticis,
3216 3222 3555 3293 evangelicis,
3569 3221 3894 3294 apostolicisqne

2393 3305 2608 3361 Litteris
2632 3308 2876 3379 legimus.

2463 3400 2515 3454 9.
2548 3400 2681 3454 Cum
2722 3401 2898 3472 itaque
2941 3401 3009 3457 de
3055 3402 3155 3458 hac
3194 3405 3367 3474 gratia
3398 3404 3688 3462 Christianis
3707 3404 3891 3460 ï¬delibus

2390 3490 2770 3564 catholicisque
2817 3493 3129 3562 notissima,
3174 3495 3248 3550 illi
3290 3498 3606 3568 objiceretur
3638 3497 3890 3569 questio.ut

2388 3598 2507 3638 eam
2553 3600 2862 3655 oppugnare
2907 3585 3209 3655 desineret;
3239 3590 3371 3659 quid
3416 3599 3497 3646 est
3538 3590 3777 3661 quodcum
3805 3587 3886 3641 hac

2387 3677 2486 3731 sibi
2517 3678 2568 3731 in
2599 3678 2733 3733 libro
2762 3693 2860 3733 suo
2886 3680 3032 3735 velut
3065 3680 3390 3739 adversante
3428 3699 3637 3753 persona
3668 3680 3777 3736 idem
3803 3680 3885 3771 ipse

2390 3770 2695 3841 ohjecisset,
2732 3781 2789 3827 ut
2830 3788 2889 3827 se
2934 3774 3311 3844 respondendo
3359 3785 3615 3848 purgaret,
3644 3773 3748 3827 nihil
3782 3768 3883 3825 aliud

2384 3865 2676 3935 respondit,
2707 3866 2806 3920 nisi
2841 3875 3085 3921 naturam
3113 3868 3277 3923 creati
3334 3868 3561 3923 hominis
3603 3866 3769 3921 referre

2384 3958 2508 4011 tiam
2536 3957 2839 4024 Creatoris;
2871 3968 3030 4029 atque
3062 3960 3129 4013 ita
3157 3975 3215 4015 se
3244 3959 3447 4027 dicere,
3477 3962 3585 4015 sine
3612 3964 3788 4029 peccato
3810 3957 3882 4006 im-

2382 4049 2514 4119 pleri
2539 4065 2695 4120 posse
2712 4050 2971 4120 justitiam
2998 4066 3092 4120 per
3116 4051 3343 4107 liberum
3372 4053 3635 4109 arbitrium
3658 4063 3756 4105 cum
3777 4044 3882 4114 adju-

2382 4143 2516 4198 torio
2559 4144 2753 4198 divina:
2794 4144 2997 4215 gratiae,
3028 4144 3168 4214 quod
3221 4145 3362 4201 Deus
3392 4146 3492 4201 hoc
3530 4144 3711 4199 dederit
3734 4136 3880 4194 homini

2378 4234 2491 4306 ipsa
2533 4237 2881 4307 possibilitate
2925 4238 3167 4292 natura)?
3207 4238 3304 4292 Cui
3358 4241 3545 4294 merito
3582 4232 3874 4307 respondetur,

2377 4330 2516 4403 Ergo
2554 4341 2844 4385 evacuatum
2883 4340 2955 4385 est
2995 4330 3295 4386 scandalum
3335 4334 3495 4387 crucis
3522 4329 3693 4405 (Colat.
3718 4342 3762 4393 v,
3799 4324 3874 4384 Î—)-
3968 4346 3969 4407 Î¾

2374 4422 2515 4495 Ergo
2535 4422 2764 4478 Christus
2801 4423 2958 4494 gratis
2997 4432 3227 4477 mortuus
3267 4432 3361 4478 est.
3400 4423 3531 4478 Num
3569 4422 3692 4477 enim
3733 4418 3767 4471 si
3800 4427 3873 4468 non

2373 4525 2672 4572 moreretur
2700 4522 2916 4585 propter
2942 4514 3132 4569 delicta
3160 4523 3365 4583 nostra,
3397 4525 3452 4571 et
3495 4519 3757 4582 resurgeret
3789 4517 3873 4575 pm-
3968 4516 3969 4555 á¿ª

2372 4618 2489 4680 pter
2511 4609 2941 4678 iustificationem
2966 4620 3204 4665 nostram
3226 4611 3403 4683 (Rom.
3423 4628 3493 4676 Î¹Î½,
3515 4609 3618 4681 25),
3644 4615 3873 4661 necascenâ€˜
3968 4632 3969 4693 Ï‚

2369 4701 2535 4757 disset
2562 4702 2611 4756 in
2643 4702 2839 4768 altum,
2874 4711 2926 4758 et
2954 4704 3227 4773 captivans
3254 4705 3600 4775 captivitatem
3628 4699 3750 4754 daret
3772 4693 3870 4747 dona
3968 4714 3969 4775 Î¾

2370 4794 2693 4862 hominibus,
2726 4796 2823 4850 ista
2850 4805 3052 4852 natura:
3079 4797 3403 4867 possibilitas
3425 4811 3576 4868 quam
3601 4787 3808 4854 defendit,
3828 4785 3863 4837 in

2367 4888 2670 4944 hominibus
2696 4903 2801 4944 non
2827 4891 3007 4945 esset?
3758 4972 3793 4979 __
3831 4968 3840 4979 ,

2437 4984 2522 5037 10.
2556 4984 2637 5037 An
2679 4982 2814 5039 forte
2861 4984 2954 5038 Dei
3001 4983 3307 5039 mandatum
3338 4984 3535 5049 deerat,
3565 4990 3614 5037 et
3630 4979 3730 5035 ideo
3749 4972 3863 5029 Chri-

2362 5085 2476 5132 stus
2506 5086 2744 5131 mortuus
2774 5077 2892 5132 est?
2921 5076 3032 5133 lmo
3070 5078 3178 5147 jam
3221 5086 3273 5133 et
3320 5078 3421 5133 hoc
3458 5085 3568 5132 erat
3590 5068 3863 5130 sanctum,â€œ

2356 5169 2557 5240 justum
2584 5210 2597 5233 ,
2628 5178 2682 5223 et
2712 5168 2906 5223 bonum
2940 5168 3048 5239 (Id.
3081 5186 3172 5237 vn,
3207 5169 3294 5241 12)
3324 5187 3336 5221 :
3361 5169 3468 5238 jam
3507 5166 3683 5223 dictum
3718 5158 3855 5214 fuerat,

2362 5259 2482 5315 Non
2512 5262 2830 5331 concupisces
2860 5259 3051 5334 (Exod.
3085 5277 3176 5329 xx,
3207 5263 3295 5333 i7)
3317 5278 3328 5313 :
3349 5261 3456 5331 jam
3501 5259 3679 5314 dictum
3715 5250 3856 5351 fuerit.

2358 5353 2553 5426 Diliges
2623 5355 2905 5422 proximum
2972 5364 3112 5409 tuttm
3178 5364 3411 5427 tanquam
3479 5354 3669 5425 teipsum

2358 5463 2467 5513 Ï‡Î¹Ï‡,
2497 5444 2604 5518 l8),
2626 5447 2677 5500 in
2696 5460 2801 5515 quo
2826 5459 3075 5501 sermone
3102 5446 3386 5516 Apostolus
3414 5458 3612 5499 omnem
3629 5430 3858 5536 Î”Î™Î¹Î¾á½·Ï‚Î¹Î¾Î¹Î¹Î¹Î¹á½±Î¹Î»Î¹

2356 5538 2429 5594 cit
2474 5538 2679 5607 impleri
2728 5537 2903 5607 (Rom.
2945 5554 3057 5604 xm,
3089 5538 3179 5610 9).
3210 5538 3277 5593 Et
3315 5537 3555 5608 quoniam
3596 5531 3683 5588 nisi
3717 5525 3853 5593 diligat

2356 5631 2544 5698 Deum,
2567 5645 2723 5685 nemo
2747 5629 2917 5700 diligit
2942 5631 3196 5701 seipsum,
3221 5630 3338 5685 ideo
3362 5626 3600 5683 Dominus
3622 5624 3665 5677 in
3684 5620 3736 5675 iis
3750 5616 3850 5670 duo-

2352 5724 2453 5779 bus
2480 5723 2762 5793 prarceptis
2795 5731 2955 5777 totam
2995 5722 3191 5794 Legem
3217 5721 3594 5793 Prophetasque
3620 5712 3727 5771 dicit
3751 5719 3849 5778 pen-

2352 5817 2479 5872 dere
2503 5815 2714 5889 (Matth.
2732 5832 2861 5883 Ï‡Ï‡Î¹Î¹,
2889 5814 3080 5891 57-40)
3102 5835 3113 5870 :
3134 5833 3251 5888 qua:
3262 5816 3366 5872 duo
3382 5820 3620 5885 praecepta
3631 5809 3723 5909 jam

2355 5908 2661 5965 hominibus
2692 5907 2942 5963 divinitus
2968 5908 3112 5965 data.
3143 5910 3222 5966 An
3255 5918 3500 5965 :eternum
3531 5901 3760 5977 prmniinm
3779 5901 3846 5962 1|!-

3945 517 3957 559 á¼“
