4004 6400
143 352 218 412 τω
1228 334 1637 394 EPISTOLAltl

1745 332 2020 391 CLASSIS
2059 330 2143 388 ΙΙΙ.

142 468 255 525 stitia:
284 460 570 535 promissum
598 454 823 511 nondam
852 453 1003 509 erat?
1038 453 1149 509 Hoc
1188 453 1301 524 ipse
1348 469 1453 508 non
1503 452 1632 508 dicit

142 559 205 630 qui
226 559 266 611 in
288 554 381 609 suis
407 549 607 606 Litteris
627 548 799 619 posuit
818 547 977 602 etiam
1002 547 1053 601 in
1078 546 1267 601 Vetere
1287 546 1632 600 Testamento

141 662 301 721 regnum
328 644 562 699 ewlorum
590 654 704 695 esse
731 639 1050 709 promissum
1075 636 1257 709 (Hebr.
1290 640 1385 708 xi).
1420 637 1475 691 Si
1503 649 1630 706 ergo

140 742 184 796 ad
201 735 442 794 iaciendum
465 729 937 802 perﬁciendamque
958 729 1238 799 justitiam,
1262 728 1370 798 jam
1394 736 1507 782 erat
1533 741 1630 781 na-

140 846 230 890 ture
251 827 532 901 possibilitas
562 840 654 895 per
680 825 903 880 liberum
931 823 1230 889 arbitrium,
1257 822 1367 891 jam
1393 829 1507 875 erat
1530 819 1632 875 Le-

138 928 191 999 εἰς
213 924 285 979 Dei
308 928 525 976 sanctum
544 927 593 973 ct
616 919 816 987 justum
838 917 1141 987 bonumque
1171 914 1497 979 mandatum,
1519 912 1628 983 jam

138 1024 215 1071 erat
244 1012 522 1083 promissum
557 1008 834 1078 prremium
872 1008 1284 1078 sempiternum;
1316 1019 1444 1076 ergo
1472 1002 1629 1058 Chri-

138 1119 213 1161 stus
229 1103 363 1175 gratis
386 1111 615 1157 mortuus
638 1110 739 1154 est.

185 1200 245 1253 ll.
270 1197 387 1266 Ergo
412 1210 576 1265 neque
604 1210 695 1264 per
724 1195 916 1266 Legem
938 1194 1161 1265 justitia,
1205 1208 1379 1264 neque
1409 1208 1505 1263 per
1531 1208 1628 1248 na-

138 1301 226 1344 tura:
244 1286 631 1357 possibilitatem,
665 1286 758 1341 sed
788 1301 856 1340 ex
901 1286 1002 1341 ﬁde
1040 1294 1095 1340 et
1121 1285 1262 1339 dono
1294 1284 1383 1340 Dei
1414 1301 1511 1355 per
1536 1285 1628 1339 Je-

138 1398 214 1437 sum
231 1380 460 1435 Christum
487 1380 765 1433 Dominum
798 1389 1059 1445 nostrum,
1088 1394 1251 1432 unum
1280 1378 1629 1433 mediatorem

136 1474 198 1528 Dei
215 1482 254 1527 et
276 1471 520 1527 hominum
548 1469 592 1543 (l
616 1469 750 1525 Tim.
782 1487 837 1534 II,
869 1469 924 1542 5)
949 1489 960 1523 :
985 1471 1073 1541 qui
1102 1470 1203 1525 nisi
1226 1471 1277 1524 in
1300 1470 1629 1540 plenitudine

135 1567 318 1635 temporis
342 1574 569 1620 mortuus
589 1574 733 1620 esset
759 1574 973 1634 propter
1001 1563 1195 1619 delicta
1221 1574 1425 1630 nostra,
1456 1571 1509 1618 et
1537 1578 1627 1618 re-

133 1657 369 1711 surrexisset
398 1666 610 1726 propter
634 1656 1067 1726 justiﬁcationem
1103 1664 1361 1721 nostram,
1392 1653 1629 1724 profeCto

133 1760 167 1805 et
185 1751 461 1820 antiquorum
497 1749 630 1804 ﬁdes
659 1756 1006 1805 evacuaretur
1044 1756 1094 1803 et
1125 1758 1326 1801 nostra.
1353 1746 1483 1800 Fide
1506 1761 1630 1800 vero

133 1852 333 1905 evacuata,
359 1857 469 1909 quae
509 1839 710 1894 homini
745 1840 947 1909 justitia
992 1846 1285 1901 remaneat,
1309 1852 1427 1891 cum
1456 1837 1630 1905 justus

133 1930 265 1985 ριϋάρ
289 1932 408 1985 vivat
434 1928 657 2001 (IIabac.
690 1948 746 1992 ιι,
780 1927 879 2002 4)⁴ἶ
910 1930 983 1983 Ex
1011 1944 1117 1999 quo
1159 1928 1301 1984 enim
1347 1943 1442 1997 per
1464 1943 1628 1982 unum

133 2023 326 2078 hominem
364 2031 631 2093 peccatum
674 2023 889 2078 intravit
917 2023 971 2078 in
1000 2022 1273 2086 mundum,
1303 2031 1357 2077 et
1382 2038 1477 2091 per
1503 2037 1628 2093 pec-

132 2122 251 2168 catum
274 2130 413 2180 mors,
440 2125 487 2170 et
534 2116 606 2171 ita
637 2116 687 2171 in
718 2131 905 2170 omnes
936 2114 1181 2169 homines
1212 2114 1536 2184 pertransiit,
1571 2114 1625 2169 in

132 2222 200 2274 quo
234 2222 388 2262 omnes
427 2216 779 2277 peccaverunt
810 2206 982 2279 (Rom.
1013 2222 1066 2273 v,
1101 2205 1224 2277 l2):
1254 2205 1439 2275 procul
1469 2204 1630 2261 dubio

130 2311 335 2367 acorpore
369 2298 547 2354 mortis
593 2299 784 2368 hujus,
819 2298 907 2353 ubi
952 2298 1055 2352 alia
1102 2297 1189 2351 lex
1227 2307 1486 2368 repugnat
1526 2298 1629 2368 legi

131 2388 276 2453 urentis,
293 2390 541 2444 nemiuem
562 2389 813 2444 liberavit
837 2397 925 2443 aut
950 2388 1142 2443 liberat
1165 2404 1259 2442 sua
1282 2388 1628 2457 possibilitas,

129 2493 207 2545 qua:
240 2479 409 2548 perdita
453 2480 817 2551 Redemptore
864 2480 1085 2551 indiget,
1115 2480 1292 2534 saucia
1323 2480 1628 2545 Salvatore;

128 2568 190 2622 sed
209 2570 340 2639 gratia
371 2572 456 2626 Dei
497 2589 594 2642 per
624 2572 779 2626 lidcrn
808 2572 963 2627 unius
992 2571 1299 2627 mediatoris
1324 2572 1417 2626 Dei
1446 2580 1500 2627 et
1529 2571 1631 2626 ho-

126 2660 285 2728 minum,
310 2662 522 2719 hominis
549 2663 756 2721 Christi
785 2664 911 2719 Jesu
940 2663 1049 2737 (Id.
1083 2680 1176 2730 vn,
1204 2664 1395 2736 21-25)
1423 2665 1551 2736 :qui
1578 2674 1634 2719 et

127 2751 223 2808 Deus
253 2772 353 2811 cum
393 2768 548 2825 esset,
587 2759 860 2815 hominem
908 2760 1066 2824 fecit;
1109 2767 1162 2815 et
1207 2774 1428 2815 manens
1467 2761 1629 2829 Deus,

126 2842 238 2899 homo
258 2846 404 2905 factus
428 2850 620 2906 refecit
640 2851 753 2921 ipse
779 2850 922 2922 quod
952 2850 1098 2906 fecit.

172 2936 235 2990 12.
259 2938 370 2995 Ρυῑο
405 2950 580 2997 autem
632 2941 772 3011 quod
820 2957 941 2997 eum
992 2942 1171 3008 lateat,
1210 2941 1367 2998 [idem
1412 2942 1630 3008 ChriSti,

124 3044 203 3098 qua
231 3042 384 3101 postea
422 3036 474 3090 in
518 3036 908 3093 revelationem
950 3037 1115 3103 venit,
1147 3037 1200 3091 in
1235 3038 1444 3093 occulto
1471 3038 1635 3093 fuisse

127 3126 379 3193 temporibus
394 3138 603 3198 patrum
622 3135 955 3194 nostrorum;
981 3144 1077 3197 per
1095 3144 1251 3199 quam
1277 3138 1453 3185 tamen
1474 3130 1635 3184 etiam

42 3236 47 3241 -
124 3210 187 3280 ipsi
209 3214 283 3271 Dei
307 3219 460 3287 gratia
488 3218 706 3274 liberati
736 3226 881 3286 sunt,
912 3218 1232 3289 quicumque
1257 3219 1505 3275 omnibus
1532 3220 1635 3273 hu-

124 3312 220 3366 mani
238 3316 421 3383 generis
461 3316 793 3387 temporibus
833 3314 1047 3370 liberari
1088 3324 1397 3384 potuerunt,
1424 3315 1636 3370 occulto

122 3401 263 3470 judicio
287 3409 386 3475 Dei,
418 3426 519 3466 non
550 3420 736 3465 tamen
764 3409 1116 3478 vituperabili.
1151 3408 1302 3464 Unde
1331 3409 1460 3464 dicit
1487 3410 1634 3478 Apo-

122 3497 255 3565 stolus,
279 3500 512 3559 Habentes
537 3512 711 3558 autem
748 3503 981 3574 spiritum
1018 3502 1157 3571 ﬁdei,
1182 3503 1362 3571 utique
1387 3501 1635 3557 eumdem

123 3603 229 3655 quem
249 3600 296 3647 et
318 3594 405 3661 illi,
431 3596 712 3651 secundant
732 3596 867 3665 quod
893 3597 1131 3665 scriptum
1154 3602 1242 3657 est,
1266 3592 1491 3662 Credidi,
1519 3611 1636 3665 pro-

123 3690 195 3747 pter
212 3687 322 3754 quod
348 3697 390 3741 et
415 3688 616 3743 locutus
643 3703 793 3751 sum;
823 3697 868 3741 et
888 3703 976 3741 nos
998 3686 1263 3751 credimus,
1285 3695 1488 3756 propter
1501 3684 1637 3754 quod

122 3782 151 3823 tt
169 3774 373 3847 loquimur
392 3779 458 3851 (ll
477 3780 602 3835 Cor.
633 3795 705 3845 ιν,
732 3780 821 3847 15)
841 3796 853 3832 :
876 3776 997 3833 inde
1022 3787 1102 3832 est
1130 3778 1271 3848 quod
1296 3779 1369 3832 ait
1394 3779 1506 3847 ipse
1532 3776 1638 3831 Me-

120 3862 258 3934 dialor,
292 3870 535 3926 Abraham
586 3881 729 3941 pater
768 3880 927 3925 vester
964 3870 1245 3939 concupivit
1293 3870 1458 3923 videre
1504 3869 1637 3923 diem

123 3972 266 4025 meum;
288 3970 329 4016 et
366 3964 504 4029 vidit,
554 3973 609 4019 et
654 3964 851 4034 gavisus
890 3972 961 4018 est
1005 3961 1183 4034 (Joau.
1214 3976 1322 4027 vtrr,
1357 3960 1447 4033 56)
1475 3978 1487 4013 :
1514 3961 1638 4016 inde

118 4045 432 4112 Melchisedech
472 4056 688 4127 prolato
731 4064 1063 4111 sacramento
1103 4070 1302 4109 mensa:
1330 4052 1632 4119 dominicae,

119 4143 222 4199 novit
273 4156 514 4205 :eternurn
580 4147 695 4219 ejus
760 4148 1115 4205 sacerdotium
1148 4148 1163 4177 ί
1201 4145 1429 4215 ﬁgurare
1483 4144 1633 4214 (Gen.

118 4247 191 4299 xxv,
217 4239 308 4311 18),

166 4329 232 4383 15.
253 4332 357 4391 iam
374 4351 499 4392 vero
515 4337 642 4393 data
662 4335 712 4389 in
743 4334 957 4390 Litteris
979 4333 1140 4404 Lege,
1167 4347 1324 4403 quam
1345 4331 1474 4387 dicit
1488 4332 1636 4402 Apo-

116 4421 239 4478 Staius
251 4427 568 4485 subintrasse
586 4437 642 4483 ut
659 4427 953 4482 abundaret
976 4426 1249 4492 delictum,
1269 4433 1323 4479 et
1350 4424 1418 4479 de
1437 4438 1538 4494 qua
1566 4423 1639 4477 di-

117 4512 182 4575 εῖι,
204 4516 253 4571 Si
276 4536 382 4591 ergo
409 4540 471 4576 ea:
490 4508 935 4592 Legelluereditas,
956 4518 1071 4588 jam
1092 4535 1193 4571 non
1210 4534 1272 4570 ea:
1289 4516 1635 4587 promissione.

115 4604 281 4665 Abrahae
301 4624 460 4669 autem
491 4630 584 4684 per
612 4610 1047 4683 repromissionem
1076 4608 1278 4661 donavit
1311 4606 1464 4662 Deus.
1501 4606 1639 4672 Quid

116 4709 242 4754 autem
267 4704 373 4759 lex?
405 4704 840 4777 Transgressionis
874 4702 1038 4773 gratia
1072 4702 1331 4770 proposita
1361 4709 1452 4767 est,
1483 4699 1638 4754 donec

116 4792 256 4848 reuirat
280 4814 433 4854 semen
470 4799 552 4852 cui
584 4796 884 4869 promissum
909 4803 1000 4857 est,
1032 4792 1331 4863 dispositam
1361 4808 1450 4861 per
1472 4790 1639 4862 Ange-

116 4878 169 4934 los
188 4882 230 4935 in
254 4903 391 4942 manu
418 4888 735 4943 Mediatoris.
765 4885 1018 4940 Mediator
1047 4893 1214 4936 autem
1234 4882 1379 4935 unius
1406 4898 1507 4935 non
1536 4890 1639 4945 est;

115 4967 219 5030 Deus
237 4989 386 5033 autent
412 4998 544 5035 unus
569 4989 660 5036 est.
688 4978 796 5033 Lex
822 4994 940 5048 ergo
965 4975 1202 5030 adversus
1231 4974 1478 5043 promissa
1506 4972 1599 5026 Dei
1615 4973 1641 5026 ?

114 5061 237 5119 Absit.
266 5071 317 5124 Si
340 5073 469 5127 enim
488 5073 609 5127 data
634 5080 759 5126 esset
788 5071 869 5124 lea:
898 5084 1011 5139 qua:
1042 5076 1205 5138 posset
1236 5066 1507 5134 vivi/icore,
1531 5080 1641 5118 om-

113 5154 205 5209 ηἱηο
240 5177 291 5214 ea;
317 5162 444 5233 Lege
468 5174 592 5219 esset
610 5162 827 5233 iustitia.
859 5159 963 5215 Sed
978 5159 1221 5213 conclusit
1246 5157 1510 5229 Scriptura
1533 5173 1642 5210 om-

114 5245 178 5298 nia
203 5254 280 5305 sub
305 5266 519 5324 peccato,
548 5266 602 5309 ut
632 5253 895 5327 promissio
921 5267 984 5306 ea:
1006 5251 1109 5320 ﬁde
1124 5248 1252 5303 Jesu
1279 5248 1467 5303 Christi
1494 5248 1641 5301 dare-

114 5344 175 5391 tur
205 5344 492 5402 credentibus
518 5344 706 5417 (Gafat.
738 5361 815 5409 ιιι,
844 5341 1057 5414 18-22);
1089 5356 1268 5397 nonne
1300 5340 1428 5395 satis
1464 5348 1644 5394 osten-

115 5426 224 5486 ditur
248 5434 338 5491 hoc
364 5447 539 5493 aetum
570 5453 689 5493 esse
722 5452 817 5506 per
844 5436 1059 5506 Legem,
1092 5442 1149 5488 ut
1176 5442 1448 5504 peccatum
1480 5446 1643 5502 agno-

114 5533 326 5595 sceretur,
356 5540 407 5585 et
443 5531 874 5601 praevaricatione
919 5534 1202 5597 augeretur
1232 5523 1355 5597 (Ubi
1392 5525 1524 5579 enim
1562 5522 1645 5578 lea:

114 5629 192 5670 non
211 5630 292 5689 est,
319 5640 402 5677 nec
441 5624 783 5695 prwvaricatio
803 5620 979 5694 (Rom.
1012 5636 1089 5688 ιν,
1124 5620 1245 5691 l5);
1274 5627 1328 5675 et
1352 5619 1433 5674 sic
1455 5618 1645 5673 adver-

115 5723 187 5766 sus
207 5714 462 5773 victoriam
485 5718 680 5788 peccati
701 5716 768 5773 ad
791 5716 1022 5772 divinam
1047 5715 1291 5788 gratiam,
1314 5729 1432 5786 quae
1451 5715 1505 5770 in
1528 5727 1642 5784 pro-

164 5827 176 5857 ¹
197 5832 242 5878 ιιι
261 5837 333 5883 tis.
355 5832 520 5896 vatio,

3221 338 3328 396 770

1738 450 2079 505 missionibus
2108 457 2207 515 est,
2238 449 2611 522 confugeretur
2633 465 2646 503 :
2666 457 2824 523 atque
2852 450 2924 510 ita
2949 452 3061 510 Lex
3086 468 3194 510 non
3223 469 3318 512 es-

1738 552 1822 598 set
1863 543 2116 598 adversus
2159 545 2417 614 promissa
2464 544 2586 610 Dei;
2615 545 2739 615 quia
2777 545 2897 602 ideo
2943 562 3039 618 per
3078 546 3223 603 illam
3263 548 3325 606 ﬁt

1738 635 1968 704 cognitio
1996 637 2215 705 peccati,
2243 646 2297 690 et
2316 653 2381 692 ex
2402 636 2838 707 praevaricatione
2859 638 3017 710 Legis
3041 638 3315 695 abundan-

1740 726 1809 780 tia
1841 728 2070 796 peccati,
2101 739 2158 782 ut
2184 728 2252 784 ad
2281 730 2643 784 liberationem
2674 739 2980 800 qtuerantur
3006 732 3319 802 promissio-

1738 834 1833 873 ncs
1858 820 1973 887 Dei,
1999 823 2138 890 quod
2163 830 2245 878 est
2266 823 2430 892 gratia
2462 823 2583 889 Dei;
2620 831 2673 878 et
2710 823 2929 893 incipiat
2965 838 3085 879 esse
3123 824 3176 878 in
3215 824 3315 879 ho-

1736 912 1880 967 mine
1918 914 2121 983 justitia
2144 957 2157 981 ,
2200 930 2309 971 non
2346 930 2439 972 sua
2458 956 2474 983 ,
2505 915 2601 972 sed
2625 916 2756 983 Dei,
2784 914 2887 971 hoc
2922 915 3149 972 estdata
3172 915 3316 972 dono

1700 1012 1705 1016 ”
1736 1002 1874 1060 Dei?

1809 1099 1895 1155 14.
1920 1100 2085 1168 Quam
2116 1102 2275 1158 etiam
2302 1118 2445 1159 nunc
2472 1102 2686 1175 quidam
2725 1102 3013 1175 ignorantes
3035 1101 3132 1158 Dei
3153 1104 3317 1174 justi-

1736 1194 1878 1257 tiam,
1911 1192 2045 1248 sicut
2071 1204 2123 1249 et
2159 1204 2283 1250 tunc
2307 1195 2375 1250 de
2402 1195 2598 1251 Judaeis
2624 1195 2822 1250 dictum
2849 1204 2953 1261 est,
2985 1204 3032 1249 et
3057 1211 3202 1250 suam
3230 1211 3318 1250 vo-

1737 1286 1890 1341 lentes
1900 1287 2217 1351 constituere,
2224 1289 2439 1359 justitia:
2452 1286 2548 1341 Dei
2561 1303 2662 1342 non
2683 1286 3015 1357 suntsubjecti
3031 1285 3139 1359 (Id.
3160 1303 3212 1352 κ,
3233 1286 3313 1359 3).

1736 1379 1839 1433 Per
1864 1379 2057 1449 Legem
2083 1381 2277 1450 quippe
2297 1389 2351 1435 et
2377 1381 2451 1434 illi
2460 1379 2740 1451 justiﬁcari
2762 1379 3174 1447 searhitrantur,
3203 1377 3313 1433 sul-

1737 1469 1952 1527 ﬁciente
1979 1472 2078 1526 sibi
2104 1472 2169 1525 ad
2191 1486 2309 1526 eam
2334 1471 2734 1528 custodiendam
2757 1470 2926 1525 libero
2945 1469 3183 1538 arbitrio,
3214 1469 3317 1526 hoc

1737 1570 1839 1622 est,
1868 1561 2073 1630 jnstitia
2113 1578 2205 1615 sua
2230 1562 2431 1631 prolata
2477 1578 2543 1616 cx
2583 1569 2770 1616 natura
2796 1560 3060 1626 humana;
3090 1576 3195 1615 non
3222 1559 3319 1617 do-

1737 1661 1858 1706 nata
1886 1669 1951 1708 ex
1980 1654 2147 1723 gratia
2174 1654 2371 1717 divina,
2403 1663 2620 1723 propter
2646 1653 2788 1723 quod
2821 1652 3025 1722 justitia
3056 1652 3151 1708 Dei
3185 1652 3319 1708 dici-

1739 1752 1843 1799 tur.
1876 1743 2028 1799 Unde
2056 1745 2182 1799 item
2216 1744 2470 1814 scriptum
2498 1754 2581 1800 est
2602 1763 2615 1799 :
2636 1743 2740 1798 Per
2766 1742 2954 1815 Legem
2981 1744 3114 1798 enim
3141 1744 3317 1814 cogni-

1738 1837 1805 1888 tio
1834 1837 2043 1906 peccati.
2076 1836 2230 1890 Nnnc
2254 1846 2422 1891 autem
2460 1838 2566 1891 sine
2592 1836 2725 1907 Lege
2754 1838 2958 1908 justitia
2991 1836 3082 1891 Dei
3108 1840 3321 1912 manife-

1734 1935 1865 1981 stata
1903 1938 2002 1995 est,
2040 1929 2303 1997 testificata
2350 1945 2439 2000 per
2479 1928 2662 1999 Legem
2699 1939 2746 1984 et
2792 1929 3075 2001 Prop/tetas
3104 1930 3215 2003 (Id.
3240 1948 3317 1996 ιιι,
3354 1994 3373 1997 _

1734 2021 1825 2089 20,
1857 2021 1972 2093 21).
2007 2022 2136 2077 Cum
2186 2022 2331 2090 dicit,
2364 2022 2682 2092 manifestata
2722 2032 2827 2090 est;
2854 2023 3087 2078 ostendit
3113 2025 3237 2094 quia
3266 2033 3321 2081 et

1737 2124 1863 2170 tunc
1905 2123 2039 2181 erat,
2070 2115 2164 2171 sed
2192 2128 2438 2186 tanquam
2470 2115 2558 2170 illa
2590 2115 2765 2185 pluvia
2791 2132 2948 2185 quam
2976 2115 3192 2171 Gedeon
3222 2115 3321 2171 im-

1735 2209 1985 2280 petravit,
2011 2216 2138 2263 tunc
2176 2208 2321 2262 velut
2361 2208 2414 2262 in
2462 2207 2661 2263 vellere
2689 2208 2916 2275 occulta,
2959 2224 3100 2263 nunc
3140 2217 3320 2265 autem

1737 2299 1878 2355 velut
1906 2300 1961 2354 in
1988 2315 2132 2366 area,
2164 2297 2440 2355 manifesta
2472 2298 2666 2371 (Judic.
2698 2315 2771 2365 vr,
2801 2298 3003 2371 56-40).
3031 2297 3164 2355 Cum
3191 2314 3321 2371 ergo

1738 2392 1845 2448 Lex
1874 2392 1989 2447 sine
2016 2393 2185 2463 gratia
2226 2408 2330 2447 non
2359 2407 2503 2448 mors
2536 2392 2737 2462 peccati
2767 2391 3025 2462 potuisset
3061 2407 3200 2460 esse,
3222 2391 3319 2449 sed

1737 2485 1940 2549 virtus;
1970 2484 2047 2538 sic
2076 2485 2216 2537 enim
2249 2483 2447 2538 dictum
2476 2491 2579 2550 est,
2603 2481 2823 2537 Aculeus
2844 2484 3017 2537 mortis
3045 2492 3322 2554 peccatum,

1738 2577 1896 2629 virtus
1924 2585 2089 2628 autem
2127 2574 2316 2645 peccati
2356 2574 2463 2629 Lex
2492 2573 2548 2643 (Ι
2577 2572 2693 2629 Cor.
2727 2589 2815 2640 xv,
2849 2573 2986 2645 56):
3016 2573 3154 2629 sicut
3198 2589 3329 2629 eon-

1740 2666 1944 2737 lugiunt
1967 2666 2116 2720 multi
2143 2681 2173 2720 a
2204 2666 2337 2721 facie
2359 2667 2632 2737 regnantis
2646 2666 2663 2697 ¹
2681 2667 2881 2736 peccati
2910 2666 2975 2720 ad
2996 2666 3221 2736 gratiam
3242 2681 3329 2722 ve-

1738 2759 1817 2813 lut
1844 2759 1895 2812 in
1922 2772 2045 2811 arca
2075 2772 2215 2812 nunc
2242 2766 2531 2828 patentem,
2560 2760 2630 2811 ita
2676 2756 2830 2826 pauci
2867 2755 2935 2811 ad
2978 2772 3095 2811 eam
3139 2756 3327 2813 confu-

1739 2850 1955 2919 giebant
1979 2848 2120 2905 velut
2150 2849 2202 2903 in
2224 2849 2422 2904 vellere
2453 2858 2576 2903 tunc
2604 2849 2878 2904 latentem.
2897 2847 3024 2905 Haec
3043 2864 3173 2905 vero
3192 2856 3329 2908 tem.

1740 2959 1931 3013 porum
1972 2943 2276 2998 distributio
2319 2942 2548 2998 refertur
2576 2941 2643 2997 ad
2667 2941 2999 2997 altitudinem
3026 2941 3330 3000 divitiarum

1742 3034 2014 3104 sapienti-.13
2057 3042 2111 3087 et
2155 3033 2393 3088 scientia:
2432 3034 2547 3099 Dei,
2576 3033 2641 3088 de
2666 3048 2766 3104 qua
2792 3032 2991 3090 dictum
3017 3043 3100 3090 est
3124 3052 3136 3088 :
3165 3034 3331 3101 Quam

1741 3126 2086 3183 inscratabilia
2108 3136 2221 3180 sunt
2236 3126 2436 3196 judicia
2460 3128 2589 3197 ejus,
2613 3135 2659 3181 et
2684 3126 3051 3199 inuestigabiles
3088 3128 3184 3183 vita
3220 3129 3331 3199 ejus

1747 3218 1922 3291 (Rom.
1952 3234 2024 3284 xl,
2055 3215 2143 3288 55)
2167 3219 2179 3271 !

1815 3311 1901 3365 l5.
1932 3311 2265 3378 Quapropter
2313 3308 2359 3363 si
2403 3316 2458 3364 et
2498 3316 2624 3364 ante
2668 3318 2878 3380 tempus
2901 3309 3079 3381 Legis,
3104 3319 3162 3367 et
3197 3318 3333 3368 tem-

1743 3418 1874 3473 pore
1922 3402 2035 3471 ipso
2076 3400 2235 3471 Legis
2271 3400 2445 3471 justos
2486 3409 2667 3470 patres
2704 3416 2770 3457 ex
2800 3402 2906 3459 ﬁde
2933 3402 3193 3468 viventes,
3224 3420 3332 3462 non

1743 3494 2071 3564 possibilitas
2117 3502 2320 3548 naturae
2364 3492 2587 3549 inﬁrma:
2627 3502 2681 3549 et
2727 3493 3032 3565 indigre’ac
3060 3497 3254 3553 vitiata:
3278 3506 3335 3555 et

1744 3586 1842 3641 sub
1892 3596 2108 3655 peccato
2151 3584 2487 3648 venundata},
2516 3584 2611 3640 sed
2640 3584 2735 3640 Dei
2764 3586 2931 3657 gratia
2960 3603 3053 3658 per
3078 3588 3233 3645 ﬁdem
3256 3589 3335 3660 ju-

1744 3678 2035 3743 stilicabat;
2064 3687 2118 3732 et
2162 3693 2303 3733 nunc
2343 3677 2531 3733 eadem
2572 3678 2626 3733 in
2677 3687 2920 3749 apertum
2962 3680 3072 3751 jam
3116 3682 3333 3757 veniens

1745 3772 1976 3827 revelata
2011 3772 2267 3841 justiﬁcat
2296 3790 2309 3826 ε
2338 3772 2645 3829 anathemet
2683 3790 2812 3845 ergo
2857 3774 3101 3846 Pelagius
3135 3776 3333 3848 scripta

1745 3881 1857 3933 sua,
1884 3866 1974 3923 ubi
2000 3876 2183 3923 contra
2215 3883 2353 3933 eam,
2385 3868 2486 3923 etsi
2530 3883 2637 3922 non
2678 3883 2772 3937 per
2807 3870 3215 3937 contumaciam,
3249 3880 3334 3926 ta-

1745 3975 1870 4015 men
1899 3974 1995 4029 per
2039 3958 2388 4029 ignorantiam
2436 3957 2690 4028 disputat,
2717 3959 3121 4028 possibilitatem
3147 3961 3334 4017 del'eu-

1744 4050 1921 4106 dendo
1948 4059 2151 4104 naturae
2170 4049 2235 4104 ad
2260 4048 2520 4104 vincenda
2543 4059 2779 4119 peccata,
2800 4058 2853 4104 et
2881 4050 3148 4120 implenda
3174 4068 3329 4109 man-

1745 4143 1901 4209 data;
1931 4150 2022 4197 aut
2060 4141 2105 4197 si
2156 4156 2218 4195 ea
2260 4154 2355 4195 sua
2400 4154 2519 4195 esse
2562 4147 2739 4210 negat,
2766 4148 2856 4193 aut
2892 4140 3104 4211 scriptis
3126 4141 3237 4197 suis
3262 4144 3333 4198 ab

1746 4234 1974 4291 inimicis
2004 4233 2115 4289 suis
2141 4232 2270 4288 dicit
2310 4232 2547 4288 immissa
2573 4248 2690 4303 quae
2719 4246 2815 4286 sua
2841 4248 2960 4288 esse
2989 4243 3166 4304 negat,
3196 4250 3329 4292 aua-

1746 4327 1948 4383 themet
1986 4341 2047 4380 ea
2088 4332 2266 4379 tamen
2308 4332 2361 4379 et
2398 4323 2613 4379 damnet
2638 4332 2859 4395 paterna
2888 4324 3257 4383 exhortatione
3278 4337 3334 4386 et

1746 4417 2059 4475 auctoritate
2083 4414 2457 4472 Sanetimoniac
2487 4422 2610 4470 tuae.
2638 4415 2693 4470 Si
2724 4415 2837 4470 vult
2860 4432 3008 4487 ergo,
3041 4433 3330 4479 onerosum

1746 4510 1848 4566 sibi
1887 4518 1939 4565 et
1981 4506 2342 4580 perniciosum
2380 4505 2635 4561 Ecclesiae
2679 4505 2848 4562 discat
2894 4508 3201 4565 scandalum
3244 4527 3336 4568 au-

1746 4602 1920 4667 ferre;
1951 4599 2090 4672 quod
2121 4597 2427 4655 scandalum
2456 4597 2727 4653 auditores
2756 4607 2809 4653 et
2834 4597 2886 4652 in
2913 4614 3219 4670 perversum
3246 4601 3331 4656 di-

1748 4695 1973 4752 lectores
2014 4693 2129 4762 ejus
2170 4706 2547 4762 usquequaque
2588 4705 2838 4761 spargere
2878 4707 2984 4747 non
3027 4693 3328 4763 quiescunt.

1746 4785 1801 4841 Si
1832 4785 1973 4841 enim
2000 4782 2345 4853 cognoverint
2370 4781 2619 4836 eumdem
2646 4782 2863 4850 librum,
2893 4798 3050 4853 quem
3080 4783 3220 4838 illius
3247 4786 3330 4842 vel

1747 4885 1937 4949 putant
1976 4890 2096 4930 esse
2140 4873 2221 4928 vel
2264 4882 2490 4938 norunt,
2533 4874 2905 4945 episcoporum
2943 4874 3328 4935 catholicorum

1748 4968 2081 5033 auctoritate,
2108 4974 2163 5021 et
2204 4966 2436 5020 maxime
2476 4966 2783 5022 Sanctitatis
2826 4974 2950 5032 tuae,
2986 4982 3145 5037 quam
3184 4969 3327 5040 apud

1749 5080 1869 5121 eum
1906 5078 2026 5119 esse
2073 5059 2290 5131 majoris
2336 5059 2588 5131 ponderis
2631 5058 2847 5114 minime
2890 5058 3223 5129 dubitamus,
3262 5063 3333 5119 ab

1747 5155 1937 5213 eodem
1982 5153 2099 5224 ipso
2131 5153 2529 5208 anathematum
2554 5160 2712 5221 atque
2735 5150 3064 5216 damnatum,
3097 5168 3205 5208 non
3235 5168 3331 5209 eos

1749 5246 1971 5302 ulterius
1998 5243 2367 5301 existimamus
2399 5256 2643 5307 ausuros,
2670 5240 2936 5313 loquendo
2979 5252 3162 5299 contra
3206 5259 3328 5315 gra-

1750 5340 1874 5395 tiam
1905 5338 2019 5406 Dei,
2046 5354 2164 5410 quae
2193 5338 2424 5394 revelata
2450 5345 2531 5392 est
2557 5350 2655 5407 per
2681 5334 2985 5408 passionem
3010 5346 3064 5391 et
3088 5352 3331 5392 resurre-

1749 5435 1979 5491 ctionem
2022 5433 2238 5501 Christi,
2282 5440 2495 5504 pectora
2524 5430 2697 5485 ﬁdelia
2740 5438 2794 5486 et
2834 5431 3147 5501 simpliciter
3186 5431 3329 5487 cirri-

1750 5527 1918 5583 sliana
1944 5526 2188 5593 turbare;
2212 5525 2305 5581 sed
2336 5515 2518 5595 potius
2536 5522 2816 5593 adjuvante
2845 5521 3204 5578 misericordia
3234 5522 3332 5580 Do-

1815 5704 1833 5735 ί
1858 5710 1986 5755 Unus
2010 5716 2039 5754 e
2061 5703 2207 5754 Vatic.
2232 5709 2369 5766 Mssa,
2386 5698 2711 5766 repugnantis.

1813 5766 1965 5835 {nam
1992 5772 2086 5835 Eri,
2113 5773 2229 5835 etc_.,
2266 5759 2594 5835 indignatfat
2634 5772 2744 5813 ιον.
2773 5768 2824 5814 et
2844 5768 2972 5825 Mss,
2996 5759 3202 5831 indigre;
3224 5764 3332 5825 sm

1752 5827 1947 5891 antiqua
1967 5828 2210 5879 scribendi
2232 5827 2439 5889 ratione,
2464 5827 2693 5885 indigner.
