  <div class='ocr_page' id='page_1' title='image "/cluster/home/n/w/nwhite01/storage/ocr_20150623/33/uva.x000669810/401.png"; bbox 0 0 3990 6376; ppageno 0'>
   <div class='ocr_carea' id='block_1_1' title="bbox 729 234 827 293">
    <p class='ocr_par' dir='ltr' id='par_1_1' title="bbox 729 234 827 293">
     <span class='ocr_line' id='line_1_1' title="bbox 729 234 827 293; baseline -0.02 0"><span class='ocrx_word' id='word_1_1' title='bbox 729 234 827 293; x_wconf 73' lang='grc' dir='ltr'><strong>πί</strong></span> 
     </span>
    </p>
   </div>
   <div class='ocr_carea' id='block_1_2' title="bbox 729 346 2313 416">
    <p class='ocr_par' dir='ltr' id='par_1_2' title="bbox 729 346 2313 416">
     <span class='ocr_line' id='line_1_2' title="bbox 729 346 2313 416; baseline -0.004 -11"><span class='ocrx_word' id='word_1_2' title='bbox 729 350 880 414; x_wconf 88' lang='lat' dir='ltr'><strong>mini,</strong></span> <span class='ocrx_word' id='word_1_3' title='bbox 922 348 1352 405; x_wconf 88' lang='lat' dir='ltr'><strong>concertantibus</strong></span> <span class='ocrx_word' id='word_1_4' title='bbox 1391 349 1667 404; x_wconf 88' lang='lat' dir='ltr'><strong>nobiscum</strong></span> <span class='ocrx_word' id='word_1_5' title='bbox 1708 347 1968 403; x_wconf 88' lang='lat' dir='ltr'><strong>eharitate</strong></span> <span class='ocrx_word' id='word_1_6' title='bbox 2012 361 2075 400; x_wconf 91' lang='lat' dir='ltr'><strong>ac</strong></span> <span class='ocrx_word' id='word_1_7' title='bbox 2117 346 2313 416; x_wconf 89' lang='lat' dir='ltr'><strong>pietate</strong></span> 
     </span>
    </p>
   </div>
   <div class='ocr_carea' id='block_1_3' title="bbox 729 439 2314 513">
    <p class='ocr_par' dir='ltr' id='par_1_3' title="bbox 729 439 2314 513">
     <span class='ocr_line' id='line_1_3' title="bbox 729 439 2314 513; baseline -0.004 -16"><span class='ocrx_word' id='word_1_8' title='bbox 729 441 1074 513; x_wconf 81' lang='lat' dir='ltr'><strong>flagrantibus</strong></span> <span class='ocrx_word' id='word_1_9' title='bbox 1103 440 1434 496; x_wconf 90' lang='lat' dir='ltr'><strong>orationibus</strong></span> <span class='ocrx_word' id='word_1_10' title='bbox 1460 439 1584 505; x_wconf 92' lang='lat' dir='ltr'><strong>tuis,</strong></span> <span class='ocrx_word' id='word_1_11' title='bbox 1615 453 1720 493; x_wconf 90' lang='lat' dir='ltr'><strong>non</strong></span> <span class='ocrx_word' id='word_1_12' title='bbox 1762 439 1936 492; x_wconf 90' lang='lat' dir='ltr'><strong>solum</strong></span> <span class='ocrx_word' id='word_1_13' title='bbox 1977 447 2031 492; x_wconf 91' lang='lat' dir='ltr'><strong>ut</strong></span> <span class='ocrx_word' id='word_1_14' title='bbox 2075 439 2129 492; x_wconf 91' lang='lat' dir='ltr'><strong>in</strong></span> <span class='ocrx_word' id='word_1_15' title='bbox 2159 447 2314 492; x_wconf 68' lang='lat' dir='ltr'><strong>teter-</strong></span> 
     </span>
    </p>
   </div>
   <div class='ocr_carea' id='block_1_4' title="bbox 730 532 2312 602">
    <p class='ocr_par' dir='ltr' id='par_1_4' title="bbox 730 532 2312 602">
     <span class='ocr_line' id='line_1_4' title="bbox 730 532 2312 602; baseline -0.002 -12"><span class='ocrx_word' id='word_1_16' title='bbox 730 551 857 590; x_wconf 91' lang='lat' dir='ltr'><strong>num</strong></span> <span class='ocrx_word' id='word_1_17' title='bbox 898 535 1058 602; x_wconf 89' lang='lat' dir='ltr'><strong>beati,</strong></span> <span class='ocrx_word' id='word_1_18' title='bbox 1090 550 1274 590; x_wconf 81' lang='lat' dir='ltr'><strong>verum</strong></span> <span class='ocrx_word' id='word_1_19' title='bbox 1309 532 1466 589; x_wconf 89' lang='lat' dir='ltr'><strong>etiam</strong></span> <span class='ocrx_word' id='word_1_20' title='bbox 1505 532 1636 602; x_wconf 87' lang='lat' dir='ltr'><strong>justi</strong></span> <span class='ocrx_word' id='word_1_21' title='bbox 1680 541 1734 586; x_wconf 90' lang='lat' dir='ltr'><strong>et</strong></span> <span class='ocrx_word' id='word_1_22' title='bbox 1773 532 1941 587; x_wconf 85' lang='lat' dir='ltr'><strong>sancti</strong></span> <span class='ocrx_word' id='word_1_23' title='bbox 1968 533 2096 596; x_wconf 87' lang='lat' dir='ltr'><strong>sint,</strong></span> <span class='ocrx_word' id='word_1_24' title='bbox 2124 532 2312 587; x_wconf 91' lang='lat' dir='ltr'><strong>nonin</strong></span> 
     </span>
    </p>
   </div>
   <div class='ocr_carea' id='block_1_5' title="bbox 728 628 2313 699">
    <p class='ocr_par' dir='ltr' id='par_1_5' title="bbox 728 628 2313 699">
     <span class='ocr_line' id='line_1_5' title="bbox 728 628 2313 699; baseline -0.001 -14"><span class='ocrx_word' id='word_1_25' title='bbox 728 643 822 685; x_wconf 86' lang='lat' dir='ltr'><strong>sua</strong></span> <span class='ocrx_word' id='word_1_26' title='bbox 849 631 1062 696; x_wconf 89' lang='lat' dir='ltr'><strong>virtute,</strong></span> <span class='ocrx_word' id='word_1_27' title='bbox 1091 629 1186 684; x_wconf 87' lang='lat' dir='ltr'><strong>sed</strong></span> <span class='ocrx_word' id='word_1_28' title='bbox 1222 629 1277 682; x_wconf 92' lang='lat' dir='ltr'><strong>in</strong></span> <span class='ocrx_word' id='word_1_29' title='bbox 1313 628 1499 684; x_wconf 89' lang='lat' dir='ltr'><strong>eadem</strong></span> <span class='ocrx_word' id='word_1_30' title='bbox 1529 629 1697 699; x_wconf 84' lang='lat' dir='ltr'><strong>gratia</strong></span> <span class='ocrx_word' id='word_1_31' title='bbox 1727 628 2042 684; x_wconf 90' lang='lat' dir='ltr'><strong>conﬁsuros.</strong></span> <span class='ocrx_word' id='word_1_32' title='bbox 2081 628 2232 684; x_wconf 86' lang='lat' dir='ltr'><strong>Unde</strong></span> <span class='ocrx_word' id='word_1_33' title='bbox 2258 637 2313 684; x_wconf 90' lang='lat' dir='ltr'><strong>et</strong></span> 
     </span>
    </p>
   </div>
   <div class='ocr_carea' id='block_1_6' title="bbox 727 721 2312 795">
    <p class='ocr_par' dir='ltr' id='par_1_6' title="bbox 727 721 2312 795">
     <span class='ocr_line' id='line_1_6' title="bbox 727 721 2312 795; baseline -0.003 -15"><span class='ocrx_word' id='word_1_34' title='bbox 727 724 795 780; x_wconf 81' lang='lat' dir='ltr'><strong>ad</strong></span> <span class='ocrx_word' id='word_1_35' title='bbox 841 725 1012 795; x_wconf 90' lang='lat' dir='ltr'><strong>ipsum</strong></span> <span class='ocrx_word' id='word_1_36' title='bbox 1060 723 1310 792; x_wconf 81' lang='lat' dir='ltr'><strong>scriptam</strong></span> <span class='ocrx_word' id='word_1_37' title='bbox 1347 723 1416 777; x_wconf 88' lang='lat' dir='ltr'><strong>ab</strong></span> <span class='ocrx_word' id='word_1_38' title='bbox 1461 737 1566 777; x_wconf 86' lang='lat' dir='ltr'><strong>uno</strong></span> <span class='ocrx_word' id='word_1_39' title='bbox 1613 731 1852 778; x_wconf 89' lang='lat' dir='ltr'><strong>nostrum</strong></span> <span class='ocrx_word' id='word_1_40' title='bbox 1897 723 2199 792; x_wconf 81' lang='lat' dir='ltr'><strong>epistolam,</strong></span> <span class='ocrx_word' id='word_1_41' title='bbox 2246 721 2312 775; x_wconf 93' lang='lat' dir='ltr'><strong>ad</strong></span> 
     </span>
    </p>
   </div>
   <div class='ocr_carea' id='block_1_7' title="bbox 727 814 2311 888">
    <p class='ocr_par' dir='ltr' id='par_1_7' title="bbox 727 814 2311 888">
     <span class='ocr_line' id='line_1_7' title="bbox 727 814 2311 888; baseline -0.003 -16"><span class='ocrx_word' id='word_1_42' title='bbox 727 833 885 888; x_wconf 90' lang='lat' dir='ltr'><strong>quem</strong></span> <span class='ocrx_word' id='word_1_43' title='bbox 909 832 1000 886; x_wconf 88' lang='lat' dir='ltr'><strong>per</strong></span> <span class='ocrx_word' id='word_1_44' title='bbox 1028 814 1310 885; x_wconf 88' lang='lat' dir='ltr'><strong>quemdam</strong></span> <span class='ocrx_word' id='word_1_45' title='bbox 1341 814 1652 869; x_wconf 83' lang='lat' dir='ltr'><strong>orientalem</strong></span> <span class='ocrx_word' id='word_1_46' title='bbox 1678 814 1981 877; x_wconf 84' lang='lat' dir='ltr'><strong>diaconum,</strong></span> <span class='ocrx_word' id='word_1_47' title='bbox 2013 815 2183 870; x_wconf 85' lang='lat' dir='ltr'><strong>civem</strong></span> <span class='ocrx_word' id='word_1_48' title='bbox 2215 828 2311 868; x_wconf 85' lang='lat' dir='ltr'><strong>au-</strong></span> 
     </span>
    </p>
   </div>
   <div class='ocr_carea' id='block_1_8' title="bbox 727 905 2309 977">
    <p class='ocr_par' dir='ltr' id='par_1_8' title="bbox 727 905 2309 977">
     <span class='ocr_line' id='line_1_8' title="bbox 727 905 2309 977; baseline -0.002 -15"><span class='ocrx_word' id='word_1_49' title='bbox 727 913 836 962; x_wconf 90' lang='lat' dir='ltr'><strong>tem</strong></span> <span class='ocrx_word' id='word_1_50' title='bbox 863 908 1547 976; x_wconf 83' lang='lat' dir='ltr'><strong>llippnnensem,tanquam</strong></span> <span class='ocrx_word' id='word_1_51' title='bbox 1573 905 1901 977; x_wconf 80' lang='lat' dir='ltr'><strong>purgationis</strong></span> <span class='ocrx_word' id='word_1_52' title='bbox 1931 922 2041 960; x_wconf 79' lang='lat' dir='ltr'><strong>sua:</strong></span> <span class='ocrx_word' id='word_1_53' title='bbox 2068 906 2309 976; x_wconf 63' lang='lat' dir='ltr'><strong>quaedam</strong></span> 
     </span>
    </p>
   </div>
   <div class='ocr_carea' id='block_1_9' title="bbox 726 998 2313 1070">
    <p class='ocr_par' dir='ltr' id='par_1_9' title="bbox 726 998 2313 1070">
     <span class='ocr_line' id='line_1_9' title="bbox 726 998 2313 1070; baseline -0.001 -16"><span class='ocrx_word' id='word_1_54' title='bbox 726 1001 918 1070; x_wconf 88' lang='lat' dir='ltr'><strong>scripta</strong></span> <span class='ocrx_word' id='word_1_55' title='bbox 949 1000 1262 1066; x_wconf 86' lang='lat' dir='ltr'><strong>transmisit,</strong></span> <span class='ocrx_word' id='word_1_56' title='bbox 1297 1009 1401 1054; x_wconf 67' lang='lat' dir='ltr'><strong>tua:</strong></span> <span class='ocrx_word' id='word_1_57' title='bbox 1439 999 1756 1054; x_wconf 90' lang='lat' dir='ltr'><strong>Beatitudini</strong></span> <span class='ocrx_word' id='word_1_58' title='bbox 1786 999 1963 1069; x_wconf 88' lang='lat' dir='ltr'><strong>potius</strong></span> <span class='ocrx_word' id='word_1_59' title='bbox 1990 998 2313 1054; x_wconf 81' lang='lat' dir='ltr'><strong>credidimus</strong></span> 
     </span>
    </p>
   </div>
   <div class='ocr_carea' id='block_1_10' title="bbox 725 1090 2312 1162">
    <p class='ocr_par' dir='ltr' id='par_1_10' title="bbox 725 1090 2312 1162">
     <span class='ocr_line' id='line_1_10' title="bbox 725 1090 2312 1162; baseline -0.003 -15"><span class='ocrx_word' id='word_1_60' title='bbox 725 1091 1075 1162; x_wconf 83' lang='lat' dir='ltr'><strong>dirigendam,</strong></span> <span class='ocrx_word' id='word_1_61' title='bbox 1108 1091 1297 1146; x_wconf 87' lang='lat' dir='ltr'><strong>melius</strong></span> <span class='ocrx_word' id='word_1_62' title='bbox 1335 1091 1635 1161; x_wconf 88' lang='lat' dir='ltr'><strong>judicantes</strong></span> <span class='ocrx_word' id='word_1_63' title='bbox 1663 1100 1716 1146; x_wconf 89' lang='lat' dir='ltr'><strong>ct</strong></span> <span class='ocrx_word' id='word_1_64' title='bbox 1745 1099 1984 1160; x_wconf 85' lang='lat' dir='ltr'><strong>petentes</strong></span> <span class='ocrx_word' id='word_1_65' title='bbox 2023 1099 2083 1144; x_wconf 87' lang='lat' dir='ltr'><strong>ut</strong></span> <span class='ocrx_word' id='word_1_66' title='bbox 2113 1105 2230 1144; x_wconf 90' lang='lat' dir='ltr'><strong>eam</strong></span> <span class='ocrx_word' id='word_1_67' title='bbox 2263 1090 2312 1143; x_wconf 94' lang='lat' dir='ltr'><strong>ei</strong></span> 
     </span>
    </p>
   </div>
   <div class='ocr_carea' id='block_1_11' title="bbox 724 1181 2310 1256">
    <p class='ocr_par' dir='ltr' id='par_1_11' title="bbox 724 1181 2310 1256">
     <span class='ocr_line' id='line_1_11' title="bbox 724 1181 2310 1256; baseline 0.002 -21"><span class='ocrx_word' id='word_1_68' title='bbox 724 1181 934 1237; x_wconf 89' lang='lat' dir='ltr'><strong>mittere</strong></span> <span class='ocrx_word' id='word_1_69' title='bbox 959 1182 1073 1253; x_wconf 89' lang='lat' dir='ltr'><strong>ipse</strong></span> <span class='ocrx_word' id='word_1_70' title='bbox 1092 1183 1327 1256; x_wconf 78' lang='lat' dir='ltr'><strong>digneris</strong></span> <span class='ocrx_word' id='word_1_71' title='bbox 1353 1201 1367 1238; x_wconf 91' lang='lat'>:</span> <span class='ocrx_word' id='word_1_72' title='bbox 1396 1184 1474 1238; x_wconf 88' lang='lat' dir='ltr'><strong>sic</strong></span> <span class='ocrx_word' id='word_1_73' title='bbox 1492 1184 1633 1238; x_wconf 90' lang='lat' dir='ltr'><strong>enim</strong></span> <span class='ocrx_word' id='word_1_74' title='bbox 1655 1199 1774 1238; x_wconf 88' lang='lat' dir='ltr'><strong>eam</strong></span> <span class='ocrx_word' id='word_1_75' title='bbox 1801 1183 1978 1254; x_wconf 85' lang='lat' dir='ltr'><strong>legere</strong></span> <span class='ocrx_word' id='word_1_76' title='bbox 2006 1184 2180 1254; x_wconf 85' lang='lat' dir='ltr'><strong>potius</strong></span> <span class='ocrx_word' id='word_1_77' title='bbox 2206 1197 2310 1238; x_wconf 92' lang='lat' dir='ltr'><strong>non</strong></span> 
     </span>
    </p>
   </div>
   <div class='ocr_carea' id='block_1_12' title="bbox 722 1259 2310 1348">
    <p class='ocr_par' dir='ltr' id='par_1_12' title="bbox 722 1259 2310 1348">
     <span class='ocr_line' id='line_1_12' title="bbox 722 1259 2310 1348; baseline 0 -19"><span class='ocrx_word' id='word_1_78' title='bbox 722 1259 1160 1346; x_wconf 33' lang='lat' dir='ltr'><strong>dedignabitur,‘</strong></span> <span class='ocrx_word' id='word_1_79' title='bbox 1191 1277 1358 1347; x_wconf 83' lang='lat' dir='ltr'><strong>magis</strong></span> <span class='ocrx_word' id='word_1_80' title='bbox 1403 1276 1459 1331; x_wconf 93' lang='lat' dir='ltr'><strong>in</strong></span> <span class='ocrx_word' id='word_1_81' title='bbox 1506 1276 1597 1330; x_wconf 89' lang='lat' dir='ltr'><strong>illa</strong></span> <span class='ocrx_word' id='word_1_82' title='bbox 1637 1292 1759 1332; x_wconf 90' lang='lat' dir='ltr'><strong>eum</strong></span> <span class='ocrx_word' id='word_1_83' title='bbox 1800 1276 1892 1348; x_wconf 92' lang='lat' dir='ltr'><strong>qui</strong></span> <span class='ocrx_word' id='word_1_84' title='bbox 1944 1276 2120 1341; x_wconf 90' lang='lat' dir='ltr'><strong>misit,</strong></span> <span class='ocrx_word' id='word_1_85' title='bbox 2153 1290 2310 1347; x_wconf 89' lang='lat' dir='ltr'><strong>quam</strong></span> 
     </span>
    </p>
   </div>
   <div class='ocr_carea' id='block_1_13' title="bbox 720 1369 1391 1439">
    <p class='ocr_par' dir='ltr' id='par_1_13' title="bbox 720 1369 1391 1439">
     <span class='ocr_line' id='line_1_13' title="bbox 720 1369 1391 1439; baseline 0.003 -15"><span class='ocrx_word' id='word_1_86' title='bbox 720 1369 809 1439; x_wconf 87' lang='lat' dir='ltr'><strong>qui</strong></span> <span class='ocrx_word' id='word_1_87' title='bbox 841 1370 1053 1439; x_wconf 89' lang='lat' dir='ltr'><strong>scripsit</strong></span> <span class='ocrx_word' id='word_1_88' title='bbox 1085 1371 1391 1426; x_wconf 89' lang='lat' dir='ltr'><strong>attendens.</strong></span> 
     </span>
    </p>
   </div>
   <div class='ocr_carea' id='block_1_14' title="bbox 793 1463 2312 1534">
    <p class='ocr_par' dir='ltr' id='par_1_14' title="bbox 793 1463 2312 1534">
     <span class='ocr_line' id='line_1_14' title="bbox 793 1463 2312 1534; baseline 0.001 -18"><span class='ocrx_word' id='word_1_89' title='bbox 793 1463 879 1517; x_wconf 83' lang='grc'><strong>16.</strong></span> <span class='ocrx_word' id='word_1_90' title='bbox 914 1463 1042 1518; x_wconf 91' lang='lat' dir='ltr'><strong>Illud</strong></span> <span class='ocrx_word' id='word_1_91' title='bbox 1069 1478 1194 1518; x_wconf 89' lang='lat' dir='ltr'><strong>vero</strong></span> <span class='ocrx_word' id='word_1_92' title='bbox 1224 1464 1364 1534; x_wconf 89' lang='lat' dir='ltr'><strong>quod</strong></span> <span class='ocrx_word' id='word_1_93' title='bbox 1390 1464 1570 1519; x_wconf 91' lang='lat' dir='ltr'><strong>dicunt</strong></span> <span class='ocrx_word' id='word_1_94' title='bbox 1597 1479 1751 1533; x_wconf 89' lang='lat' dir='ltr'><strong>posse</strong></span> <span class='ocrx_word' id='word_1_95' title='bbox 1771 1463 2040 1519; x_wconf 84' lang='lat' dir='ltr'><strong>hominem</strong></span> <span class='ocrx_word' id='word_1_96' title='bbox 2059 1478 2177 1519; x_wconf 89' lang='lat' dir='ltr'><strong>esse</strong></span> <span class='ocrx_word' id='word_1_97' title='bbox 2197 1463 2312 1518; x_wconf 86' lang='lat' dir='ltr'><strong>sine</strong></span> 
     </span>
    </p>
   </div>
   <div class='ocr_carea' id='block_1_15' title="bbox 720 1557 2308 1627">
    <p class='ocr_par' dir='ltr' id='par_1_15' title="bbox 720 1557 2308 1627">
     <span class='ocr_line' id='line_1_15' title="bbox 720 1557 2308 1627; baseline -0.001 -15"><span class='ocrx_word' id='word_1_98' title='bbox 720 1567 939 1627; x_wconf 86' lang='lat' dir='ltr'><strong>peccato</strong></span> <span class='ocrx_word' id='word_1_99' title='bbox 965 1600 977 1619; x_wconf 89' lang='lat'><strong>,</strong></span> <span class='ocrx_word' id='word_1_100' title='bbox 1023 1567 1078 1613; x_wconf 92' lang='lat' dir='ltr'><strong>et</strong></span> <span class='ocrx_word' id='word_1_101' title='bbox 1117 1559 1362 1613; x_wconf 88' lang='lat' dir='ltr'><strong>mandata</strong></span> <span class='ocrx_word' id='word_1_102' title='bbox 1406 1559 1499 1613; x_wconf 90' lang='lat' dir='ltr'><strong>Dei</strong></span> <span class='ocrx_word' id='word_1_103' title='bbox 1545 1557 1700 1613; x_wconf 82' lang='lat' dir='ltr'><strong>facile</strong></span> <span class='ocrx_word' id='word_1_104' title='bbox 1738 1559 2008 1613; x_wconf 91' lang='lat' dir='ltr'><strong>custodire</strong></span> <span class='ocrx_word' id='word_1_105' title='bbox 2056 1559 2098 1612; x_wconf 92' lang='lat' dir='ltr'><strong>si</strong></span> <span class='ocrx_word' id='word_1_106' title='bbox 2148 1558 2308 1622; x_wconf 89' lang='lat' dir='ltr'><strong>velit,</strong></span> 
     </span>
    </p>
   </div>
   <div class='ocr_carea' id='block_1_16' title="bbox 720 1651 2310 1722">
    <p class='ocr_par' dir='ltr' id='par_1_16' title="bbox 720 1651 2310 1722">
     <span class='ocr_line' id='line_1_16' title="bbox 720 1651 2310 1722; baseline -0.001 -18"><span class='ocrx_word' id='word_1_107' title='bbox 720 1651 962 1720; x_wconf 85' lang='lat' dir='ltr'><strong>quamvis</strong></span> <span class='ocrx_word' id='word_1_108' title='bbox 988 1667 1107 1705; x_wconf 91' lang='lat' dir='ltr'><strong>cum</strong></span> <span class='ocrx_word' id='word_1_109' title='bbox 1141 1653 1239 1705; x_wconf 87' lang='lat' dir='ltr'><strong>hoc</strong></span> <span class='ocrx_word' id='word_1_110' title='bbox 1267 1667 1361 1721; x_wconf 90' lang='lat' dir='ltr'><strong>per</strong></span> <span class='ocrx_word' id='word_1_111' title='bbox 1385 1651 1706 1720; x_wconf 88' lang='lat' dir='ltr'><strong>adjutorium</strong></span> <span class='ocrx_word' id='word_1_112' title='bbox 1736 1651 1918 1722; x_wconf 71' lang='lat' dir='ltr'><strong>gratim</strong></span> <span class='ocrx_word' id='word_1_113' title='bbox 1943 1694 1957 1716; x_wconf 94' lang='lat'><strong>,</strong></span> <span class='ocrx_word' id='word_1_114' title='bbox 1988 1667 2105 1720; x_wconf 71' lang='lat' dir='ltr'><strong>qua:</strong></span> <span class='ocrx_word' id='word_1_115' title='bbox 2133 1658 2310 1703; x_wconf 89' lang='lat' dir='ltr'><strong>tamen</strong></span> 
     </span>
    </p>
   </div>
   <div class='ocr_carea' id='block_1_17' title="bbox 721 1741 2310 1815">
    <p class='ocr_par' dir='ltr' id='par_1_17' title="bbox 721 1741 2310 1815">
     <span class='ocr_line' id='line_1_17' title="bbox 721 1741 2310 1815; baseline -0.001 -17"><span class='ocrx_word' id='word_1_116' title='bbox 721 1760 820 1815; x_wconf 91' lang='lat' dir='ltr'><strong>per</strong></span> <span class='ocrx_word' id='word_1_117' title='bbox 861 1744 1277 1799; x_wconf 90' lang='lat' dir='ltr'><strong>incarnationem</strong></span> <span class='ocrx_word' id='word_1_118' title='bbox 1322 1745 1590 1815; x_wconf 87' lang='lat' dir='ltr'><strong>Unigenili</strong></span> <span class='ocrx_word' id='word_1_119' title='bbox 1631 1744 1744 1813; x_wconf 90' lang='lat' dir='ltr'><strong>ejus</strong></span> <span class='ocrx_word' id='word_1_120' title='bbox 1771 1744 2002 1798; x_wconf 88' lang='lat' dir='ltr'><strong>revelata</strong></span> <span class='ocrx_word' id='word_1_121' title='bbox 2030 1752 2189 1813; x_wconf 89' lang='lat' dir='ltr'><strong>atque</strong></span> <span class='ocrx_word' id='word_1_122' title='bbox 2211 1741 2310 1796; x_wconf 84' lang='lat' dir='ltr'><strong>do-</strong></span> 
     </span>
    </p>
   </div>
   <div class='ocr_carea' id='block_1_18' title="bbox 721 1836 2309 1904">
    <p class='ocr_par' dir='ltr' id='par_1_18' title="bbox 721 1836 2309 1904">
     <span class='ocr_line' id='line_1_18' title="bbox 721 1836 2309 1904; baseline -0.002 -14"><span class='ocrx_word' id='word_1_123' title='bbox 721 1845 843 1891; x_wconf 87' lang='lat' dir='ltr'><strong>nata</strong></span> <span class='ocrx_word' id='word_1_124' title='bbox 891 1846 1002 1902; x_wconf 89' lang='lat' dir='ltr'><strong>est,</strong></span> <span class='ocrx_word' id='word_1_125' title='bbox 1052 1837 1276 1904; x_wconf 90' lang='lat' dir='ltr'><strong>dicitur,</strong></span> <span class='ocrx_word' id='word_1_126' title='bbox 1321 1836 1648 1891; x_wconf 87' lang='lat' dir='ltr'><strong>tolerabilius</strong></span> <span class='ocrx_word' id='word_1_127' title='bbox 1687 1836 1788 1890; x_wconf 90' lang='lat' dir='ltr'><strong>dici</strong></span> <span class='ocrx_word' id='word_1_128' title='bbox 1818 1836 2056 1890; x_wconf 89' lang='lat' dir='ltr'><strong>videatur</strong></span> <span class='ocrx_word' id='word_1_129' title='bbox 2091 1854 2102 1890; x_wconf 92' lang='lat'>:</span> <span class='ocrx_word' id='word_1_130' title='bbox 2135 1844 2309 1888; x_wconf 90' lang='lat' dir='ltr'><strong>tamen</strong></span> 
     </span>
    </p>
   </div>
   <div class='ocr_carea' id='block_1_19' title="bbox 718 1926 2308 1998">
    <p class='ocr_par' dir='ltr' id='par_1_19' title="bbox 718 1926 2308 1998">
     <span class='ocr_line' id='line_1_19' title="bbox 718 1926 2308 1998; baseline 0 -16"><span class='ocrx_word' id='word_1_131' title='bbox 718 1929 966 1998; x_wconf 88' lang='lat' dir='ltr'><strong>quoniam</strong></span> <span class='ocrx_word' id='word_1_132' title='bbox 996 1946 1098 1983; x_wconf 84' lang='lat' dir='ltr'><strong>non</strong></span> <span class='ocrx_word' id='word_1_133' title='bbox 1127 1929 1392 1982; x_wconf 88' lang='lat' dir='ltr'><strong>immerito</strong></span> <span class='ocrx_word' id='word_1_134' title='bbox 1419 1943 1632 1982; x_wconf 90' lang='lat' dir='ltr'><strong>movere</strong></span> <span class='ocrx_word' id='word_1_135' title='bbox 1657 1936 1865 1996; x_wconf 90' lang='lat' dir='ltr'><strong>potest,</strong></span> <span class='ocrx_word' id='word_1_136' title='bbox 1899 1927 1986 1981; x_wconf 91' lang='lat' dir='ltr'><strong>ubi</strong></span> <span class='ocrx_word' id='word_1_137' title='bbox 2018 1937 2072 1982; x_wconf 88' lang='lat' dir='ltr'><strong>et</strong></span> <span class='ocrx_word' id='word_1_138' title='bbox 2097 1926 2308 1997; x_wconf 87' lang='lat' dir='ltr'><strong>quando</strong></span> 
     </span>
    </p>
   </div>
   <div class='ocr_carea' id='block_1_20' title="bbox 718 2018 2308 2089">
    <p class='ocr_par' dir='ltr' id='par_1_20' title="bbox 718 2018 2308 2089">
     <span class='ocr_line' id='line_1_20' title="bbox 718 2018 2308 2089; baseline -0.001 -14"><span class='ocrx_word' id='word_1_139' title='bbox 718 2035 814 2089; x_wconf 89' lang='lat' dir='ltr'><strong>per</strong></span> <span class='ocrx_word' id='word_1_140' title='bbox 829 2020 1069 2076; x_wconf 87' lang='lat' dir='ltr'><strong>eamdem</strong></span> <span class='ocrx_word' id='word_1_141' title='bbox 1093 2019 1312 2089; x_wconf 82' lang='lat' dir='ltr'><strong>gratiam</strong></span> <span class='ocrx_word' id='word_1_142' title='bbox 1343 2019 1392 2074; x_wconf 87' lang='lat' dir='ltr'><strong>id</strong></span> <span class='ocrx_word' id='word_1_143' title='bbox 1424 2018 1681 2074; x_wconf 84' lang='lat' dir='ltr'><strong>efﬁciatur</strong></span> <span class='ocrx_word' id='word_1_144' title='bbox 1709 2020 1761 2072; x_wconf 92' lang='lat' dir='ltr'><strong>in</strong></span> <span class='ocrx_word' id='word_1_145' title='bbox 1790 2021 1964 2086; x_wconf 83' lang='lat' dir='ltr'><strong>nobis,</strong></span> <span class='ocrx_word' id='word_1_146' title='bbox 1989 2021 2176 2074; x_wconf 90' lang='lat' dir='ltr'><strong>utsine</strong></span> <span class='ocrx_word' id='word_1_147' title='bbox 2201 2019 2308 2073; x_wconf 92' lang='lat' dir='ltr'><strong>ullo</strong></span> 
     </span>
    </p>
   </div>
   <div class='ocr_carea' id='block_1_21' title="bbox 718 2111 2308 2182">
    <p class='ocr_par' dir='ltr' id='par_1_21' title="bbox 718 2111 2308 2182">
     <span class='ocr_line' id='line_1_21' title="bbox 718 2111 2308 2182; baseline 0.001 -16"><span class='ocrx_word' id='word_1_148' title='bbox 718 2128 934 2182; x_wconf 82' lang='lat' dir='ltr'><strong>prorsus</strong></span> <span class='ocrx_word' id='word_1_149' title='bbox 975 2121 1194 2182; x_wconf 83' lang='lat' dir='ltr'><strong>peccatu</strong></span> <span class='ocrx_word' id='word_1_150' title='bbox 1237 2113 1441 2177; x_wconf 88' lang='lat' dir='ltr'><strong>simus;</strong></span> <span class='ocrx_word' id='word_1_151' title='bbox 1491 2120 1668 2166; x_wconf 90' lang='lat' dir='ltr'><strong>utrum</strong></span> <span class='ocrx_word' id='word_1_152' title='bbox 1711 2113 1765 2166; x_wconf 89' lang='lat' dir='ltr'><strong>in</strong></span> <span class='ocrx_word' id='word_1_153' title='bbox 1809 2111 1908 2166; x_wconf 90' lang='lat' dir='ltr'><strong>hac</strong></span> <span class='ocrx_word' id='word_1_154' title='bbox 1952 2113 2052 2165; x_wconf 89' lang='lat' dir='ltr'><strong>vita</strong></span> <span class='ocrx_word' id='word_1_155' title='bbox 2097 2111 2308 2182; x_wconf 90' lang='lat' dir='ltr'><strong>quando</strong></span> 
     </span>
    </p>
   </div>
   <div class='ocr_carea' id='block_1_22' title="bbox 716 2203 2304 2276">
    <p class='ocr_par' dir='ltr' id='par_1_22' title="bbox 716 2203 2304 2276">
     <span class='ocr_line' id='line_1_22' title="bbox 716 2203 2304 2276; baseline -0.001 -16"><span class='ocrx_word' id='word_1_156' title='bbox 716 2221 841 2260; x_wconf 88' lang='lat' dir='ltr'><strong>caro</strong></span> <span class='ocrx_word' id='word_1_157' title='bbox 870 2205 1194 2276; x_wconf 86' lang='lat' dir='ltr'><strong>concupiscit</strong></span> <span class='ocrx_word' id='word_1_158' title='bbox 1221 2205 1473 2259; x_wconf 88' lang='lat' dir='ltr'><strong>adversus</strong></span> <span class='ocrx_word' id='word_1_159' title='bbox 1498 2205 1738 2274; x_wconf 79' lang='lat' dir='ltr'><strong>spiritum</strong></span> <span class='ocrx_word' id='word_1_160' title='bbox 1771 2203 1964 2274; x_wconf 88' lang='lat' dir='ltr'><strong>(Galat.</strong></span> <span class='ocrx_word' id='word_1_161' title='bbox 1991 2221 2021 2256; x_wconf 89' lang='lat' dir='ltr'><strong>v</strong></span> <span class='ocrx_word' id='word_1_162' title='bbox 2043 2248 2057 2269; x_wconf 95' lang='lat'><strong>,</strong></span> <span class='ocrx_word' id='word_1_163' title='bbox 2087 2204 2175 2275; x_wconf 71' lang='lat'><strong>17-)</strong></span> <span class='ocrx_word' id='word_1_164' title='bbox 2197 2247 2210 2268; x_wconf 95' lang='lat'><strong>,</strong></span> <span class='ocrx_word' id='word_1_165' title='bbox 2239 2219 2304 2259; x_wconf 92' lang='lat' dir='ltr'><strong>an</strong></span> 
     </span>
    </p>
   </div>
   <div class='ocr_carea' id='block_1_23' title="bbox 715 2295 2302 2368">
    <p class='ocr_par' dir='ltr' id='par_1_23' title="bbox 715 2295 2302 2368">
     <span class='ocr_line' id='line_1_23' title="bbox 715 2295 2302 2368; baseline -0.001 -15"><span class='ocrx_word' id='word_1_166' title='bbox 715 2314 843 2353; x_wconf 89' lang='lat' dir='ltr'><strong>vero</strong></span> <span class='ocrx_word' id='word_1_167' title='bbox 864 2299 914 2352; x_wconf 93' lang='lat' dir='ltr'><strong>in</strong></span> <span class='ocrx_word' id='word_1_168' title='bbox 938 2299 1022 2352; x_wconf 89' lang='lat' dir='ltr'><strong>illa</strong></span> <span class='ocrx_word' id='word_1_169' title='bbox 1041 2315 1157 2352; x_wconf 91' lang='lat' dir='ltr'><strong>cum</strong></span> <span class='ocrx_word' id='word_1_170' title='bbox 1176 2299 1260 2366; x_wconf 81' lang='lat' dir='ltr'><strong>ﬁet</strong></span> <span class='ocrx_word' id='word_1_171' title='bbox 1281 2314 1442 2352; x_wconf 88' lang='lat' dir='ltr'><strong>sermo</strong></span> <span class='ocrx_word' id='word_1_172' title='bbox 1463 2298 1548 2368; x_wconf 85' lang='lat' dir='ltr'><strong>qui</strong></span> <span class='ocrx_word' id='word_1_173' title='bbox 1569 2297 1783 2367; x_wconf 87' lang='lat' dir='ltr'><strong>scriptus</strong></span> <span class='ocrx_word' id='word_1_174' title='bbox 1801 2306 1892 2363; x_wconf 85' lang='lat' dir='ltr'><strong>est,</strong></span> <span class='ocrx_word' id='word_1_175' title='bbox 1917 2295 2014 2351; x_wconf 88' lang='lat' dir='ltr'><strong>Ubi</strong></span> <span class='ocrx_word' id='word_1_176' title='bbox 2035 2308 2125 2363; x_wconf 88' lang='lat' dir='ltr'><strong>est,</strong></span> <span class='ocrx_word' id='word_1_177' title='bbox 2148 2314 2302 2366; x_wconf 87' lang='lat' dir='ltr'><strong>mors,</strong></span> 
     </span>
    </p>
   </div>
   <div class='ocr_carea' id='block_1_24' title="bbox 716 2387 2304 2456">
    <p class='ocr_par' dir='ltr' id='par_1_24' title="bbox 716 2387 2304 2456">
     <span class='ocr_line' id='line_1_24' title="bbox 716 2387 2304 2456; baseline 0 -14"><span class='ocrx_word' id='word_1_178' title='bbox 716 2390 919 2443; x_wconf 80' lang='lat' dir='ltr'><strong>victoria</strong></span> <span class='ocrx_word' id='word_1_179' title='bbox 945 2399 1030 2442; x_wconf 83' lang='lat' dir='ltr'><strong>tua</strong></span> <span class='ocrx_word' id='word_1_180' title='bbox 1051 2390 1074 2443; x_wconf 67' lang='lat'><strong>.9</strong></span> <span class='ocrx_word' id='word_1_181' title='bbox 1099 2389 1181 2442; x_wconf 85' lang='lat' dir='ltr'><strong>ubi</strong></span> <span class='ocrx_word' id='word_1_182' title='bbox 1215 2400 1305 2456; x_wconf 88' lang='lat' dir='ltr'><strong>est,</strong></span> <span class='ocrx_word' id='word_1_183' title='bbox 1331 2406 1486 2455; x_wconf 87' lang='lat' dir='ltr'><strong>mors,</strong></span> <span class='ocrx_word' id='word_1_184' title='bbox 1516 2389 1718 2441; x_wconf 76' lang='lat' dir='ltr'><strong>aculeus</strong></span> <span class='ocrx_word' id='word_1_185' title='bbox 1744 2388 1899 2442; x_wconf 83' lang='lat' dir='ltr'><strong>tuus?</strong></span> <span class='ocrx_word' id='word_1_186' title='bbox 1929 2387 2143 2441; x_wconf 84' lang='lat' dir='ltr'><strong>Aculeus</strong></span> <span class='ocrx_word' id='word_1_187' title='bbox 2172 2389 2304 2442; x_wconf 88' lang='lat' dir='ltr'><strong>enim</strong></span> 
     </span>
    </p>
   </div>
   <div class='ocr_carea' id='block_1_25' title="bbox 715 2478 2304 2554">
    <p class='ocr_par' dir='ltr' id='par_1_25' title="bbox 715 2478 2304 2554">
     <span class='ocr_line' id='line_1_25' title="bbox 715 2478 2304 2554; baseline -0.001 -19"><span class='ocrx_word' id='word_1_188' title='bbox 715 2482 889 2536; x_wconf 83' lang='lat' dir='ltr'><strong>mortis</strong></span> <span class='ocrx_word' id='word_1_189' title='bbox 934 2491 1006 2535; x_wconf 83' lang='lat' dir='ltr'><strong>est</strong></span> <span class='ocrx_word' id='word_1_190' title='bbox 1051 2492 1308 2550; x_wconf 85' lang='lat' dir='ltr'><strong>peccatum</strong></span> <span class='ocrx_word' id='word_1_191' title='bbox 1355 2479 1396 2554; x_wconf 85' lang='grc' dir='ltr'><strong>(Ι</strong></span> <span class='ocrx_word' id='word_1_192' title='bbox 1440 2479 1556 2534; x_wconf 88' lang='lat' dir='ltr'><strong>Cor.</strong></span> <span class='ocrx_word' id='word_1_193' title='bbox 1600 2495 1702 2544; x_wconf 78' lang='lat' dir='ltr'><strong>xv,</strong></span> <span class='ocrx_word' id='word_1_194' title='bbox 1741 2478 1968 2549; x_wconf 59' lang='lat'><strong>54-56);</strong></span> <span class='ocrx_word' id='word_1_195' title='bbox 2002 2479 2304 2549; x_wconf 81' lang='lat' dir='ltr'><strong>diligentius</strong></span> 
     </span>
    </p>
   </div>
   <div class='ocr_carea' id='block_1_26' title="bbox 713 2572 2299 2646">
    <p class='ocr_par' dir='ltr' id='par_1_26' title="bbox 713 2572 2299 2646">
     <span class='ocr_line' id='line_1_26' title="bbox 713 2572 2299 2646; baseline -0.003 -16"><span class='ocrx_word' id='word_1_196' title='bbox 713 2576 1138 2646; x_wconf 88' lang='lat' dir='ltr'><strong>pertractandum</strong></span> <span class='ocrx_word' id='word_1_197' title='bbox 1179 2583 1393 2646; x_wconf 86' lang='lat' dir='ltr'><strong>propter</strong></span> <span class='ocrx_word' id='word_1_198' title='bbox 1425 2575 1555 2628; x_wconf 87' lang='lat' dir='ltr'><strong>alios</strong></span> <span class='ocrx_word' id='word_1_199' title='bbox 1585 2572 1838 2642; x_wconf 88' lang='lat' dir='ltr'><strong>quosdam</strong></span> <span class='ocrx_word' id='word_1_200' title='bbox 1870 2572 1956 2642; x_wconf 92' lang='lat' dir='ltr'><strong>qui</strong></span> <span class='ocrx_word' id='word_1_201' title='bbox 1988 2580 2299 2642; x_wconf 89' lang='lat' dir='ltr'><strong>senserunt,</strong></span> 
     </span>
    </p>
   </div>
   <div class='ocr_carea' id='block_1_27' title="bbox 711 2665 2299 2740">
    <p class='ocr_par' dir='ltr' id='par_1_27' title="bbox 711 2665 2299 2740">
     <span class='ocr_line' id='line_1_27' title="bbox 711 2665 2299 2740; baseline -0.002 -19"><span class='ocrx_word' id='word_1_202' title='bbox 711 2676 870 2740; x_wconf 89' lang='lat' dir='ltr'><strong>atque</strong></span> <span class='ocrx_word' id='word_1_203' title='bbox 914 2668 963 2722; x_wconf 90' lang='lat' dir='ltr'><strong>in</strong></span> <span class='ocrx_word' id='word_1_204' title='bbox 1013 2667 1124 2726; x_wconf 88' lang='lat' dir='ltr'><strong>suis</strong></span> <span class='ocrx_word' id='word_1_205' title='bbox 1165 2667 1352 2721; x_wconf 86' lang='lat' dir='ltr'><strong>litteris</strong></span> <span class='ocrx_word' id='word_1_206' title='bbox 1393 2666 1663 2720; x_wconf 73' lang='lat' dir='ltr'><strong>memoria:</strong></span> <span class='ocrx_word' id='word_1_207' title='bbox 1694 2665 2108 2732; x_wconf 89' lang='lat' dir='ltr'><strong>mandaverunt,</strong></span> <span class='ocrx_word' id='word_1_208' title='bbox 2143 2665 2299 2719; x_wconf 90' lang='lat' dir='ltr'><strong>etiam</strong></span> 
     </span>
    </p>
   </div>
   <div class='ocr_carea' id='block_1_28' title="bbox 709 2757 2300 2832">
    <p class='ocr_par' dir='ltr' id='par_1_28' title="bbox 709 2757 2300 2832">
     <span class='ocr_line' id='line_1_28' title="bbox 709 2757 2300 2832; baseline -0.003 -15"><span class='ocrx_word' id='word_1_209' title='bbox 709 2762 764 2817; x_wconf 91' lang='lat' dir='ltr'><strong>in</strong></span> <span class='ocrx_word' id='word_1_210' title='bbox 792 2761 889 2817; x_wconf 90' lang='lat' dir='ltr'><strong>hac</strong></span> <span class='ocrx_word' id='word_1_211' title='bbox 917 2763 1021 2817; x_wconf 88' lang='lat' dir='ltr'><strong>vita</strong></span> <span class='ocrx_word' id='word_1_212' title='bbox 1047 2777 1168 2817; x_wconf 91' lang='lat' dir='ltr'><strong>esse</strong></span> <span class='ocrx_word' id='word_1_213' title='bbox 1199 2776 1354 2832; x_wconf 84' lang='lat' dir='ltr'><strong>posse</strong></span> <span class='ocrx_word' id='word_1_214' title='bbox 1387 2760 1655 2814; x_wconf 81' lang='lat' dir='ltr'><strong>hominem</strong></span> <span class='ocrx_word' id='word_1_215' title='bbox 1684 2757 1798 2814; x_wconf 90' lang='lat' dir='ltr'><strong>sine</strong></span> <span class='ocrx_word' id='word_1_216' title='bbox 1825 2767 2043 2829; x_wconf 90' lang='lat' dir='ltr'><strong>peccato</strong></span> <span class='ocrx_word' id='word_1_217' title='bbox 2063 2800 2076 2821; x_wconf 93' lang='lat'><strong>,</strong></span> <span class='ocrx_word' id='word_1_218' title='bbox 2107 2774 2210 2812; x_wconf 90' lang='lat' dir='ltr'><strong>non</strong></span> <span class='ocrx_word' id='word_1_219' title='bbox 2232 2758 2300 2812; x_wconf 88' lang='lat' dir='ltr'><strong>ah</strong></span> 
     </span>
    </p>
   </div>
   <div class='ocr_carea' id='block_1_29' title="bbox 710 2842 2298 2922">
    <p class='ocr_par' dir='ltr' id='par_1_29' title="bbox 710 2842 2298 2922">
     <span class='ocr_line' id='line_1_29' title="bbox 710 2842 2298 2922; baseline -0.001 -15"><span class='ocrx_word' id='word_1_220' title='bbox 710 2854 859 2908; x_wconf 88' lang='lat' dir='ltr'><strong>initio</strong></span> <span class='ocrx_word' id='word_1_221' title='bbox 905 2854 1192 2908; x_wconf 80' lang='lat' dir='ltr'><strong>nativitatis</strong></span> <span class='ocrx_word' id='word_1_222' title='bbox 1235 2842 1383 2917; x_wconf 46' lang='lat' dir='ltr'><strong>suae:</strong></span> <span class='ocrx_word' id='word_1_223' title='bbox 1417 2851 1509 2906; x_wconf 90' lang='lat' dir='ltr'><strong>sed</strong></span> <span class='ocrx_word' id='word_1_224' title='bbox 1539 2851 1890 2906; x_wconf 89' lang='lat' dir='ltr'><strong>conversione</strong></span> <span class='ocrx_word' id='word_1_225' title='bbox 1915 2867 1944 2904; x_wconf 87' lang='lat' dir='ltr'><strong>a</strong></span> <span class='ocrx_word' id='word_1_226' title='bbox 1972 2852 2203 2922; x_wconf 78' lang='lat' dir='ltr'><strong>peccatis</strong></span> <span class='ocrx_word' id='word_1_227' title='bbox 2231 2851 2298 2905; x_wconf 91' lang='lat' dir='ltr'><strong>ad</strong></span> 
     </span>
    </p>
   </div>
   <div class='ocr_carea' id='block_1_30' title="bbox 705 2943 2297 3020">
    <p class='ocr_par' dir='ltr' id='par_1_30' title="bbox 705 2943 2297 3020">
     <span class='ocr_line' id='line_1_30' title="bbox 705 2943 2297 3020; baseline -0.002 -19"><span class='ocrx_word' id='word_1_228' title='bbox 705 2946 986 3020; x_wconf 87' lang='lat' dir='ltr'><strong>justitiam,</strong></span> <span class='ocrx_word' id='word_1_229' title='bbox 1013 2955 1068 3002; x_wconf 90' lang='lat' dir='ltr'><strong>et</strong></span> <span class='ocrx_word' id='word_1_230' title='bbox 1096 2963 1124 3000; x_wconf 89' lang='lat' dir='ltr'><strong>a</strong></span> <span class='ocrx_word' id='word_1_231' title='bbox 1155 2947 1258 3003; x_wconf 90' lang='lat' dir='ltr'><strong>vita</strong></span> <span class='ocrx_word' id='word_1_232' title='bbox 1286 2947 1507 3016; x_wconf 88' lang='lat' dir='ltr'><strong>reproba</strong></span> <span class='ocrx_word' id='word_1_233' title='bbox 1535 2945 1598 2999; x_wconf 92' lang='lat' dir='ltr'><strong>ad</strong></span> <span class='ocrx_word' id='word_1_234' title='bbox 1630 2945 1822 2999; x_wconf 78' lang='lat' dir='ltr'><strong>bonam</strong></span> <span class='ocrx_word' id='word_1_235' title='bbox 1847 2943 2030 2999; x_wconf 89' lang='lat' dir='ltr'><strong>vitam.</strong></span> <span class='ocrx_word' id='word_1_236' title='bbox 2048 2944 2136 3000; x_wconf 87' lang='lat' dir='ltr'><strong>Sic</strong></span> <span class='ocrx_word' id='word_1_237' title='bbox 2155 2945 2297 3000; x_wconf 90' lang='lat' dir='ltr'><strong>enim</strong></span> 
     </span>
    </p>
   </div>
   <div class='ocr_carea' id='block_1_31' title="bbox 708 3037 2296 3109">
    <p class='ocr_par' dir='ltr' id='par_1_31' title="bbox 708 3037 2296 3109">
     <span class='ocr_line' id='line_1_31' title="bbox 708 3037 2296 3109; baseline 0.001 -18"><span class='ocrx_word' id='word_1_238' title='bbox 708 3039 1082 3094; x_wconf 78' lang='lat' dir='ltr'><strong>intellexerunt</strong></span> <span class='ocrx_word' id='word_1_239' title='bbox 1111 3039 1249 3109; x_wconf 92' lang='lat' dir='ltr'><strong>quod</strong></span> <span class='ocrx_word' id='word_1_240' title='bbox 1280 3038 1346 3093; x_wconf 89' lang='lat' dir='ltr'><strong>de</strong></span> <span class='ocrx_word' id='word_1_241' title='bbox 1376 3038 1628 3092; x_wconf 85' lang='lat' dir='ltr'><strong>Zacharia</strong></span> <span class='ocrx_word' id='word_1_242' title='bbox 1657 3048 1710 3092; x_wconf 89' lang='lat' dir='ltr'><strong>et</strong></span> <span class='ocrx_word' id='word_1_243' title='bbox 1742 3037 2011 3092; x_wconf 83' lang='lat' dir='ltr'><strong>Elisabeth</strong></span> <span class='ocrx_word' id='word_1_244' title='bbox 2038 3038 2296 3108; x_wconf 89' lang='lat' dir='ltr'><strong>scriptum</strong></span> 
     </span>
    </p>
   </div>
   <div class='ocr_carea' id='block_1_32' title="bbox 707 3128 2297 3199">
    <p class='ocr_par' dir='ltr' id='par_1_32' title="bbox 707 3128 2297 3199">
     <span class='ocr_line' id='line_1_32' title="bbox 707 3128 2297 3199; baseline 0.002 -18"><span class='ocrx_word' id='word_1_245' title='bbox 707 3136 789 3181; x_wconf 89' lang='lat' dir='ltr'><strong>est</strong></span> <span class='ocrx_word' id='word_1_246' title='bbox 806 3169 820 3192; x_wconf 92' lang='lat'><strong>,</strong></span> <span class='ocrx_word' id='word_1_247' title='bbox 851 3129 1150 3184; x_wconf 87' lang='lat' dir='ltr'><strong>ambulasse</strong></span> <span class='ocrx_word' id='word_1_248' title='bbox 1174 3144 1267 3185; x_wconf 90' lang='lat' dir='ltr'><strong>eos</strong></span> <span class='ocrx_word' id='word_1_249' title='bbox 1295 3129 1347 3182; x_wconf 83' lang='lat' dir='ltr'><strong>in</strong></span> <span class='ocrx_word' id='word_1_250' title='bbox 1372 3129 1600 3183; x_wconf 87' lang='lat' dir='ltr'><strong>omnibus</strong></span> <span class='ocrx_word' id='word_1_251' title='bbox 1615 3128 2065 3199; x_wconf 80' lang='lat' dir='ltr'><strong>justiﬁcationibus</strong></span> <span class='ocrx_word' id='word_1_252' title='bbox 2093 3129 2297 3184; x_wconf 87' lang='lat' dir='ltr'><strong>Domini</strong></span> 
     </span>
    </p>
   </div>
   <div class='ocr_carea' id='block_1_33' title="bbox 706 3220 2294 3292">
    <p class='ocr_par' dir='ltr' id='par_1_33' title="bbox 706 3220 2294 3292">
     <span class='ocr_line' id='line_1_33' title="bbox 706 3220 2294 3292; baseline 0.001 -17"><span class='ocrx_word' id='word_1_253' title='bbox 706 3221 814 3275; x_wconf 80' lang='lat' dir='ltr'><strong>sine</strong></span> <span class='ocrx_word' id='word_1_254' title='bbox 845 3221 1063 3290; x_wconf 78' lang='lat' dir='ltr'><strong>querela.</strong></span> <span class='ocrx_word' id='word_1_255' title='bbox 1096 3221 1209 3276; x_wconf 81' lang='lat' dir='ltr'><strong>Hoc</strong></span> <span class='ocrx_word' id='word_1_256' title='bbox 1236 3220 1378 3291; x_wconf 91' lang='lat' dir='ltr'><strong>quod</strong></span> <span class='ocrx_word' id='word_1_257' title='bbox 1409 3221 1608 3276; x_wconf 90' lang='lat' dir='ltr'><strong>dictum</strong></span> <span class='ocrx_word' id='word_1_258' title='bbox 1638 3230 1756 3288; x_wconf 86' lang='lat' dir='ltr'><strong>est,</strong></span> <span class='ocrx_word' id='word_1_259' title='bbox 1787 3222 1894 3274; x_wconf 88' lang='lat' dir='ltr'><strong>sine</strong></span> <span class='ocrx_word' id='word_1_260' title='bbox 1915 3221 2156 3292; x_wconf 83' lang='lat' dir='ltr'><strong>querela;</strong></span> <span class='ocrx_word' id='word_1_261' title='bbox 2179 3223 2294 3277; x_wconf 90' lang='lat' dir='ltr'><strong>sine</strong></span> 
     </span>
    </p>
   </div>
   <div class='ocr_carea' id='block_1_34' title="bbox 706 3310 2290 3384">
    <p class='ocr_par' dir='ltr' id='par_1_34' title="bbox 706 3310 2290 3384">
     <span class='ocr_line' id='line_1_34' title="bbox 706 3310 2290 3384; baseline 0.002 -19"><span class='ocrx_word' id='word_1_262' title='bbox 706 3319 922 3381; x_wconf 87' lang='lat' dir='ltr'><strong>peccato</strong></span> <span class='ocrx_word' id='word_1_263' title='bbox 969 3310 1165 3365; x_wconf 90' lang='lat' dir='ltr'><strong>dictum</strong></span> <span class='ocrx_word' id='word_1_264' title='bbox 1209 3321 1564 3380; x_wconf 89' lang='lat' dir='ltr'><strong>acceperunt,</strong></span> <span class='ocrx_word' id='word_1_265' title='bbox 1609 3327 1714 3366; x_wconf 93' lang='lat' dir='ltr'><strong>non</strong></span> <span class='ocrx_word' id='word_1_266' title='bbox 1758 3313 1970 3382; x_wconf 91' lang='lat' dir='ltr'><strong>quidem</strong></span> <span class='ocrx_word' id='word_1_267' title='bbox 2002 3323 2290 3384; x_wconf 86' lang='lat' dir='ltr'><strong>negantes,</strong></span> 
     </span>
    </p>
   </div>
   <div class='ocr_carea' id='block_1_35' title="bbox 705 3403 2292 3472">
    <p class='ocr_par' dir='ltr' id='par_1_35' title="bbox 705 3403 2292 3472">
     <span class='ocr_line' id='line_1_35' title="bbox 705 3403 2292 3472; baseline 0.001 -14"><span class='ocrx_word' id='word_1_268' title='bbox 705 3403 815 3459; x_wconf 82' lang='lat' dir='ltr'><strong>into</strong></span> <span class='ocrx_word' id='word_1_269' title='bbox 856 3404 1015 3459; x_wconf 85' lang='lat' dir='ltr'><strong>etiam</strong></span> <span class='ocrx_word' id='word_1_270' title='bbox 1039 3445 1052 3468; x_wconf 97' lang='lat'><strong>,</strong></span> <span class='ocrx_word' id='word_1_271' title='bbox 1085 3403 1225 3472; x_wconf 88' lang='lat' dir='ltr'><strong>quod</strong></span> <span class='ocrx_word' id='word_1_272' title='bbox 1254 3403 1370 3458; x_wconf 86' lang='lat' dir='ltr'><strong>aliis</strong></span> <span class='ocrx_word' id='word_1_273' title='bbox 1400 3403 1531 3457; x_wconf 89' lang='lat' dir='ltr'><strong>locis</strong></span> <span class='ocrx_word' id='word_1_274' title='bbox 1562 3404 1613 3458; x_wconf 92' lang='lat' dir='ltr'><strong>in</strong></span> <span class='ocrx_word' id='word_1_275' title='bbox 1643 3403 1835 3459; x_wconf 90' lang='lat' dir='ltr'><strong>litteris</strong></span> <span class='ocrx_word' id='word_1_276' title='bbox 1866 3421 2050 3460; x_wconf 91' lang='lat' dir='ltr'><strong>eorum</strong></span> <span class='ocrx_word' id='word_1_277' title='bbox 2085 3407 2292 3461; x_wconf 90' lang='lat' dir='ltr'><strong>inveni-</strong></span> 
     </span>
    </p>
   </div>
   <div class='ocr_carea' id='block_1_36' title="bbox 705 3493 2290 3566">
    <p class='ocr_par' dir='ltr' id='par_1_36' title="bbox 705 3493 2290 3566">
     <span class='ocr_line' id='line_1_36' title="bbox 705 3493 2290 3566; baseline 0.001 -16"><span class='ocrx_word' id='word_1_278' title='bbox 705 3505 790 3550; x_wconf 86' lang='lat' dir='ltr'><strong>tur</strong></span> <span class='ocrx_word' id='word_1_279' title='bbox 811 3538 826 3563; x_wconf 94' lang='lat'><strong>,</strong></span> <span class='ocrx_word' id='word_1_280' title='bbox 853 3495 935 3565; x_wconf 89' lang='lat' dir='ltr'><strong>pie</strong></span> <span class='ocrx_word' id='word_1_281' title='bbox 960 3493 1272 3549; x_wconf 80' lang='lat' dir='ltr'><strong>conﬁtcntes</strong></span> <span class='ocrx_word' id='word_1_282' title='bbox 1298 3493 1613 3564; x_wconf 84' lang='lat' dir='ltr'><strong>adjutorium</strong></span> <span class='ocrx_word' id='word_1_283' title='bbox 1641 3496 1822 3565; x_wconf 72' lang='lat' dir='ltr'><strong>gratite</strong></span> <span class='ocrx_word' id='word_1_284' title='bbox 1850 3496 2057 3552; x_wconf 90' lang='lat' dir='ltr'><strong>Domini</strong></span> <span class='ocrx_word' id='word_1_285' title='bbox 2088 3499 2251 3552; x_wconf 88' lang='lat' dir='ltr'><strong>nostri</strong></span> <span class='ocrx_word' id='word_1_286' title='bbox 2274 3541 2290 3566; x_wconf 90' lang='lat'><strong>,</strong></span> 
     </span>
    </p>
   </div>
   <div class='ocr_carea' id='block_1_37' title="bbox 703 3586 2290 3659">
    <p class='ocr_par' dir='ltr' id='par_1_37' title="bbox 703 3586 2290 3659">
     <span class='ocr_line' id='line_1_37' title="bbox 703 3586 2290 3659; baseline 0.001 -16"><span class='ocrx_word' id='word_1_287' title='bbox 703 3604 808 3644; x_wconf 91' lang='lat' dir='ltr'><strong>non</strong></span> <span class='ocrx_word' id='word_1_288' title='bbox 836 3603 929 3659; x_wconf 91' lang='lat' dir='ltr'><strong>per</strong></span> <span class='ocrx_word' id='word_1_289' title='bbox 955 3587 1247 3642; x_wconf 85' lang='lat' dir='ltr'><strong>naturalem</strong></span> <span class='ocrx_word' id='word_1_290' title='bbox 1275 3586 1518 3656; x_wconf 87' lang='lat' dir='ltr'><strong>spiritum</strong></span> <span class='ocrx_word' id='word_1_291' title='bbox 1546 3586 1776 3642; x_wconf 90' lang='lat' dir='ltr'><strong>hominis</strong></span> <span class='ocrx_word' id='word_1_292' title='bbox 1798 3630 1811 3652; x_wconf 95' lang='lat'><strong>,</strong></span> <span class='ocrx_word' id='word_1_293' title='bbox 1842 3586 1936 3642; x_wconf 91' lang='lat' dir='ltr'><strong>sed</strong></span> <span class='ocrx_word' id='word_1_294' title='bbox 1968 3605 2061 3658; x_wconf 87' lang='lat' dir='ltr'><strong>per</strong></span> <span class='ocrx_word' id='word_1_295' title='bbox 2092 3591 2290 3659; x_wconf 87' lang='lat' dir='ltr'><strong>princi-</strong></span> 
     </span>
    </p>
   </div>
   <div class='ocr_carea' id='block_1_38' title="bbox 703 3677 2292 3753">
    <p class='ocr_par' dir='ltr' id='par_1_38' title="bbox 703 3677 2292 3753">
     <span class='ocr_line' id='line_1_38' title="bbox 703 3677 2292 3753; baseline 0.003 -20"><span class='ocrx_word' id='word_1_296' title='bbox 703 3681 872 3750; x_wconf 86' lang='lat' dir='ltr'><strong>palem</strong></span> <span class='ocrx_word' id='word_1_297' title='bbox 894 3679 1145 3748; x_wconf 88' lang='lat' dir='ltr'><strong>Spiritum</strong></span> <span class='ocrx_word' id='word_1_298' title='bbox 1173 3679 1264 3734; x_wconf 92' lang='lat' dir='ltr'><strong>Dei</strong></span> <span class='ocrx_word' id='word_1_299' title='bbox 1291 3679 1541 3748; x_wconf 79' lang='lat' dir='ltr'><strong>(Ambros.</strong></span> <span class='ocrx_word' id='word_1_300' title='bbox 1568 3678 1620 3732; x_wconf 85' lang='lat' dir='ltr'><strong>in</strong></span> <span class='ocrx_word' id='word_1_301' title='bbox 1646 3677 1770 3732; x_wconf 88' lang='lat' dir='ltr'><strong>Luc.</strong></span> <span class='ocrx_word' id='word_1_302' title='bbox 1803 3695 1846 3744; x_wconf 87' lang='grc' dir='ltr'><strong>ι,</strong></span> <span class='ocrx_word' id='word_1_303' title='bbox 1875 3679 1952 3753; x_wconf 87' lang='grc'><strong>6).</strong></span> <span class='ocrx_word' id='word_1_304' title='bbox 1981 3682 2079 3748; x_wconf 85' lang='lat' dir='ltr'><strong>Qui</strong></span> <span class='ocrx_word' id='word_1_305' title='bbox 2105 3697 2292 3752; x_wconf 89' lang='lat' dir='ltr'><strong>parum</strong></span> 
     </span>
    </p>
   </div>
   <div class='ocr_carea' id='block_1_39' title="bbox 702 3771 2290 3846">
    <p class='ocr_par' dir='ltr' id='par_1_39' title="bbox 702 3771 2290 3846">
     <span class='ocr_line' id='line_1_39' title="bbox 702 3771 2290 3846; baseline 0.004 -21"><span class='ocrx_word' id='word_1_306' title='bbox 702 3773 949 3828; x_wconf 84' lang='lat' dir='ltr'><strong>videntur</strong></span> <span class='ocrx_word' id='word_1_307' title='bbox 987 3771 1354 3828; x_wconf 88' lang='lat' dir='ltr'><strong>considerasse</strong></span> <span class='ocrx_word' id='word_1_308' title='bbox 1382 3772 1550 3841; x_wconf 91' lang='lat' dir='ltr'><strong>ipsum</strong></span> <span class='ocrx_word' id='word_1_309' title='bbox 1581 3771 1892 3827; x_wconf 84' lang='lat' dir='ltr'><strong>Zachariam</strong></span> <span class='ocrx_word' id='word_1_310' title='bbox 1923 3774 2082 3829; x_wconf 85' lang='lat' dir='ltr'><strong>fuisse</strong></span> <span class='ocrx_word' id='word_1_311' title='bbox 2113 3775 2290 3846; x_wconf 88' lang='lat' dir='ltr'><strong>utique</strong></span> 
     </span>
    </p>
   </div>
   <div class='ocr_carea' id='block_1_40' title="bbox 701 3864 2290 3929">
    <p class='ocr_par' dir='ltr' id='par_1_40' title="bbox 701 3864 2290 3929">
     <span class='ocr_line' id='line_1_40' title="bbox 701 3864 2290 3929; baseline 0.003 -9"><span class='ocrx_word' id='word_1_312' title='bbox 701 3864 1067 3929; x_wconf 85' lang='lat' dir='ltr'><strong>sacerdotem;</strong></span> <span class='ocrx_word' id='word_1_313' title='bbox 1110 3877 1296 3919; x_wconf 89' lang='lat' dir='ltr'><strong>omnes</strong></span> <span class='ocrx_word' id='word_1_314' title='bbox 1338 3873 1512 3918; x_wconf 86' lang='lat' dir='ltr'><strong>autem</strong></span> <span class='ocrx_word' id='word_1_315' title='bbox 1563 3873 1685 3918; x_wconf 87' lang='lat' dir='ltr'><strong>tunc</strong></span> <span class='ocrx_word' id='word_1_316' title='bbox 1725 3865 2030 3922; x_wconf 89' lang='lat' dir='ltr'><strong>sacerdotes</strong></span> <span class='ocrx_word' id='word_1_317' title='bbox 2070 3881 2290 3925; x_wconf 89' lang='lat' dir='ltr'><strong>necesse</strong></span> 
     </span>
    </p>
   </div>
   <div class='ocr_carea' id='block_1_41' title="bbox 700 3957 2291 4030">
    <p class='ocr_par' dir='ltr' id='par_1_41' title="bbox 700 3957 2291 4030">
     <span class='ocr_line' id='line_1_41' title="bbox 700 3957 2291 4030; baseline 0.004 -18"><span class='ocrx_word' id='word_1_318' title='bbox 700 3957 965 4012; x_wconf 89' lang='lat' dir='ltr'><strong>habebant</strong></span> <span class='ocrx_word' id='word_1_319' title='bbox 989 3973 1050 4010; x_wconf 81' lang='lat' dir='ltr'><strong>ex</strong></span> <span class='ocrx_word' id='word_1_320' title='bbox 1078 3958 1194 4028; x_wconf 85' lang='lat' dir='ltr'><strong>lege</strong></span> <span class='ocrx_word' id='word_1_321' title='bbox 1215 3957 1306 4012; x_wconf 91' lang='lat' dir='ltr'><strong>Dei</strong></span> <span class='ocrx_word' id='word_1_322' title='bbox 1336 3957 1576 4026; x_wconf 87' lang='lat' dir='ltr'><strong>primitus</strong></span> <span class='ocrx_word' id='word_1_323' title='bbox 1599 3974 1692 4028; x_wconf 93' lang='lat' dir='ltr'><strong>pro</strong></span> <span class='ocrx_word' id='word_1_324' title='bbox 1711 3959 1944 4030; x_wconf 88' lang='lat' dir='ltr'><strong>peccatis</strong></span> <span class='ocrx_word' id='word_1_325' title='bbox 1964 3960 2073 4015; x_wconf 89' lang='lat' dir='ltr'><strong>suis</strong></span> <span class='ocrx_word' id='word_1_326' title='bbox 2095 3961 2291 4018; x_wconf 74' lang='lat' dir='ltr'><strong>offerre</strong></span> 
     </span>
    </p>
   </div>
   <div class='ocr_carea' id='block_1_42' title="bbox 699 4049 2286 4121">
    <p class='ocr_par' dir='ltr' id='par_1_42' title="bbox 699 4049 2286 4121">
     <span class='ocr_line' id='line_1_42' title="bbox 699 4049 2286 4121; baseline 0.001 -15"><span class='ocrx_word' id='word_1_327' title='bbox 699 4049 1016 4106; x_wconf 88' lang='lat' dir='ltr'><strong>sacrilieium</strong></span> <span class='ocrx_word' id='word_1_328' title='bbox 1039 4091 1053 4116; x_wconf 96' lang='lat'><strong>,</strong></span> <span class='ocrx_word' id='word_1_329' title='bbox 1087 4049 1277 4103; x_wconf 85' lang='lat' dir='ltr'><strong>deinde</strong></span> <span class='ocrx_word' id='word_1_330' title='bbox 1307 4064 1404 4118; x_wconf 90' lang='lat' dir='ltr'><strong>pro</strong></span> <span class='ocrx_word' id='word_1_331' title='bbox 1435 4049 1610 4119; x_wconf 89' lang='lat' dir='ltr'><strong>populi</strong></span> <span class='ocrx_word' id='word_1_332' title='bbox 1643 4049 1820 4121; x_wconf 78' lang='lat' dir='ltr'><strong>(Leuit.</strong></span> <span class='ocrx_word' id='word_1_333' title='bbox 1857 4067 1907 4105; x_wconf 80' lang='lat' dir='ltr'><strong>ix</strong></span> <span class='ocrx_word' id='word_1_334' title='bbox 1931 4094 1944 4118; x_wconf 96' lang='lat'><strong>,</strong></span> <span class='ocrx_word' id='word_1_335' title='bbox 1965 4051 2031 4119; x_wconf 89' lang='lat'><strong>7,</strong></span> <span class='ocrx_word' id='word_1_336' title='bbox 2058 4062 2105 4106; x_wconf 90' lang='lat' dir='ltr'><strong>et</strong></span> <span class='ocrx_word' id='word_1_337' title='bbox 2129 4051 2286 4110; x_wconf 84' lang='lat' dir='ltr'><strong>Hebr.</strong></span> 
     </span>
    </p>
   </div>
   <div class='ocr_carea' id='block_1_43' title="bbox 697 4144 2288 4216">
    <p class='ocr_par' dir='ltr' id='par_1_43' title="bbox 697 4144 2288 4216">
     <span class='ocr_line' id='line_1_43' title="bbox 697 4144 2288 4216; baseline 0.004 -19"><span class='ocrx_word' id='word_1_338' title='bbox 697 4159 799 4212; x_wconf 86' lang='lat' dir='ltr'><strong>vn,</strong></span> <span class='ocrx_word' id='word_1_339' title='bbox 843 4145 957 4214; x_wconf 75' lang='lat'><strong>27).</strong></span> <span class='ocrx_word' id='word_1_340' title='bbox 1006 4145 1153 4198; x_wconf 88' lang='lat' dir='ltr'><strong>Sicut</strong></span> <span class='ocrx_word' id='word_1_341' title='bbox 1201 4158 1329 4213; x_wconf 88' lang='lat' dir='ltr'><strong>ergo</strong></span> <span class='ocrx_word' id='word_1_342' title='bbox 1372 4158 1512 4198; x_wconf 92' lang='lat' dir='ltr'><strong>nunc</strong></span> <span class='ocrx_word' id='word_1_343' title='bbox 1554 4159 1645 4216; x_wconf 86' lang='lat' dir='ltr'><strong>per</strong></span> <span class='ocrx_word' id='word_1_344' title='bbox 1684 4144 1941 4199; x_wconf 90' lang='lat' dir='ltr'><strong>orationis</strong></span> <span class='ocrx_word' id='word_1_345' title='bbox 1969 4146 2288 4203; x_wconf 89' lang='lat' dir='ltr'><strong>sacriﬁcium</strong></span> 
     </span>
    </p>
   </div>
   <div class='ocr_carea' id='block_1_44' title="bbox 640 4233 2288 4309">
    <p class='ocr_par' dir='ltr' id='par_1_44' title="bbox 640 4233 2288 4309">
     <span class='ocr_line' id='line_1_44' title="bbox 640 4233 2288 4309; baseline 0.002 -19"><span class='ocrx_word' id='word_1_346' title='bbox 640 4233 650 4246; x_wconf 87' lang='grc'><strong>’</strong></span> <span class='ocrx_word' id='word_1_347' title='bbox 697 4237 1064 4290; x_wconf 90' lang='lat' dir='ltr'><strong>eonvincimur</strong></span> <span class='ocrx_word' id='word_1_348' title='bbox 1107 4252 1213 4290; x_wconf 90' lang='lat' dir='ltr'><strong>non</strong></span> <span class='ocrx_word' id='word_1_349' title='bbox 1255 4251 1375 4291; x_wconf 90' lang='lat' dir='ltr'><strong>esse</strong></span> <span class='ocrx_word' id='word_1_350' title='bbox 1414 4236 1529 4291; x_wconf 90' lang='lat' dir='ltr'><strong>sine</strong></span> <span class='ocrx_word' id='word_1_351' title='bbox 1571 4246 1824 4306; x_wconf 89' lang='lat' dir='ltr'><strong>peccato,</strong></span> <span class='ocrx_word' id='word_1_352' title='bbox 1875 4238 2124 4308; x_wconf 90' lang='lat' dir='ltr'><strong>quoniam</strong></span> <span class='ocrx_word' id='word_1_353' title='bbox 2155 4238 2288 4309; x_wconf 89' lang='lat' dir='ltr'><strong>jussi</strong></span> 
     </span>
    </p>
   </div>
   <div class='ocr_carea' id='block_1_45' title="bbox 699 4326 2290 4395">
    <p class='ocr_par' dir='ltr' id='par_1_45' title="bbox 699 4326 2290 4395">
     <span class='ocr_line' id='line_1_45' title="bbox 699 4326 2290 4395; baseline 0.003 -13"><span class='ocrx_word' id='word_1_354' title='bbox 699 4342 883 4382; x_wconf 88' lang='lat' dir='ltr'><strong>sumus</strong></span> <span class='ocrx_word' id='word_1_355' title='bbox 911 4327 1088 4382; x_wconf 82' lang='lat' dir='ltr'><strong>dicere</strong></span> <span class='ocrx_word' id='word_1_356' title='bbox 1111 4370 1123 4393; x_wconf 99' lang='lat'><strong>,</strong></span> <span class='ocrx_word' id='word_1_357' title='bbox 1153 4326 1360 4384; x_wconf 82' lang='lat' dir='ltr'><strong>Dimitte</strong></span> <span class='ocrx_word' id='word_1_358' title='bbox 1380 4329 1522 4382; x_wconf 86' lang='lat' dir='ltr'><strong>nobis</strong></span> <span class='ocrx_word' id='word_1_359' title='bbox 1552 4329 1714 4382; x_wconf 83' lang='lat' dir='ltr'><strong>debita</strong></span> <span class='ocrx_word' id='word_1_360' title='bbox 1741 4337 1911 4383; x_wconf 79' lang='lat' dir='ltr'><strong>nostra</strong></span> <span class='ocrx_word' id='word_1_361' title='bbox 1934 4347 1952 4395; x_wconf 87' lang='lat'><strong><em>;</em></strong></span> <span class='ocrx_word' id='word_1_362' title='bbox 1981 4329 2050 4384; x_wconf 89' lang='lat' dir='ltr'><strong>ita</strong></span> <span class='ocrx_word' id='word_1_363' title='bbox 2083 4339 2137 4385; x_wconf 91' lang='lat' dir='ltr'><strong>et</strong></span> <span class='ocrx_word' id='word_1_364' title='bbox 2165 4340 2290 4388; x_wconf 92' lang='lat' dir='ltr'><strong>tunc</strong></span> 
     </span>
    </p>
   </div>
   <div class='ocr_carea' id='block_1_46' title="bbox 698 4422 2290 4494">
    <p class='ocr_par' dir='ltr' id='par_1_46' title="bbox 698 4422 2290 4494">
     <span class='ocr_line' id='line_1_46' title="bbox 698 4422 2290 4494; baseline 0.001 -16"><span class='ocrx_word' id='word_1_365' title='bbox 698 4439 796 4494; x_wconf 89' lang='lat' dir='ltr'><strong>per</strong></span> <span class='ocrx_word' id='word_1_366' title='bbox 835 4422 1092 4478; x_wconf 87' lang='lat' dir='ltr'><strong>sacriﬁcia</strong></span> <span class='ocrx_word' id='word_1_367' title='bbox 1132 4423 1463 4480; x_wconf 82' lang='lat' dir='ltr'><strong>victimarum</strong></span> <span class='ocrx_word' id='word_1_368' title='bbox 1498 4422 1804 4480; x_wconf 88' lang='lat' dir='ltr'><strong>animalium</strong></span> <span class='ocrx_word' id='word_1_369' title='bbox 1839 4423 2290 4481; x_wconf 90' lang='lat' dir='ltr'><strong>convincebantur</strong></span> 
     </span>
    </p>
   </div>
   <div class='ocr_carea' id='block_1_47' title="bbox 699 4514 2290 4590">
    <p class='ocr_par' dir='ltr' id='par_1_47' title="bbox 699 4514 2290 4590">
     <span class='ocr_line' id='line_1_47' title="bbox 699 4514 2290 4590; baseline 0.003 -19"><span class='ocrx_word' id='word_1_370' title='bbox 699 4514 1010 4571; x_wconf 89' lang='lat' dir='ltr'><strong>sacerdotes</strong></span> <span class='ocrx_word' id='word_1_371' title='bbox 1051 4515 1166 4570; x_wconf 88' lang='lat' dir='ltr'><strong>sine</strong></span> <span class='ocrx_word' id='word_1_372' title='bbox 1207 4525 1423 4584; x_wconf 88' lang='lat' dir='ltr'><strong>peccato</strong></span> <span class='ocrx_word' id='word_1_373' title='bbox 1460 4529 1566 4570; x_wconf 90' lang='lat' dir='ltr'><strong>non</strong></span> <span class='ocrx_word' id='word_1_374' title='bbox 1602 4530 1721 4571; x_wconf 80' lang='lat' dir='ltr'><strong>esse</strong></span> <span class='ocrx_word' id='word_1_375' title='bbox 1745 4557 1760 4583; x_wconf 93' lang='lat'><strong>,</strong></span> <span class='ocrx_word' id='word_1_376' title='bbox 1791 4515 1880 4588; x_wconf 86' lang='lat' dir='ltr'><strong>qui</strong></span> <span class='ocrx_word' id='word_1_377' title='bbox 1911 4532 2006 4586; x_wconf 87' lang='lat' dir='ltr'><strong>pro</strong></span> <span class='ocrx_word' id='word_1_378' title='bbox 2031 4517 2141 4572; x_wconf 89' lang='lat' dir='ltr'><strong>suis</strong></span> <span class='ocrx_word' id='word_1_379' title='bbox 2167 4533 2290 4590; x_wconf 89' lang='lat' dir='ltr'><strong>pec-</strong></span> 
     </span>
    </p>
   </div>
   <div class='ocr_carea' id='block_1_48' title="bbox 697 4607 1409 4681">
    <p class='ocr_par' dir='ltr' id='par_1_48' title="bbox 697 4607 1409 4681">
     <span class='ocr_line' id='line_1_48' title="bbox 697 4607 1409 4681; baseline -0.01 -15"><span class='ocrx_word' id='word_1_380' title='bbox 697 4611 830 4666; x_wconf 86' lang='lat' dir='ltr'><strong>catis</strong></span> <span class='ocrx_word' id='word_1_381' title='bbox 849 4609 1172 4681; x_wconf 88' lang='lat' dir='ltr'><strong>jubebantur</strong></span> <span class='ocrx_word' id='word_1_382' title='bbox 1195 4607 1409 4662; x_wconf 79' lang='lat' dir='ltr'><strong>oﬁ‘erre.</strong></span> 
     </span>
    </p>
   </div>
   <div class='ocr_carea' id='block_1_49' title="bbox 772 4699 2312 4774">
    <p class='ocr_par' dir='ltr' id='par_1_49' title="bbox 772 4699 2312 4774">
     <span class='ocr_line' id='line_1_49' title="bbox 772 4699 2312 4774; baseline 0.001 -16"><span class='ocrx_word' id='word_1_383' title='bbox 772 4704 859 4758; x_wconf 83' lang='lat' dir='ltr'><strong>l7.</strong></span> <span class='ocrx_word' id='word_1_384' title='bbox 888 4701 1040 4771; x_wconf 86' lang='lat' dir='ltr'><strong>Quod</strong></span> <span class='ocrx_word' id='word_1_385' title='bbox 1069 4700 1112 4755; x_wconf 93' lang='lat' dir='ltr'><strong>si</strong></span> <span class='ocrx_word' id='word_1_386' title='bbox 1141 4715 1226 4756; x_wconf 91' lang='lat' dir='ltr'><strong>res</strong></span> <span class='ocrx_word' id='word_1_387' title='bbox 1254 4699 1322 4754; x_wconf 88' lang='lat' dir='ltr'><strong>ita</strong></span> <span class='ocrx_word' id='word_1_388' title='bbox 1353 4715 1410 4754; x_wconf 92' lang='lat' dir='ltr'><strong>se</strong></span> <span class='ocrx_word' id='word_1_389' title='bbox 1438 4699 1625 4766; x_wconf 88' lang='lat' dir='ltr'><strong>habet,</strong></span> <span class='ocrx_word' id='word_1_390' title='bbox 1662 4709 1716 4754; x_wconf 91' lang='lat' dir='ltr'><strong>ut</strong></span> <span class='ocrx_word' id='word_1_391' title='bbox 1743 4715 1845 4771; x_wconf 74' lang='lat' dir='ltr'><strong>per:</strong></span> <span class='ocrx_word' id='word_1_392' title='bbox 1857 4701 2080 4774; x_wconf 80' lang='lat' dir='ltr'><strong>gratiam</strong></span> <span class='ocrx_word' id='word_1_393' title='bbox 2103 4701 2312 4760; x_wconf 70' lang='lat' dir='ltr'><strong>Salva-&#39;</strong></span> 
     </span>
    </p>
   </div>
   <div class='ocr_carea' id='block_1_50' title="bbox 696 4792 2290 4866">
    <p class='ocr_par' dir='ltr' id='par_1_50' title="bbox 696 4792 2290 4866">
     <span class='ocr_line' id='line_1_50' title="bbox 696 4792 2290 4866; baseline -0.001 -14"><span class='ocrx_word' id='word_1_394' title='bbox 696 4797 829 4853; x_wconf 89' lang='lat' dir='ltr'><strong>toris</strong></span> <span class='ocrx_word' id='word_1_395' title='bbox 865 4794 1202 4866; x_wconf 89' lang='lat' dir='ltr'><strong>proﬁciamus</strong></span> <span class='ocrx_word' id='word_1_396' title='bbox 1240 4792 1454 4864; x_wconf 89' lang='lat' dir='ltr'><strong>quidem</strong></span> <span class='ocrx_word' id='word_1_397' title='bbox 1498 4793 1551 4847; x_wconf 92' lang='lat' dir='ltr'><strong>in</strong></span> <span class='ocrx_word' id='word_1_398' title='bbox 1591 4793 1692 4848; x_wconf 88' lang='lat' dir='ltr'><strong>bac</strong></span> <span class='ocrx_word' id='word_1_399' title='bbox 1721 4792 1823 4847; x_wconf 90' lang='lat' dir='ltr'><strong>vita</strong></span> <span class='ocrx_word' id='word_1_400' title='bbox 1848 4834 1864 4860; x_wconf 93' lang='lat'><strong>,</strong></span> <span class='ocrx_word' id='word_1_401' title='bbox 1893 4792 2172 4850; x_wconf 89' lang='lat' dir='ltr'><strong>deﬁciente</strong></span> <span class='ocrx_word' id='word_1_402' title='bbox 2197 4809 2290 4850; x_wconf 86' lang='lat' dir='ltr'><strong>cu-</strong></span> 
     </span>
    </p>
   </div>
   <div class='ocr_carea' id='block_1_51' title="bbox 696 4884 2287 4959">
    <p class='ocr_par' dir='ltr' id='par_1_51' title="bbox 696 4884 2287 4959">
     <span class='ocr_line' id='line_1_51' title="bbox 696 4884 2287 4959; baseline -0.001 -17"><span class='ocrx_word' id='word_1_403' title='bbox 696 4889 953 4959; x_wconf 89' lang='lat' dir='ltr'><strong>piditate,</strong></span> <span class='ocrx_word' id='word_1_404' title='bbox 998 4895 1273 4942; x_wconf 82' lang='lat' dir='ltr'><strong>crescente</strong></span> <span class='ocrx_word' id='word_1_405' title='bbox 1315 4884 1612 4951; x_wconf 86' lang='lat' dir='ltr'><strong>eharitate;</strong></span> <span class='ocrx_word' id='word_1_406' title='bbox 1659 4884 1997 4956; x_wconf 87' lang='lat' dir='ltr'><strong>perﬁciamur</strong></span> <span class='ocrx_word' id='word_1_407' title='bbox 2029 4893 2203 4942; x_wconf 87' lang='lat' dir='ltr'><strong>autem</strong></span> <span class='ocrx_word' id='word_1_408' title='bbox 2235 4886 2287 4940; x_wconf 88' lang='lat' dir='ltr'><strong>in</strong></span> 
     </span>
    </p>
   </div>
   <div class='ocr_carea' id='block_1_52' title="bbox 696 4978 2288 5053">
    <p class='ocr_par' dir='ltr' id='par_1_52' title="bbox 696 4978 2288 5053">
     <span class='ocr_line' id='line_1_52' title="bbox 696 4978 2288 5053; baseline -0.004 -14"><span class='ocrx_word' id='word_1_409' title='bbox 696 4983 783 5040; x_wconf 88' lang='lat' dir='ltr'><strong>illa</strong></span> <span class='ocrx_word' id='word_1_410' title='bbox 808 4983 936 5052; x_wconf 88' lang='lat' dir='ltr'><strong>vita,</strong></span> <span class='ocrx_word' id='word_1_411' title='bbox 959 4980 1244 5053; x_wconf 87' lang='lat' dir='ltr'><strong>cupiditate</strong></span> <span class='ocrx_word' id='word_1_412' title='bbox 1259 4980 1540 5046; x_wconf 81' lang='lat' dir='ltr'><strong>exstincta,</strong></span> <span class='ocrx_word' id='word_1_413' title='bbox 1562 4978 1818 5046; x_wconf 77' lang='lat' dir='ltr'><strong>charitate</strong></span> <span class='ocrx_word' id='word_1_414' title='bbox 1837 4979 2100 5050; x_wconf 89' lang='lat' dir='ltr'><strong>completa</strong></span> <span class='ocrx_word' id='word_1_415' title='bbox 2125 4997 2138 5034; x_wconf 91' lang='lat'><strong>:</strong></span> <span class='ocrx_word' id='word_1_416' title='bbox 2162 4995 2288 5050; x_wconf 84' lang='lat' dir='ltr'><strong>pro-</strong></span> 
     </span>
    </p>
   </div>
   <div class='ocr_carea' id='block_1_53' title="bbox 697 5072 2284 5146">
    <p class='ocr_par' dir='ltr' id='par_1_53' title="bbox 697 5072 2284 5146">
     <span class='ocr_line' id='line_1_53' title="bbox 697 5072 2284 5146; baseline -0.001 -16"><span class='ocrx_word' id='word_1_417' title='bbox 697 5076 838 5130; x_wconf 88' lang='lat' dir='ltr'><strong>feclo</strong></span> <span class='ocrx_word' id='word_1_418' title='bbox 881 5075 1010 5130; x_wconf 85' lang='lat' dir='ltr'><strong>illud</strong></span> <span class='ocrx_word' id='word_1_419' title='bbox 1047 5075 1188 5146; x_wconf 91' lang='lat' dir='ltr'><strong>quod</strong></span> <span class='ocrx_word' id='word_1_420' title='bbox 1233 5075 1489 5144; x_wconf 91' lang='lat' dir='ltr'><strong>scriptum</strong></span> <span class='ocrx_word' id='word_1_421' title='bbox 1514 5081 1628 5138; x_wconf 91' lang='lat' dir='ltr'><strong>est,</strong></span> <span class='ocrx_word' id='word_1_422' title='bbox 1664 5072 1763 5138; x_wconf 84' lang='lat' dir='ltr'><strong>Qui</strong></span> <span class='ocrx_word' id='word_1_423' title='bbox 1788 5083 1936 5128; x_wconf 84' lang='lat' dir='ltr'><strong>natus</strong></span> <span class='ocrx_word' id='word_1_424' title='bbox 1961 5081 2035 5128; x_wconf 85' lang='lat' dir='ltr'><strong>est</strong></span> <span class='ocrx_word' id='word_1_425' title='bbox 2058 5090 2120 5129; x_wconf 68' lang='lat' dir='ltr'><strong>ex</strong></span> <span class='ocrx_word' id='word_1_426' title='bbox 2144 5073 2284 5142; x_wconf 88' lang='lat' dir='ltr'><strong>Deo,</strong></span> 
     </span>
    </p>
   </div>
   <div class='ocr_carea' id='block_1_54' title="bbox 700 5165 2288 5241">
    <p class='ocr_par' dir='ltr' id='par_1_54' title="bbox 700 5165 2288 5241">
     <span class='ocr_line' id='line_1_54' title="bbox 700 5165 2288 5241; baseline -0.001 -18"><span class='ocrx_word' id='word_1_427' title='bbox 700 5185 802 5223; x_wconf 85' lang='lat' dir='ltr'><strong>non</strong></span> <span class='ocrx_word' id='word_1_428' title='bbox 827 5176 996 5239; x_wconf 84' lang='lat' dir='ltr'><strong>peccat</strong></span> <span class='ocrx_word' id='word_1_429' title='bbox 1027 5167 1071 5240; x_wconf 96' lang='lat' dir='ltr'><strong>(l</strong></span> <span class='ocrx_word' id='word_1_430' title='bbox 1100 5165 1254 5222; x_wconf 81' lang='lat' dir='ltr'><strong>Joan.</strong></span> <span class='ocrx_word' id='word_1_431' title='bbox 1289 5165 1462 5241; x_wconf 70' lang='lat'><strong>111,9),</strong></span> <span class='ocrx_word' id='word_1_432' title='bbox 1488 5166 1963 5238; x_wconf 89' lang='lat' dir='ltr'><strong>secundumipsam</strong></span> <span class='ocrx_word' id='word_1_433' title='bbox 1975 5167 2288 5224; x_wconf 84' lang='lat' dir='ltr'><strong>charitatem</strong></span> 
     </span>
    </p>
   </div>
   <div class='ocr_carea' id='block_1_55' title="bbox 694 5260 2292 5338">
    <p class='ocr_par' dir='ltr' id='par_1_55' title="bbox 694 5260 2292 5338">
     <span class='ocr_line' id='line_1_55' title="bbox 694 5260 2292 5338; baseline -0.001 -19"><span class='ocrx_word' id='word_1_434' title='bbox 694 5263 894 5320; x_wconf 91' lang='lat' dir='ltr'><strong>dictum</strong></span> <span class='ocrx_word' id='word_1_435' title='bbox 920 5269 1021 5329; x_wconf 87' lang='lat' dir='ltr'><strong>est,</strong></span> <span class='ocrx_word' id='word_1_436' title='bbox 1037 5277 1156 5333; x_wconf 72' lang='lat' dir='ltr'><strong>qua:</strong></span> <span class='ocrx_word' id='word_1_437' title='bbox 1177 5262 1286 5317; x_wconf 90' lang='lat' dir='ltr'><strong>sola</strong></span> <span class='ocrx_word' id='word_1_438' title='bbox 1308 5277 1412 5317; x_wconf 92' lang='lat' dir='ltr'><strong>non</strong></span> <span class='ocrx_word' id='word_1_439' title='bbox 1435 5270 1637 5338; x_wconf 88' lang='lat' dir='ltr'><strong>peccat.</strong></span> <span class='ocrx_word' id='word_1_440' title='bbox 1657 5260 1736 5315; x_wconf 81' lang='lat' dir='ltr'><strong>Ad</strong></span> <span class='ocrx_word' id='word_1_441' title='bbox 1756 5261 2078 5318; x_wconf 85' lang='lat' dir='ltr'><strong>nativitatem</strong></span> <span class='ocrx_word' id='word_1_442' title='bbox 2095 5263 2292 5335; x_wconf 87' lang='lat' dir='ltr'><strong>quippe</strong></span> 
     </span>
    </p>
   </div>
   <div class='ocr_carea' id='block_1_56' title="bbox 695 5357 2291 5432">
    <p class='ocr_par' dir='ltr' id='par_1_56' title="bbox 695 5357 2291 5432">
     <span class='ocr_line' id='line_1_56' title="bbox 695 5357 2291 5432; baseline -0.001 -17"><span class='ocrx_word' id='word_1_443' title='bbox 695 5376 815 5432; x_wconf 70' lang='lat' dir='ltr'><strong>quae</strong></span> <span class='ocrx_word' id='word_1_444' title='bbox 840 5377 906 5417; x_wconf 84' lang='lat' dir='ltr'><strong>ex</strong></span> <span class='ocrx_word' id='word_1_445' title='bbox 930 5361 1040 5416; x_wconf 90' lang='lat' dir='ltr'><strong>Deo</strong></span> <span class='ocrx_word' id='word_1_446' title='bbox 1064 5369 1146 5415; x_wconf 90' lang='lat' dir='ltr'><strong>est</strong></span> <span class='ocrx_word' id='word_1_447' title='bbox 1164 5400 1178 5425; x_wconf 93' lang='lat'><strong>,</strong></span> <span class='ocrx_word' id='word_1_448' title='bbox 1210 5359 1452 5429; x_wconf 83' lang='lat' dir='ltr'><strong>augenda</strong></span> <span class='ocrx_word' id='word_1_449' title='bbox 1477 5369 1532 5417; x_wconf 90' lang='lat' dir='ltr'><strong>et</strong></span> <span class='ocrx_word' id='word_1_450' title='bbox 1558 5357 1884 5431; x_wconf 88' lang='lat' dir='ltr'><strong>perﬁcienda</strong></span> <span class='ocrx_word' id='word_1_451' title='bbox 1907 5359 2137 5432; x_wconf 85' lang='lat' dir='ltr'><strong>pertinet</strong></span> <span class='ocrx_word' id='word_1_452' title='bbox 2160 5357 2291 5414; x_wconf 89' lang='lat' dir='ltr'><strong>cha-</strong></span> 
     </span>
    </p>
   </div>
   <div class='ocr_carea' id='block_1_57' title="bbox 694 5449 2295 5522">
    <p class='ocr_par' dir='ltr' id='par_1_57' title="bbox 694 5449 2295 5522">
     <span class='ocr_line' id='line_1_57' title="bbox 694 5449 2295 5522; baseline -0.003 -12"><span class='ocrx_word' id='word_1_453' title='bbox 694 5454 862 5520; x_wconf 84' lang='lat' dir='ltr'><strong>ritas;</strong></span> <span class='ocrx_word' id='word_1_454' title='bbox 891 5467 996 5508; x_wconf 94' lang='lat' dir='ltr'><strong>non</strong></span> <span class='ocrx_word' id='word_1_455' title='bbox 1027 5466 1088 5507; x_wconf 87' lang='lat' dir='ltr'><strong>ea</strong></span> <span class='ocrx_word' id='word_1_456' title='bbox 1117 5466 1235 5522; x_wconf 73' lang='lat' dir='ltr'><strong>qua:</strong></span> <span class='ocrx_word' id='word_1_457' title='bbox 1261 5449 1544 5506; x_wconf 87' lang='lat' dir='ltr'><strong>minuenda</strong></span> <span class='ocrx_word' id='word_1_458' title='bbox 1573 5459 1654 5504; x_wconf 92' lang='lat' dir='ltr'><strong>est</strong></span> <span class='ocrx_word' id='word_1_459' title='bbox 1679 5457 1732 5505; x_wconf 91' lang='lat' dir='ltr'><strong>et</strong></span> <span class='ocrx_word' id='word_1_460' title='bbox 1757 5449 2116 5507; x_wconf 81' lang='lat' dir='ltr'><strong>consumenda</strong></span> <span class='ocrx_word' id='word_1_461' title='bbox 2143 5451 2295 5522; x_wconf 92' lang='lat' dir='ltr'><strong>cupi-</strong></span> 
     </span>
    </p>
   </div>
   <div class='ocr_carea' id='block_1_58' title="bbox 694 5541 2289 5615">
    <p class='ocr_par' dir='ltr' id='par_1_58' title="bbox 694 5541 2289 5615">
     <span class='ocr_line' id='line_1_58' title="bbox 694 5541 2289 5615; baseline -0.001 -15"><span class='ocrx_word' id='word_1_462' title='bbox 694 5545 834 5600; x_wconf 89' lang='lat' dir='ltr'><strong>ditas</strong></span> <span class='ocrx_word' id='word_1_463' title='bbox 879 5562 893 5599; x_wconf 90' lang='lat'><strong>:</strong></span> <span class='ocrx_word' id='word_1_464' title='bbox 934 5559 1054 5615; x_wconf 79' lang='lat' dir='ltr'><strong>qua:</strong></span> <span class='ocrx_word' id='word_1_465' title='bbox 1102 5552 1276 5598; x_wconf 90' lang='lat' dir='ltr'><strong>tamen</strong></span> <span class='ocrx_word' id='word_1_466' title='bbox 1307 5541 1559 5613; x_wconf 89' lang='lat' dir='ltr'><strong>quamdiu</strong></span> <span class='ocrx_word' id='word_1_467' title='bbox 1585 5550 1665 5598; x_wconf 92' lang='lat' dir='ltr'><strong>est</strong></span> <span class='ocrx_word' id='word_1_468' title='bbox 1691 5541 1742 5597; x_wconf 92' lang='lat' dir='ltr'><strong>in</strong></span> <span class='ocrx_word' id='word_1_469' title='bbox 1771 5541 2024 5599; x_wconf 89' lang='lat' dir='ltr'><strong>membris</strong></span> <span class='ocrx_word' id='word_1_470' title='bbox 2053 5543 2250 5598; x_wconf 88' lang='lat' dir='ltr'><strong>nostris</strong></span> <span class='ocrx_word' id='word_1_471' title='bbox 2273 5587 2289 5612; x_wconf 92' lang='lat'><strong>,</strong></span> 
     </span>
    </p>
   </div>
   <div class='ocr_carea' id='block_1_59' title="bbox 691 5633 2293 5709">
    <p class='ocr_par' dir='ltr' id='par_1_59' title="bbox 691 5633 2293 5709">
     <span class='ocr_line' id='line_1_59' title="bbox 691 5633 2293 5709; baseline -0.002 -16"><span class='ocrx_word' id='word_1_472' title='bbox 691 5637 812 5709; x_wconf 88' lang='lat' dir='ltr'><strong>lege</strong></span> <span class='ocrx_word' id='word_1_473' title='bbox 850 5635 1081 5709; x_wconf 88' lang='lat' dir='ltr'><strong>quadam</strong></span> <span class='ocrx_word' id='word_1_474' title='bbox 1121 5652 1212 5691; x_wconf 89' lang='lat' dir='ltr'><strong>sua</strong></span> <span class='ocrx_word' id='word_1_475' title='bbox 1260 5642 1515 5704; x_wconf 78' lang='lat' dir='ltr'><strong>repugnat</strong></span> <span class='ocrx_word' id='word_1_476' title='bbox 1541 5633 1642 5708; x_wconf 90' lang='lat' dir='ltr'><strong>legi</strong></span> <span class='ocrx_word' id='word_1_477' title='bbox 1672 5633 1898 5702; x_wconf 87' lang='lat' dir='ltr'><strong>mentis;</strong></span> <span class='ocrx_word' id='word_1_478' title='bbox 1929 5633 2022 5692; x_wconf 90' lang='lat' dir='ltr'><strong>sed</strong></span> <span class='ocrx_word' id='word_1_479' title='bbox 2051 5644 2204 5690; x_wconf 87' lang='lat' dir='ltr'><strong>natus</strong></span> <span class='ocrx_word' id='word_1_480' title='bbox 2224 5650 2293 5691; x_wconf 76' lang='lat' dir='ltr'><strong>ex</strong></span> 
     </span>
    </p>
   </div>
   <div class='ocr_carea' id='block_1_60' title="bbox 693 5725 2294 5798">
    <p class='ocr_par' dir='ltr' id='par_1_60' title="bbox 693 5725 2294 5798">
     <span class='ocr_line' id='line_1_60' title="bbox 693 5725 2294 5798; baseline 0.001 -16"><span class='ocrx_word' id='word_1_481' title='bbox 693 5729 832 5796; x_wconf 84' lang='lat' dir='ltr'><strong>Deo,</strong></span> <span class='ocrx_word' id='word_1_482' title='bbox 869 5743 966 5784; x_wconf 91' lang='lat' dir='ltr'><strong>nec</strong></span> <span class='ocrx_word' id='word_1_483' title='bbox 992 5727 1246 5784; x_wconf 83' lang='lat' dir='ltr'><strong>obediens</strong></span> <span class='ocrx_word' id='word_1_484' title='bbox 1263 5725 1545 5784; x_wconf 84' lang='lat' dir='ltr'><strong>desideriis</strong></span> <span class='ocrx_word' id='word_1_485' title='bbox 1565 5727 1703 5798; x_wconf 84' lang='lat' dir='ltr'><strong>ejus,</strong></span> <span class='ocrx_word' id='word_1_486' title='bbox 1731 5741 1831 5783; x_wconf 89' lang='lat' dir='ltr'><strong>nec</strong></span> <span class='ocrx_word' id='word_1_487' title='bbox 1850 5726 2110 5785; x_wconf 79' lang='lat' dir='ltr'><strong>exhibens</strong></span> <span class='ocrx_word' id='word_1_488' title='bbox 2123 5743 2294 5784; x_wconf 76' lang='lat' dir='ltr'><strong>mem-</strong></span> 
     </span>
    </p>
   </div>
   <div class='ocr_carea' id='block_1_61' title="bbox 1961 225 3886 324">
    <p class='ocr_par' dir='ltr' id='par_1_61' title="bbox 1961 225 3886 324">
     <span class='ocr_line' id='line_1_61' title="bbox 1961 225 3886 324; baseline 0.002 -35"><span class='ocrx_word' id='word_1_489' title='bbox 1961 233 2016 289; x_wconf 90' lang='lat' dir='ltr'><strong>s.</strong></span> <span class='ocrx_word' id='word_1_490' title='bbox 2061 225 2426 289; x_wconf 83' lang='lat' dir='ltr'><strong>AUGUSTINI</strong></span> <span class='ocrx_word' id='word_1_491' title='bbox 2468 229 2768 289; x_wconf 85' lang='lat' dir='ltr'><strong>EPlSCOPl</strong></span> <span class='ocrx_word' id='word_1_492' title='bbox 3812 259 3886 324; x_wconf 56' lang='grc' dir='ltr'><strong>γη</strong></span> 
     </span>
    </p>
   </div>
   <div class='ocr_carea' id='block_1_62' title="bbox 2422 343 3885 440">
    <p class='ocr_par' dir='ltr' id='par_1_62' title="bbox 2422 343 3885 440">
     <span class='ocr_line' id='line_1_62' title="bbox 2422 343 3885 440; baseline 0.021 -42"><span class='ocrx_word' id='word_1_493' title='bbox 2422 343 2516 400; x_wconf 89' lang='lat' dir='ltr'><strong>bra</strong></span> <span class='ocrx_word' id='word_1_494' title='bbox 2555 361 2647 401; x_wconf 89' lang='lat' dir='ltr'><strong>sua</strong></span> <span class='ocrx_word' id='word_1_495' title='bbox 2673 363 2820 404; x_wconf 89' lang='lat' dir='ltr'><strong>arma</strong></span> <span class='ocrx_word' id='word_1_496' title='bbox 2851 349 3145 420; x_wconf 89' lang='lat' dir='ltr'><strong>iniquitatis</strong></span> <span class='ocrx_word' id='word_1_497' title='bbox 3172 364 3380 424; x_wconf 90' lang='lat' dir='ltr'><strong>peccato</strong></span> <span class='ocrx_word' id='word_1_498' title='bbox 3401 400 3414 423; x_wconf 95' lang='lat'><strong>,</strong></span> <span class='ocrx_word' id='word_1_499' title='bbox 3443 368 3599 430; x_wconf 88' lang='lat' dir='ltr'><strong>potest</strong></span> <span class='ocrx_word' id='word_1_500' title='bbox 3619 365 3784 440; x_wconf 83' lang='lat' dir='ltr'><strong>dicere,</strong></span> <span class='ocrx_word' id='word_1_501' title='bbox 3803 374 3885 434; x_wconf 74' lang='lat' dir='ltr'><strong>iam</strong></span> 
     </span>
    </p>
   </div>
   <div class='ocr_carea' id='block_1_63' title="bbox 2423 443 3882 535">
    <p class='ocr_par' dir='ltr' id='par_1_63' title="bbox 2423 443 3882 535">
     <span class='ocr_line' id='line_1_63' title="bbox 2423 443 3882 535; baseline 0.014 -44"><span class='ocrx_word' id='word_1_502' title='bbox 2423 454 2522 493; x_wconf 81' lang='lat' dir='ltr'><strong>non</strong></span> <span class='ocrx_word' id='word_1_503' title='bbox 2552 456 2642 535; x_wconf 83' lang='lat' dir='ltr'><strong>ego</strong></span> <span class='ocrx_word' id='word_1_504' title='bbox 2668 457 2850 512; x_wconf 81' lang='lat' dir='ltr'><strong>operor</strong></span> <span class='ocrx_word' id='word_1_505' title='bbox 2876 443 3033 509; x_wconf 85' lang='lat' dir='ltr'><strong>illud,</strong></span> <span class='ocrx_word' id='word_1_506' title='bbox 3064 444 3152 498; x_wconf 78' lang='lat' dir='ltr'><strong>sed</strong></span> <span class='ocrx_word' id='word_1_507' title='bbox 3177 446 3304 500; x_wconf 83' lang='lat' dir='ltr'><strong>illud</strong></span> <span class='ocrx_word' id='word_1_508' title='bbox 3326 451 3451 518; x_wconf 82' lang='lat' dir='ltr'><strong>quod</strong></span> <span class='ocrx_word' id='word_1_509' title='bbox 3474 452 3639 510; x_wconf 75' lang='lat' dir='ltr'><strong>habitat</strong></span> <span class='ocrx_word' id='word_1_510' title='bbox 3660 459 3701 513; x_wconf 84' lang='lat' dir='ltr'><strong>in</strong></span> <span class='ocrx_word' id='word_1_511' title='bbox 3722 479 3783 517; x_wconf 80' lang='lat' dir='ltr'><strong>me</strong></span> <span class='ocrx_word' id='word_1_512' title='bbox 3803 485 3882 535; x_wconf 70' lang='grc' dir='ltr'><strong>ρει.</strong></span> 
     </span>
    </p>
   </div>
   <div class='ocr_carea' id='block_1_64' title="bbox 2421 533 3063 609">
    <p class='ocr_par' dir='ltr' id='par_1_64' title="bbox 2421 533 3063 609">
     <span class='ocr_line' id='line_1_64' title="bbox 2421 533 3063 609; baseline 0.014 -26"><span class='ocrx_word' id='word_1_513' title='bbox 2421 541 2588 586; x_wconf 86' lang='lat' dir='ltr'><strong>calum</strong></span> <span class='ocrx_word' id='word_1_514' title='bbox 2616 533 2792 607; x_wconf 83' lang='lat' dir='ltr'><strong>(Rom.</strong></span> <span class='ocrx_word' id='word_1_515' title='bbox 2815 552 2886 592; x_wconf 82' lang='lat' dir='ltr'><strong>vn</strong></span> <span class='ocrx_word' id='word_1_516' title='bbox 2910 577 2925 604; x_wconf 85' lang='lat'><strong>,</strong></span> <span class='ocrx_word' id='word_1_517' title='bbox 2945 535 3063 609; x_wconf 68' lang='grc' dir='ltr'><strong>ΞΟ).</strong></span> 
     </span>
    </p>
   </div>
   <div class='ocr_carea' id='block_1_65' title="bbox 2498 625 3882 720">
    <p class='ocr_par' dir='ltr' id='par_1_65' title="bbox 2498 625 3882 720">
     <span class='ocr_line' id='line_1_65' title="bbox 2498 625 3882 720; baseline 0.019 -39"><span class='ocrx_word' id='word_1_518' title='bbox 2498 627 2582 720; x_wconf 76' lang='lat' dir='ltr'><strong>t8.</strong></span> <span class='ocrx_word' id='word_1_519' title='bbox 2610 625 2715 682; x_wconf 91' lang='lat' dir='ltr'><strong>Sed</strong></span> <span class='ocrx_word' id='word_1_520' title='bbox 2745 645 2959 701; x_wconf 88' lang='lat' dir='ltr'><strong>quoquo</strong></span> <span class='ocrx_word' id='word_1_521' title='bbox 2988 631 3146 687; x_wconf 87' lang='lat' dir='ltr'><strong>modo</strong></span> <span class='ocrx_word' id='word_1_522' title='bbox 3169 648 3226 689; x_wconf 89' lang='lat' dir='ltr'><strong>se</strong></span> <span class='ocrx_word' id='word_1_523' title='bbox 3254 633 3437 691; x_wconf 83' lang='lat' dir='ltr'><strong>habeat</strong></span> <span class='ocrx_word' id='word_1_524' title='bbox 3463 637 3552 694; x_wconf 81' lang='lat' dir='ltr'><strong>ista</strong></span> <span class='ocrx_word' id='word_1_525' title='bbox 3578 647 3882 720; x_wconf 77' lang='lat' dir='ltr'><strong>qmestio,qni:i</strong></span> 
     </span>
    </p>
   </div>
   <div class='ocr_carea' id='block_1_66' title="bbox 2422 719 3884 808">
    <p class='ocr_par' dir='ltr' id='par_1_66' title="bbox 2422 719 3884 808">
     <span class='ocr_line' id='line_1_66' title="bbox 2422 719 3884 808; baseline 0.018 -37"><span class='ocrx_word' id='word_1_526' title='bbox 2422 719 2520 772; x_wconf 88' lang='lat' dir='ltr'><strong>etsi</strong></span> <span class='ocrx_word' id='word_1_527' title='bbox 2567 735 2670 773; x_wconf 93' lang='lat' dir='ltr'><strong>non</strong></span> <span class='ocrx_word' id='word_1_528' title='bbox 2721 720 2987 777; x_wconf 84' lang='lat' dir='ltr'><strong>invenitur</strong></span> <span class='ocrx_word' id='word_1_529' title='bbox 3023 723 3183 779; x_wconf 88' lang='lat' dir='ltr'><strong>homo</strong></span> <span class='ocrx_word' id='word_1_530' title='bbox 3207 725 3257 779; x_wconf 93' lang='lat' dir='ltr'><strong>in</strong></span> <span class='ocrx_word' id='word_1_531' title='bbox 3287 725 3381 782; x_wconf 90' lang='lat' dir='ltr'><strong>hac</strong></span> <span class='ocrx_word' id='word_1_532' title='bbox 3403 729 3498 784; x_wconf 86' lang='lat' dir='ltr'><strong>vita</strong></span> <span class='ocrx_word' id='word_1_533' title='bbox 3523 731 3624 788; x_wconf 86' lang='lat' dir='ltr'><strong>sine</strong></span> <span class='ocrx_word' id='word_1_534' title='bbox 3645 719 3832 808; x_wconf 75' lang='lat' dir='ltr'><strong>peccato,</strong></span> <span class='ocrx_word' id='word_1_535' title='bbox 3853 745 3884 799; x_wconf 81' lang='lat' dir='ltr'><strong>id</strong></span> 
     </span>
    </p>
   </div>
   <div class='ocr_carea' id='block_1_67' title="bbox 2423 813 3884 903">
    <p class='ocr_par' dir='ltr' id='par_1_67' title="bbox 2423 813 3884 903">
     <span class='ocr_line' id='line_1_67' title="bbox 2423 813 3884 903; baseline 0.008 -37"><span class='ocrx_word' id='word_1_536' title='bbox 2423 822 2596 866; x_wconf 85' lang='lat' dir='ltr'><strong>tamen</strong></span> <span class='ocrx_word' id='word_1_537' title='bbox 2626 813 2818 870; x_wconf 90' lang='lat' dir='ltr'><strong>dicitur</strong></span> <span class='ocrx_word' id='word_1_538' title='bbox 2843 831 3001 885; x_wconf 85' lang='lat' dir='ltr'><strong>posse</strong></span> <span class='ocrx_word' id='word_1_539' title='bbox 3031 817 3142 871; x_wconf 83' lang='lat' dir='ltr'><strong>ﬁeri</strong></span> <span class='ocrx_word' id='word_1_540' title='bbox 3165 834 3256 888; x_wconf 89' lang='lat' dir='ltr'><strong>per</strong></span> <span class='ocrx_word' id='word_1_541' title='bbox 3279 818 3572 889; x_wconf 73' lang='lat' dir='ltr'><strong>adiutorium</strong></span> <span class='ocrx_word' id='word_1_542' title='bbox 3591 829 3741 896; x_wconf 76' lang='lat' dir='ltr'><strong>gratia:</strong></span> <span class='ocrx_word' id='word_1_543' title='bbox 3755 842 3794 886; x_wconf 89' lang='lat' dir='ltr'><strong>et</strong></span> <span class='ocrx_word' id='word_1_544' title='bbox 3808 835 3884 903; x_wconf 75' lang='lat' dir='ltr'><strong>Spi.</strong></span> 
     </span>
    </p>
   </div>
   <div class='ocr_carea' id='block_1_68' title="bbox 2421 903 3882 987">
    <p class='ocr_par' dir='ltr' id='par_1_68' title="bbox 2421 903 3882 987">
     <span class='ocr_line' id='line_1_68' title="bbox 2421 903 3882 987; baseline 0.014 -29"><span class='ocrx_word' id='word_1_545' title='bbox 2421 903 2555 958; x_wconf 85' lang='lat' dir='ltr'><strong>ritus</strong></span> <span class='ocrx_word' id='word_1_546' title='bbox 2604 905 2734 972; x_wconf 84' lang='lat' dir='ltr'><strong>Dei,</strong></span> <span class='ocrx_word' id='word_1_547' title='bbox 2771 906 2910 976; x_wconf 87' lang='lat' dir='ltr'><strong>quod</strong></span> <span class='ocrx_word' id='word_1_548' title='bbox 2957 916 3013 961; x_wconf 90' lang='lat' dir='ltr'><strong>ut</strong></span> <span class='ocrx_word' id='word_1_549' title='bbox 3052 907 3143 962; x_wconf 81' lang='lat' dir='ltr'><strong>ﬁat</strong></span> <span class='ocrx_word' id='word_1_550' title='bbox 3179 911 3465 967; x_wconf 85' lang='lat' dir='ltr'><strong>conandum</strong></span> <span class='ocrx_word' id='word_1_551' title='bbox 3487 923 3626 984; x_wconf 86' lang='lat' dir='ltr'><strong>atque</strong></span> <span class='ocrx_word' id='word_1_552' title='bbox 3650 922 3882 987; x_wconf 82' lang='lat' dir='ltr'><strong>poscendum</strong></span> 
     </span>
    </p>
   </div>
   <div class='ocr_carea' id='block_1_69' title="bbox 2421 997 3884 1072">
    <p class='ocr_par' dir='ltr' id='par_1_69' title="bbox 2421 997 3884 1072">
     <span class='ocr_line' id='line_1_69' title="bbox 2421 997 3884 1072; baseline 0.013 -22"><span class='ocrx_word' id='word_1_553' title='bbox 2421 1006 2505 1050; x_wconf 89' lang='lat' dir='ltr'><strong>est</strong></span> <span class='ocrx_word' id='word_1_554' title='bbox 2528 1038 2542 1060; x_wconf 94' lang='lat'><strong>,</strong></span> <span class='ocrx_word' id='word_1_555' title='bbox 2577 997 2921 1052; x_wconf 89' lang='lat' dir='ltr'><strong>tolerabiliter</strong></span> <span class='ocrx_word' id='word_1_556' title='bbox 2951 1001 3001 1052; x_wconf 95' lang='lat' dir='ltr'><strong>in</strong></span> <span class='ocrx_word' id='word_1_557' title='bbox 3031 1014 3095 1054; x_wconf 89' lang='lat' dir='ltr'><strong>eo</strong></span> <span class='ocrx_word' id='word_1_558' title='bbox 3122 1001 3339 1072; x_wconf 85' lang='lat' dir='ltr'><strong>quisque</strong></span> <span class='ocrx_word' id='word_1_559' title='bbox 3367 1002 3577 1071; x_wconf 87' lang='lat' dir='ltr'><strong>fallitur;</strong></span> <span class='ocrx_word' id='word_1_560' title='bbox 3606 1023 3688 1064; x_wconf 89' lang='lat' dir='ltr'><strong>nec</strong></span> <span class='ocrx_word' id='word_1_561' title='bbox 3707 1011 3884 1070; x_wconf 71' lang='lat' dir='ltr'><strong>diabolim</strong></span> 
     </span>
    </p>
   </div>
   <div class='ocr_carea' id='block_1_70' title="bbox 2422 1090 3883 1173">
    <p class='ocr_par' dir='ltr' id='par_1_70' title="bbox 2422 1090 3883 1173">
     <span class='ocr_line' id='line_1_70' title="bbox 2422 1090 3883 1173; baseline 0.012 -31"><span class='ocrx_word' id='word_1_562' title='bbox 2422 1090 2684 1158; x_wconf 87' lang='lat' dir='ltr'><strong>impietas,</strong></span> <span class='ocrx_word' id='word_1_563' title='bbox 2715 1092 2807 1146; x_wconf 89' lang='lat' dir='ltr'><strong>sed</strong></span> <span class='ocrx_word' id='word_1_564' title='bbox 2825 1108 2975 1148; x_wconf 85' lang='lat' dir='ltr'><strong>error</strong></span> <span class='ocrx_word' id='word_1_565' title='bbox 2996 1092 3255 1148; x_wconf 88' lang='lat' dir='ltr'><strong>humanus</strong></span> <span class='ocrx_word' id='word_1_566' title='bbox 3275 1106 3354 1150; x_wconf 82' lang='lat' dir='ltr'><strong>est</strong></span> <span class='ocrx_word' id='word_1_567' title='bbox 3376 1096 3661 1153; x_wconf 82' lang='lat' dir='ltr'><strong>elaboranda</strong></span> <span class='ocrx_word' id='word_1_568' title='bbox 3675 1112 3716 1156; x_wconf 86' lang='lat' dir='ltr'><strong>et</strong></span> <span class='ocrx_word' id='word_1_569' title='bbox 3729 1108 3883 1173; x_wconf 77' lang='lat' dir='ltr'><strong>optanda</strong></span> 
     </span>
    </p>
   </div>
   <div class='ocr_carea' id='block_1_71' title="bbox 2421 1181 3882 1257">
    <p class='ocr_par' dir='ltr' id='par_1_71' title="bbox 2421 1181 3882 1257">
     <span class='ocr_line' id='line_1_71' title="bbox 2421 1181 3882 1257; baseline 0.01 -23"><span class='ocrx_word' id='word_1_570' title='bbox 2421 1181 2690 1250; x_wconf 81' lang='lat' dir='ltr'><strong>afﬁrmare</strong></span> <span class='ocrx_word' id='word_1_571' title='bbox 2707 1225 2720 1248; x_wconf 89' lang='lat'><strong>,</strong></span> <span class='ocrx_word' id='word_1_572' title='bbox 2750 1185 2957 1239; x_wconf 88' lang='lat' dir='ltr'><strong>etiamsi</strong></span> <span class='ocrx_word' id='word_1_573' title='bbox 2987 1185 3127 1255; x_wconf 90' lang='lat' dir='ltr'><strong>quod</strong></span> <span class='ocrx_word' id='word_1_574' title='bbox 3149 1185 3372 1240; x_wconf 72' lang='lat' dir='ltr'><strong>afﬁrmat</strong></span> <span class='ocrx_word' id='word_1_575' title='bbox 3391 1203 3488 1241; x_wconf 88' lang='lat' dir='ltr'><strong>non</strong></span> <span class='ocrx_word' id='word_1_576' title='bbox 3503 1191 3882 1257; x_wconf 77' lang='lat' dir='ltr'><strong>possitostendere:</strong></span> 
     </span>
    </p>
   </div>
   <div class='ocr_carea' id='block_1_72' title="bbox 2423 1277 3886 1350">
    <p class='ocr_par' dir='ltr' id='par_1_72' title="bbox 2423 1277 3886 1350">
     <span class='ocr_line' id='line_1_72' title="bbox 2423 1277 3886 1350; baseline 0.01 -19"><span class='ocrx_word' id='word_1_577' title='bbox 2423 1277 2476 1332; x_wconf 85' lang='lat' dir='ltr'><strong>id</strong></span> <span class='ocrx_word' id='word_1_578' title='bbox 2520 1278 2661 1332; x_wconf 88' lang='lat' dir='ltr'><strong>enim</strong></span> <span class='ocrx_word' id='word_1_579' title='bbox 2707 1277 2874 1334; x_wconf 90' lang='lat' dir='ltr'><strong>credit</strong></span> <span class='ocrx_word' id='word_1_580' title='bbox 2922 1279 3033 1334; x_wconf 89' lang='lat' dir='ltr'><strong>ﬁeri</strong></span> <span class='ocrx_word' id='word_1_581' title='bbox 3076 1295 3262 1349; x_wconf 88' lang='lat' dir='ltr'><strong>posse,</strong></span> <span class='ocrx_word' id='word_1_582' title='bbox 3292 1281 3423 1350; x_wconf 89' lang='lat' dir='ltr'><strong>quod</strong></span> <span class='ocrx_word' id='word_1_583' title='bbox 3461 1291 3593 1338; x_wconf 88' lang='lat' dir='ltr'><strong>certe</strong></span> <span class='ocrx_word' id='word_1_584' title='bbox 3616 1285 3818 1343; x_wconf 83' lang='lat' dir='ltr'><strong>laudabile</strong></span> <span class='ocrx_word' id='word_1_585' title='bbox 3835 1301 3886 1345; x_wconf 86' lang='lat' dir='ltr'><strong>est</strong></span> 
     </span>
    </p>
   </div>
   <div class='ocr_carea' id='block_1_73' title="bbox 2421 1369 3885 1443">
    <p class='ocr_par' dir='ltr' id='par_1_73' title="bbox 2421 1369 3885 1443">
     <span class='ocr_line' id='line_1_73' title="bbox 2421 1369 3885 1443; baseline 0.009 -21"><span class='ocrx_word' id='word_1_586' title='bbox 2421 1369 2578 1424; x_wconf 86' lang='lat' dir='ltr'><strong>velle.</strong></span> <span class='ocrx_word' id='word_1_587' title='bbox 2612 1369 2774 1424; x_wconf 86' lang='lat' dir='ltr'><strong>Nobis</strong></span> <span class='ocrx_word' id='word_1_588' title='bbox 2800 1379 2974 1424; x_wconf 89' lang='lat' dir='ltr'><strong>autem</strong></span> <span class='ocrx_word' id='word_1_589' title='bbox 2996 1371 3188 1425; x_wconf 89' lang='lat' dir='ltr'><strong>sufﬁcit</strong></span> <span class='ocrx_word' id='word_1_590' title='bbox 3215 1373 3350 1443; x_wconf 89' lang='lat' dir='ltr'><strong>quod</strong></span> <span class='ocrx_word' id='word_1_591' title='bbox 3380 1374 3540 1429; x_wconf 86' lang='lat' dir='ltr'><strong>nullus</strong></span> <span class='ocrx_word' id='word_1_592' title='bbox 3563 1377 3607 1429; x_wconf 92' lang='lat' dir='ltr'><strong>in</strong></span> <span class='ocrx_word' id='word_1_593' title='bbox 3626 1376 3808 1434; x_wconf 82' lang='lat' dir='ltr'><strong>Ecclesia</strong></span> <span class='ocrx_word' id='word_1_594' title='bbox 3827 1380 3885 1435; x_wconf 81' lang='lat' dir='ltr'><strong>Dei</strong></span> 
     </span>
    </p>
   </div>
   <div class='ocr_carea' id='block_1_74' title="bbox 2422 1463 3886 1543">
    <p class='ocr_par' dir='ltr' id='par_1_74' title="bbox 2422 1463 3886 1543">
     <span class='ocr_line' id='line_1_74' title="bbox 2422 1463 3886 1543; baseline 0.008 -26"><span class='ocrx_word' id='word_1_595' title='bbox 2422 1463 2653 1517; x_wconf 88' lang='lat' dir='ltr'><strong>ﬁdelium</strong></span> <span class='ocrx_word' id='word_1_596' title='bbox 2689 1465 2950 1533; x_wconf 88' lang='lat' dir='ltr'><strong>reperitur</strong></span> <span class='ocrx_word' id='word_1_597' title='bbox 2979 1465 3032 1517; x_wconf 93' lang='lat' dir='ltr'><strong>in</strong></span> <span class='ocrx_word' id='word_1_598' title='bbox 3058 1465 3289 1534; x_wconf 87' lang='lat' dir='ltr'><strong>quolibet</strong></span> <span class='ocrx_word' id='word_1_599' title='bbox 3314 1477 3551 1536; x_wconf 84' lang='lat' dir='ltr'><strong>provectu</strong></span> <span class='ocrx_word' id='word_1_600' title='bbox 3571 1470 3886 1543; x_wconf 79' lang='lat' dir='ltr'><strong>excellentiaquc</strong></span> 
     </span>
    </p>
   </div>
   <div class='ocr_carea' id='block_1_75' title="bbox 2415 1556 3885 1633">
    <p class='ocr_par' dir='ltr' id='par_1_75' title="bbox 2415 1556 3885 1633">
     <span class='ocr_line' id='line_1_75' title="bbox 2415 1556 3885 1633; baseline 0.005 -22"><span class='ocrx_word' id='word_1_601' title='bbox 2415 1557 2662 1627; x_wconf 73' lang='lat' dir='ltr'><strong>justitize,</strong></span> <span class='ocrx_word' id='word_1_602' title='bbox 2703 1556 2791 1626; x_wconf 87' lang='lat' dir='ltr'><strong>qui</strong></span> <span class='ocrx_word' id='word_1_603' title='bbox 2832 1556 2929 1610; x_wconf 84' lang='lat' dir='ltr'><strong>sibi</strong></span> <span class='ocrx_word' id='word_1_604' title='bbox 2967 1557 3157 1612; x_wconf 90' lang='lat' dir='ltr'><strong>audeat</strong></span> <span class='ocrx_word' id='word_1_605' title='bbox 3175 1557 3352 1613; x_wconf 90' lang='lat' dir='ltr'><strong>dicere</strong></span> <span class='ocrx_word' id='word_1_606' title='bbox 3375 1574 3473 1612; x_wconf 93' lang='lat' dir='ltr'><strong>non</strong></span> <span class='ocrx_word' id='word_1_607' title='bbox 3499 1562 3792 1616; x_wconf 83' lang='lat' dir='ltr'><strong>necessariam</strong></span> <span class='ocrx_word' id='word_1_608' title='bbox 3808 1580 3885 1633; x_wconf 82' lang='lat' dir='ltr'><strong>pre-</strong></span> 
     </span>
    </p>
   </div>
   <div class='ocr_carea' id='block_1_76' title="bbox 2420 1649 3886 1716">
    <p class='ocr_par' dir='ltr' id='par_1_76' title="bbox 2420 1649 3886 1716">
     <span class='ocr_line' id='line_1_76' title="bbox 2420 1649 3886 1716; baseline 0.003 -12"><span class='ocrx_word' id='word_1_609' title='bbox 2420 1650 2683 1704; x_wconf 88' lang='lat' dir='ltr'><strong>cationem</strong></span> <span class='ocrx_word' id='word_1_610' title='bbox 2715 1649 2970 1703; x_wconf 90' lang='lat' dir='ltr'><strong>orationis</strong></span> <span class='ocrx_word' id='word_1_611' title='bbox 2999 1649 3298 1716; x_wconf 63' lang='lat' dir='ltr'><strong>dominica),</strong></span> <span class='ocrx_word' id='word_1_612' title='bbox 3332 1649 3528 1704; x_wconf 84' lang='lat' dir='ltr'><strong>Dimitte</strong></span> <span class='ocrx_word' id='word_1_613' title='bbox 3548 1651 3669 1706; x_wconf 86' lang='lat' dir='ltr'><strong>nobis</strong></span> <span class='ocrx_word' id='word_1_614' title='bbox 3690 1653 3813 1707; x_wconf 78' lang='lat' dir='ltr'><strong>debita</strong></span> <span class='ocrx_word' id='word_1_615' title='bbox 3827 1674 3886 1708; x_wconf 78' lang='lat' dir='ltr'><strong>ne-</strong></span> 
     </span>
    </p>
   </div>
   <div class='ocr_carea' id='block_1_77' title="bbox 2418 1742 3885 1818">
    <p class='ocr_par' dir='ltr' id='par_1_77' title="bbox 2418 1742 3885 1818">
     <span class='ocr_line' id='line_1_77' title="bbox 2418 1742 3885 1818; baseline 0.003 -20"><span class='ocrx_word' id='word_1_616' title='bbox 2418 1753 2562 1809; x_wconf 85' lang='lat' dir='ltr'><strong>stra;</strong></span> <span class='ocrx_word' id='word_1_617' title='bbox 2598 1753 2651 1798; x_wconf 91' lang='lat' dir='ltr'><strong>et</strong></span> <span class='ocrx_word' id='word_1_618' title='bbox 2690 1743 2831 1798; x_wconf 90' lang='lat' dir='ltr'><strong>dicat</strong></span> <span class='ocrx_word' id='word_1_619' title='bbox 2871 1758 2928 1800; x_wconf 89' lang='lat' dir='ltr'><strong>se</strong></span> <span class='ocrx_word' id='word_1_620' title='bbox 2957 1759 3060 1798; x_wconf 92' lang='lat' dir='ltr'><strong>non</strong></span> <span class='ocrx_word' id='word_1_621' title='bbox 3091 1742 3290 1799; x_wconf 88' lang='lat' dir='ltr'><strong>habere</strong></span> <span class='ocrx_word' id='word_1_622' title='bbox 3317 1755 3603 1815; x_wconf 90' lang='lat' dir='ltr'><strong>peccatum,</strong></span> <span class='ocrx_word' id='word_1_623' title='bbox 3631 1762 3688 1801; x_wconf 91' lang='lat' dir='ltr'><strong>ne</strong></span> <span class='ocrx_word' id='word_1_624' title='bbox 3728 1749 3885 1818; x_wconf 86' lang='lat' dir='ltr'><strong>seipsum</strong></span> 
     </span>
    </p>
   </div>
   <div class='ocr_carea' id='block_1_78' title="bbox 2418 1835 3886 1910">
    <p class='ocr_par' dir='ltr' id='par_1_78' title="bbox 2418 1835 3886 1910">
     <span class='ocr_line' id='line_1_78' title="bbox 2418 1835 3886 1910; baseline 0.001 -20"><span class='ocrx_word' id='word_1_625' title='bbox 2418 1837 2646 1907; x_wconf 85' lang='lat' dir='ltr'><strong>decipiat</strong></span> <span class='ocrx_word' id='word_1_626' title='bbox 2664 1880 2677 1902; x_wconf 96' lang='lat'><strong>,</strong></span> <span class='ocrx_word' id='word_1_627' title='bbox 2708 1847 2759 1891; x_wconf 91' lang='lat' dir='ltr'><strong>et</strong></span> <span class='ocrx_word' id='word_1_628' title='bbox 2787 1837 2983 1892; x_wconf 89' lang='lat' dir='ltr'><strong>veritas</strong></span> <span class='ocrx_word' id='word_1_629' title='bbox 3007 1837 3055 1890; x_wconf 91' lang='lat' dir='ltr'><strong>in</strong></span> <span class='ocrx_word' id='word_1_630' title='bbox 3079 1853 3143 1892; x_wconf 92' lang='lat' dir='ltr'><strong>eo</strong></span> <span class='ocrx_word' id='word_1_631' title='bbox 3164 1852 3270 1890; x_wconf 88' lang='lat' dir='ltr'><strong>non</strong></span> <span class='ocrx_word' id='word_1_632' title='bbox 3292 1838 3358 1892; x_wconf 89' lang='lat' dir='ltr'><strong>sit</strong></span> <span class='ocrx_word' id='word_1_633' title='bbox 3389 1835 3426 1906; x_wconf 84' lang='grc' dir='ltr'><strong>(Ι</strong></span> <span class='ocrx_word' id='word_1_634' title='bbox 3447 1836 3589 1890; x_wconf 81' lang='lat' dir='ltr'><strong>Joan.</strong></span> <span class='ocrx_word' id='word_1_635' title='bbox 3613 1854 3652 1905; x_wconf 87' lang='grc' dir='ltr'><strong>ι,</strong></span> <span class='ocrx_word' id='word_1_636' title='bbox 3675 1838 3745 1908; x_wconf 87' lang='grc'><strong>8),</strong></span> <span class='ocrx_word' id='word_1_637' title='bbox 3766 1855 3886 1910; x_wconf 82' lang='lat' dir='ltr'><strong>quam-</strong></span> 
     </span>
    </p>
   </div>
   <div class='ocr_carea' id='block_1_79' title="bbox 2417 1926 3937 2000">
    <p class='ocr_par' dir='ltr' id='par_1_79' title="bbox 2417 1926 3937 2000">
     <span class='ocr_line' id='line_1_79' title="bbox 2417 1926 3937 2000; baseline 0.003 -19"><span class='ocrx_word' id='word_1_638' title='bbox 2417 1928 2496 1982; x_wconf 86' lang='lat' dir='ltr'><strong>vis</strong></span> <span class='ocrx_word' id='word_1_639' title='bbox 2534 1927 2643 1997; x_wconf 90' lang='lat' dir='ltr'><strong>jam</strong></span> <span class='ocrx_word' id='word_1_640' title='bbox 2687 1928 2800 1982; x_wconf 91' lang='lat' dir='ltr'><strong>sine</strong></span> <span class='ocrx_word' id='word_1_641' title='bbox 2843 1928 3056 1998; x_wconf 87' lang='lat' dir='ltr'><strong>querela</strong></span> <span class='ocrx_word' id='word_1_642' title='bbox 3092 1927 3257 1982; x_wconf 86' lang='lat' dir='ltr'><strong>vivat.</strong></span> <span class='ocrx_word' id='word_1_643' title='bbox 3296 1926 3409 1982; x_wconf 86' lang='lat' dir='ltr'><strong>Non</strong></span> <span class='ocrx_word' id='word_1_644' title='bbox 3442 1928 3570 1982; x_wconf 88' lang='lat' dir='ltr'><strong>enim</strong></span> <span class='ocrx_word' id='word_1_645' title='bbox 3604 1930 3886 2000; x_wconf 80' lang='lat' dir='ltr'><strong>qualecumque</strong></span> <span class='ocrx_word' id='word_1_646' title='bbox 3936 1979 3937 1990; x_wconf 29' lang='grc' dir='ltr'>χ</span> 
     </span>
    </p>
   </div>
   <div class='ocr_carea' id='block_1_80' title="bbox 2417 2020 3886 2091">
    <p class='ocr_par' dir='ltr' id='par_1_80' title="bbox 2417 2020 3886 2091">
     <span class='ocr_line' id='line_1_80' title="bbox 2417 2020 3886 2091; baseline 0.001 -16"><span class='ocrx_word' id='word_1_647' title='bbox 2417 2021 2574 2075; x_wconf 89' lang='lat' dir='ltr'><strong>etiam</strong></span> <span class='ocrx_word' id='word_1_648' title='bbox 2619 2021 2924 2076; x_wconf 90' lang='lat' dir='ltr'><strong>tentationis</strong></span> <span class='ocrx_word' id='word_1_649' title='bbox 2967 2020 3250 2084; x_wconf 70' lang='lat' dir='ltr'><strong>humanm,</strong></span> <span class='ocrx_word' id='word_1_650' title='bbox 3299 2020 3387 2075; x_wconf 87' lang='lat' dir='ltr'><strong>sed</strong></span> <span class='ocrx_word' id='word_1_651' title='bbox 3426 2036 3575 2091; x_wconf 86' lang='lat' dir='ltr'><strong>grave</strong></span> <span class='ocrx_word' id='word_1_652' title='bbox 3609 2030 3822 2088; x_wconf 86' lang='lat' dir='ltr'><strong>peccatum</strong></span> <span class='ocrx_word' id='word_1_653' title='bbox 3838 2032 3886 2076; x_wconf 80' lang='lat' dir='ltr'><strong>est</strong></span> 
     </span>
    </p>
   </div>
   <div class='ocr_carea' id='block_1_81' title="bbox 2415 2112 3123 2182">
    <p class='ocr_par' dir='ltr' id='par_1_81' title="bbox 2415 2112 3123 2182">
     <span class='ocr_line' id='line_1_81' title="bbox 2415 2112 3123 2182; baseline -0.001 -16"><span class='ocrx_word' id='word_1_654' title='bbox 2415 2112 2556 2182; x_wconf 87' lang='lat' dir='ltr'><strong>quod</strong></span> <span class='ocrx_word' id='word_1_655' title='bbox 2587 2112 2639 2166; x_wconf 92' lang='lat' dir='ltr'><strong>in</strong></span> <span class='ocrx_word' id='word_1_656' title='bbox 2666 2112 2933 2182; x_wconf 92' lang='lat' dir='ltr'><strong>querelam</strong></span> <span class='ocrx_word' id='word_1_657' title='bbox 2957 2113 3123 2167; x_wconf 89' lang='lat' dir='ltr'><strong>venit.</strong></span> 
     </span>
    </p>
   </div>
   <div class='ocr_carea' id='block_1_82' title="bbox 2489 2203 3884 2275">
    <p class='ocr_par' dir='ltr' id='par_1_82' title="bbox 2489 2203 3884 2275">
     <span class='ocr_line' id='line_1_82' title="bbox 2489 2203 3884 2275; baseline 0 -17"><span class='ocrx_word' id='word_1_658' title='bbox 2489 2205 2573 2260; x_wconf 80' lang='lat' dir='ltr'><strong>l9.</strong></span> <span class='ocrx_word' id='word_1_659' title='bbox 2611 2205 2814 2258; x_wconf 64' lang='lat' dir='ltr'><strong>Caetera</strong></span> <span class='ocrx_word' id='word_1_660' title='bbox 2859 2222 2976 2275; x_wconf 75' lang='lat' dir='ltr'><strong>qua:</strong></span> <span class='ocrx_word' id='word_1_661' title='bbox 3005 2205 3079 2258; x_wconf 91' lang='lat' dir='ltr'><strong>illi</strong></span> <span class='ocrx_word' id='word_1_662' title='bbox 3123 2204 3329 2273; x_wconf 86' lang='lat' dir='ltr'><strong>objecta</strong></span> <span class='ocrx_word' id='word_1_663' title='bbox 3369 2214 3510 2269; x_wconf 87' lang='lat' dir='ltr'><strong>sunt,</strong></span> <span class='ocrx_word' id='word_1_664' title='bbox 3541 2204 3660 2259; x_wconf 91' lang='lat' dir='ltr'><strong>sicut</strong></span> <span class='ocrx_word' id='word_1_665' title='bbox 3681 2203 3812 2260; x_wconf 80' lang='lat' dir='ltr'><strong>Gestis</strong></span> <span class='ocrx_word' id='word_1_666' title='bbox 3827 2204 3884 2258; x_wconf 79' lang='lat' dir='ltr'><strong>de-</strong></span> 
     </span>
    </p>
   </div>
   <div class='ocr_carea' id='block_1_83' title="bbox 2415 2296 3887 2367">
    <p class='ocr_par' dir='ltr' id='par_1_83' title="bbox 2415 2296 3887 2367">
     <span class='ocr_line' id='line_1_83' title="bbox 2415 2296 3887 2367; baseline -0.002 -17"><span class='ocrx_word' id='word_1_667' title='bbox 2415 2297 2556 2351; x_wconf 86' lang='lat' dir='ltr'><strong>fensa</strong></span> <span class='ocrx_word' id='word_1_668' title='bbox 2592 2296 2909 2366; x_wconf 88' lang='lat' dir='ltr'><strong>perviderit,</strong></span> <span class='ocrx_word' id='word_1_669' title='bbox 2940 2297 3007 2350; x_wconf 89' lang='lat' dir='ltr'><strong>ita</strong></span> <span class='ocrx_word' id='word_1_670' title='bbox 3037 2296 3104 2351; x_wconf 89' lang='lat' dir='ltr'><strong>de</strong></span> <span class='ocrx_word' id='word_1_671' title='bbox 3127 2297 3209 2351; x_wconf 89' lang='lat' dir='ltr'><strong>his</strong></span> <span class='ocrx_word' id='word_1_672' title='bbox 3232 2297 3408 2367; x_wconf 89' lang='lat' dir='ltr'><strong>procul</strong></span> <span class='ocrx_word' id='word_1_673' title='bbox 3434 2297 3583 2352; x_wconf 88' lang='lat' dir='ltr'><strong>dubio</strong></span> <span class='ocrx_word' id='word_1_674' title='bbox 3603 2305 3675 2351; x_wconf 90' lang='lat' dir='ltr'><strong>tua</strong></span> <span class='ocrx_word' id='word_1_675' title='bbox 3696 2297 3887 2350; x_wconf 66' lang='grc' dir='ltr'><strong>Βιςειὶιυιιο</strong></span> 
     </span>
    </p>
   </div>
   <div class='ocr_carea' id='block_1_84' title="bbox 2406 2387 3884 2458">
    <p class='ocr_par' dir='ltr' id='par_1_84' title="bbox 2406 2387 3884 2458">
     <span class='ocr_line' id='line_1_84' title="bbox 2406 2387 3884 2458; baseline -0.003 -16"><span class='ocrx_word' id='word_1_676' title='bbox 2406 2388 2682 2458; x_wconf 89' lang='lat' dir='ltr'><strong>judicabit.</strong></span> <span class='ocrx_word' id='word_1_677' title='bbox 2708 2388 2859 2442; x_wconf 89' lang='lat' dir='ltr'><strong>Dabit</strong></span> <span class='ocrx_word' id='word_1_678' title='bbox 2881 2403 3008 2442; x_wconf 88' lang='lat' dir='ltr'><strong>sane</strong></span> <span class='ocrx_word' id='word_1_679' title='bbox 3029 2387 3182 2442; x_wconf 79' lang='lat' dir='ltr'><strong>nobis</strong></span> <span class='ocrx_word' id='word_1_680' title='bbox 3217 2388 3419 2443; x_wconf 86' lang='lat' dir='ltr'><strong>veniam</strong></span> <span class='ocrx_word' id='word_1_681' title='bbox 3447 2387 3655 2442; x_wconf 87' lang='lat' dir='ltr'><strong>suavitas</strong></span> <span class='ocrx_word' id='word_1_682' title='bbox 3693 2388 3884 2440; x_wconf 78' lang='lat' dir='ltr'><strong>mitissinm</strong></span> 
     </span>
    </p>
   </div>
   <div class='ocr_carea' id='block_1_85' title="bbox 2412 2478 3885 2551">
    <p class='ocr_par' dir='ltr' id='par_1_85' title="bbox 2412 2478 3885 2551">
     <span class='ocr_line' id='line_1_85' title="bbox 2412 2478 3885 2551; baseline -0.002 -18"><span class='ocrx_word' id='word_1_683' title='bbox 2412 2480 2588 2535; x_wconf 87' lang='lat' dir='ltr'><strong>cordis</strong></span> <span class='ocrx_word' id='word_1_684' title='bbox 2611 2481 2683 2534; x_wconf 91' lang='lat' dir='ltr'><strong>tui</strong></span> <span class='ocrx_word' id='word_1_685' title='bbox 2707 2523 2720 2547; x_wconf 94' lang='lat'><strong>,</strong></span> <span class='ocrx_word' id='word_1_686' title='bbox 2745 2480 2882 2550; x_wconf 89' lang='lat' dir='ltr'><strong>quod</strong></span> <span class='ocrx_word' id='word_1_687' title='bbox 2907 2480 3250 2551; x_wconf 72' lang='lat' dir='ltr'><strong>prolixiorem</strong></span> <span class='ocrx_word' id='word_1_688' title='bbox 3279 2480 3544 2548; x_wconf 81' lang='lat' dir='ltr'><strong>epistulam</strong></span> <span class='ocrx_word' id='word_1_689' title='bbox 3564 2478 3769 2534; x_wconf 87' lang='lat' dir='ltr'><strong>fortassis</strong></span> <span class='ocrx_word' id='word_1_690' title='bbox 3784 2495 3885 2548; x_wconf 79' lang='lat' dir='ltr'><strong>quam</strong></span> 
     </span>
    </p>
   </div>
   <div class='ocr_carea' id='block_1_86' title="bbox 2410 2571 3939 2652">
    <p class='ocr_par' dir='ltr' id='par_1_86' title="bbox 2410 2571 3939 2652">
     <span class='ocr_line' id='line_1_86' title="bbox 2410 2571 3939 2652; baseline -0.003 -25"><span class='ocrx_word' id='word_1_691' title='bbox 2410 2573 2573 2628; x_wconf 87' lang='lat' dir='ltr'><strong>velles</strong></span> <span class='ocrx_word' id='word_1_692' title='bbox 2617 2581 2718 2628; x_wconf 72' lang='lat' dir='ltr'><strong>tua:</strong></span> <span class='ocrx_word' id='word_1_693' title='bbox 2765 2573 3003 2627; x_wconf 90' lang='lat' dir='ltr'><strong>misimus</strong></span> <span class='ocrx_word' id='word_1_694' title='bbox 3031 2572 3330 2628; x_wconf 87' lang='lat' dir='ltr'><strong>Sanetitati.</strong></span> <span class='ocrx_word' id='word_1_695' title='bbox 3359 2571 3466 2626; x_wconf 76' lang='lat' dir='ltr'><strong>Non</strong></span> <span class='ocrx_word' id='word_1_696' title='bbox 3488 2572 3616 2626; x_wconf 90' lang='lat' dir='ltr'><strong>enim</strong></span> <span class='ocrx_word' id='word_1_697' title='bbox 3639 2571 3814 2625; x_wconf 86' lang='lat' dir='ltr'><strong>rivulum</strong></span> <span class='ocrx_word' id='word_1_698' title='bbox 3828 2585 3886 2623; x_wconf 45' lang='lat' dir='ltr'><strong>no.</strong></span> <span class='ocrx_word' id='word_1_699' title='bbox 3938 2574 3939 2652; x_wconf 41' lang='grc' dir='ltr'>χ</span> 
     </span>
    </p>
   </div>
   <div class='ocr_carea' id='block_1_87' title="bbox 2409 2661 3886 2738">
    <p class='ocr_par' dir='ltr' id='par_1_87' title="bbox 2409 2661 3886 2738">
     <span class='ocr_line' id='line_1_87' title="bbox 2409 2661 3886 2738; baseline -0.003 -19"><span class='ocrx_word' id='word_1_700' title='bbox 2409 2675 2576 2720; x_wconf 92' lang='lat' dir='ltr'><strong>strum</strong></span> <span class='ocrx_word' id='word_1_701' title='bbox 2607 2676 2696 2720; x_wconf 94' lang='lat' dir='ltr'><strong>tuo</strong></span> <span class='ocrx_word' id='word_1_702' title='bbox 2723 2666 2867 2738; x_wconf 81' lang='lat' dir='ltr'><strong>largo</strong></span> <span class='ocrx_word' id='word_1_703' title='bbox 2893 2665 3020 2720; x_wconf 90' lang='lat' dir='ltr'><strong>fonti</strong></span> <span class='ocrx_word' id='word_1_704' title='bbox 3049 2664 3294 2734; x_wconf 84' lang='lat' dir='ltr'><strong>augendo</strong></span> <span class='ocrx_word' id='word_1_705' title='bbox 3319 2664 3656 2728; x_wconf 88' lang='lat' dir='ltr'><strong>refundimus;</strong></span> <span class='ocrx_word' id='word_1_706' title='bbox 3681 2663 3754 2718; x_wconf 89' lang='lat' dir='ltr'><strong>sed</strong></span> <span class='ocrx_word' id='word_1_707' title='bbox 3775 2661 3886 2715; x_wconf 75' lang='lat' dir='ltr'><strong>iubae</strong></span> 
     </span>
    </p>
   </div>
   <div class='ocr_carea' id='block_1_88' title="bbox 2408 2755 3884 2829">
    <p class='ocr_par' dir='ltr' id='par_1_88' title="bbox 2408 2755 3884 2829">
     <span class='ocr_line' id='line_1_88' title="bbox 2408 2755 3884 2829; baseline -0.005 -14"><span class='ocrx_word' id='word_1_708' title='bbox 2408 2775 2514 2815; x_wconf 90' lang='lat' dir='ltr'><strong>non</strong></span> <span class='ocrx_word' id='word_1_709' title='bbox 2547 2770 2722 2816; x_wconf 92' lang='lat' dir='ltr'><strong>tamen</strong></span> <span class='ocrx_word' id='word_1_710' title='bbox 2753 2775 2908 2829; x_wconf 88' lang='lat' dir='ltr'><strong>parva</strong></span> <span class='ocrx_word' id='word_1_711' title='bbox 2941 2760 3234 2814; x_wconf 89' lang='lat' dir='ltr'><strong>tentatione</strong></span> <span class='ocrx_word' id='word_1_712' title='bbox 3262 2758 3535 2828; x_wconf 88' lang='lat' dir='ltr'><strong>temporis,</strong></span> <span class='ocrx_word' id='word_1_713' title='bbox 3566 2757 3688 2811; x_wconf 89' lang='lat' dir='ltr'><strong>unde</strong></span> <span class='ocrx_word' id='word_1_714' title='bbox 3713 2755 3884 2809; x_wconf 80' lang='lat' dir='ltr'><strong>noslibe-</strong></span> 
     </span>
    </p>
   </div>
   <div class='ocr_carea' id='block_1_89' title="bbox 2407 2849 3886 2924">
    <p class='ocr_par' dir='ltr' id='par_1_89' title="bbox 2407 2849 3886 2924">
     <span class='ocr_line' id='line_1_89' title="bbox 2407 2849 3886 2924; baseline -0.006 -17"><span class='ocrx_word' id='word_1_715' title='bbox 2407 2863 2489 2908; x_wconf 90' lang='lat' dir='ltr'><strong>ret</strong></span> <span class='ocrx_word' id='word_1_716' title='bbox 2514 2854 2596 2907; x_wconf 91' lang='lat' dir='ltr'><strong>cui</strong></span> <span class='ocrx_word' id='word_1_717' title='bbox 2627 2853 2854 2908; x_wconf 89' lang='lat' dir='ltr'><strong>dicimus</strong></span> <span class='ocrx_word' id='word_1_718' title='bbox 2874 2897 2888 2920; x_wconf 94' lang='lat'><strong>,</strong></span> <span class='ocrx_word' id='word_1_719' title='bbox 2925 2851 3005 2906; x_wconf 84' lang='lat' dir='ltr'><strong>Ne</strong></span> <span class='ocrx_word' id='word_1_720' title='bbox 3031 2870 3122 2906; x_wconf 84' lang='lat' dir='ltr'><strong>nos</strong></span> <span class='ocrx_word' id='word_1_721' title='bbox 3149 2853 3342 2924; x_wconf 70' lang='lat' dir='ltr'><strong>inferas</strong></span> <span class='ocrx_word' id='word_1_722' title='bbox 3369 2852 3419 2906; x_wconf 85' lang='lat' dir='ltr'><strong>in</strong></span> <span class='ocrx_word' id='word_1_723' title='bbox 3449 2849 3744 2913; x_wconf 74' lang='lat' dir='ltr'><strong>(curationem,</strong></span> <span class='ocrx_word' id='word_1_724' title='bbox 3770 2858 3886 2902; x_wconf 79' lang='lat' dir='ltr'><strong>utrum</strong></span> 
     </span>
    </p>
   </div>
   <div class='ocr_carea' id='block_1_90' title="bbox 2405 2943 3886 3015">
    <p class='ocr_par' dir='ltr' id='par_1_90' title="bbox 2405 2943 3886 3015">
     <span class='ocr_line' id='line_1_90' title="bbox 2405 2943 3886 3015; baseline -0.004 -17"><span class='ocrx_word' id='word_1_725' title='bbox 2405 2945 2564 2998; x_wconf 88' lang='lat' dir='ltr'><strong>etiam</strong></span> <span class='ocrx_word' id='word_1_726' title='bbox 2587 2955 2770 3000; x_wconf 86' lang='lat' dir='ltr'><strong>noster</strong></span> <span class='ocrx_word' id='word_1_727' title='bbox 2787 2988 2801 3012; x_wconf 95' lang='lat'><strong>,</strong></span> <span class='ocrx_word' id='word_1_728' title='bbox 2826 2945 2962 3000; x_wconf 87' lang='lat' dir='ltr'><strong>licet&#39;</strong></span> <span class='ocrx_word' id='word_1_729' title='bbox 2977 2945 3198 3015; x_wconf 81' lang='lat' dir='ltr'><strong>exiguus</strong></span> <span class='ocrx_word' id='word_1_730' title='bbox 3215 2989 3228 3011; x_wconf 95' lang='lat'><strong>,</strong></span> <span class='ocrx_word' id='word_1_731' title='bbox 3263 2962 3327 3000; x_wconf 83' lang='lat' dir='ltr'><strong>ex</strong></span> <span class='ocrx_word' id='word_1_732' title='bbox 3367 2945 3542 3000; x_wconf 87' lang='lat' dir='ltr'><strong>eodem</strong></span> <span class='ocrx_word' id='word_1_733' title='bbox 3561 2961 3652 3014; x_wconf 89' lang='lat' dir='ltr'><strong>quo</strong></span> <span class='ocrx_word' id='word_1_734' title='bbox 3669 2943 3792 2998; x_wconf 88' lang='lat' dir='ltr'><strong>etiam</strong></span> <span class='ocrx_word' id='word_1_735' title='bbox 3809 2950 3886 2994; x_wconf 84' lang='lat' dir='ltr'><strong>tuus</strong></span> 
     </span>
    </p>
   </div>
   <div class='ocr_carea' id='block_1_91' title="bbox 2405 3032 3888 3108">
    <p class='ocr_par' dir='ltr' id='par_1_91' title="bbox 2405 3032 3888 3108">
     <span class='ocr_line' id='line_1_91' title="bbox 2405 3032 3888 3108; baseline -0.003 -16"><span class='ocrx_word' id='word_1_736' title='bbox 2405 3038 2680 3093; x_wconf 88' lang='lat' dir='ltr'><strong>abundans</strong></span> <span class='ocrx_word' id='word_1_737' title='bbox 2701 3082 2713 3103; x_wconf 92' lang='lat'><strong>,</strong></span> <span class='ocrx_word' id='word_1_738' title='bbox 2744 3049 2956 3094; x_wconf 89' lang='lat' dir='ltr'><strong>emanet</strong></span> <span class='ocrx_word' id='word_1_739' title='bbox 2980 3039 3152 3108; x_wconf 89' lang='lat' dir='ltr'><strong>capite</strong></span> <span class='ocrx_word' id='word_1_740' title='bbox 3178 3037 3514 3103; x_wconf 85' lang='lat' dir='ltr'><strong>ﬂuentorum,</strong></span> <span class='ocrx_word' id='word_1_741' title='bbox 3533 3037 3622 3092; x_wconf 88' lang='lat' dir='ltr'><strong>hoc</strong></span> <span class='ocrx_word' id='word_1_742' title='bbox 3641 3053 3664 3090; x_wconf 86' lang='lat' dir='ltr'><strong>a</strong></span> <span class='ocrx_word' id='word_1_743' title='bbox 3685 3049 3725 3091; x_wconf 90' lang='lat' dir='ltr'><strong>te</strong></span> <span class='ocrx_word' id='word_1_744' title='bbox 3742 3032 3888 3106; x_wconf 81' lang='lat' dir='ltr'><strong>probari</strong></span> 
     </span>
    </p>
   </div>
   <div class='ocr_carea' id='block_1_92' title="bbox 2404 3126 3941 3204">
    <p class='ocr_par' dir='ltr' id='par_1_92' title="bbox 2404 3126 3941 3204">
     <span class='ocr_line' id='line_1_92' title="bbox 2404 3126 3941 3204; baseline -0.006 -16"><span class='ocrx_word' id='word_1_745' title='bbox 2404 3134 2650 3188; x_wconf 87' lang='lat' dir='ltr'><strong>volumus</strong></span> <span class='ocrx_word' id='word_1_746' title='bbox 2680 3134 2887 3204; x_wconf 89' lang='lat' dir='ltr'><strong>tuisque</strong></span> <span class='ocrx_word' id='word_1_747' title='bbox 2909 3133 3181 3203; x_wconf 86' lang='lat' dir='ltr'><strong>rescriptis</strong></span> <span class='ocrx_word' id='word_1_748' title='bbox 3203 3133 3273 3188; x_wconf 90' lang='lat' dir='ltr'><strong>de</strong></span> <span class='ocrx_word' id='word_1_749' title='bbox 3297 3133 3552 3189; x_wconf 91' lang='lat' dir='ltr'><strong>communi</strong></span> <span class='ocrx_word' id='word_1_750' title='bbox 3580 3126 3883 3202; x_wconf 81' lang='lat' dir='ltr'><strong>participatione</strong></span> <span class='ocrx_word' id='word_1_751' title='bbox 3940 3186 3941 3194; x_wconf 12' lang='grc' dir='ltr'>χ</span> 
     </span>
    </p>
   </div>
   <div class='ocr_carea' id='block_1_93' title="bbox 2403 3226 3068 3298">
    <p class='ocr_par' dir='ltr' id='par_1_93' title="bbox 2403 3226 3068 3298">
     <span class='ocr_line' id='line_1_93' title="bbox 2403 3226 3068 3298; baseline -0.002 -17"><span class='ocrx_word' id='word_1_752' title='bbox 2403 3227 2560 3281; x_wconf 91' lang='lat' dir='ltr'><strong>unius</strong></span> <span class='ocrx_word' id='word_1_753' title='bbox 2582 3228 2765 3298; x_wconf 71' lang='lat' dir='ltr'><strong>gratia:</strong></span> <span class='ocrx_word' id='word_1_754' title='bbox 2787 3226 3068 3282; x_wconf 89' lang='lat' dir='ltr'><strong>consolari.</strong></span> 
     </span>
    </p>
   </div>
   <div class='ocr_carea' id='block_1_94' title="bbox 2794 3339 3589 3414">
    <p class='ocr_par' dir='ltr' id='par_1_94' title="bbox 2794 3339 3589 3414">
     <span class='ocr_line' id='line_1_94' title="bbox 2794 3339 3589 3414; baseline -0.01 -15"><span class='ocrx_word' id='word_1_755' title='bbox 2794 3342 3120 3400; x_wconf 74' lang='lat' dir='ltr'><strong>EPISTOLA</strong></span> <span class='ocrx_word' id='word_1_756' title='bbox 3146 3341 3481 3398; x_wconf 78' lang='lat' dir='ltr'><strong>CLXXVIII&#39;</strong></span> <span class='ocrx_word' id='word_1_757' title='bbox 3504 3339 3589 3414; x_wconf 74' lang='grc' dir='ltr'><strong>(τι).</strong></span> 
     </span>
    </p>
   </div>
   <div class='ocr_carea' id='block_1_95' title="bbox 2401 3443 3886 3528">
    <p class='ocr_par' dir='ltr' id='par_1_95' title="bbox 2401 3443 3886 3528">
     <span class='ocr_line' id='line_1_95' title="bbox 2401 3443 3886 3528; baseline -0.014 -12"><span class='ocrx_word' id='word_1_758' title='bbox 2401 3458 2708 3528; x_wconf 75' lang='lat' dir='ltr'><strong>Augustinus</strong></span> <span class='ocrx_word' id='word_1_759' title='bbox 2758 3455 2991 3521; x_wconf 83' lang='lat' dir='ltr'><strong>Hilario,</strong></span> <span class='ocrx_word' id='word_1_760' title='bbox 3043 3456 3106 3509; x_wconf 84' lang='lat' dir='ltr'><strong>de</strong></span> <span class='ocrx_word' id='word_1_761' title='bbox 3154 3455 3436 3526; x_wconf 79' lang='lat' dir='ltr'><strong>Pelagiana</strong></span> <span class='ocrx_word' id='word_1_762' title='bbox 3480 3452 3640 3508; x_wconf 77' lang='lat' dir='ltr'><strong>Iza’resi</strong></span> <span class='ocrx_word' id='word_1_763' title='bbox 3671 3446 3814 3501; x_wconf 73' lang='lat' dir='ltr'><strong>duobus</strong></span> <span class='ocrx_word' id='word_1_764' title='bbox 3849 3443 3886 3496; x_wconf 72' lang='lat' dir='ltr'><strong>in</strong></span> 
     </span>
    </p>
   </div>
   <div class='ocr_carea' id='block_1_96' title="bbox 2837 3548 3545 3618">
    <p class='ocr_par' dir='ltr' id='par_1_96' title="bbox 2837 3548 3545 3618">
     <span class='ocr_line' id='line_1_96' title="bbox 2837 3548 3545 3618; baseline -0.004 -15"><span class='ocrx_word' id='word_1_765' title='bbox 2837 3549 3012 3618; x_wconf 76' lang='lat' dir='ltr'><strong>Africa</strong></span> <span class='ocrx_word' id='word_1_766' title='bbox 3039 3548 3267 3602; x_wconf 80' lang='lat' dir='ltr'><strong>conciliis</strong></span> <span class='ocrx_word' id='word_1_767' title='bbox 3294 3549 3545 3601; x_wconf 78' lang='lat' dir='ltr'><strong>damnata.</strong></span> 
     </span>
    </p>
   </div>
   <div class='ocr_carea' id='block_1_97' title="bbox 2401 3626 3884 3706">
    <p class='ocr_par' dir='ltr' id='par_1_97' title="bbox 2401 3626 3884 3706">
     <span class='ocr_line' id='line_1_97' title="bbox 2401 3626 3884 3706; baseline -0.011 -6"><span class='ocrx_word' id='word_1_768' title='bbox 2401 3643 2628 3700; x_wconf 86' lang='lat' dir='ltr'><strong>Domino</strong></span> <span class='ocrx_word' id='word_1_769' title='bbox 2664 3642 2969 3700; x_wconf 86' lang='lat' dir='ltr'><strong>beatissimo</strong></span> <span class='ocrx_word' id='word_1_770' title='bbox 2989 3681 3004 3706; x_wconf 93' lang='lat'><strong>,</strong></span> <span class='ocrx_word' id='word_1_771' title='bbox 3045 3650 3097 3696; x_wconf 91' lang='lat' dir='ltr'><strong>et</strong></span> <span class='ocrx_word' id='word_1_772' title='bbox 3129 3641 3178 3696; x_wconf 90' lang='lat' dir='ltr'><strong>in</strong></span> <span class='ocrx_word' id='word_1_773' title='bbox 3206 3639 3407 3697; x_wconf 88' lang='lat' dir='ltr'><strong>Christi</strong></span> <span class='ocrx_word' id='word_1_774' title='bbox 3435 3639 3638 3696; x_wconf 85' lang='lat' dir='ltr'><strong>veritate</strong></span> <span class='ocrx_word' id='word_1_775' title='bbox 3663 3626 3884 3688; x_wconf 78' lang='lat' dir='ltr'><strong>venerando</strong></span> 
     </span>
    </p>
   </div>
   <div class='ocr_carea' id='block_1_98' title="bbox 2470 3718 3882 3807">
    <p class='ocr_par' dir='ltr' id='par_1_98' title="bbox 2470 3718 3882 3807">
     <span class='ocr_line' id='line_1_98' title="bbox 2470 3718 3882 3807; baseline -0.007 -17"><span class='ocrx_word' id='word_1_776' title='bbox 2470 3735 2622 3790; x_wconf 81' lang='lat' dir='ltr'><strong>fratri</strong></span> <span class='ocrx_word' id='word_1_777' title='bbox 2639 3718 2704 3791; x_wconf 80' lang='lat' dir='ltr'><strong>et</strong></span> <span class='ocrx_word' id='word_1_778' title='bbox 2731 3734 3096 3790; x_wconf 88' lang='lat' dir='ltr'><strong>consacerdoti</strong></span> <span class='ocrx_word' id='word_1_779' title='bbox 3130 3734 3358 3790; x_wconf 75' lang='lat' dir='ltr'><strong>thamo</strong></span> <span class='ocrx_word' id='word_1_780' title='bbox 3392 3733 3460 3807; x_wconf 91' lang='lat' dir='ltr'><strong>(b)</strong></span> <span class='ocrx_word' id='word_1_781' title='bbox 3484 3774 3499 3801; x_wconf 92' lang='lat'><strong>,</strong></span> <span class='ocrx_word' id='word_1_782' title='bbox 3527 3732 3823 3788; x_wconf 74' lang='lat' dir='ltr'><strong>Aucvsrtxcs,</strong></span> <span class='ocrx_word' id='word_1_783' title='bbox 3846 3719 3882 3772; x_wconf 77' lang='lat' dir='ltr'><strong>in</strong></span> 
     </span>
    </p>
   </div>
   <div class='ocr_carea' id='block_1_99' title="bbox 2470 3827 2970 3884">
    <p class='ocr_par' dir='ltr' id='par_1_99' title="bbox 2470 3827 2970 3884">
     <span class='ocr_line' id='line_1_99' title="bbox 2470 3827 2970 3884; baseline -0.006 -1"><span class='ocrx_word' id='word_1_784' title='bbox 2470 3827 2696 3884; x_wconf 85' lang='lat' dir='ltr'><strong>Domino</strong></span> <span class='ocrx_word' id='word_1_785' title='bbox 2723 3827 2970 3882; x_wconf 87' lang='lat' dir='ltr'><strong>salutem.</strong></span> 
     </span>
    </p>
   </div>
   <div class='ocr_carea' id='block_1_100' title="bbox 2471 3933 3883 3999">
    <p class='ocr_par' dir='ltr' id='par_1_100' title="bbox 2471 3933 3883 3999">
     <span class='ocr_line' id='line_1_100' title="bbox 2471 3933 3883 3999; baseline -0.008 0"><span class='ocrx_word' id='word_1_786' title='bbox 2471 3947 2496 3999; x_wconf 73' lang='lat' dir='ltr'><strong>l</strong></span> <span class='ocrx_word' id='word_1_787' title='bbox 2511 3985 2523 3998; x_wconf 95' lang='lat'><strong>.</strong></span> <span class='ocrx_word' id='word_1_788' title='bbox 2557 3943 2894 3999; x_wconf 83' lang='lat' dir='ltr'><strong>Honorabilis</strong></span> <span class='ocrx_word' id='word_1_789' title='bbox 2913 3943 3052 3997; x_wconf 91' lang='lat' dir='ltr'><strong>ﬁlius</strong></span> <span class='ocrx_word' id='word_1_790' title='bbox 3078 3951 3261 3997; x_wconf 87' lang='lat' dir='ltr'><strong>noster</strong></span> <span class='ocrx_word' id='word_1_791' title='bbox 3283 3941 3542 3998; x_wconf 81' lang='lat' dir='ltr'><strong>Palladius</strong></span> <span class='ocrx_word' id='word_1_792' title='bbox 3559 3951 3664 3994; x_wconf 85' lang='lat' dir='ltr'><strong>cum</strong></span> <span class='ocrx_word' id='word_1_793' title='bbox 3684 3933 3737 3988; x_wconf 86' lang='lat' dir='ltr'><strong>de</strong></span> <span class='ocrx_word' id='word_1_794' title='bbox 3755 3933 3883 3985; x_wconf 73' lang='grc' dir='ltr'>ιιοειῐο</span> 
     </span>
    </p>
   </div>
   <div class='ocr_carea' id='block_1_101' title="bbox 2399 4019 3880 4106">
    <p class='ocr_par' dir='ltr' id='par_1_101' title="bbox 2399 4019 3880 4106">
     <span class='ocr_line' id='line_1_101' title="bbox 2399 4019 3880 4106; baseline -0.009 -14"><span class='ocrx_word' id='word_1_795' title='bbox 2399 4037 2578 4092; x_wconf 86' lang='lat' dir='ltr'><strong>littore</strong></span> <span class='ocrx_word' id='word_1_796' title='bbox 2618 4037 2919 4106; x_wconf 80' lang='lat' dir='ltr'><strong>navigaret,</strong></span> <span class='ocrx_word' id='word_1_797' title='bbox 2967 4034 3283 4091; x_wconf 86' lang='lat' dir='ltr'><strong>beneﬁcium</strong></span> <span class='ocrx_word' id='word_1_798' title='bbox 3323 4031 3579 4106; x_wconf 78' lang='lat' dir='ltr'><strong>poscendo</strong></span> <span class='ocrx_word' id='word_1_799' title='bbox 3603 4027 3740 4097; x_wconf 80' lang='lat' dir='ltr'><strong>magis</strong></span> <span class='ocrx_word' id='word_1_800' title='bbox 3759 4019 3880 4080; x_wconf 66' lang='lat' dir='ltr'><strong>dedil,</strong></span> 
     </span>
    </p>
   </div>
   <div class='ocr_carea' id='block_1_102' title="bbox 2399 4119 3883 4198">
    <p class='ocr_par' dir='ltr' id='par_1_102' title="bbox 2399 4119 3883 4198">
     <span class='ocr_line' id='line_1_102' title="bbox 2399 4119 3883 4198; baseline -0.007 -15"><span class='ocrx_word' id='word_1_801' title='bbox 2399 4137 2459 4183; x_wconf 90' lang='lat' dir='ltr'><strong>ut</strong></span> <span class='ocrx_word' id='word_1_802' title='bbox 2483 4144 2588 4184; x_wconf 92' lang='lat' dir='ltr'><strong>non</strong></span> <span class='ocrx_word' id='word_1_803' title='bbox 2631 4129 2802 4183; x_wconf 87' lang='lat' dir='ltr'><strong>solum</strong></span> <span class='ocrx_word' id='word_1_804' title='bbox 2824 4144 2946 4183; x_wconf 91' lang='lat' dir='ltr'><strong>eum</strong></span> <span class='ocrx_word' id='word_1_805' title='bbox 2977 4127 3298 4198; x_wconf 85' lang='lat' dir='ltr'><strong>Benignitati</strong></span> <span class='ocrx_word' id='word_1_806' title='bbox 3321 4137 3423 4184; x_wconf 78' lang='lat' dir='ltr'><strong>tua:</strong></span> <span class='ocrx_word' id='word_1_807' title='bbox 3443 4169 3456 4193; x_wconf 92' lang='lat'><strong>,</strong></span> <span class='ocrx_word' id='word_1_808' title='bbox 3485 4138 3648 4180; x_wconf 89' lang='lat' dir='ltr'><strong>verum</strong></span> <span class='ocrx_word' id='word_1_809' title='bbox 3667 4119 3790 4174; x_wconf 81' lang='lat' dir='ltr'><strong>etiam</strong></span> <span class='ocrx_word' id='word_1_810' title='bbox 3804 4125 3883 4165; x_wconf 74' lang='grc' dir='ltr'><strong>ωεο</strong></span> 
     </span>
    </p>
   </div>
   <div class='ocr_carea' id='block_1_103' title="bbox 2398 4205 3883 4292">
    <p class='ocr_par' dir='ltr' id='par_1_103' title="bbox 2398 4205 3883 4292">
     <span class='ocr_line' id='line_1_103' title="bbox 2398 4205 3883 4292; baseline -0.008 -16"><span class='ocrx_word' id='word_1_811' title='bbox 2398 4222 2571 4292; x_wconf 88' lang='lat' dir='ltr'><strong>ipsum</strong></span> <span class='ocrx_word' id='word_1_812' title='bbox 2601 4222 2702 4276; x_wconf 90' lang='lat' dir='ltr'><strong>tuis</strong></span> <span class='ocrx_word' id='word_1_813' title='bbox 2720 4221 3048 4276; x_wconf 90' lang='lat' dir='ltr'><strong>orationibus</strong></span> <span class='ocrx_word' id='word_1_814' title='bbox 3076 4221 3528 4286; x_wconf 88' lang='lat' dir='ltr'><strong>commendarem,</strong></span> <span class='ocrx_word' id='word_1_815' title='bbox 3549 4217 3732 4271; x_wconf 85' lang='lat' dir='ltr'><strong>domine</strong></span> <span class='ocrx_word' id='word_1_816' title='bbox 3749 4205 3883 4292; x_wconf 63' lang='grc' dir='ltr'><strong>δωιίετ</strong></span> 
     </span>
    </p>
   </div>
   <div class='ocr_carea' id='block_1_104' title="bbox 2398 4289 3881 4380">
    <p class='ocr_par' dir='ltr' id='par_1_104' title="bbox 2398 4289 3881 4380">
     <span class='ocr_line' id='line_1_104' title="bbox 2398 4289 3881 4380; baseline -0.001 -14"><span class='ocrx_word' id='word_1_817' title='bbox 2398 4289 2534 4368; x_wconf 79' lang='lat' dir='ltr'><strong>sime</strong></span> <span class='ocrx_word' id='word_1_818' title='bbox 2552 4355 2566 4380; x_wconf 98' lang='lat'><strong>,</strong></span> <span class='ocrx_word' id='word_1_819' title='bbox 2611 4321 2666 4369; x_wconf 88' lang='lat' dir='ltr'><strong>et</strong></span> <span class='ocrx_word' id='word_1_820' title='bbox 2705 4314 2756 4368; x_wconf 89' lang='lat' dir='ltr'><strong>in</strong></span> <span class='ocrx_word' id='word_1_821' title='bbox 2785 4312 2981 4368; x_wconf 88' lang='lat' dir='ltr'><strong>Christi</strong></span> <span class='ocrx_word' id='word_1_822' title='bbox 3009 4312 3268 4368; x_wconf 85' lang='lat' dir='ltr'><strong>charitate</strong></span> <span class='ocrx_word' id='word_1_823' title='bbox 3292 4309 3581 4367; x_wconf 86' lang='lat' dir='ltr'><strong>venerande</strong></span> <span class='ocrx_word' id='word_1_824' title='bbox 3605 4306 3754 4361; x_wconf 68' lang='lat' dir='ltr'><strong>frater.</strong></span> <span class='ocrx_word' id='word_1_825' title='bbox 3778 4289 3881 4365; x_wconf 69' lang='lat' dir='ltr'><strong>ii“0d</strong></span> 
     </span>
    </p>
   </div>
   <div class='ocr_carea' id='block_1_105' title="bbox 2397 4389 3883 4474">
    <p class='ocr_par' dir='ltr' id='par_1_105' title="bbox 2397 4389 3883 4474">
     <span class='ocr_line' id='line_1_105' title="bbox 2397 4389 3883 4474; baseline -0.009 -15"><span class='ocrx_word' id='word_1_826' title='bbox 2397 4421 2518 4460; x_wconf 90' lang='lat' dir='ltr'><strong>cum</strong></span> <span class='ocrx_word' id='word_1_827' title='bbox 2547 4405 2682 4461; x_wconf 80' lang='lat' dir='ltr'><strong>facio</strong></span> <span class='ocrx_word' id='word_1_828' title='bbox 2702 4447 2715 4470; x_wconf 92' lang='lat'><strong>,</strong></span> <span class='ocrx_word' id='word_1_829' title='bbox 2751 4405 2984 4474; x_wconf 84' lang='lat' dir='ltr'><strong>profectu</strong></span> <span class='ocrx_word' id='word_1_830' title='bbox 3013 4414 3068 4458; x_wconf 90' lang='lat' dir='ltr'><strong>et</strong></span> <span class='ocrx_word' id='word_1_831' title='bbox 3093 4403 3361 4460; x_wconf 80' lang='lat' dir='ltr'><strong>Sanctitas</strong></span> <span class='ocrx_word' id='word_1_832' title='bbox 3387 4416 3472 4459; x_wconf 87' lang='lat' dir='ltr'><strong>tua</strong></span> <span class='ocrx_word' id='word_1_833' title='bbox 3493 4401 3636 4457; x_wconf 85' lang='lat' dir='ltr'><strong>faciet</strong></span> <span class='ocrx_word' id='word_1_834' title='bbox 3657 4393 3769 4466; x_wconf 83' lang='lat' dir='ltr'><strong>quod</strong></span> <span class='ocrx_word' id='word_1_835' title='bbox 3784 4389 3883 4446; x_wconf 54' lang='lat' dir='ltr'><strong>de“</strong></span> 
     </span>
    </p>
   </div>
   <div class='ocr_carea' id='block_1_106' title="bbox 2396 4486 3879 4566">
    <p class='ocr_par' dir='ltr' id='par_1_106' title="bbox 2396 4486 3879 4566">
     <span class='ocr_line' id='line_1_106' title="bbox 2396 4486 3879 4566; baseline -0.003 -13"><span class='ocrx_word' id='word_1_836' title='bbox 2396 4497 2557 4553; x_wconf 79' lang='lat' dir='ltr'><strong>ambo</strong></span> <span class='ocrx_word' id='word_1_837' title='bbox 2597 4496 2984 4566; x_wconf 64' lang='lat' dir='ltr'><strong>praesumimus.</strong></span> <span class='ocrx_word' id='word_1_838' title='bbox 3020 4497 3152 4563; x_wconf 54' lang='lat' dir='ltr'><strong>Quae</strong></span> <span class='ocrx_word' id='word_1_839' title='bbox 3179 4505 3357 4552; x_wconf 83' lang='lat' dir='ltr'><strong>autem</strong></span> <span class='ocrx_word' id='word_1_840' title='bbox 3384 4497 3520 4552; x_wconf 86' lang='lat' dir='ltr'><strong>circa</strong></span> <span class='ocrx_word' id='word_1_841' title='bbox 3549 4507 3635 4546; x_wconf 85' lang='lat' dir='ltr'><strong>nos</strong></span> <span class='ocrx_word' id='word_1_842' title='bbox 3659 4486 3771 4546; x_wconf 66' lang='lat' dir='ltr'><strong>sint.</strong></span> <span class='ocrx_word' id='word_1_843' title='bbox 3790 4491 3879 4549; x_wconf 67' lang='lat' dir='ltr'><strong>qm&#39;</strong></span> 
     </span>
    </p>
   </div>
   <div class='ocr_carea' id='block_1_107' title="bbox 2397 4580 3879 4658">
    <p class='ocr_par' dir='ltr' id='par_1_107' title="bbox 2397 4580 3879 4658">
     <span class='ocr_line' id='line_1_107' title="bbox 2397 4580 3879 4658; baseline -0.007 -15"><span class='ocrx_word' id='word_1_844' title='bbox 2397 4591 2539 4644; x_wconf 85' lang='lat' dir='ltr'><strong>niam</strong></span> <span class='ocrx_word' id='word_1_845' title='bbox 2562 4587 2672 4643; x_wconf 90' lang='lat' dir='ltr'><strong>seio</strong></span> <span class='ocrx_word' id='word_1_846' title='bbox 2695 4588 3033 4642; x_wconf 86' lang='lat' dir='ltr'><strong>dilectionem</strong></span> <span class='ocrx_word' id='word_1_847' title='bbox 3055 4599 3289 4644; x_wconf 85' lang='lat' dir='ltr'><strong>vestram</strong></span> <span class='ocrx_word' id='word_1_848' title='bbox 3319 4603 3413 4658; x_wconf 89' lang='lat' dir='ltr'><strong>pro</strong></span> <span class='ocrx_word' id='word_1_849' title='bbox 3441 4585 3582 4642; x_wconf 89' lang='lat' dir='ltr'><strong>nobis</strong></span> <span class='ocrx_word' id='word_1_850' title='bbox 3600 4623 3615 4648; x_wconf 94' lang='lat'><strong>,</strong></span> <span class='ocrx_word' id='word_1_851' title='bbox 3639 4580 3879 4634; x_wconf 68' lang='lat' dir='ltr'><strong>sicntelm&#39;</strong></span> 
     </span>
    </p>
   </div>
   <div class='ocr_carea' id='block_1_108' title="bbox 2397 4666 3882 4753">
    <p class='ocr_par' dir='ltr' id='par_1_108' title="bbox 2397 4666 3882 4753">
     <span class='ocr_line' id='line_1_108' title="bbox 2397 4666 3882 4753; baseline -0.009 -13"><span class='ocrx_word' id='word_1_852' title='bbox 2397 4691 2563 4740; x_wconf 83' lang='lat' dir='ltr'><strong>stram</strong></span> <span class='ocrx_word' id='word_1_853' title='bbox 2581 4697 2678 4753; x_wconf 85' lang='lat' dir='ltr'><strong>pro</strong></span> <span class='ocrx_word' id='word_1_854' title='bbox 2705 4682 2856 4737; x_wconf 89' lang='lat' dir='ltr'><strong>vobis</strong></span> <span class='ocrx_word' id='word_1_855' title='bbox 2875 4697 2995 4739; x_wconf 90' lang='lat' dir='ltr'><strong>esse</strong></span> <span class='ocrx_word' id='word_1_856' title='bbox 3017 4682 3320 4745; x_wconf 84' lang='lat' dir='ltr'><strong>sollicitam,</strong></span> <span class='ocrx_word' id='word_1_857' title='bbox 3351 4698 3379 4736; x_wconf 83' lang='lat' dir='ltr'><strong>a</strong></span> <span class='ocrx_word' id='word_1_858' title='bbox 3399 4683 3673 4736; x_wconf 80' lang='lat' dir='ltr'><strong>memorato</strong></span> <span class='ocrx_word' id='word_1_859' title='bbox 3692 4666 3882 4743; x_wconf 58' lang='lat' dir='ltr'><strong>perlatore</strong></span> 
     </span>
    </p>
   </div>
   <div class='ocr_carea' id='block_1_109' title="bbox 2463 4830 3881 4904">
    <p class='ocr_par' dir='ltr' id='par_1_109' title="bbox 2463 4830 3881 4904">
     <span class='ocr_line' id='line_1_109' title="bbox 2463 4830 3881 4904; baseline -0.016 -10"><span class='ocrx_word' id='word_1_860' title='bbox 2463 4841 2480 4858; x_wconf 83' lang='lat'><strong><em>‘</em></strong></span> <span class='ocrx_word' id='word_1_861' title='bbox 2505 4848 2633 4904; x_wconf 62' lang='lat' dir='ltr'><strong>itane</strong></span> <span class='ocrx_word' id='word_1_862' title='bbox 2654 4838 3018 4904; x_wconf 75' lang='lat' dir='ltr'><strong>emendavimus</strong></span> <span class='ocrx_word' id='word_1_863' title='bbox 3038 4839 3098 4894; x_wconf 79' lang='lat' dir='ltr'><strong>ad</strong></span> <span class='ocrx_word' id='word_1_864' title='bbox 3118 4836 3188 4888; x_wconf 89' lang='lat' dir='ltr'><strong>bl.</strong></span> <span class='ocrx_word' id='word_1_865' title='bbox 3212 4837 3286 4892; x_wconf 79' lang='lat' dir='ltr'><strong>ei).</strong></span> <span class='ocrx_word' id='word_1_866' title='bbox 3306 4836 3355 4887; x_wconf 83' lang='lat' dir='ltr'><strong>ff.</strong></span> <span class='ocrx_word' id='word_1_867' title='bbox 3377 4851 3462 4904; x_wconf 63' lang='grc' dir='ltr'><strong>ες.</strong></span> <span class='ocrx_word' id='word_1_868' title='bbox 3491 4849 3578 4886; x_wconf 89' lang='lat' dir='ltr'><strong>rm.</strong></span> <span class='ocrx_word' id='word_1_869' title='bbox 3599 4845 3663 4882; x_wconf 84' lang='lat' dir='ltr'><strong>vc.</strong></span> <span class='ocrx_word' id='word_1_870' title='bbox 3680 4832 3833 4894; x_wconf 71' lang='lat' dir='ltr'><strong>quatuor</strong></span> <span class='ocrx_word' id='word_1_871' title='bbox 3850 4830 3881 4865; x_wconf 71' lang='grc' dir='ltr'><strong>ῑο</strong></span> 
     </span>
    </p>
   </div>
   <div class='ocr_carea' id='block_1_110' title="bbox 2399 4900 3018 4952">
    <p class='ocr_par' dir='ltr' id='par_1_110' title="bbox 2399 4900 3018 4952">
     <span class='ocr_line' id='line_1_110' title="bbox 2399 4900 3018 4952; baseline -0.008 1"><span class='ocrx_word' id='word_1_872' title='bbox 2399 4909 2451 4952; x_wconf 87' lang='lat' dir='ltr'><strong>et</strong></span> <span class='ocrx_word' id='word_1_873' title='bbox 2473 4903 2531 4952; x_wconf 91' lang='lat' dir='ltr'><strong>ad</strong></span> <span class='ocrx_word' id='word_1_874' title='bbox 2554 4910 2651 4949; x_wconf 81' lang='lat' dir='ltr'><strong>Am.</strong></span> <span class='ocrx_word' id='word_1_875' title='bbox 2677 4900 2784 4950; x_wconf 86' lang='lat' dir='ltr'><strong>Bad.</strong></span> <span class='ocrx_word' id='word_1_876' title='bbox 2810 4907 2882 4950; x_wconf 87' lang='lat' dir='ltr'><strong>Er.</strong></span> <span class='ocrx_word' id='word_1_877' title='bbox 2909 4907 3018 4950; x_wconf 74' lang='grc' dir='ltr'><strong>ιον.</strong></span> 
     </span>
    </p>
   </div>
   <div class='ocr_carea' id='block_1_111' title="bbox 2463 4962 3881 5048">
    <p class='ocr_par' dir='ltr' id='par_1_111' title="bbox 2463 4962 3881 5048">
     <span class='ocr_line' id='line_1_111' title="bbox 2463 4962 3881 5048; baseline -0.023 0"><span class='ocrx_word' id='word_1_878' title='bbox 2463 4986 2535 5048; x_wconf 86' lang='grc' dir='ltr'><strong>(α)</strong></span> <span class='ocrx_word' id='word_1_879' title='bbox 2572 4986 2694 5035; x_wconf 70' lang='lat' dir='ltr'><strong>Alias</strong></span> <span class='ocrx_word' id='word_1_880' title='bbox 2713 4983 2775 5033; x_wconf 67' lang='grc'><strong>94</strong></span> <span class='ocrx_word' id='word_1_881' title='bbox 2799 4997 2811 5031; x_wconf 87' lang='lat'>:</span> <span class='ocrx_word' id='word_1_882' title='bbox 2838 4995 2948 5048; x_wconf 73' lang='lat' dir='ltr'><strong>quae</strong></span> <span class='ocrx_word' id='word_1_883' title='bbox 2971 4989 3134 5033; x_wconf 91' lang='lat' dir='ltr'><strong>autem</strong></span> <span class='ocrx_word' id='word_1_884' title='bbox 3158 4983 3248 5032; x_wconf 72' lang='lat'><strong>118</strong></span> <span class='ocrx_word' id='word_1_885' title='bbox 3271 4989 3396 5044; x_wconf 87' lang='lat' dir='ltr'><strong>erat,</strong></span> <span class='ocrx_word' id='word_1_886' title='bbox 3440 4992 3562 5030; x_wconf 89' lang='lat' dir='ltr'><strong>nunc</strong></span> <span class='ocrx_word' id='word_1_887' title='bbox 3601 4979 3644 5026; x_wconf 86' lang='lat' dir='ltr'><strong>in</strong></span> <span class='ocrx_word' id='word_1_888' title='bbox 3685 4962 3881 5034; x_wconf 59' lang='lat' dir='ltr'><strong>appendit?</strong></span> 
     </span>
    </p>
   </div>
   <div class='ocr_carea' id='block_1_112' title="bbox 2401 5045 3881 5127">
    <p class='ocr_par' dir='ltr' id='par_1_112' title="bbox 2401 5045 3881 5127">
     <span class='ocr_line' id='line_1_112' title="bbox 2401 5045 3881 5127; baseline 0 0"><span class='ocrx_word' id='word_1_889' title='bbox 2401 5045 2789 5127; x_wconf 45' lang='grc' dir='ltr'><strong>θεέιλθῖἓᾳέῌέ</strong></span> <span class='ocrx_word' id='word_1_890' title='bbox 3006 5053 3429 5127; x_wconf 43' lang='grc' dir='ltr'><strong>Ἢὲβξ---ληιξ</strong></span> <span class='ocrx_word' id='word_1_891' title='bbox 3449 5103 3638 5127; x_wconf 53' lang='lat' dir='ltr'><strong>“tum...</strong></span> <span class='ocrx_word' id='word_1_892' title='bbox 3659 5095 3761 5127; x_wconf 69' lang='grc' dir='ltr'><strong>ιῑίιιίί,</strong></span> <span class='ocrx_word' id='word_1_893' title='bbox 3785 5086 3815 5127; x_wconf 76' lang='lat' dir='ltr'><strong>id</strong></span> <span class='ocrx_word' id='word_1_894' title='bbox 3833 5084 3881 5127; x_wconf 60' lang='lat' dir='ltr'><strong>(Si</strong></span> 
     </span>
    </p>
   </div>
   <div class='ocr_carea' id='block_1_113' title="bbox 2463 5086 3846 5173">
    <p class='ocr_par' dir='ltr' id='par_1_113' title="bbox 2463 5086 3846 5173">
     <span class='ocr_line' id='line_1_113' title="bbox 2463 5086 3846 5173; baseline 0 -15"><span class='ocrx_word' id='word_1_895' title='bbox 2463 5086 2792 5173; x_wconf 37' lang='lat' dir='ltr'><strong>(orbita-{iui}.</strong></span> <span class='ocrx_word' id='word_1_896' title='bbox 2809 5086 2984 5170; x_wconf 56' lang='grc' dir='ltr'><strong>Ξιῖηῖ</strong></span> <span class='ocrx_word' id='word_1_897' title='bbox 3002 5086 3429 5173; x_wconf 38' lang='lat' dir='ltr'><strong>(immigranti</strong></span> <span class='ocrx_word' id='word_1_898' title='bbox 3448 5103 3638 5173; x_wconf 66' lang='lat' dir='ltr'><strong>salutem</strong></span> <span class='ocrx_word' id='word_1_899' title='bbox 3659 5086 3846 5173; x_wconf 53' lang='grc' dir='ltr'><strong>όξσίίρζξηῗ</strong></span> 
     </span>
    </p>
   </div>
   <div class='ocr_carea' id='block_1_114' title="bbox 2398 5155 3884 5270">
    <p class='ocr_par' dir='ltr' id='par_1_114' title="bbox 2398 5155 3884 5270">
     <span class='ocr_line' id='line_1_114' title="bbox 2398 5155 3881 5270; baseline -0.007 -46"><span class='ocrx_word' id='word_1_900' title='bbox 2398 5155 2712 5234; x_wconf 40' lang='lat' dir='ltr'><strong>malitiam;</strong></span> <span class='ocrx_word' id='word_1_901' title='bbox 2720 5155 2903 5233; x_wconf 57' lang='lat' dir='ltr'><strong>&quot;3&#39;11er</strong></span> <span class='ocrx_word' id='word_1_902' title='bbox 2915 5155 3354 5220; x_wconf 44' lang='lat' dir='ltr'><strong>secessiones&quot;</strong></span> <span class='ocrx_word' id='word_1_903' title='bbox 3371 5155 3513 5218; x_wconf 79' lang='lat' dir='ltr'><strong>inseri</strong></span> <span class='ocrx_word' id='word_1_904' title='bbox 3519 5155 3881 5270; x_wconf 50' lang='lat' dir='ltr'><strong>ptimiernlemiil&#39;”</strong></span> 
     </span>
     <span class='ocr_line' id='line_1_115' title="bbox 2399 5213 3884 5270; baseline 0 0"><span class='ocrx_word' id='word_1_905' title='bbox 2399 5236 2447 5270; x_wconf 69' lang='lat' dir='ltr'><strong>id</strong></span> <span class='ocrx_word' id='word_1_906' title='bbox 2471 5235 2689 5270; x_wconf 65' lang='lat' dir='ltr'><strong>mammia</strong></span> <span class='ocrx_word' id='word_1_907' title='bbox 2710 5234 2758 5270; x_wconf 82' lang='lat' dir='ltr'><strong>in</strong></span> <span class='ocrx_word' id='word_1_908' title='bbox 2781 5241 2964 5270; x_wconf 63' lang='lat' dir='ltr'><strong>tramam</strong></span> <span class='ocrx_word' id='word_1_909' title='bbox 2983 5233 3114 5270; x_wconf 65' lang='lat' dir='ltr'><strong>,rinie</strong></span> <span class='ocrx_word' id='word_1_910' title='bbox 3136 5232 3355 5270; x_wconf 65' lang='lat' dir='ltr'><strong>hortibus</strong></span> <span class='ocrx_word' id='word_1_911' title='bbox 3373 5226 3644 5270; x_wconf 66' lang='lat' dir='ltr'><strong>sustinuisse</strong></span> <span class='ocrx_word' id='word_1_912' title='bbox 3671 5233 3712 5268; x_wconf 79' lang='grc' dir='ltr'>ω</span> <span class='ocrx_word' id='word_1_913' title='bbox 3797 5213 3884 5270; x_wconf 48' lang='lat' dir='ltr'><strong>diu“.</strong></span> 
     </span>
    </p>
   </div>
   <div class='ocr_carea' id='block_1_115' title="bbox 2399 5221 3883 5316">
    <p class='ocr_par' dir='ltr' id='par_1_115' title="bbox 2399 5221 3883 5316">
     <span class='ocr_line' id='line_1_116' title="bbox 2399 5221 3883 5316; baseline 0 0"><span class='ocrx_word' id='word_1_914' title='bbox 2399 5221 2448 5285; x_wconf 67' lang='grc' dir='ltr'><strong>ίά</strong></span> <span class='ocrx_word' id='word_1_915' title='bbox 2471 5221 2761 5316; x_wconf 48' lang='lat' dir='ltr'><strong>suam</strong></span> <span class='ocrx_word' id='word_1_916' title='bbox 2781 5233 3114 5316; x_wconf 49' lang='lat' dir='ltr'><strong>saeuum?</strong></span> <span class='ocrx_word' id='word_1_917' title='bbox 3136 5232 3355 5316; x_wconf 55' lang='lat' dir='ltr'><strong>WE?“</strong></span> 
     </span>
    </p>
   </div>
   <div class='ocr_carea' id='block_1_116' title="bbox 2399 5285 3884 5374">
    <p class='ocr_par' dir='ltr' id='par_1_116' title="bbox 2399 5285 3884 5374">
     <span class='ocr_line' id='line_1_117' title="bbox 2399 5285 3884 5374; baseline -0.002 0"><span class='ocrx_word' id='word_1_918' title='bbox 2399 5312 2467 5349; x_wconf 71' lang='lat' dir='ltr'><strong>ex</strong></span> <span class='ocrx_word' id='word_1_919' title='bbox 2491 5295 2598 5374; x_wconf 59' lang='lat' dir='ltr'><strong>aliis</strong></span> <span class='ocrx_word' id='word_1_920' title='bbox 2613 5285 3884 5374; x_wconf 52' lang='grc' dir='ltr'><strong>ἐΗξἮἮλίὲζίὶἯὲν.ΡέξιέίίπέῐΡῗὲὶίέἒίὲἓζίέξὶῗξιξᾘῃὶῖῗ</strong></span> 
     </span>
    </p>
   </div>
   <div class='ocr_carea' id='block_1_117' title="bbox 2401 5345 3884 5436">
    <p class='ocr_par' dir='ltr' id='par_1_117' title="bbox 2401 5345 3884 5436">
     <span class='ocr_line' id='line_1_118' title="bbox 2401 5345 3884 5436; baseline -0.005 2"><span class='ocrx_word' id='word_1_921' title='bbox 2536 5345 2593 5436; x_wconf 55' lang='lat' dir='ltr'><strong>es</strong></span> <span class='ocrx_word' id='word_1_922' title='bbox 2613 5345 3492 5436; x_wconf 47' lang='lat' dir='ltr'><strong>etiameamelemﬁlﬂe‘:</strong></span> 
     </span>
    </p>
   </div>
   <div class='ocr_carea' id='block_1_118' title="bbox 2400 5402 3882 5496">
    <p class='ocr_par' dir='ltr' id='par_1_118' title="bbox 2400 5402 3882 5496">
     <span class='ocr_line' id='line_1_119' title="bbox 2400 5402 3882 5496; baseline 0.043 -37"><span class='ocrx_word' id='word_1_923' title='bbox 3087 5402 3092 5403; x_wconf 31' lang='grc' dir='ltr'>ί</span> <span class='ocrx_word' id='word_1_924' title='bbox 3107 5402 3882 5496; x_wconf 57' lang='lat' dir='ltr'><strong>diti</strong></span> 
     </span>
    </p>
   </div>
   <div class='ocr_carea' id='block_1_119' title="bbox 2401 5468 3882 5563">
    <p class='ocr_par' dir='ltr' id='par_1_119' title="bbox 2401 5468 3882 5563">
     <span class='ocr_line' id='line_1_120' title="bbox 2401 5468 3882 5563; baseline 0.001 0"><span class='ocrx_word' id='word_1_925' title='bbox 2401 5468 2797 5563; x_wconf 52' lang='grc' dir='ltr'><strong>ὀῑέῐίιὲιεξῑίφί</strong></span> <span class='ocrx_word' id='word_1_926' title='bbox 2821 5468 3882 5563; x_wconf 49' lang='lat' dir='ltr'><strong>eaeeaewleeseeregﬁtﬁliiﬁlii!</strong></span> 
     </span>
    </p>
   </div>
   <div class='ocr_carea' id='block_1_120' title="bbox 2403 5515 3884 5618">
    <p class='ocr_par' dir='ltr' id='par_1_120' title="bbox 2403 5515 3884 5618">
     <span class='ocr_line' id='line_1_121' title="bbox 2403 5515 3881 5570; baseline -0.015 -7"><span class='ocrx_word' id='word_1_927' title='bbox 2403 5515 2690 5554; x_wconf 60' lang='grc' dir='ltr'><strong>ἠε-’κων</strong></span> <span class='ocrx_word' id='word_1_928' title='bbox 2711 5515 2797 5553; x_wconf 58' lang='grc' dir='ltr'><strong>Ψ-</strong></span> <span class='ocrx_word' id='word_1_929' title='bbox 2821 5515 3146 5554; x_wconf 49' lang='lat' dir='ltr'><strong>arum-1m&quot;</strong></span> <span class='ocrx_word' id='word_1_930' title='bbox 3169 5515 3281 5549; x_wconf 65' lang='grc' dir='ltr'><strong>*τιν</strong></span> <span class='ocrx_word' id='word_1_931' title='bbox 3304 5515 3479 5548; x_wconf 73' lang='grc'><strong>“’··“*;··</strong></span> <span class='ocrx_word' id='word_1_932' title='bbox 3513 5515 3582 5544; x_wconf 67' lang='grc' dir='ltr'><strong>--ς</strong></span> <span class='ocrx_word' id='word_1_933' title='bbox 3607 5515 3648 5517; x_wconf 42' lang='grc' dir='ltr'><em>ν</em></span> <span class='ocrx_word' id='word_1_934' title='bbox 3723 5515 3774 5570; x_wconf 62' lang='grc' dir='ltr'><em>δ,</em></span> <span class='ocrx_word' id='word_1_935' title='bbox 3792 5515 3881 5563; x_wconf 53' lang='grc' dir='ltr'><strong>ηδ.</strong></span> 
     </span>
     <span class='ocr_line' id='line_1_122' title="bbox 2403 5535 3884 5618; baseline -0.013 -22"><span class='ocrx_word' id='word_1_936' title='bbox 2403 5555 2507 5618; x_wconf 83' lang='lat' dir='ltr'><strong>tum</strong></span> <span class='ocrx_word' id='word_1_937' title='bbox 2530 5546 2590 5618; x_wconf 78' lang='lat' dir='ltr'><strong>ab</strong></span> <span class='ocrx_word' id='word_1_938' title='bbox 2613 5543 2790 5618; x_wconf 70' lang='lat' dir='ltr'><strong>Hilario</strong></span> <span class='ocrx_word' id='word_1_939' title='bbox 2802 5540 3097 5618; x_wconf 42' lang='lat' dir='ltr'><strong>vapulanti,</strong></span> <span class='ocrx_word' id='word_1_940' title='bbox 3141 5552 3224 5606; x_wconf 75' lang='lat' dir='ltr'><strong>qui</strong></span> <span class='ocrx_word' id='word_1_941' title='bbox 3250 5535 3805 5618; x_wconf 44' lang='lat' dir='ltr'><strong>:t‘ugusttmﬂ&#39;qsgﬂdtm</strong></span> <span class='ocrx_word' id='word_1_942' title='bbox 3825 5578 3884 5618; x_wconf 46' lang='lat' dir='ltr'><strong>ne,</strong></span> 
     </span>
    </p>
   </div>
   <div class='ocr_carea' id='block_1_121' title="bbox 2427 5583 3886 5679">
    <p class='ocr_par' dir='ltr' id='par_1_121' title="bbox 2427 5583 3886 5679">
     <span class='ocr_line' id='line_1_123' title="bbox 2427 5583 3886 5679; baseline 0 0"><span class='ocrx_word' id='word_1_943' title='bbox 2427 5583 2831 5679; x_wconf 58' lang='grc' dir='ltr'><strong>ᾖὲἱιὶῖιέέὲἔέὲἶά</strong></span> <span class='ocrx_word' id='word_1_944' title='bbox 2845 5583 3343 5679; x_wconf 56' lang='grc' dir='ltr'><strong>ἓίὲίιὶἕέιέιθιὶβιιωσ</strong></span> 
     </span>
    </p>
   </div>
   <div class='ocr_carea' id='block_1_122' title="bbox 2404 5623 3870 5729">
    <p class='ocr_par' dir='ltr' id='par_1_122' title="bbox 2404 5623 3870 5729">
     <span class='ocr_line' id='line_1_124' title="bbox 2456 5623 3869 5665; baseline -0.013 -7"><span class='ocrx_word' id='word_1_945' title='bbox 2456 5623 2546 5658; x_wconf 79' lang='lat' dir='ltr'><strong>ana</strong></span> <span class='ocrx_word' id='word_1_946' title='bbox 2567 5623 2746 5656; x_wconf 58' lang='lat' dir='ltr'><strong>narres:</strong></span> <span class='ocrx_word' id='word_1_947' title='bbox 2767 5623 2817 5656; x_wconf 81' lang='grc' dir='ltr'>ω</span> <span class='ocrx_word' id='word_1_948' title='bbox 2846 5623 3002 5655; x_wconf 61' lang='lat' dir='ltr'><strong>MC“!</strong></span> <span class='ocrx_word' id='word_1_949' title='bbox 3025 5623 3313 5665; x_wconf 64' lang='lat' dir='ltr'><strong>oururgcuw</strong></span> <span class='ocrx_word' id='word_1_950' title='bbox 3357 5623 3521 5649; x_wconf 78' lang='grc' dir='ltr'><strong>ωι-ιιυι</strong></span> <span class='ocrx_word' id='word_1_951' title='bbox 3530 5623 3603 5644; x_wconf 70' lang='lat' dir='ltr'><strong>Iam</strong></span> <span class='ocrx_word' id='word_1_952' title='bbox 3642 5623 3806 5660; x_wconf 46' lang='grc' dir='ltr'><strong>εσυ-ην</strong></span> <span class='ocrx_word' id='word_1_953' title='bbox 3825 5623 3840 5662; x_wconf 30' lang='grc' dir='ltr'><strong>τ’</strong></span> <span class='ocrx_word' id='word_1_954' title='bbox 3861 5631 3869 5656; x_wconf 54' lang='grc' dir='ltr'>ς</span> 
     </span>
     <span class='ocr_line' id='line_1_125' title="bbox 2404 5623 3870 5729; baseline -0.014 -8"><span class='ocrx_word' id='word_1_955' title='bbox 2404 5623 2613 5729; x_wconf 53' lang='lat' dir='ltr'><strong>fi&#39;tteras,</strong></span> <span class='ocrx_word' id='word_1_956' title='bbox 2637 5669 2831 5729; x_wconf 82' lang='lat' dir='ltr'><strong>circiter</strong></span> <span class='ocrx_word' id='word_1_957' title='bbox 2853 5681 2929 5718; x_wconf 88' lang='lat' dir='ltr'><strong>an.</strong></span> <span class='ocrx_word' id='word_1_958' title='bbox 2975 5666 3068 5716; x_wconf 68' lang='grc'><strong>414</strong></span> <span class='ocrx_word' id='word_1_959' title='bbox 3085 5679 3104 5729; x_wconf 13' lang='grc' dir='ltr'><strong>γε</strong></span> <span class='ocrx_word' id='word_1_960' title='bbox 3130 5664 3308 5729; x_wconf 80' lang='lat' dir='ltr'><strong>quippe</strong></span> <span class='ocrx_word' id='word_1_961' title='bbox 3331 5673 3436 5711; x_wconf 87' lang='lat' dir='ltr'><strong>cum</strong></span> <span class='ocrx_word' id='word_1_962' title='bbox 3457 5660 3569 5728; x_wconf 55' lang='lat' dir='ltr'><strong>iste,</strong></span> <span class='ocrx_word' id='word_1_963' title='bbox 3583 5646 3870 5729; x_wconf 59' lang='lat' dir='ltr'><strong>cui</strong></span> 
     </span>
    </p>
   </div>
   <div class='ocr_carea' id='block_1_123' title="bbox 2406 5699 3883 5796">
    <p class='ocr_par' dir='ltr' id='par_1_123' title="bbox 2406 5699 3883 5796">
     <span class='ocr_line' id='line_1_126' title="bbox 2406 5699 3743 5729; baseline -0.013 -9"><span class='ocrx_word' id='word_1_964' title='bbox 2406 5699 2613 5729; x_wconf 67' lang='grc' dir='ltr'><strong>..ωσι-ο,</strong></span> <span class='ocrx_word' id='word_1_965' title='bbox 2637 5699 2822 5722; x_wconf 49' lang='lat' dir='ltr'><strong>suum.</strong></span> <span class='ocrx_word' id='word_1_966' title='bbox 2853 5699 2929 5718; x_wconf 65' lang='lat' dir='ltr'><strong>.u.</strong></span> <span class='ocrx_word' id='word_1_967' title='bbox 2975 5699 3068 5716; x_wconf 63' lang='grc' dir='ltr'><strong>πη,</strong></span> <span class='ocrx_word' id='word_1_968' title='bbox 3093 5702 3104 5714; x_wconf 89' lang='grc'><strong>.</strong></span> <span class='ocrx_word' id='word_1_969' title='bbox 3130 5699 3308 5728; x_wconf 51' lang='lat' dir='ltr'><strong>qm“...</strong></span> <span class='ocrx_word' id='word_1_970' title='bbox 3331 5699 3436 5711; x_wconf 61' lang='grc' dir='ltr'><strong>η...</strong></span> <span class='ocrx_word' id='word_1_971' title='bbox 3457 5699 3569 5728; x_wconf 41' lang='grc' dir='ltr'><em>.-.η’</em></span> <span class='ocrx_word' id='word_1_972' title='bbox 3589 5699 3652 5705; x_wconf 44' lang='grc' dir='ltr'><strong>,η</strong></span> <span class='ocrx_word' id='word_1_973' title='bbox 3734 5706 3743 5716; x_wconf 86' lang='lat'>_</span> 
     </span>
     <span class='ocr_line' id='line_1_127' title="bbox 2406 5699 3883 5796; baseline -0.014 -12"><span class='ocrx_word' id='word_1_974' title='bbox 2406 5733 2554 5795; x_wconf 85' lang='lat' dir='ltr'><strong>bitur,</strong></span> <span class='ocrx_word' id='word_1_975' title='bbox 2579 5727 2878 5796; x_wconf 78' lang='lat' dir='ltr'><strong>Pelagianam</strong></span> <span class='ocrx_word' id='word_1_976' title='bbox 2921 5728 3144 5778; x_wconf 69' lang='lat' dir='ltr'><strong>haeresim</strong></span> <span class='ocrx_word' id='word_1_977' title='bbox 3189 5726 3417 5776; x_wconf 83' lang='lat' dir='ltr'><strong>hactenus</strong></span> <span class='ocrx_word' id='word_1_978' title='bbox 3449 5715 3687 5768; x_wconf 67' lang='lat' dir='ltr'><strong>uomuisse</strong></span> <span class='ocrx_word' id='word_1_979' title='bbox 3708 5699 3883 5756; x_wconf 52' lang='lat' dir='ltr'><strong>&quot;dum</strong></span> 
     </span>
    </p>
   </div>
  </div>
