3990 6380
62 1852 75 1935 ’r

228 341 295 397 775
1352 308 1827 380 EPISTOLARUM
1867 310 2143 379 CLASSIS
2180 310 2268 367 lii.

1868 429 2003 483 Puto
2040 436 2214 483 autem
2243 442 2525 482 onerosum
2555 440 2641 481 me
2667 441 2772 481 non
2799 425 2959 481 fuisse
2987 424 3183 481 sanctis
3211 426 3455 483 sensibus

1871 523 2005 585 tuis,
2046 520 2190 593 quod
2220 520 2285 574 de
2317 530 2461 575 tanto
2487 520 2628 575 malo
2648 562 2661 583 ,
2692 520 2941 588 omnique
2968 519 3235 590 vigilantia
3262 521 3279 552 ¹
3300 560 3317 589 ,
3350 521 3457 574 Do-

1871 616 2018 669 mino
2047 614 2330 684 adjuvante
2351 656 2365 674 ,
2400 613 2646 679 vitando,
2684 622 2859 666 tacere
2888 629 2991 666 non
3024 614 3190 684 potui.

224 452 351 513 audiet
374 448 635 507 Sanctitas
651 442 1139 499 tua.Verumtamen
1158 437 1297 508 quod
1320 435 1550 490 maxime
1572 448 1757 488 neces-

223 546 366 604 sarium
393 549 472 597 est
493 538 725 593 breviter
740 535 931 589 dicam.
957 531 1098 586 Nova
1126 528 1368 599 qua-dam
1401 525 1623 581 lucresis
1659 523 1759 577 ini-

220 638 316 697 mica
340 634 513 708 gratia:
544 629 739 687 Christi
778 634 962 685 contra
990 622 1282 679 Ecclesiam
1310 618 1507 675 Christi
1534 626 1763 672 conatur

219 741 482 803 exsurgere;
502 723 595 779 sed
626 721 860 777 nondum
882 718 1153 773 evidenter
1174 714 1239 770 ab
1262 711 1499 769 Ecclesia
1520 716 1763 779 separata

219 832 297 880 cst:
312 800 568 873 hominum
588 814 792 870 scilicet
813 811 900 882 qui
924 816 1125 864 tantum
1146 804 1342 867 audent
1360 800 1650 857 infirmitati
1671 800 1766 852 1111-

217 929 346 973 manu:
372 910 603 969 tribuere
634 904 906 977 potestatis
931 903 946 934 ί
970 944 984 969 ,
1013 907 1072 955 ut
1094 900 1197 954 hoc
1224 896 1395 953 solum
1424 894 1491 948 ad
1520 891 1613 946 Dei
1642 905 1765 961 gra-

218 1011 312 1066 tiam
350 1003 612 1079 pertinere
642 996 1004 1062 contendant,
1037 991 1179 1065 quod
1205 1007 1325 1046 cum
1354 989 1523 1045 libero
1551 984 1769 1038 arbitrio

216 1111 256 1158 et
289 1073 379 1155 non
424 1092 679 1167 peccandi
726 1088 1077 1161 possibilitate
1119 1083 1284 1147 creati
1332 1096 1550 1144 sumus,
1597 1086 1650 1131 et
1678 1073 1771 1129 Dei

217 1195 420 1254 mandata
457 1205 577 1262 qure
613 1204 643 1242 a
680 1185 835 1241 nobis
866 1182 1215 1253 implerentur
1242 1176 1542 1244 accepimus
1567 1188 1580 1232 ;
1609 1176 1771 1225 cmte-

198 1260 309 1344 grutn
342 1284 402 1339 ad
444 1260 631 1336 eadem
673 1276 919 1331 mandata
965 1270 1224 1328 servanda
1252 1277 1306 1324 et
1335 1263 1599 1335 implenda
1632 1260 1774 1313 nullo

217 1379 362 1435 divino
380 1373 638 1443 adjutorio
658 1384 756 1424 nos
778 1381 953 1439 egere.
966 1362 1331 1420 Necessariam
1348 1372 1473 1413 vero
1488 1354 1642 1411 nobis
1658 1366 1777 1407 esse

216 1466 548 1526 remissionem
576 1470 912 1532 peccatorum
936 1499 950 1524 ,
981 1456 1101 1526 quia
1128 1469 1186 1508 ea
1211 1467 1327 1523 quae
1345 1466 1375 1503 a
1398 1448 1548 1502 nobis
1569 1446 1776 1514 1110110-

218 1562 395 1616 teritum
436 1554 715 1611 malefacta
763 1559 921 1615 sunt,
965 1550 1157 1603 infecta
1187 1546 1361 1600 facere
1390 1557 1494 1597 non
1516 1539 1774 1593 valemus.

216 1651 441 1709 Cavendis
466 1657 644 1703 autem
674 1644 862 1700 futuris
895 1638 1275 1708 vineendisque
1304 1634 1535 1705 peccatis
1556 1675 1570 1699 ,
1602 1630 1777 1686 omni—

215 1748 391 1817 busque
437 1739 817 1797 tentationibus
864 1736 1057 1790 virtute
1104 1728 1458 1800 superandis,
1511 1724 1625 1778 sine
1676 1721 1780 1776 ullo

217 1814 437 1907 deinceps
483 1830 746 1902 adiutorio
793 1828 976 1900 gratim
1024 1824 1117 1879 Dei
1164 1820 1387 1876 naturali
1432 1814 1783 1887 possibilitate

219 1928 471 1983 humanam
500 1922 747 1978 sufficere
772 1920 1119 1973 voluntatem.
1144 1913 1251 1967 Nec
1279 1909 1523 1981 parvulos
1550 1907 1784 1975 indigere

132 2039 139 2045 λ
219 2020 362 2093 gratia
402 2016 717 2082 Salvatoris,
766 2028 867 2084 qua
908 2026 1005 2080 per
1041 2008 1156 2076 ejus
1198 2005 1515 2081 baptismum
1550 2016 1575 2053 a
1608 1997 1784 2068 perdi.

221 2116 344 2171 tione
369 2114 653 2169 liberentur
673 2151 685 2174 ,
714 2123 777 2163 co
800 2106 939 2178 quod
967 2105 1169 2158 nullum
1196 2116 1260 2157 ex
1287 2098 1452 2155 Adam
1479 2094 1782 2165 contagium

224 2207 546 2264 damnationis
574 2201 909 2258 attraxcriut.

279 2301 328 2355 2.
356 2301 511 2368 Quam
539 2298 647 2352 sint
677 2296 791 2350 lucc
822 2293 1033 2347 inimica
1061 2290 1245 2362 gratia:
1272 2287 1364 2341 Dei
1390 2327 1404 2352 ,
1437 2296 1554 2355 qum
1581 2297 1677 2354 per
1698 2280 1785 2335 Je-

221 2410 321 2451 sum
372 2392 630 2449 Christum
662 2387 943 2443 Dominmn
976 2392 1218 2439 nostrum
1250 2382 1479 2435 humano
1504 2376 1683 2448 generi
1710 2374 1789 2427 in-

220 2486 349 2542 dulta
385 2492 489 2551 est,
531 2492 587 2537 et
627 2475 1075 2552 quemadmodum
1123 2473 1282 2528 totius
1327 2470 1445 2524 fidei
1487 2467 1788 2522 christiana:

220 2578 531 2633 fundamenta
583 2581 823 2629 evertere
868 2570 1187 2634 moliantur,
1238 2562 1476 2635 pervidet
1514 2560 1789 2613 nobiseum

224 2668 577 2725 Venerabilitas
619 2674 815 2720 vestra.
865 2662 1049 2733 Neque
1092 2658 1228 2730 apud
1277 2672 1369 2711 vos
1405 2667 1581 2709 tacere
1606 2652 1791 2707 debui-

218 2775 328 2814 mus
349 2803 361 2826 ,
408 2768 461 2813 ut
506 2754 770 2828 ejusmodi
812 2752 1057 2808 homines
1081 2793 1094 2818 ,
1127 2763 1260 2823 quos
1289 2746 1501 2817 quidem
1530 2743 1704 2798 sanari
1739 2744 1789 2796 in

216 2851 457 2917 Ecclesia,
497 2864 657 2919 quam
707 2862 771 2901 ex
818 2845 904 2905 illa
950 2842 1180 2897 resecari
1229 2840 1395 2908 magis
1438 2836 1682 2891 volumus
1737 2843 1790 2888 ct

215 2952 444 3014 optamus
464 2985 478 3009 ,
501 2958 626 2997 cura
650 2937 905 3010 pastorali
951 2935 1201 2990 caveatis.
1234 2932 1351 2987 iam
1380 2930 1520 2985 enim
1549 2945 1668 2983 cum
1694 2927 1793 2981 ista

216 3035 519 3097 scriberem,
567 3043 986 3103 cognoveramus
1030 3027 1080 3079 111
1130 3022 1355 3080 ecclesia
1386 3017 1795 3089 Carthaginensi

217 3125 453 3181 adversus
498 3139 591 3185 eos
632 3122 948 3193 epise0palis
977 3119 1185 3179 concilii
1212 3116 1484 3171 conditum
1518 3113 1679 3167 fuisse
1702 3111 1797 3166 110-

217 3228 403 3273 cretum
428 3260 442 3285 ,
491 3233 584 3288 per
609 3214 885 3287 epistolam
914 3222 1098 3266 saneto
1126 3219 1179 3264 et
1212 3206 1498 3263 venerabili
1529 3204 1685 3273 Papm
1714 3202 1797 3256 in-

218 3310 449 3365 nocentia
490 3305 822 3379 dirigendum
847 3306 904 3371 ’ς
950 3311 1003 3357 01
1045 3316 1140 3354 nos
1186 3298 1251 3353 de
1292 3296 1519 3352 concilio
1539 3294 1799 3349 Numidiae

222 3400 282 3455 ad
328 3400 556 3459 eamdem
604 3396 950 3471 apostolicam
994 3393 1186 3449 Sedem
1227 3389 1337 3460 jam
1378 3386 1622 3443 similiter
1660 3386 1796 3440 scri-

225 3508 498 3563 pseramus.

291 3589 340 3640 5.
364 3587 557 3642 Omnes
586 3585 728 3640 enim
755 3582 843 3652 qui
869 3595 1015 3650 Spem
1049 3576 1306 3632 habemus
1334 3576 1385 3627 in
1406 3571 1647 3636 Christo,
1680 3570 1802 3624 huic

232 3680 474 3750 pestiferae
535 3677 791 3749 impietali
849 3674 1101 3730 resistere
1136 3714 1151 3739 ,
1196 3683 1418 3739 eamque
1468 3665 1803 3721 concorditer

233 3772 462 3828 damnare
509 3781 563 3827 et
606 3769 949 3824 anathemare
992 3764 1249 3820 debemus
1291 3779 1304 3815 :
1346 3776 1464 3832 quze
1493 3756 1805 3815 contradicit

239 3863 380 3919 etiam
407 3862 732 3920 orationibus
762 3860 985 3926 nostris,
1014 3855 1310 3912 concedens
1339 3852 1554 3925 quidem
1581 3861 1637 3906 ut
1662 3852 1804 3905 dica-

235 3972 369 4023 mus,
404 3957 609 4012 Dimitte
642 3955 783 4009 nobis
823 3952 987 4006 debita
1026 3958 1219 4014 nostra,
1252 3947 1376 4001 sicut
1406 3955 1451 4000 et
1476 3963 1565 3999 nos
1595 3944 1804 3997 dimitti-

238 4066 334 4105 mus
356 4049 647 4106 debitoribus
678 4047 860 4102 nostris
884 4044 1093 4117 (Matth.
1127 4060 1211 4108 vt,
1246 4040 1369 4115 i2);
1400 4050 1451 4094 et
1476 4039 1576 4094 hoc
1595 4040 1807 4091 11110011-

239 4146 412 4201 cedens
432 4186 444 4210 ,
492 4155 549 4199 ut
592 4150 797 4198 asserat
826 4140 1095 4195 hominem
1125 4137 1175 4190 in
1204 4136 1305 4190 hoc
1332 4131 1659 4201 corrtqitibili
1690 4146 1810 4183 cor-

240 4251 353 4309 pore
394 4238 530 4311 quod
575 4243 822 4307 aggravat
859 4233 1123 4297 animam,
1171 4243 1326 4299 posse
1374 4226 1484 4281 suis
1513 4222 1717 4277 viribus
1743 4220 1809 4275 ad

251 4340 427 4387 tantam
465 4330 722 4402 justitiam
762 4324 1039 4403 pervenire
1064 4364 1078 4389 ,
1121 4329 1176 4375 ut
1205 4334 1378 4390 neque
1402 4317 1504 4370 hee
1534 4314 1609 4369 illi
1636 4313 1704 4368 sit
1732 4312 1811 4366 di-

250 4437 357 4479 cere
398 4421 787 4487 necessarium,
830 4416 1044 4471 Dimitte
1080 4413 1220 4466 nobis
1266 4408 1427 4465 debita
1458 4416 1647 4461 nostra.
1680 4404 1811 4459 illud

246 4527 355 4571 vero
380 4515 514 4587 quod
540 4514 779 4584 sequitur
797 4553 812 4577 ,
849 4508 933 4563 Ne
956 4526 1045 4562 nos
1072 4507 1260 4575 inferas
1280 4504 1331 4558 in
1359 4502 1677 4559 tentationcm
1703 4498 1808 4573 (Ib.

249 4608 305 4662 i2
322 4650 335 4675 ,
366 4610 449 4681 15)
470 4650 484 4674 ,
517 4623 625 4669 11011
651 4605 731 4660 sic
754 4601 1022 4672 accipiunt
1048 4609 1296 4669 tanquam
1325 4596 1465 4655 Deus
1489 4592 1721 4648 orandus
1744 4591 1813 4645 sit

249 4716 338 4771 quo
374 4717 466 4757 nos
508 4699 573 4755 ad
617 4694 943 4766 superandas
991 4692 1311 4759 tentationes
1336 4688 1547 4759 adjuvet
1571 4692 1813 4757 peccato-

250 4809 379 4865 rum,
408 4794 496 4851 sed
521 4809 587 4849 ne
608 4792 883 4863 quisquam
910 4789 1121 4842 irruens
1142 4781 1489 4852 corporaliter
1514 4794 1609 4833 nos
1631 4778 1816 4831 huma-

251 4903 335 4944 uus
367 4903 517 4943 casus
559 4884 786 4955 affligat;
830 4880 1075 4954 quoniam
1107 4881 1441 4949 peccatorum
1499 4870 1817 4925 tentationcs

251 4981 441 5045 vincere
461 4981 531 5035 ita
560 4978 629 5034 sit
645 4978 757 5048 jam
779 4974 830 5029 in
862 4981 1039 5028 nostra
1070 4969 1299 5048 positum
1332 4973 1619 5037 potestate,
1650 4962 1821 5034 possi-

258 5068 437 5131 bilitate
479 5046 719 5136 naturae,
764 5077 821 5122 ut
839 5068 940 5121 hoc
961 5046 1596 5131 inaniterimpetrandmn
1619 5055 1819 5111 oratio-

250 5162 388 5225 nibus
434 5163 773 5220 arbitremur.
816 5157 933 5213 Non
974 5167 1256 5235 possumus
1296 5167 1396 5205 una
1425 5148 1646 5221 epistola
1674 5146 1822 5203 brevi

255 5258 411 5321 omnia
450 5257 537 5314 vel
568 5254 794 5327 plurima
827 5258 988 5307 tanta:
1018 5246 1306 5320 impietatis
1335 5250 1645 5313 argumenta
1673 5238 1823 5294 colli-

250 5363 362 5421 gere
384 5392 399 5419 ,
432 5346 737 5427 praesertim
764 5347 887 5419 quia
912 5357 1033 5405 cum
1064 5340 1165 5397 ista
1194 5336 1586 5393 conscriberem
1609 5374 1622 5400 ,
1653 5332 1825 5402 perla-

255 5448 381 5499 tores
422 5424 717 5511 navigaturi
759 5451 843 5491 me
886 5430 1154 5489 immorari
1196 5428 1394 5483 diutius
1426 5424 1821 5501 nou_sinebant.

310 5644 407 5714 'Jtn
445 5649 550 5693 Mss.
576 5638 853 5704 plerisque,
874 5631 1171 5699 baﬁrms'tat'w
1209 5628 1433 5680 humana:
1465 5624 1676 5677 tribuere
1700 5630 1828 5689 pote-

257 5710 480 5825 Ὓίθγη
504 5762 770 5815 nmoeentio
787 5758 1113 5825 dirigentium;
1132 5764 1293 5809 etnos.
1322 5762 1374 5805 st
1397 5753 1506 5803 titul.
1533 5752 1831 5813 antiquiores

262 5837 305 5883 et
323 5836 421 5882 1188.
450 5822 554 5881 tres
576 5836 742 5886 \atte.,
769 5822 1087 5885 (tirigiemtmn.

3352 312 3457 378 774

2277 734 2606 797 meroes
2644 732 2902 799 CLXXIX
2934 738 2951 757 θ
2979 734 3075 805 (α).

1877 827 2189 899 Augustinus
2238 826 2429 881 Joanni
2479 827 2712 897 episcopo
2749 824 3212 897 Jerosolgmitano,
3242 836 3469 897 relegens

1948 920 2149 993 Pelagii
2177 921 2408 977 luvresim
2447 929 2729 977 contentam
2764 921 2815 974 in
2852 921 2961 990 ejus
2990 919 3141 986 libro,
3175 936 3321 989 quem
3362 920 3459 990 ipsi

1950 1015 2241 1069 transmittit
2282 1030 2381 1066 una
2417 1030 2533 1075 cum
2573 1014 2699 1069 libro
2733 1013 2794 1067 de
2832 1012 3033 1067 Natura
3071 1022 3118 1068 et
3150 1011 3383 1067 Gratiae
3412 1029 3465 1068 se

1950 1119 2125 1167 contra
2169 1109 2320 1162 istum
2364 1106 2657 1174 elaborato;
2713 1118 2881 1178 petens
2929 1109 3144 1162 vicissim
3194 1116 3250 1162 ut
3302 1110 3470 1164 mittat
3524 1130 3527 1133 ί

1952 1198 2103 1257 Gesta
2140 1200 2478 1255 ecclesiastica
2501 1199 2869 1269 Diospotitante
2889 1200 3089 1270 synodi,
3112 1200 3290 1270 quibus
3313 1199 3472 1253 Pota-

1953 1295 2063 1365 gius
2091 1304 2336 1366 purgatus
2365 1308 2471 1348 esse
2496 1292 2803 1363 perhibetur.

1885 1385 2112 1440 Domino
2153 1385 2462 1439 beatissimo
2496 1426 2509 1449 ,
2566 1400 2629 1438 ac
2672 1385 2862 1438 merito
2904 1383 3192 1438 venerabili
3235 1382 3381 1437 fratri
3430 1392 3485 1439 et

1955 1480 2274 1548 coepiscopo
2309 1476 2519 1541 JOANNI,
2555 1478 2924 1543 Aucusriaus,
2968 1477 3021 1531 in
3063 1476 3289 1537 Domino
3329 1477 3478 1531 salu-

1956 1580 2064 1626 tem
2076 1612 2087 1624 .

1958 1686 2010 1740 1.
2049 1684 2204 1753 Quod
2244 1693 2346 1739 ture
2387 1683 2695 1739 Sanctitatis
2733 1684 2929 1752 scripta
2966 1698 3072 1736 non
3098 1681 3269 1737 merui
3296 1723 3306 1745 ,
3338 1680 3471 1736 1111111

1889 1777 2059 1833 audeo
2106 1791 2470 1832 succensere:
2511 1776 2700 1830 melius
2745 1775 2886 1829 enim
2944 1774 3265 1844 perlatorem
3323 1774 3483 1828 credo

1889 1870 2151 1937 defuisse,
2183 1886 2342 1939 quam
2374 1885 2458 1923 me
2500 1869 2742 1938 suspicor
2770 1882 2801 1922 a
2838 1876 2926 1921 tua
2975 1867 3322 1920 veneratione
3355 1881 3485 1920 con-

1890 1970 2151 2031 temptum
2179 2003 2195 2028 ,
2227 1961 2443 2015 domine
2487 1960 2793 2015 beatissime
2813 2000 2827 2023 ,
2855 1967 2910 2011 et
2941 1958 3128 2011 merito
3166 1958 3484 2013 venerabilis

1888 2053 2075 2108 frater.
2119 2052 2267 2109 Nunc
2293 2067 2420 2106 vero
2449 2052 2696 2121 quoniam
2736 2064 2948 2104 servum
2988 2049 3083 2103 Dei
3124 2049 3321 2103 Lucam
3344 2090 3357 2113 ,
3392 2064 3486 2119 per

1892 2161 2051 2216 quem
2082 2145 2181 2200 ista
2208 2144 2377 2201 direxi
2403 2187 2417 2212 ,
2450 2146 2557 2199 cito
2576 2143 2814 2213 comperi
2841 2158 2961 2197 esse
2982 2141 3271 2197 rediturum
3292 2185 3305 2207 ,
3330 2158 3484 2213 agam

1895 2240 2140 2304 Domino,
2162 2248 2221 2294 et
2240 2247 2345 2297 tua:
2364 2237 2679 2307 benignitati
2702 2237 2893 2291 uberes
2917 2236 3134 2306 gratias,
3159 2236 3203 2290 si
3224 2251 3311 2291 me
3341 2236 3485 2291 11110-

1892 2332 1969 2387 ris
2016 2332 2180 2387 fueris
2225 2332 2441 2385 visitare
2474 2329 2738 2400 dignatus.
2789 2329 3060 2399 Pelagium
3102 2344 3226 2383 vero
3270 2328 3485 2383 fratrem

1894 2432 2135 2478 nostrum
2155 2463 2168 2487 ,
2201 2421 2366 2476 ﬁlium
2396 2430 2543 2479 tuum
2566 2463 2580 2487 ,
2610 2438 2767 2491 quem
2800 2420 2956 2477 audio
2982 2418 3123 2489 quod
3152 2420 3375 2474 multum
3407 2420 3488 2474 di-

1896 2517 2036 2586 ligis,
2066 2516 2205 2571 hanc
2235 2515 2308 2569 illi
2331 2530 2559 2584 suggero
2584 2514 2838 2569 exhibeas
2858 2512 3219 2579 dilectioaem,
3242 2521 3303 2567 ut
3318 2513 3492 2568 homi-

1896 2626 1993 2665 nes
2014 2609 2103 2679 qui
2129 2624 2251 2664 011111
2278 2615 2541 2663 noverunt
2565 2616 2620 2661 et
2648 2606 2931 2675 diligenter
2958 2606 3257 2671 audierunt,
3291 2621 3396 2660 non
3422 2604 3489 2660 ab

1896 2718 1962 2756 οο
1987 2709 2131 2756 tuam
2150 2700 2500 2756 Sanetitatem
2530 2698 2833 2753 existiment
2864 2697 2993 2752 falli.

1966 2794 2022 2848 2.
2064 2793 2195 2848 Nam
2227 2792 2439 2863 quidam
2464 2808 2527 2847 ex
2557 2790 2828 2860 discipulis
2852 2790 2964 2859 ejus
2992 2788 3355 2843 adolescentes
3386 2788 3486 2843 11οω

1898 2885 2203 2943 nestissime
2229 2885 2360 2951 nati,
2392 2894 2445 2938 et
2471 2883 2727 2939 institutis
2757 2882 3062 2937 liberalibus
3088 2882 3307 2950 eruditi,
3341 2898 3492 2951 spent

1899 2993 2058 3048 quam
2088 2976 2353 3032 habebant
2383 2977 2433 3030 in
2466 2975 2679 3038 szeculo,
2717 2975 2833 3044 ejus
2863 2974 3237 3028 exhortatione
3268 2972 3491 3029 dimise-

1900 3078 2025 3123 runt
2053 3071 2095 3135 ³,
2124 3078 2181 3124 01
2202 3085 2261 3124 se
2283 3068 2350 3123 ad
2382 3068 2474 3122 Dei
2510 3067 2782 3122 servitium
2805 3068 3162 3121 contulerunt.
3205 3064 3262 3119 lu
3302 3066 3498 3135 quibus

1904 3171 2080 3216 tamen
2147 3176 2267 3215 cum
2307 3161 2693 3229 apparuissent
2748 3157 2992 3227 quaedam
3044 3173 3191 3211 sana:
3238 3156 3497 3211 doctrinae

1907 3253 2264 3319 adversantia,
2288 3268 2405 3322 qum
2444 3250 2732 3306 Salvatoris
2758 3250 3047 3315 Evangelia
3079 3249 3382 3305 continetur
3400 3292 3415 3314 ,
3444 3258 3500 3305 et

1905 3343 2212 3415 apostolicis
2238 3342 2576 3398 sermonibus
2600 3343 2922 3407 declaratur,
2952 3342 3001 3397 id
3030 3351 3111 3397 est
3134 3358 3255 3397 eum
3290 3344 3497 3397 inveni-

1904 3444 2093 3493 rentur
2130 3442 2316 3493 contra
2356 3434 2451 3489 Dei
2482 3435 2706 3504 gratiam
2744 3433 3037 3503 disputare,
3076 3444 3295 3504 propter
3336 3451 3499 3505 quam

1906 3527 2184 3584 christiani
2207 3543 2411 3595 sumus,
2442 3536 2495 3581 et
2522 3527 2574 3581 in
2599 3541 2701 3597 qua
2733 3526 2923 3595 Spiritu
2948 3542 3011 3581 ex
3039 3526 3142 3581 fide
3172 3542 3319 3595 spem
3343 3526 3501 3596 justi-

1911 3622 1996 3676 11ςο
2021 3628 2411 3691 exspectamus,
2436 3618 2957 3675 ctadmonitionibus
2978 3619 3175 3673 nostris
3205 3618 3503 3687 inciperent

1908 3714 2181 3771 emendari
2207 3732 2219 3778 ;
2251 3713 2511 3769 dederunt
2536 3713 2665 3767 mihi
2696 3712 2908 3777 !ibrum,
2936 3728 3090 3783 quem
3130 3710 3369 3781 ejusdem
3405 3712 3503 3766 Pe-

1910 3809 2029 3877 lagii
2058 3822 2177 3861 csse
2215 3806 2482 3871 dixerunt,
2515 3812 2762 3875 rogantes
2800 3812 2857 3857 ut
2896 3803 2943 3857 ei
2986 3803 3160 3872 potius
3206 3802 3501 3871 respondes-

1908 3915 2022 3954 rem
2050 3918 2060 3951 :
2089 3897 2228 3967 quod
2254 3907 2594 3967 posteaquam
2626 3897 2728 3949 vidi
2764 3912 2849 3952 me
2885 3895 3061 3950 facere
3090 3895 3305 3961 debere,
3342 3903 3400 3949 ut
3438 3911 3506 3949 eo

1912 3989 2071 4045 modo
2111 4004 2260 4043 error
2296 3990 2408 4056 ipse
2430 3987 2664 4042 nefarius
2706 3985 2773 4040 de
2811 3984 3061 4039 cordibus
3101 4001 3285 4040 eorum
3323 3985 3504 4053 perte.-

1914 4080 2051 4135 ctius
2080 4079 2395 4139 auferretur,
2430 4076 2526 4144 legi
2564 4086 2720 4145 atque
2746 4073 3016 4142 respondi.

1987 4174 2037 4228 5.
2072 4172 2128 4226 111
2173 4170 2273 4225 hac
2304 4170 2441 4224 libro
2482 4169 2570 4225 1110
2613 4167 2703 4221 Dei
2741 4166 2960 4236 gratiam
2995 4182 3099 4223 non
3138 4165 3366 4235 appeilat
3400 4160 3503 4222 nisi

1914 4274 2181 4329 naturam,
2203 4278 2309 4332 qua
2336 4262 2508 4317 libero
2535 4260 2753 4315 arbitrio
2778 4258 2973 4314 conditi
3000 4274 3206 4316 smnus.
3235 4257 3379 4314 illaut
3407 4275 3504 4315 ve-

1917 4374 1996 4423 ro,
2023 4371 2181 4427 quam
2212 4353 2685 4411 innumerabilibus
2713 4352 3031 4407 testimoniis
3058 4361 3238 4408 sancta
3266 4349 3509 4423 Scriptu-

1916 4466 1975 4506 ra
2003 4447 2361 4513 commendat,
2392 4462 2453 4501 ea
2483 4462 2581 4509 nos
2602 4444 2899 4513 justiticari,
2924 4444 3027 4500 hoc
3062 4453 3163 4510 est,
3188 4445 3361 4515 justos
3391 4444 3507 4500 heri

1919 4544 2136 4608 docens,
2160 4550 2216 4599 et
2242 4543 2293 4597 in
2325 4541 2468 4597 omni
2490 4554 2652 4609 opere
2677 4539 2835 4605 bono,
2860 4540 2972 4594 sive
2997 4538 3221 4609 agendo,
3252 4539 3363 4593 sive
3386 4554 3507 4607 pcr-

1918 4636 2169 4702 ﬁcicndo,
2200 4634 2293 4691 Dei
2322 4632 2683 4689 misericordia
2711 4631 2918 4701 iuvari;
2948 4630 3087 4701 quod
3119 4630 3274 4689 01111111
3305 4626 3505 4683 oratio.-

1920 4745 2017 4787 nes
2036 4735 2341 4791 sanctorum
2369 4724 2703 4796 apertissime
2748 4724 3054 4789 ostendunt,
3096 4722 3286 4792 quibus
3317 4738 3378 4778 ea
3418 4738 3512 4793 pe-

1924 4831 2104 4881 tuntur
2131 4837 2161 4877 a
2192 4820 2437 4884 Domino,
2466 4834 2583 4889 qua:
2611 4817 2988 4888 prmeipiuntur
3012 4830 3041 4873 a
3068 4814 3293 4875 Domino
3324 4831 3337 4867 :
3375 4813 3511 4869 hanc

1922 4931 2051 4986 ergo
2078 4913 2302 4985 gratiam
2329 4925 2433 4965 non
2459 4911 2629 4971 solum
2660 4918 2816 4973 tacet,
2842 4908 2933 4962 sed
2962 4907 3009 4961 ei
3044 4906 3312 4963 contraria
3347 4906 3509 4961 multa

1926 5008 2177 5078 loquitur.
2220 5004 2466 5061 Affirmat
2499 5004 2639 5061 enim
2665 5044 2678 5068 ,
2724 5003 3171 5069 vehementerque
3210 4998 3505 5066 contendit,

1929 5115 2023 5169 per
2060 5098 2231 5155 solum
2276 5096 2495 5153 liberum
2525 5093 2800 5153 arbitrium
2830 5091 2928 5145 sibi
2956 5090 3242 5149 humanam
3270 5091 3515 5149 sufficere

1931 5204 2087 5260 posse
2111 5199 2354 5251 naturam
2376 5186 2439 5241 ad
2462 5184 2783 5255 operandam]
2814 5182 3072 5252 justitiam
3118 5192 3170 5239 et
3204 5184 3381 5245 omnia
3421 5182 3515 5239 Dei

1928 5280 2178 5345 mandata
2198 5279 2477 5339 servanda.
2520 5276 2668 5334 Unde
2698 5275 2815 5345 quis
2852 5292 2956 5333 non
2984 5276 3178 5343 videat,
3208 5292 3330 5331 cum
3360 5291 3513 5330 eum-

1994 5417 2014 5450 ⁸
2041 5425 2139 5465 Am.
2164 5414 2273 5465 Bad.
2295 5420 2369 5461 Er.
2395 5418 2445 5461 et
2465 5411 2645 5473 aliquot
2667 5416 2795 5469 Mss,
2816 5407 3027 5459 omnium
3048 5406 3308 5473 rigﬁttmtia.

1995 5483 2016 5512 ³
2049 5480 2123 5530 sic
2166 5475 2394 5529 emendat
2432 5471 2589 5527 codex
2634 5473 2803 5532 "vatim,
2838 5473 3019 5527 immiti
3046 5471 3171 5533 111111.
3215 5471 3514 5533 legebatur:

1934 5538 2129 5593 Eruditi
2148 5550 2291 5605 quam
2308 5535 2540 5586 habebant
2563 5533 2611 5586 in
2629 5530 3192 5591 sternteessitartationcm
3216 5530 3517 5585 dimiserunt.

1999 5626 2015 5643 '
2040 5624 2171 5674 Edita
2204 5620 2328 5684 apud
2364 5627 2469 5669 Iov.
2513 5632 2577 5668 ex
2621 5627 2701 5668 Ms.
2736 5620 2884 5669 vatic.
2912 5618 2956 5666 in
2982 5628 3077 5680 quo
3100 5615 3204 5665 solo
3226 5630 3253 5667 a
3278 5616 3417 5667 nobis
3438 5632 3518 5668 rc-

1937 5694 2074 5820 νέξξέιῖ
2240 5745 2332 5820 252
2355 5758 2366 5794 ε
2392 5758 2503 5809 qua)
2547 5753 2711 5795 autem
2761 5745 2845 5793 171)
2886 5752 3016 5801 erat,
3041 5755 3167 5792 IIIIHC
3193 5743 3296 5795 150·
3343 5742 3522 5809 ﬁeri?“

1942 5809 2068 5863 circa
2089 5809 2219 5861 idem
2243 5817 2449 5861 tempus.
