3990 6414
628 369 736 428 775

631 485 754 545 dem
783 484 974 543 librtuu
997 485 1202 557 legerit,
1235 485 1677 558 quemadmodum
1697 496 2032 558 Oppugnctur
2047 487 2215 558 gratia

632 579 750 645 Dei,
798 579 865 635 de
893 595 996 650 qua
1023 579 1150 633 dicit
1188 574 1509 650 Apostolus,
1544 578 1702 635 Miser
1731 597 1819 652 ego
1859 581 2008 635 homo
2046 581 2068 634 .'
2105 581 2216 651 quis

629 688 712 727 me
736 671 963 727 liberabit
1005 670 1068 726 de
1107 687 1316 742 corpore
1359 673 1538 727 mortis
1574 673 1764 744 hujus?
1789 672 1964 728 Gratia
1987 673 2085 728 Dei
2127 690 2217 745 per

627 762 908 821 Dominum
931 774 1157 820 nostrum
1184 762 1362 818 Iesum
1383 763 1638 821 Christum
1663 764 1816 837 (Rom
1857 783 1953 833 vn,
1976 767 2067 834 24,
2098 767 2212 838 25);

627 867 686 916 et
708 859 884 914 nullus
919 859 1066 914 locus
1091 859 1273 915 divino
1315 859 1581 931 adjutorio
1621 861 1965 932 relinquatur,
1999 870 2218 930 propter

628 952 773 1024 quod
799 961 1013 1008 orantes
1039 951 1218 1008 dicere
1241 951 1552 1018 debeamus,
1587 951 1672 1007 Ne
1699 970 1788 1008 nos
1811 953 2002 1021 inferas
2028 953 2082 1006 in
2106 961 2217 1006 ten-

629 1043 865 1098 tationem
891 1041 1102 1116 (Matth.
1134 1059 1210 1108 vi,
1246 1043 1376 1114 15);
1409 1043 1525 1099 sine
1562 1058 1721 1099 causa
1755 1042 1913 1099 etiam
1960 1043 2215 1099 Dominus

626 1135 869 1206 apostolo
917 1134 1076 1189 Petro
1116 1133 1315 1190 dixisse
1356 1134 1616 1199 videatur,
1646 1133 1841 1206 Rogavi
1892 1151 1983 1205 pro
2038 1143 2102 1200 te,
2155 1152 2217 1189 ne

626 1228 828 1297 deﬁciat
858 1227 984 1298 [ides
1013 1237 1100 1281 tua
1129 1227 1281 1300 (Luc.
1317 1243 1451 1294 xxu,
1483 1226 1599 1294 52),
1630 1228 1674 1282 si
1706 1227 1806 1282 hoc
1835 1236 2002 1283 totum
2035 1228 2087 1282 in
2115 1243 2214 1283 no-

624 1321 708 1376 bis
731 1321 875 1376 nullo
909 1319 1106 1376 auxilio
1133 1320 1246 1387 Dei,
1281 1319 1375 1375 sed
1402 1328 1663 1391 potestate
1699 1319 1987 1375 voluntatis
2015 1319 2205 1390 imple-

627 1413 748 1468 tur?

695 1505 748 1560 4.
791 1503 886 1561 His
927 1504 1106 1575 itaque
1131 1503 1578 1575 disputationibus
1609 1505 1875 1576 perversis
1914 1514 1968 1562 et
1993 1505 2170 1578 impiis
2195 1549 2209 1575 ,

625 1614 733 1655 non
769 1597 940 1665 solum
976 1597 1359 1654 contradicitur
1386 1597 1716 1654 orationibus
1745 1599 1942 1654 nostris
1966 1641 1980 1666 ,
2021 1598 2214 1669 quibus

625 1704 656 1744 a
689 1688 911 1744 Domino
957 1689 1186 1758 petimus
1214 1688 1468 1760 quidquid
1508 1698 1720 1746 sanctos
1747 1690 1962 1760 petiisse
1989 1690 2213 1761 legimus

624 1791 679 1837 et
708 1791 985 1848 tenemus;
1013 1797 1196 1836 verum
1223 1781 1382 1836 etiam
1409 1781 1870 1838 benedictionibus
1896 1783 2094 1838 nostris
2122 1799 2209 1838 re-

625 1874 828 1929 sistitur
849 1915 866 1941 ,
889 1873 1100 1946 quando
1120 1874 1553 1944 superpopulum
1585 1874 1811 1928 dicimus
1827 1916 1840 1939 ,
1867 1883 2113 1944 optantes
2134 1875 2213 1930 eis

623 1975 681 2024 et
728 1975 1008 2038 poscentes
1044 1982 1074 2021 a
1118 1966 1377 2034 Domino,
1416 1975 1475 2021 ut
1516 1983 1610 2022 eos
1649 1967 1919 2023 abundare
1961 1968 2121 2023 faciat
2158 1969 2212 2024 in

625 2059 884 2116 cltaritate
923 2061 1172 2127 invicem,
1203 2070 1257 2116 et
1284 2060 1337 2115 in
1367 2076 1555 2116 omnes
1581 2060 1634 2134 (l
1660 2060 1832 2116 Thess.
1865 2077 1920 2116 ut
1941 2102 1956 2127 ,
1988 2059 2128 2134 l2),
2160 2070 2214 2118 et

622 2151 712 2208 det
737 2151 815 2208 eis
848 2151 1140 2208 secundum
1163 2152 1374 2209 divitias
1399 2153 1582 2225 gloria:
1603 2169 1714 2208 sua:
1741 2154 1933 2209 virtute
1953 2155 2209 2210 corrobo-

622 2244 728 2300 rari
755 2260 851 2316 per
869 2244 1124 2316 Spiritum
1155 2245 1271 2316 ejus
1319 2244 1535 2317 (Ep/tes.
1588 2262 1665 2310 ut,
1721 2246 1841 2320 46);
1894 2259 1947 2302 et
1995 2249 2214 2318 impleat

624 2351 718 2394 eos
745 2337 891 2394 omni
917 2337 1132 2408 gaudio,
1161 2345 1215 2392 et
1242 2352 1370 2408 pace
1390 2337 1444 2391 in
1470 2336 1758 2404 credendo,
1787 2348 1841 2392 et
1859 2339 2128 2394 abundent
2158 2340 2212 2394 in

623 2446 740 2502 spe,
766 2440 820 2487 et
850 2433 1085 2502 potentia
1110 2429 1340 2501 Spiritus
1363 2431 1533 2485 sancti
1564 2431 1739 2504 (Rom.
1759 2447 1854 2498 xv,
1876 2431 1984 2504 15).
2014 2431 2210 2502 thuid

625 2525 706 2581 cis
730 2528 828 2581 ista
849 2526 1098 2597 petimus,
1128 2541 1247 2595 quae
1273 2525 1483 2597 populis
1511 2539 1539 2578 a
1571 2525 1794 2579 Domino
1825 2524 2040 2595 petiisse
2065 2527 2210 2595 Apo-

619 2618 816 2673 stolum
849 2617 1128 2684 novimus,
1165 2617 1210 2672 si
1253 2615 1364 2688 jam
1401 2626 1588 2672 natura
1629 2625 1831 2684 nostra,
1867 2626 2044 2674 creata
2088 2633 2209 2673 cum

620 2707 790 2764 libero
816 2707 1070 2775 arbitrio,
1107 2709 1284 2765 omnia
1312 2707 1428 2762 hinc
1454 2708 1554 2763 sibi
1592 2716 1769 2778 potest
1807 2724 1903 2764 sua
1941 2710 2211 2766 voluntate

620 2799 916 2870 praestare?
955 2797 1140 2870 utquid
1179 2799 1340 2854 etiam
1383 2797 1512 2853 dicit
1557 2799 1695 2864 idem
1739 2799 1852 2869 ipse
1901 2800 2207 2870 Apostolus,

626 2893 883 2962 Quotquot
905 2891 1037 2947 enim
1067 2891 1267 2962 Spiritu
1295 2888 1395 2944 Dei
1434 2900 1687 2962 aguntur,
1721 2890 1773 2944 lti
1809 2891 1907 2960 'ﬁlii
1939 2901 2054 2946 sunt
2079 2891 2210 2958 Dei;

621 2985 666 3042 si
695 2987 882 3056 spiritu
922 2994 1126 3040 naturze
1167 2993 1362 3040 nostras
1406 2983 1632 3056 agimur,
1687 2992 1744 3038 ut
1777 2984 2072 3040 efﬁciamur
2114 2985 2210 3041 ﬁlii

621 3078 757 3134 Dei?
788 3077 972 3149 utquid
994 3076 1126 3132 dicit
1153 3076 1420 3143 similiter,
1454 3075 1681 3147 Spiritus
1708 3076 1916 3147 adjuvat
1936 3076 2208 3146 inﬁrmita-

620 3178 720 3224 tem
748 3168 1103 3242 nostram(ld.
1135 3185 1226 3224 vui
1251 3211 1267 3236 ,
1301 3169 1395 3234 Μ,
1424 3168 1554 3238 26);
1589 3169 1632 3223 si
1679 3178 1867 3224 natura
1907 3179 2092 3224 nostra
2131 3170 2210 3226 sic

619 3271 798 3320 creata
825 3272 926 3329 est,
957 3272 1017 3318 ut
1050 3262 1249 3331 Spiritu
1285 3261 1353 3316 ad
1392 3277 1551 3331 opera
1584 3261 1800 3331 justitire
1836 3277 1941 3317 non
1979 3263 2208 3333 indigeat

620 3356 902 3428 adjuvari?
944 3354 1128 3426 utquid
1166 3353 1422 3423 scriptum
1448 3363 1525 3408 est
1555 3396 1568 3420 ,
1602 3353 1799 3408 Fidelis
1842 3366 2009 3410 autent
2046 3356 2204 3422 Deus,

617 3448 704 3520 qui
735 3465 835 3502 non
864 3447 1113 3521 permittet
1137 3455 1224 3501 vas
1245 3445 1426 3500 tentari
1446 3462 1598 3517 super
1616 3445 1669 3500 id
1688 3448 1823 3517 quod
1850 3449 2050 3517 potestis
2073 3490 2086 3513 ,
2119 3449 2208 3504 sed

619 3543 770 3616 faciet
798 3559 912 3597 cum
937 3540 1208 3596 tentatione
1238 3539 1385 3594 etiam
1418 3541 1635 3607 exitum,
1655 3550 1710 3595 ut
1737 3543 1938 3612 possitis
1966 3543 2208 3598 sustinere

624 3635 670 3707 (Ι
711 3635 828 3690 Cor.
863 3650 920 3701 ι,
951 3634 1079 3704 15);
1111 3634 1154 3687 si
1180 3634 1288 3702 jam
1318 3631 1386 3686 ita
1422 3632 1618 3688 conditi
1663 3647 1846 3688 smnus
1866 3675 1880 3698 ,
1924 3643 1980 3689 ut
2008 3634 2207 3690 viribus

621 3725 772 3781 liberi
810 3725 1013 3780 arbitrii
1047 3723 1324 3780 universas
1358 3724 1675 3780 tentationes
1711 3725 2021 3781 sustinendo
2051 3742 2208 3797 supe-

619 3833 740 3875 rare
763 3818 1063 3889 possimus?

691 3909 745 3965 5.
786 3909 922 3978 Quid
949 3909 1188 3980 pluribus
1217 3925 1369 3981 agam
1395 3909 1536 3981 apud
1570 3910 1912 3967 Sanctitatem
1935 3912 2206 3967 vestram?

617 4001 1046 4076 quandoquidem
1085 4018 1170 4060 me
1213 4018 1499 4060 onerosum
1546 4005 1762 4070 sentio;
1811 4007 2040 4062 maxime
2083 4007 2206 4078 quia

618 4111 717 4168 per
745 4095 1086 4166 interpretem
1113 4096 1265 4152 audis
1289 4097 1495 4152 litteras
1523 4113 1689 4152 meas.
1719 4097 1777 4153 Si
1806 4097 2021 4169 diligitis
2048 4098 2204 4154 Pela-

615 4189 760 4263 gium
779 4231 794 4254 ,
828 4187 1011 4260 diligat
1044 4203 1140 4245 vos
1171 4189 1330 4245 etiam
1359 4190 1491 4260 ipse,
1525 4191 1633 4246 imo
1657 4191 1825 4262 magis
1854 4192 2122 4263 seipsum;
2152 4201 2207 4248 et

616 4298 726 4338 non
743 4296 837 4337 vos
864 4283 1026 4337 fallat.
1051 4283 1182 4338 Cum
1210 4283 1348 4344 enim
1369 4283 1563 4340 auditis
1583 4300 1704 4340 eum
1727 4284 1964 4340 conﬁteri
1982 4285 2203 4356 gratiam

618 4372 714 4428 Dei
744 4381 798 4428 et
824 4372 1144 4442 adjutorium
1177 4374 1291 4440 Dei,
1316 4375 1512 4444 putatis
1552 4375 1653 4430 hoc
1689 4392 1809 4431 eum
1853 4377 2033 4432 dicere
2063 4377 2203 4447 quod

619 4475 674 4524 et
698 4480 793 4522 vos
817 4465 907 4538 qui
941 4465 1198 4522 catholica
1229 4467 1416 4536 regula.
1443 4467 1649 4536 sapitis,
1690 4468 1941 4539 quoniam
1984 4470 2109 4539 quid
2151 4470 2204 4525 in

617 4558 755 4614 libro
779 4572 876 4614 suo
901 4556 1174 4627 scripserit
1200 4557 1473 4628 ignoratis.
1503 4557 1730 4628 Propter
1760 4561 1860 4615 hoc
1883 4602 1898 4628 ,
1940 4561 2110 4630 ipsum
2142 4562 2206 4616 li-

617 4651 773 4708 brum
795 4649 937 4719 misi,
959 4659 1014 4706 et
1037 4665 1215 4706 meum
1238 4665 1344 4720 quo
1368 4649 1417 4705 ei
1437 4651 1689 4720 respondi
1711 4668 1724 4718 ;
1758 4652 1900 4709 unde
1921 4653 2206 4724 perspiciat

619 4743 1005 4802 Venerabilitas
1039 4749 1214 4798 vestra
1241 4783 1255 4808 ,
1292 4757 1450 4812 quam
1498 4743 1722 4813 gratiam
1761 4744 1841 4800 vel
1879 4743 2201 4815 adjutorium

619 4837 712 4896 Dei
740 4837 902 4901 dicat,
923 4833 1136 4906 quando
1163 4833 1238 4888 illi
1263 4833 1509 4904 objicitur
1531 4835 1669 4905 quod
1691 4837 1872 4906 gratim
1911 4836 2004 4892 Dei
2031 4848 2086 4892 et
2105 4837 2202 4893 ad-

613 4929 816 5003 jutorio
853 4925 1199 4985 contradicat.
1233 4925 1462 4982 Proinde
1484 4925 1708 4982 ostende
1736 4927 1812 4982 illi
1848 4927 2123 4994 docendo,
2150 4938 2204 4985 et

621 5023 904 5089 hortando,
929 5032 984 5080 et
1010 5037 1110 5094 pro
1133 5020 1247 5092 ejus
1275 5019 1467 5088 salute,
1486 5035 1605 5090 qua:
1634 5019 1690 5075 in
1713 5020 1926 5078 Christo
1952 5037 2073 5078 esse
2105 5022 2202 5078 de-

621 5117 734 5184 bet,
762 5115 984 5180 orando,
1015 5123 1072 5168 ut
1116 5127 1232 5169 eam
1279 5112 1371 5168 Dei
1409 5111 1632 5183 gratiam
1671 5113 2004 5180 conﬁteatur,
2043 5130 2202 5185 quam

623 5209 915 5285 probantur
951 5208 1118 5263 sancti
1145 5206 1237 5262 Dei
1265 5205 1429 5261 luisse
1454 5205 1684 5262 confessi
1705 5249 1720 5273 ,
1754 5222 1876 5262 cum
1916 5223 1948 5262 a
1980 5209 2203 5265 Domino

622 5321 686 5363 ea
726 5302 823 5376 ipsi
875 5307 1114 5374 peterent
1137 5313 1255 5368 qua:
1293 5299 1396 5354 illis
1439 5298 1654 5370 iubebat
1681 5307 1740 5384 ut
1764 5299 2000 5356 facerent
2030 5319 2043 5355 :
2073 5317 2205 5372 quo-

619 5399 765 5458 niam
787 5408 960 5467 neque
979 5391 1312 5465 juberentur,
1342 5392 1446 5447 nisi
1473 5401 1529 5448 ut
1553 5402 1735 5449 nostra
1759 5394 2006 5451 voluntas
2025 5405 2206 5452 osten-

614 5494 870 5558 deretur;
895 5502 1067 5562 neque
1089 5493 1414 5558 peterentur,
1434 5486 1534 5542 nisi
1555 5487 2203 5546 utvoluntatisinﬁrmitas

619 5589 690 5645 ab
718 5587 811 5643 illo
837 5584 925 5656 qui
950 5581 1206 5655 iusserat,
1229 5578 1521 5652 juvaretur.

677 5679 746 5737 ‘6.
784 5680 982 5751 Aperte
1007 5675 1363 5747 interrogetur
1399 5683 1576 5730 utrum
1615 5672 1664 5730 ei
1703 5673 1909 5746 placeat
1943 5676 2201 5735 orandum

615 5774 736 5835 esse
761 5791 790 5830 a
819 5772 1046 5830 Domino
1069 5787 1138 5827 ne
1166 5785 1468 5842 peccemus.
1495 5769 1647 5837 Quod
1677 5769 1724 5827 si
1750 5771 1797 5826 ci
1827 5771 2086 5843 displicet,
2121 5773 2201 5828 le-

615 5877 771 5950 gatur
798 5867 850 5924 in
880 5863 1094 5922 auribus
1118 5863 1235 5936 ejus
1256 5862 1542 5934 Apostolus
1568 5863 1772 5934 dicens,
1802 5863 2019 5922 Oramus
2032 5874 2198 5923 autent

1871 366 1928 424 s.
1971 367 2335 428 AUGUSTINI
2374 369 2678 430 unseen
3763 396 3844 459 πο

2327 488 2396 540 ad
2427 487 2610 558 Deum,
2656 505 2717 543 ne
2740 490 2860 559 quid
2887 489 3087 561 faciatis
3117 491 3238 548 mali
3267 491 3333 563 (ll
3355 494 3468 552 Cor.
3496 502 3698 573 1111.7):
3718 508 3754 562 si
3774 526 3844 568 au-

2325 589 2433 635 tem
2477 581 2653 652 placet
2676 621 2690 645 ,
2731 590 2913 653 aperte
2948 581 3202 652 praedicet
3239 585 3459 655 gratiam
3498 606 3594 662 qua
3623 591 3841 670 Ῑιιινειωυιι,

2322 686 2390 762 ne
2420 673 2436 702 ³
2469 672 2580 743 ipse
2611 671 2766 726 faciat
2789 672 3014 729 multum
3043 673 3188 729 mali.
3221 675 3330 733 Hac
3352 678 3489 734 enim
3510 685 3663 752 gratia
3682 687 3760 744 Dei
3773 707 3845 762 per

2321 761 2504 818 Jesum
2542 763 2814 820 Christum
2845 764 3128 822 Dominum
3169 777 3409 825 nostrum
3449 787 3624 831 omnes
3657 777 3862 858 liberan.(

2323 863 2442 924 tur,
2486 854 2809 927 quicumque
2847 856 3182 914 liberantur:
3215 861 3460 932 quoniam
3493 880 3656 935 nemo,
3695 882 3843 940 praeter

2321 947 2488 1018 ipsam
2511 989 2525 1014 ,
2573 949 2814 1021 quolibet
2853 952 2958 1007 alio
2995 951 3156 1008 modo
3201 953 3412 1011 liberari
3454 967 3636 1028 potest.
3668 961 3843 1036 Propter

2322 1038 2428 1096 hoc
2447 1041 2704 1111 scriptum
2730 1051 2832 1111 est,
2865 1043 3012 1100 Sicut
3036 1045 3091 1100 in
3114 1043 3280 1100 Adam
3314 1064 3482 1105 omnes
3512 1052 3776 1123 moriuntur,
3793 1060 3843 1113 sic

2321 1144 2367 1189 et
2394 1135 2446 1189 in
2474 1135 2676 1191 Christo
2701 1155 2874 1194 omnes
2901 1139 3287 1210 viviﬁcabuntur
3317 1141 3360 1216 (Ι
3388 1143 3504 1198 Cor.
3531 1145 3712 1221 v.22)
3734 1167 3842 1208 :non

2319 1232 2442 1302 quia
2464 1249 2624 1288 nemo
2650 1233 3021 1302 damnabitur;
3051 1235 3145 1292 sed
3167 1237 3288 1306 quia
3315 1253 3472 1292 nemo
3495 1240 3837 1300 aliterliberubi

2321 1331 2406 1377 tur
2429 1325 2471 1379 ’.
2499 1325 2633 1394 Quia
2662 1326 2799 1381 sicut
2821 1327 2948 1382 nulli
2975 1327 3074 1382 nisi
3106 1343 3202 1398 per
3229 1327 3396 1384 Adam
3425 1330 3513 1383 ﬁlii
3541 1331 3756 1400 hominis,
3780 1335 3831 1389 ita

2319 1414 2450 1469 nulli
2482 1415 2580 1470 nisi
2625 1432 2719 1486 per
2754 1416 3025 1473 Christum
3071 1418 3165 1474 ﬁlii
3210 1419 3325 1474 Dei.
3366 1417 3559 1477 Omnes
3599 1422 3750 1494 itaque
3773 1423 3872 1499 lilii

2320 1506 2548 1564 hominis
2578 1509 2789 1565 nonnisi
2833 1525 2929 1582 per
2964 1510 3164 1577 Adam,
3196 1520 3249 1566 et
3273 1525 3462 1568 omnes
3485 1528 3548 1568 ex
3576 1513 3646 1568 eis
3671 1514 3748 1570 ﬁlii
3776 1502 3880 1570 θεῖ*

2318 1602 2532 1658 nonnisi
2583 1617 2677 1672 per
2723 1602 2997 1658 Christum
3045 1603 3162 1658 ﬁeri
3207 1613 3449 1674 possunt.
3495 1605 3675 1674 Aperte
3713 1606 3844 1677 itaque

2318 1693 2478 1748 etiam
2523 1691 2648 1749 hinc
2677 1695 2940 1765 exprimat
2973 1693 3102 1765 quid
3149 1694 3381 1761 sentiat;
3413 1704 3585 1750 utrum
3625 1695 3791 1766 placeat
3810 1699 3843 1752 ei

2323 1785 2483 1840 etiam
2530 1785 2780 1854 parvulos
2823 1786 2913 1856 qui
2959 1783 3193 1841 nondum
3231 1785 3493 1857 justitiam
3523 1795 3720 1856 possunt
3744 1787 3843 1842 velle

2325 1876 2406 1931 vel
2433 1876 2597 1941 nolle,
2640 1885 2817 1932 tamen
2849 1887 3067 1948 propter
3102 1893 3264 1932 unum
3308 1876 3694 1948 hominem,per
3725 1893 3842 1948 quem

2319 1977 2596 2040 peccatum
2622 1969 2834 2024 intravit
2864 1969 2916 2024 in
2946 1969 3302 2038 mundum,et
3326 1985 3421 2040 per
3435 1981 3690 2041 peccatum
3710 1986 3837 2035 mors,
3932 1975 3933 2004 ξ

2321 2069 2378 2116 et
2424 2061 2494 2115 ita
2521 2060 2573 2116 in
2608 2077 2795 2118 omnes
2826 2061 3069 2117 homines
3108 2061 3450 2133 pertransiit,
3482 2061 3532 2116 in
3577 2077 3673 2132 quo
3704 2076 3844 2116 omnes
3932 2075 3933 2104 ξ

2317 2164 2670 2225 peccaverunt
2696 2153 2868 2226 (Rom.
2900 2170 2956 2221 v,
2987 2155 3101 2225 η),
3141 2170 3237 2225 per
3277 2153 3476 2210 Christi
3511 2154 3710 2226 gratiam
3745 2155 3841 2210 libe-

2317 2246 2426 2299 rari
2461 2263 2472 2299 :
2505 2255 2680 2300 utrum
2709 2247 2868 2302 etiam
2891 2262 2992 2317 pro
3029 2246 3157 2318 ipsis
3182 2244 3361 2301 fusum
3391 2245 3568 2303 credat
3593 2247 3841 2316 Sanguinem
3932 2281 3933 2294 η

2317 2334 2514 2390 Christi
2539 2345 2753 2406 propter
2788 2336 3046 2408 originale
3087 2346 3397 2407 peceatum,
3426 2336 3511 2408 qui
3538 2336 3700 2406 utique
3721 2337 3761 2390 in
3783 2352 3842 2390 τε·
3932 2323 3933 2366 l

2317 2426 2626 2481 missionem
2653 2426 2801 2482 fusus
2831 2435 2911 2482 est
2938 2436 3278 2497 peccatorum
3309 2427 3514 2499 (Matth.
3539 2441 3640 2490 xw,
3667 2425 3761 2498 28).
3789 2425 3841 2480 De
3932 2459 3933 2499 ἦ

2316 2516 2401 2572 his
2431 2518 2667 2574 maxime
2701 2518 2769 2572 ab
2799 2520 2888 2574 illo
2915 2519 3158 2576 volumus
3179 2535 3342 2577 nosse
3381 2520 3502 2592 quid
3530 2519 3716 2584 credat,
3751 2517 3841 2590 quid

2322 2616 2524 2677 teneat,
2548 2609 2674 2682 quid
2701 2621 2846 2666 certe
2866 2612 3184 2668 conﬁteatur
3207 2622 3261 2669 et
3291 2613 3554 2685 praedicet.
3578 2612 3629 2668 In
3654 2612 3751 2667 aliis
3771 2628 3836 2664 au.

2316 2709 2422 2758 tem
2450 2719 2569 2775 quae
2590 2704 2668 2758 illi
2689 2704 3032 2775 objiciuntur,
3073 2707 3286 2761 etiamsi
3331 2723 3511 2763 errare
3543 2704 3837 2769 convincitur,

2319 2804 2498 2852 tamen
2519 2795 2692 2853 donec
2712 2797 3030 2868 corrigatur,
3068 2799 3400 2854 tolerabilius
3427 2799 3708 2854 sustinetur.

2387 2891 2439 2945 7.
2483 2891 2613 2946 Peto
2641 2891 2800 2946 etiam
2826 2891 2981 2947 nobis
3009 2891 3410 2961 transmittere,
3440 2892 3619 2964 quibus
3646 2889 3838 2963 perhibe-
3932 2907 3933 2946 1

2317 2990 2404 3038 tur
2431 2996 2552 3039 esse
2583 2994 2838 3054 purgatus
2858 3026 2873 3051 ,
2900 2983 3265 3040 ecclesiastica
3296 2984 3453 3041 Gesta
3479 2983 3702 3054 digneris.
3727 2978 3838 3048 Quod

2316 3091 2384 3131 ex
2414 3074 2702 3132 multorum
2731 3077 3103 3148 episcoporum
3138 3077 3412 3135 desiderio
3448 3086 3580 3150 pcto,
3619 3091 3730 3147 quos
3758 3089 3837 3130 nte-

2313 3184 2436 3224 cum
2463 3168 2531 3225 de
2550 3168 2652 3225 hac
2675 3185 2735 3225 re
2765 3168 2908 3226 fama
2927 3171 3129 3228 incerta
3155 3170 3437 3242 perturbat
3467 3187 3480 3226 :
3506 3169 3593 3225 sed
3616 3170 3716 3224 ideo
3731 3167 3839 3221 solus
3932 3167 3933 3230 ἢ

2313 3262 2417 3318 hoc
2461 3263 2674 3334 scripsi,
2705 3263 2829 3334 quia
2869 3264 3208 3321 occasionem
3244 3264 3522 3335 perlatoris
3554 3258 3834 3319 festinantis:
3932 3283 3933 3304 :

2319 3353 2513 3423 nobis,
2570 3370 2728 3425 quem
2784 3354 2891 3410 cito
2942 3355 3010 3411 ad
3053 3371 3153 3411 nos
3196 3355 3378 3411 audivi
3428 3370 3578 3426 posse
3617 3366 3831 3414 remeare.
3932 3339 3933 3344 “

2315 3448 2725 3519 praetermittere
2749 3448 2921 3504 nolui.
2951 3449 3055 3504 Pro
3083 3449 3278 3520 quibus
3310 3447 3482 3506 Gestis
3503 3447 3604 3518 jam
3623 3439 3828 3501 nobis'mi-

2314 3540 2385 3595 sit
2410 3554 2517 3594 non
2553 3539 2767 3610 quidem
2793 3539 2954 3595 ullam
2997 3549 3200 3611 partem
3241 3541 3526 3598 Gestorum
3546 3581 3559 3607 ,
3588 3537 3667 3594 sed
3692 3549 3828 3606 quanr

2315 3629 2436 3686 dam
2467 3647 2497 3684 a
2528 3646 2587 3686 se
2619 3631 2975 3701 conscriptam
3015 3632 3161 3688 velut
3200 3630 3563 3689 defensionem
3597 3638 3828 3695 suam,q'1a

2323 3739 2382 3781 se
2409 3723 2542 3779 dixit
2570 3723 2791 3794 objectis
2818 3723 3158 3795 respondisse
3180 3723 3454 3781 Gallorum
3486 3722 3573 3797 (a).
3601 3723 3648 3778 ln
3675 3734 3771 3790 qua,
3787 3723 3828 3770 ut

2311 3816 2415 3870 alia
2437 3815 2702 3884 omittam,
2740 3830 2860 3871 cum
2892 3816 2959 3870 ad
2994 3815 3126 3871 illud
3151 3817 3531 3888 responderet,
3556 3811 3678 3886 quod
3699 3808 3736 3865 ei
3757 3807 3828 3862 ob:

2307 3907 2507 3977 jectum
2555 3916 2655 3973 est,
2704 3923 2827 3963 enm
2858 3907 3056 3964 dixisse
3102 3924 3262 3980 posse
3315 3909 3574 3966 hominem
3611 3921 3709 3963 esse
3745 3899 3829 3954 sine

2311 4010 2552 4072 peccato,
2579 4010 2633 4057 et
2660 4001 2908 4057 mandata
2938 4003 3032 4058 Dei
3054 4002 3330 4060 custodire
3360 4003 3405 4059 si
3442 4003 3595 4066 velit,
3620 3995 3826 4057 Diximut.

2314 4091 2529 4163 inquit;
2557 4092 2689 4146 hanc
2717 4093 2850 4147 enim
2881 4092 2960 4148 illi
2997 4092 3139 4150 Deus
3172 4095 3544 4160 possibilitatem
3579 4089 3709 4146 dedit.
3742 4082 3827 4139 Non

2311 4184 2552 4251 diximus,
2580 4185 2820 4262 quoniam
2843 4185 3124 4241 inveniatur
3151 4187 3264 4258 quis
3307 4187 3369 4242 ab
3415 4183 3613 4256 infantia
3635 4193 3757 4250 usque
3782 4173 3828 4225 ad

2310 4286 2600 4345 senectam,
2639 4277 2727 4348 qui
2775 4294 3030 4350 nunquam
3090 4279 3407 4351 peccaverit;
3457 4278 3539 4332 sed
3576 4271 3770 4345 quoniam
3805 4281 3827 4316 α

2313 4370 2529 4440 peccatis
2554 4385 2821 4425 conversus
2851 4369 3022 4426 labore
3049 4371 3278 4443 proprio,
3313 4380 3358 4426 et
3380 4369 3537 4443 gratia
3563 4365 3646 4420 Dei
3669 4361 3824 4424 adiutus

2313 4470 2474 4530 potest
2495 4460 2680 4531 absque
2705 4469 2904 4532 peccato
2935 4477 3060 4528 esse,
3092 4478 3183 4516 nec
3213 4472 3420 4536 propter
3443 4463 3531 4515 Itoc
3557 4458 3603 4512 in
3631 4463 3820 4513 uoster-um

2311 4551 2406 4607 erit
2432 4551 2844 4607 inconvertibilis.

2311 4646 2344 4711 lii
2383 4645 2438 4700 8.
2478 4645 2535 4699 In
2563 4644 2663 4700 hac.
2691 4645 2892 4716 Pelagii
2910 4645 3260 4716 responsione
3280 4646 3450 4704 cernit
3467 4637 3738 4702 Reverentia
3760 4642 3821 4688 tua

2311 4735 2415 4792 hoc
2441 4751 2564 4793 eum
2602 4735 2768 4792 fuisse
2807 4736 3114 4794 confessum
3133 4781 3148 4808 ,
3179 4739 3410 4811 priorem
3441 4735 3647 4793 hominis
3672 4729 3816 4787 vitam,

2310 4845 2429 4900 qua:
2455 4837 2539 4884 est
2560 4827 2627 4884 ab
2655 4827 2874 4885 infantia
2897 4871 2912 4896 ,
2943 4829 3060 4886 sine
3097 4841 3318 4902 peccato
3347 4845 3449 4885 non
3473 4843 3599 4892 esse,
3628 4822 3706 4880 sed
3731 4827 3818 4873 cum

2309 4921 2375 4976 ad
2405 4921 2569 4976 vitam
2598 4937 2718 4993 quae
2737 4921 2854 4978 sine
2867 4931 3085 4994 peccato
3113 4921 3213 4991 sit,
3246 4923 3427 4979 labore
3456 4919 3650 4991 proprio
3679 4922 3720 4970 et
3749 4905 3820 4963 ad-

2306 5010 2425 5082 juto
2450 5027 2547 5082 per
2573 5011 2799 5083 gratiam
2830 5011 2926 5069 Dei
2953 5027 3111 5084 posse
3139 5012 3397 5069 converti.
3421 5012 3523 5066 Cur
3543 5021 3654 5078 ergo
3676 5004 3717 5057 in
3740 4999 3815 5054 hoc

2307 5104 2467 5171 libro,
2491 5104 2575 5160 cui
2599 5103 2883 5175 respondi,
2911 5105 2998 5161 vel
3023 5106 3093 5160 ita
3128 5103 3217 5161 hic
3245 5104 3436 5161 vixisse
3475 5101 3606 5165 dicit,
3643 5101 3691 5150 ut
3720 5085 3816 5146 nihil

2310 5196 2531 5252 omnino
2578 5195 2910 5266 peccaverit?
2950 5193 3083 5251 Nam
3130 5197 3248 5267 ejus
3284 5195 3352 5251 de
3391 5193 3485 5248 hac
3521 5206 3574 5246 re
3615 5188 3696 5241 ista
3725 5183 3816 5234 sunt

2308 5287 2471 5344 verba
2500 5304 2514 5342 :
2546 5286 2680 5354 Hoc,
2708 5287 2897 5358 inquit,
2919 5297 3053 5343 recte
3070 5287 3171 5342 dici
3194 5296 3350 5360 potest
3376 5285 3436 5340 de
3457 5284 3530 5338 Itis
3553 5289 3731 5351 quorum
3751 5286 3816 5360 nt-

2309 5395 2408 5453 que
2430 5379 2692 5446 bonorum,
2715 5396 2871 5453 neque
2898 5379 3150 5436 malorum
3180 5378 3442 5453 Scriptura
3472 5375 3530 5432 sit
3555 5382 3715 5426 memor
3736 5359 3812 5418 :de

2307 5471 2411 5529 illis
2431 5488 2544 5528 vero
2562 5487 2778 5544 quorum
2803 5472 3022 5544 justitiae
3061 5472 3315 5540 meminit,
3363 5479 3407 5526 et
3435 5473 3710 5540 peccatorum
3732 5453 3811 5509 sint

2373 5629 2393 5755 ξ
2415 5629 3378 5755 ἓξᾱιὲλεῖξᾶεΐὲῗςῗὲξιῖῗῗέὲοξθ
3395 5697 3524 5739 nemo
3542 5671 3806 5755 mea

3357 5738 3536 5802 exitlss.
3558 5741 3681 5792 Valle.
3700 5738 3807 5787 καί·

2309 5819 2674 5940 ingratiorem
2695 5882 2749 5932 et
2766 5875 2940 5943 mari,
2960 5876 3027 5933 de
3048 5879 3227 5947 quibus
3251 5876 3297 5931 in
3318 5875 3454 5942 Epist.
3480 5868 3572 5936 l75,
3592 5880 3635 5918 ιι.
3655 5863 3692 5915 l-
