3990 6380
223 360 303 414 777
1368 347 1846 408 EPISTOLARUM
1886 348 2158 406 CLASSIS
2194 350 2278 404 Ill.

217 473 345 528 dubio
367 470 677 537 meminisset,
702 471 745 525 si
759 486 860 539 qua
883 486 966 522 eos
984 484 1211 522 naccam:
1229 468 1483 521 sensisset.
1509 465 1615 521 Sed
1633 473 1759 531 esto,

214 561 376 633 inquit,
393 561 501 615 aliis
520 560 822 632 temporibus
841 559 998 614 turbce
1030 558 1381 613 numerositate
1404 556 1625 611 omnium
1659 555 1765 610 dis-

213 653 489 709 simulaverit
520 662 729 724 peccata
746 661 1041 717 contexere;
1069 652 1122 705 in
1141 652 1250 723 ipso
1270 650 1438 704 statim
1458 647 1633 702 mundi
1656 647 1765 718 pri-

212 746 398 813 mordio,
419 743 502 799 ubi
517 744 716 799 nonnisi
732 753 948 817 quatuor
968 743 1192 797 homines
1211 750 1373 805 erant,
1397 739 1539 811 quid,
1572 739 1760 810 inquit,

211 838 411 902 dicimus,
460 851 551 890 cur
598 852 699 890 non
739 835 962 889 omnium
1010 834 1224 888 voluerit
1281 833 1415 885 dicta
1452 830 1765 886 memorare?

214 926 427 984 Utrumne
473 926 691 997 ingentis
740 926 1081 980 multitudinis
1134 940 1319 991 causa,
1376 939 1490 995 qua:
1540 921 1756 976 nondun

209 1018 327 1075 erat?
346 1035 408 1072 an
421 1018 538 1089 quia
554 1016 757 1072 illorum
776 1026 991 1079 tantum,
1015 1016 1101 1088 qui
1126 1016 1494 1077 commiserant,
1514 1014 1761 1080 meminit,

217 1110 332 1181 alius
353 1124 462 1163 vero
484 1109 569 1179 qui
598 1108 742 1163 nulla
762 1108 1109 1175 commiserat,
1139 1107 1421 1161 meminisse
1444 1122 1544 1160 non
1569 1104 1766 1176 potuit?

211 1200 346 1267 Certe,
366 1198 555 1271 inquit,
600 1199 763 1270 primo
783 1200 837 1253 in
865 1208 1086 1271 tempore
1099 1197 1263 1252 Adam
1283 1207 1329 1252 et
1350 1197 1477 1263 an,
1509 1213 1571 1251 ea:
1588 1197 1764 1268 quibus

221 1292 323 1348 Cain
364 1300 410 1346 et
445 1291 569 1347 Abel
605 1293 713 1346 uati
736 1302 880 1357 sunt,
906 1302 1120 1363 quatuor
1142 1292 1366 1346 homines
1394 1299 1583 1345 tantum
1610 1292 1765 1363 fuisse

216 1386 493 1455 referuntur.
545 1382 777 1438 Peccavit
820 1381 976 1449 Eva;
1031 1382 1299 1454 Scriptura
1345 1384 1440 1437 hoc
1488 1382 1759 1453 prodidit:

213 1477 350 1533 Adam
387 1492 584 1549 quoque
618 1476 864 1548 deliquit;
908 1476 1081 1530 eadem
1135 1475 1406 1545 Scriptura
1439 1491 1541 1529 non
1568 1475 1765 1529 tacuit:

212 1569 282 1622 sed
315 1577 357 1623 et
383 1565 505 1623 Cain
543 1583 773 1640 peccasse
795 1568 909 1639 ipsa
944 1584 1138 1637 quoque
1173 1566 1441 1637 Scriptura
1467 1575 1645 1621 testata
1669 1575 1759 1621 est.

213 1657 408 1723 Quorum
434 1675 533 1712 non
556 1658 706 1713 modo
731 1669 956 1731 peccata,
979 1675 1149 1713 verum
1174 1660 1323 1712 etiam
1348 1668 1664 1730 peccatorum
1689 1659 1765 1712 in-

210 1750 321 1804 dicat
341 1750 644 1822 qualitatem.
670 1750 817 1819 Quod
835 1752 879 1806 si
903 1760 950 1806 et
972 1750 1094 1806 Abel
1106 1761 1375 1823 peccasset,
1396 1751 1584 1822 inquit,
1606 1761 1653 1805 et
1669 1751 1764 1806 hoc

209 1861 301 1899 sme
318 1843 456 1900 dubio
485 1844 753 1915 Scriptura
782 1845 987 1901 dixisset
1012 1862 1030 1900 :
1062 1844 1106 1899 si
1132 1860 1231 1900 non
1249 1843 1398 1911 dixit,
1421 1860 1539 1915 ergo
1560 1859 1649 1897 nec
1677 1843 1765 1897 ille

208 1937 418 2004 peccarit.

265 2029 312 2083 9.
348 2028 467 2086 Haec
501 2029 659 2085 verba
698 2029 767 2085 de
807 2029 944 2085 libro
972 2028 1088 2099 ejus
1115 2028 1389 2100 decerpsi,
1420 2045 1537 2099 quae
1563 2029 1616 2084 in
1642 2028 1760 2099 ipso

206 2136 391 2189 quoque
431 2121 697 2177 volumine
736 2130 823 2177 tua
849 2120 1113 2178 Sanctitas
1151 2122 1345 2192 poterit
1386 2114 1664 2185 invenire;
1705 2131 1763 2178 ut

204 2212 483 2285 intelligatis
510 2214 960 2287 quemadmodum
988 2223 1042 2270 et
1078 2223 1272 2269 ctetera
1303 2214 1515 2285 neganti
1542 2214 1762 2270 credere

203 2303 434 2361 debeatis.
461 2305 572 2362 Nisi
618 2307 754 2363 forte
784 2306 922 2362 dicat
953 2307 1124 2378 ipsum
1151 2306 1285 2362 Abel
1315 2306 1447 2361 nihil
1475 2320 1758 2378 peccasse;

202 2395 284 2451 sed
318 2396 431 2454 ideo
466 2413 571 2454 non
612 2397 779 2456 fuisse
823 2402 938 2455 sine
975 2411 1212 2471 peccato,
1236 2410 1290 2455 et
1318 2398 1437 2455 ideo
1468 2416 1571 2455 non
1606 2416 1763 2471 posse

199 2488 405 2545 Domino
430 2491 763 2563 comparari,
794 2494 883 2563 qui
922 2492 974 2547 in
1009 2508 1169 2548 carne
1208 2491 1419 2547 mortali
1456 2492 1605 2548 solus
1644 2492 1762 2549 sine

197 2592 397 2651 peccato
436 2581 565 2649 fuit,
608 2584 732 2654 quia
760 2593 877 2639 erat
916 2584 969 2638 in
998 2583 1132 2639 Abel
1169 2583 1423 2654 originale
1452 2592 1756 2654 peccatum,

196 2674 323 2745 quod
344 2674 406 2730 de
430 2674 598 2731 Adam
632 2684 887 2743 traxerat,
917 2692 1022 2731 non
1051 2676 1102 2731 in
1131 2677 1308 2747 seipse
1334 2677 1446 2747 ipse
1475 2677 1760 2733 commise-

193 2775 301 2822 rat:
324 2767 517 2823 utinam
546 2769 734 2824 saltem
765 2768 868 2825 hoc
888 2769 1059 2835 dicat,
1100 2780 1156 2825 ut
1190 2771 1402 2826 interim
1427 2772 1545 2842 ejus
1573 2771 1638 2828 de
1668 2773 1761 2827 ba-

192 2859 368 2928 ptismo
397 2862 732 2932 parvulorum
760 2871 962 2918 certam
1004 2864 1323 2919 sententiam
1364 2874 1546 2921 tenere
1582 2867 1756 2938 possi-

192 2952 327 3006 mus!
353 2954 456 3008 Aut
480 2954 527 3009 si
552 2955 709 3022 forte,
734 2958 984 3026 quoniam
1012 2954 1146 3010 dixit
1171 2955 1238 3011 ab
1260 2955 1478 3012 infantia
1505 2973 1670 3028 usque
1690 2956 1757 3013 ad

190 3053 519 3115 senectutem,
539 3046 661 3104 ideo
680 3048 823 3105 dicat
838 3048 968 3105 Abel
990 3064 1095 3105 non
1119 3064 1389 3120 peccasse,
1408 3052 1531 3122 quia
1555 3066 1652 3107 nec
1674 3067 1755 3107 se-

191 3139 353 3196 nuisse
391 3150 740 3197 monstratur.
767 3140 885 3198 Non
917 3144 1017 3198 hoc
1047 3142 1283 3198 indicant
1308 3143 1469 3200 verba
1499 3145 1613 3214 ejus
1645 3162 1658 3198 :
1690 3144 1758 3200 ab

190 3232 325 3289 initio
354 3234 583 3305 priorem
619 3236 779 3291 vitam
817 3236 951 3293 dixit
982 3237 1336 3308 peccatricem
1361 3253 1375 3305 ;
1406 3239 1757 3309 posteriorem

188 3338 300 3379 vero
320 3340 475 3396 posse
498 3342 620 3383 esse
647 3329 764 3385 sine
784 3338 1025 3399 peccato.
1045 3331 1131 3384 Ait
1154 3331 1295 3385 enim
1320 3346 1424 3386 non
1453 3346 1513 3386 se
1534 3331 1751 3399 dixisse,

187 3417 405 3485 quoniam
440 3419 725 3489 inveniatur,
757 3421 870 3493 quis
915 3421 977 3475 ab
1013 3422 1231 3494 infantia
1260 3439 1415 3493 usque
1441 3423 1507 3477 ad
1532 3432 1758 3478 senectu-

188 3517 288 3574 tem,
313 3511 398 3582 qui
422 3528 523 3566 nou
551 3513 827 3583 peccaverit
848 3530 868 3578 ;
893 3514 981 3569 sed
1000 3514 1238 3584 quoniam
1266 3532 1296 3567 a
1324 3516 1536 3585 peccatis
1555 3531 1759 3570 conver-

188 3616 259 3656 sus
286 3603 458 3659 labore
485 3605 727 3678 proprio,
760 3615 807 3659 et
835 3606 1000 3677 gratia
1030 3605 1126 3659 Dei
1154 3606 1358 3677 adjutus
1386 3616 1546 3679 potest
1573 3608 1758 3675 absque

188 3706 373 3762 peccato
415 3713 539 3752 esse.
582 3698 715 3754 Cum
762 3699 903 3754 enim
942 3698 1102 3767 dicit,
1138 3717 1169 3753 a
1208 3703 1424 3772 peccatis
1458 3718 1750 3767 conversus,

188 3788 402 3844 ostendit
432 3788 663 3859 priorem
690 3790 852 3845 vitam
882 3791 931 3845 in
966 3792 1195 3861 peccatis
1226 3793 1331 3863 agi.
1355 3792 1605 3848 Fateatur
1629 3809 1756 3864 ergo

186 3881 311 3949 quod
338 3884 639 3953 peccaverit
662 3883 816 3951 Abel,
840 3885 992 3955 cujus
1019 3884 1187 3954 prima
1208 3885 1312 3939 vita
1341 3885 1435 3939 fuit
1460 3886 1512 3940 in
1535 3886 1753 3952 smculo,

186 3987 325 4041 quam
350 3973 544 4030 fatetur
565 3991 668 4031 non
723 3991 908 4031 carere
930 3977 1181 4047 peccatis,
1208 3986 1260 4031 et
1286 3977 1535 4046 reSpiciat
1562 3977 1754 4032 librum

186 4078 322 4121 suum
347 4108 363 4135 ,
394 4065 484 4121 ubi
514 4084 634 4122 eum
666 4068 866 4124 dixisse
895 4078 1132 4134 constat,
1162 4068 1302 4139 quod
1333 4068 1407 4121 ait
1450 4068 1501 4122 in
1535 4068 1632 4123 hac
1658 4069 1754 4123 de-

186 4156 426 4224 fensione,
453 4156 574 4214 Non
602 4159 840 4215 diximus.

246 4251 327 4306 l0.
368 4250 425 4307 Si
455 4262 631 4308 autem
660 4261 714 4308 et
740 4252 881 4309 hunc
907 4254 1097 4308 librum
1116 4296 1131 4320 ,
1159 4253 1244 4309 vel
1272 4255 1413 4309 hunc
1445 4255 1496 4308 in
1526 4270 1589 4309 eo
1617 4248 1763 4310 libro

185 4341 341 4398 locum
359 4358 481 4399 esse
502 4345 774 4416 negaverit
789 4360 943 4401 suum
965 4363 978 4412 ;
1004 4362 1102 4417 ego
1117 4347 1328 4417 quidem
1354 4347 1572 4403 idoneos
1594 4357 1756 4405 testes

186 4428 339 4490 habeo
365 4435 620 4490 honestos
642 4445 695 4492 et
715 4436 899 4492 fideles
924 4438 1087 4501 viros,
1118 4446 1172 4492 et
1200 4438 1315 4508 ejus
1345 4438 1461 4493 sine
1490 4439 1647 4494 dubio
1674 4440 1759 4495 di-

187 4518 429 4592 lectores,
462 4524 654 4596 quibus
697 4527 1072 4582 atteslantibus
1115 4543 1339 4599 purgare
1382 4544 1467 4584 me
1504 4545 1750 4600 possum,

184 4614 307 4682 quod
334 4616 582 4672 eumdem
625 4617 815 4673 librum
856 4619 954 4691 ipsi
998 4618 1127 4674 mihi
1157 4620 1431 4686 dederint,
1460 4631 1514 4677 et
1542 4623 1611 4677 ibi
1654 4622 1755 4679 hoc

184 4700 392 4776 legatur,
415 4724 644 4779 eumque
672 4708 870 4781 Pelagii
907 4725 1027 4766 esse
1057 4710 1321 4778 dixerint,
1353 4722 1408 4766 ut
1436 4714 1620 4769 saltem
1652 4714 1754 4770 hoc

184 4798 295 4855 mihi
324 4802 570 4867 sufficiat,
602 4816 669 4858 ne
697 4802 838 4858 dicat
864 4818 896 4859 a
925 4818 1013 4858 me
1042 4802 1203 4858 fuisse
1231 4805 1341 4859 sive
1367 4806 1746 4875 conscriptum,

184 4890 280 4948 sive
308 4892 576 4950 falsatum.
605 4893 723 4950 Jam
760 4895 900 4951 inter
939 4895 1058 4951 illos
1096 4896 1257 4966 eligat
1283 4896 1505 4967 quisque
1528 4897 1611 4952 cui
1636 4912 1754 4954 cre-

184 4981 290 5050 dat;
317 5001 495 5043 meum
520 5003 627 5041 non
655 4995 737 5042 est
769 4986 835 5043 de
865 4986 964 5043 hac
1001 5004 1060 5043 re
1092 4986 1291 5044 diutius
1319 4989 1611 5059 disputare.
1639 4989 1750 5044 Ro-

185 5090 352 5145 gamus
396 5089 455 5135 ut
495 5089 643 5135 certe
683 5081 1008 5135 transmittas
1038 5081 1168 5151 ipsi,
1196 5081 1239 5135 si
1267 5082 1539 5152 negaverit
1564 5097 1624 5139 se
1651 5083 1749 5138 ista

186 5170 387 5235 sentire,
418 5185 538 5241 quae
582 5171 656 5225 illi
694 5172 1015 5242 objiciuntur
1054 5171 1264 5228 inimica
1301 5175 1484 5244 gratia:
1526 5173 1747 5230 Christi.

183 5252 297 5313 Tam
322 5263 518 5334 quippe
546 5271 731 5332 operta
767 5272 849 5319 est
884 5264 1000 5334 ejus
1036 5262 1297 5331 defensio,
1338 5274 1397 5320 ut
1434 5266 1478 5320 si
1518 5277 1749 5322 vestram

184 5360 406 5406 sanctam
437 5353 793 5423 prudentiam,
819 5354 911 5424 qui
939 5354 1055 5424 ejus
1081 5356 1185 5410 alia
1207 5357 1400 5426 scripta
1424 5371 1527 5411 non
1557 5357 1745 5423 nostis,

184 5441 311 5500 nulla
336 5446 618 5502 verborum
643 5447 988 5518 ambiguitate
1016 5448 1297 5515 fefellerit,
1340 5467 1534 5522 magno
1556 5452 1749 5523 gaudio

183 5539 575 5607 gratulabimur;
604 5556 710 5598 non
739 5543 962 5599 multum
998 5555 1245 5601 curantes
1282 5555 1458 5601 utrum
1496 5546 1582 5600 illa
1624 5561 1745 5614 per-

185 5742 398 5851 ,
420 5760 513 5797 non
532 5749 742 5811 fateatur
758 5762 941 5799 carere.
971 5756 1023 5797 At
1042 5751 1185 5798 Valic.
1215 5758 1309 5805 vis,
1339 5749 1513 5812 (citetur
1538 5762 1631 5799 non
1670 5764 1747 5799 ca-

443 5894 666 5955 Ssacr.
717 5895 993 5954 ALGUST.
1026 5894 1109 5951 ll.

3346 355 3446 415 778

1874 477 2021 517 versa
2048 472 2101 519 et
2126 463 2285 534 impia
2312 479 2580 535 nunquam
2611 469 2856 535 senserit,
2902 482 2967 522 an
3016 484 3073 524 se
3116 470 3183 525 ab
3229 472 3307 527 eis
3351 474 3441 529 sli-

1870 557 2080 627 quando
2105 558 2413 613 correxerit.

2276 670 2606 727 EPISTOLA
2641 671 2880 729 CLXXX
2945 674 3043 748 (a).

1872 784 2178 856 Augustinus
2201 783 2417 851 Oceano,
2438 787 2709 842 rescribens
2734 790 2910 859 paucis
2933 788 2996 843 de
3022 791 3208 844 anima:
3231 792 3445 862 origine,

1941 887 1989 931 et
2023 878 2087 931 de
2122 877 2339 949 oicioso
2374 879 2661 945 mendacio,
2689 890 2952 952 petensque
2980 892 3035 936 ut
3064 883 3229 938 mittat
3256 882 3446 939 Hiero-

1942 969 2080 1041 nymi
2104 970 2286 1023 librum
2310 986 2375 1025 ce
2401 968 2784 1026 Resurrectione
2808 974 2996 1028 carnis.

1869 1078 2095 1137 bonum
2124 1081 2314 1136 merito
2341 1082 2676 1151 charissima,
2702 1094 2757 1140 et
2781 1083 2835 1139 in
2857 1083 3049 1140 Christi
3080 1088 3333 1143 membris
3353 1088 3452 1145 bo-

1994 1189 2030 1229 .
2048 1173 2233 1229 ira-do
2259 1174 2403 1230 fratri
2430 1174 2666 1244 Oceano,
2698 1178 3048 1246 AUGUSTINUS,
3076 1181 3322 1236 salutem.

1942 1263 1992 1317 .
2036 1263 2175 1318 Duas
2220 1266 2401 1336 accepi
2442 1267 2599 1322 simul
2648 1268 2898 1339 epistolas
2940 1270 3251 1328 Dilectionis
3302 1284 3446 1341 tum,

1868 1367 2091 1423 quarum
2136 1355 2186 1409 in
2233 1372 2336 1410 una
2384 1356 2512 1413 facis
2560 1359 2729 1414 tertia:
2772 1360 3125 1428 mentionem,
3161 1372 3216 1417 et
3250 1380 3367 1419 eam
3398 1373 3451 1421 te

1870 1444 2015 1514 prius
2046 1446 2254 1501 misisse
2283 1462 2671 1505 commemoras
2699 1466 2715 1516 ;
2744 1465 2900 1521 quam
2930 1453 3198 1522 accepisse
3226 1470 3331 1510 non
3361 1472 3451 1511 re-

1867 1534 2008 1603 colo,
2035 1536 2144 1592 imo
2173 1537 2308 1593 bene
2337 1539 2466 1594 mihi
2495 1541 2733 1596 recolere
2761 1541 2946 1597 videor
2974 1544 3115 1613 quod
3156 1561 3259 1600 non
3295 1562 3451 1603 acce-

1867 1625 2058 1694 perim.
2089 1627 2162 1682 De
2193 1628 2256 1683 iis
2283 1638 2457 1685 tamen
2498 1648 2629 1702 quas
2669 1633 2879 1704 accepi,
2911 1650 3011 1706 ago
3042 1635 3232 1691 uberes
3257 1640 3452 1709 gratias

1866 1717 2179 1790 benignitati
2206 1738 2330 1793 erga
2356 1739 2455 1778 nos
2480 1733 2601 1780 luce.
2623 1726 2824 1793 Quibus
2850 1736 2908 1782 ut
2933 1744 3038 1783 non
3072 1730 3323 1785 continuo
3365 1748 3451 1786 re-

1869 1811 2189 1881 Spouderem
2209 1857 2224 1883 ,
2255 1815 2308 1869 in
2340 1817 2441 1873 alia
2471 1827 2631 1889 atque
2658 1819 2759 1874 alia
2790 1820 3118 1875 diversarum
3148 1824 3457 1894 occupatio-

1866 1919 1992 1959 num
2026 1915 2338 1977 tempestate
2362 1908 2598 1979 direptus
2627 1926 2742 1966 sum
2792 1911 2948 1969 Unde
2976 1930 3119 1971 nunc
3142 1915 3336 1971 stillam
3364 1933 3456 1971 va-

1864 1998 2035 2053 cantis
2081 2000 2333 2069 temporis
2386 2011 2603 2065 nactus,
2646 2004 2969 2074 respondere
3009 2006 3209 2078 aliquid
3256 2010 3449 2077 malui,

1865 2103 2024 2159 quam
2060 2088 2128 2144 ad
2170 2100 2310 2146 tuam
2337 2092 2752 2150 sincerissimam
2791 2096 3104 2153 charitatem
3142 2098 3450 2157 diuturnum

1865 2178 2062 2237 habere
2088 2182 2377 2249 silentium,
2405 2193 2455 2240 et
2487 2184 2599 2241 fieri
2628 2185 3006 2258 taciturnitate,
3032 2206 3190 2261 quam
3216 2192 3452 2264 loquaci-

1866 2280 1976 2327 tate
2000 2272 2369 2343 importunior.

1934 2364 1989 2419 2.
2032 2365 2107 2422 De
2134 2366 2340 2438 origine
2364 2369 2658 2425 animarum
2690 2371 2816 2442 quid
2849 2383 3064 2428 sanctus
3093 2375 3446 2448 Hieronymus

1864 2459 2089 2525 sentiat,
2124 2458 2234 2531 jam
2275 2462 2537 2529 sciebam,
2566 2472 2617 2518 et
2643 2462 2759 2519 htee
2788 2466 2897 2535 ipsa
2926 2482 3045 2538 quae
3075 2484 3140 2523 ex
3170 2469 3305 2525 libro
3333 2472 3450 2540 ejus

1866 2550 1918 2605 in
1959 2553 2179 2623 epistola
2227 2562 2313 2608 tua
2353 2556 2573 2625 posuisti
2618 2558 2777 2614 verba
2819 2558 2929 2629 jam
2971 2560 3222 2632 legeram.
3253 2564 3448 2621 Verum

1866 2658 1969 2698 non
2019 2644 2123 2701 hoc
2163 2648 2510 2717 quaestionem
2550 2651 2831 2707 molestam
2876 2653 3030 2722 facit,
3082 2658 3224 2727 quod
3274 2670 3449 2715 movet

1863 2734 2152 2804 quosdam,
2183 2738 2449 2806 quomodo
2475 2740 2611 2796 Deus
2641 2741 2952 2798 adulterinis
2980 2748 3142 2802 etiam
3181 2756 3451 2821 concepti-

1862 2824 1961 2881 bus
1993 2827 2135 2897 juste
2164 2828 2370 2885 animas
2400 2829 2682 2901 largiatur;
2712 2849 2832 2888 cum
2864 2836 2998 2893 bene
3031 2840 3326 2897 viventibus
3348 2884 3363 2909 ,
3395 2855 3449 2900 et

1862 2917 1927 2972 ad
1952 2918 2118 2973 Deum
2143 2918 2246 2975 fide.
2266 2936 2327 2975 ac
2349 2922 2545 2992 pietate
2565 2927 2857 2994 conversis,
2885 2944 2949 2983 ne
2976 2933 3184 3000 propria
3211 2934 3444 3003 quidem,

1862 3021 2061 3081 quanto
2088 3014 2263 3069 minus
2293 3026 2594 3084 parentum,
2624 3019 2829 3087 possint
2855 3021 3045 3079 obesse
3076 3036 3309 3094 peccata.
3342 3029 3446 3085 Sed

1862 3105 2056 3159 merito
2085 3107 2360 3177 quaeritur,
2390 3108 2433 3163 si
2461 3125 2644 3165 verum
2670 3122 2752 3167 est
2772 3128 2936 3168 novas
2961 3132 3024 3171 ex
3052 3118 3218 3173 nihilo
3242 3121 3446 3177 animas

1861 3196 2093 3266 singulas
2117 3199 2336 3269 singulis
2361 3203 2703 3258 nascentibus
2734 3204 2845 3260 eri
2867 3249 2881 3275 ,
2911 3208 3178 3277 quomodo
3214 3219 3318 3266 tam
3362 3214 3446 3268 in-

1863 3290 2221 3347 numerabiles
2242 3292 2435 3348 animm
2458 3296 2818 3364 parvulorum,
2839 3314 2968 3367 quas
2990 3299 3098 3353 Deo
3118 3314 3320 3357 certum
3344 3315 3444 3373 est,

1859 3388 1984 3433 ante
2022 3381 2310 3437 rationales
2352 3400 2553 3453 annos,
2594 3396 2877 3457 antequam
2919 3390 3202 3462 quidquam
3243 3396 3446 3462 justum

1860 3470 2181 3543 injustutnve
2211 3491 2398 3546 sapere
2429 3480 2511 3534 vel
2550 3495 2741 3550 capere
2770 3482 3004 3551 possint,
3038 3485 3153 3539 sine
3178 3485 3446 3558 Baptismo

1860 3563 1928 3620 de
1951 3567 2265 3637 corporibus
2289 3569 2542 3637 exituras,
2567 3571 2711 3640 juste
2740 3572 2789 3626 in
2817 3572 3208 3631 damnationem
3230 3579 3441 3647 dentur,

1861 3654 1928 3709 ab
1957 3656 2049 3711 illo
2079 3659 2259 3730 utique
2285 3659 2425 3730 apud
2451 3677 2609 3731 quem
2636 3678 2739 3717 non
2768 3676 2846 3717 est
2877 3665 3127 3737 iniquitas
3158 3669 3333 3739 (Rom.
3365 3688 3442 3739 ,

1861 3748 1990 3815 14).
2019 3748 2133 3803 Non
2167 3767 2301 3821 opus
2326 3761 2407 3807 est
2434 3752 2500 3808 de
2536 3751 2637 3808 hac
2675 3770 2732 3809 re
2765 3756 2911 3824 plura
2938 3758 3135 3824 dicere,
3162 3776 3281 3816 cum
3309 3765 3446 3823 scias

1860 3841 1985 3911 quid
2026 3843 2183 3898 velim
2206 3886 2219 3907 ,
2257 3845 2339 3900 vel
2380 3848 2551 3915 potius
2580 3848 2705 3917 quid
2737 3849 2898 3903 nolim
2928 3850 3143 3918 dicere;
3171 3857 3299 3911 satis
3328 3863 3445 3913 exi-

1860 3933 2020 3988 stimo
2047 3934 2273 4004 sapienti
2299 3950 2421 3991 eSse
2441 3939 2579 4007 quod
2607 3939 2736 3993 dixi.
2772 3940 3146 3998 Verumtamen
3177 3948 3219 3999 si
3249 3947 3442 4017 aliquid

1861 4025 2019 4093 hinc,
2042 4042 2147 4097 quo
2172 4026 2269 4081 ista
2294 4028 2515 4098 quaestio
2541 4031 2675 4085 solvi
2704 4042 2892 4100 queat,
2922 4034 3005 4087 vel
3038 4034 3243 4104 legisti,
3268 4041 3347 4092 vel
3378 4058 3443 4095 ex

1861 4134 1954 4171 ore
1983 4117 2100 4185 ejus
2125 4118 2339 4187 audisti,
2364 4120 2443 4173 vel
2476 4121 2567 4175 tibi
2597 4122 2697 4191 ipsi
2722 4124 2975 4181 Dominus
3001 4130 3249 4197 cogitanti
3272 4129 3440 4184 dona-

1862 4211 1935 4264 vit
1961 4218 2017 4263 ut
2043 4212 2286 4277 noveris;
2319 4212 2625 4282 impartire,
2657 4216 2912 4285 obsecro,
2952 4219 3079 4273 mihi
3100 4263 3114 4289 ,
3155 4232 3209 4276 ut
3246 4226 3443 4293 gratias

1860 4300 2133 4357 uberiores
2161 4318 2331 4375 agam.

1931 4396 1984 4451 '5.
2027 4394 2157 4451 Illud
2186 4413 2311 4452 vero
2339 4398 2407 4455 de
2434 4398 2673 4455 officioso
2702 4400 2923 4471 utiliquc
2959 4404 3264 4472 mendacio,
3301 4410 3442 4478 quod

1859 4486 2104 4557 exemplo
2137 4488 2343 4543 Domini
2375 4489 2443 4543 de
2470 4489 2558 4544 die
2586 4501 2637 4545 et
2671 4491 2797 4545 hora
2830 4493 2987 4563 hujus
3016 4497 3193 4550 smculi
3227 4496 3442 4554 finiendi

1858 4594 1958 4635 nec
1979 4579 2168 4635 Filium
2196 4581 2335 4637 scire
2354 4581 2579 4637 dicentis
2608 4582 2793 4654 (Marc.
2825 4601 2941 4652 xm,
2971 4586 3085 4659 52),
3109 4590 3299 4657 putasti
3324 4605 3443 4645 esse

1859 4674 2200 4739 solvendum;
2226 4684 2419 4730 conatu
2446 4675 2658 4746 quidem
2692 4678 2885 4748 ingenii
2917 4682 3011 4747 tui,
3035 4698 3154 4735 cum
3183 4682 3437 4752 legerem,

1859 4767 2179 4829 delectabar,
2204 4766 2297 4821 sed
2330 4768 2477 4822 nullo
2503 4770 2660 4823 modo
2691 4771 2818 4825 mihi
2847 4772 3053 4826 videtur
3078 4773 3332 4843 trepicam
3365 4775 3442 4829 lo-

1814 4911 1819 4915 .
1857 4859 2122 4913 cntionem
2144 4868 2289 4915 recte
2309 4859 2413 4914 dici
2437 4876 2591 4931 posse
2609 4863 2959 4918 mendacium.
2986 4864 3096 4919 Non
3127 4866 3266 4921 enim
3293 4883 3441 4923 men-

1859 4950 2066 5006 dacium
2092 4961 2195 5018 est,
2225 4968 2347 5007 cum
2368 4953 2508 5009 diem
2538 4954 2715 5011 laetum
2742 4957 2988 5025 dicimus,
3012 4959 3150 5027 quod
3184 4960 3333 5015 laitos
3358 4961 3437 5016 fa-

1856 5044 2000 5109 ciat;
2048 5053 2138 5098 aut
2185 5044 2387 5101 tristem
2436 5046 2704 5117 lupinum,
2744 5049 2883 5119 quod
2931 5050 3191 5120 gustantis
3236 5054 3440 5110 vultum

1859 5151 2041 5190 amaro
2080 5150 2269 5207 sapore
2310 5140 2618 5204 contristet;
2648 5141 2783 5194 sicut
2808 5140 2972 5196 Deum
3003 5143 3169 5211 scire,
3196 5161 3313 5200 cum
3344 5162 3437 5201 co-

1856 5239 2197 5300 gnoscentem
2247 5230 2517 5287 hominem
2572 5231 2736 5296 facit;
2789 5232 2891 5289 hoc
2940 5236 3078 5291 enim
3126 5237 3323 5292 dictum
3372 5238 3437 5291 ad

1858 5324 2125 5378 Abraham
2155 5323 2303 5395 (Cen.
2331 5340 2464 5390 ,
2495 5323 2581 5395 12)
2612 5324 2725 5396 ipse
2752 5329 3200 5383 commemorasti.
3230 5327 3440 5398 Nequa-

1855 5431 2013 5486 quam
2035 5425 2157 5470 sunt
2180 5416 2274 5470 ista
2294 5414 2600 5480 mendacia;
2622 5416 2759 5486 quod
2784 5418 2896 5487 ipse
2918 5419 3159 5473 lacillintc
3181 5419 3432 5473 advortis.

1856 5508 2087 5563 Proinde
2116 5508 2302 5564 beatus
2332 5507 2580 5573 Hilarius,
2621 5523 2741 5563 cum
2782 5510 3059 5565 obscuram
3089 5511 3435 5580 quaestionem

1960 5694 2011 5736 In
2031 5692 2139 5749 stss.
2165 5698 2263 5749 non
2279 5691 2479 5748 reperta
2504 5692 2606 5746 est,
2632 5693 2955 5749 praeterquam
2978 5687 3026 5734 in
3051 5687 3288 5749 Vaticano.

1923 5749 1996 5811 ()
2030 5748 2152 5798 Alias
2182 5747 2274 5798 260
2298 5761 2309 5795 :
2333 5760 2446 5857 gum
2477 5747 2641 5798 autem
2681 5747 2764 5797 180
2798 5747 2920 5805 erat,
2956 5762 3084 5797 nunc
3120 5747 3225 5797 228.
3260 5752 3439 5814 Scripta

1924 5825 1978 5857 ca
2001 5810 2145 5857 linem
2168 5823 2243 5857 an.
2274 5809 2325 5857 41
2369 5847 2379 5856 .

1854 5809 1984 5859 circa
2001 5810 2145 5862 linem
2168 5823 2243 5859 an.
2274 5809 2379 5858 416.

2596 5896 3081 5974 ('l'ingtmcinq.)
