3990 6380
562 310 667 368 ’179

564 428 792 483 obscuro
818 425 921 481 hoc
943 437 1138 495 genere
1169 420 1387 492 trepieae
1415 419 1696 474 locutionis
1724 418 1950 488 aperuit,
1984 424 2041 474 ut
2071 417 2153 472 in-

566 519 932 590 telligeremus
961 517 1013 571 in
1039 530 1106 570 eo
1135 529 1195 570 se
1221 512 1468 568 nimirum
1495 509 1694 565 dixisse
1720 509 2067 577 nescientem,
2097 508 2151 563 in

565 626 673 680 quo
701 609 832 664 alios
872 606 1000 662 facit
1041 603 1354 660 occultando
1383 599 1712 665 nescientes,
1739 616 1842 652 non
1881 599 2153 653 excusavit

567 701 926 766 mendacium,
946 698 1041 755 sed
1060 697 1391 752 mendacium
1413 709 1517 748 non
1539 708 1658 749 esse
1679 693 2021 758 monstravit;
2046 706 2151 747 non

567 793 740 850 solum
770 793 821 847 in
849 790 933 846 his
955 788 1318 845 usitatioribus
1343 787 1531 857 tropis,
1560 799 1744 841 verum
1773 785 1826 839 in
1858 785 1945 839 illa
1967 786 2148 851 etiam,

567 900 687 956 quae
705 884 997 955 appellatur
1015 879 1344 952 metaphora,
1357 895 1476 951 quin
1501 878 1751 949 loquendi
1769 877 2152 932 consuetudine

568 976 816 1031 erunibus
854 984 978 1029 nota
1016 981 1100 1029 est
1127 972 1146 1046 (
1174 971 1345 1026 Hilar.
1374 971 1435 1025 de
1458 969 1728 1036 Trinitate,
1760 967 1846 1024 lib.
1875 967 1908 1025 9
1935 966 1979 1039 ).
2019 966 2151 1022 Nam

565 1083 838 1140 gemmare
878 1069 1040 1130 vites.
1081 1066 1339 1122 ﬂuctuare
1381 1074 1618 1136 segetes,
1671 1063 1862 1120 ﬂorere
1903 1062 2150 1132 juvenes,

473 1188 485 1233 ί,
567 1163 854 1219 contendet
880 1161 1142 1233 quispiam
1177 1175 1297 1214 esse
1328 1159 1686 1222 mendacium,
1715 1156 1857 1227 quod
1887 1156 1938 1210 in
1963 1155 2046 1210 bis
2070 1168 2155 1210 re-

565 1256 668 1313 bus
693 1271 794 1313 nec
812 1254 1014 1319 undas,
1045 1269 1140 1308 nec
1169 1253 1395 1323 lapides,
1426 1267 1523 1307 nec
1549 1250 1775 1315 herbas,
1810 1265 1910 1306 nec
1933 1247 2155 1304 arbores

477 1345 484 1402 ζ
565 1347 732 1414 videt,
762 1347 848 1402 ubi
877 1346 1092 1418 proprie
1120 1346 1220 1400 ista
1240 1345 1403 1400 verba
1425 1343 1706 1398 dicuntur?

478 1427 482 1440 ’
637 1445 692 1498 4.
738 1443 902 1497 Porro
935 1451 1108 1491 ιετνειιιη
1150 1455 1245 1503 pro
1281 1447 1371 1492 tuo
1411 1437 1624 1507 ingenio
1670 1445 1837 1506 atque
1856 1434 2154 1489 eruditione

564 1537 816 1593 facillime
843 1533 1102 1605 perspicis
1131 1540 1385 1602 quantum
1421 1530 1488 1584 ab
1527 1529 1610 1583 his
1645 1528 1855 1584 ditferat
1897 1527 2037 1597 quod
2081 1526 2156 1580 ait

567 1629 897 1698 Apostolus:
923 1623 1052 1680 Cum
1089 1623 1304 1678 viderent
1346 1622 1466 1693 quia
1498 1638 1600 1675 non
1637 1629 1771 1674 recte
1805 1619 2156 1690 ingrediuntur

565 1721 634 1775 ad
663 1721 919 1774 veritatem
947 1717 1208 1789 Evangelii
1229 1758 1241 1776 ,
1280 1715 1388 1770 dixi
1417 1715 1570 1769 Petro
1602 1730 1771 1768 coram
1802 1713 2032 1767 omnibus
2052 1753 2068 1779 ,
2093 1710 2156 1767 Si

568 1823 640 1880 tu,
657 1829 771 1868 sum
792 1813 861 1867 sis
879 1810 1115 1876 Juda'us,
1129 1810 1379 1881 gentiliter
1394 1819 1441 1864 et
1469 1825 1567 1863 non
1587 1807 1796 1879 judaice
1819 1807 1960 1870 vivis,
1981 1821 2157 1875 quem-

565 1903 840 1959 admodum
886 1900 1067 1957 Gentes
1115 1901 1249 1970 cogis
1289 1899 1560 1969 judaisare
1628 1894 1847 1971 (Galat.
1900 1895 2156 1963 11,“)?

563 1997 714 2052 Nulla
745 2003 828 2051 est
871 1993 956 2047 hic
995 1991 1198 2062 trepica
1239 1990 1535 2045 obscuritas
1555 2029 1568 2053 ,
1602 1989 1760 2044 verba
1790 1997 1912 2044 sunt
1943 1987 2155 2057 propria

565 2099 764 2158 apertru
808 2086 1111 2141 locutionis.
1142 2084 1252 2138 lloe
1276 2084 1514 2154 proiecto
1545 2083 1740 2138 Doctor
1761 2081 2007 2136 Gentium
2029 2119 2042 2144 ,
2072 2079 2156 2135 his

563 2195 698 2248 quos
741 2176 1066 2249 purturiebat
1107 2175 1278 2228 donec
1323 2174 1569 2229 Christus
1613 2173 1932 2227 formaretur
1975 2173 2025 2225 in
2078 2172 2156 2225 eis

565 2272 582 2339 (
613 2269 700 2323 1d.
725 2285 800 2330 tv,
829 2267 958 2339 l9),
991 2274 1046 2320 ct
1074 2267 1262 2336 quibus
1307 2265 1407 2318 sub
1435 2264 1613 2318 divina
1652 2263 1992 2318 attestatione
2023 2276 2158 2331 prte-

563 2361 792 2423 dixerat,
823 2357 950 2423 Quae
973 2367 1140 2410 autem
1166 2355 1329 2410 scribo
1361 2355 1524 2418 vobis,
1553 2370 1664 2407 ecce
1686 2369 1856 2407 coram
1883 2351 2008 2412 Deo,
2037 2351 2156 2420 quia

564 2467 668 2505 non
699 2450 912 2503 mentior
936 2447 1044 2518 (Id.
1067 2462 1106 2508 l,
1133 2445 1249 2517 20),
1273 2455 1363 2500 aut
1393 2461 1576 2500 verum
1605 2443 1768 2508 dixit,
1799 2453 1889 2498 aut.
1919 2443 2107 2497 falsum
2139 2463 2151 2499 :

563 2543 610 2598 si
655 2541 882 2609 falsum,
923 2540 1062 2611 quod
1100 2539 1268 2606 absit,
1315 2555 1434 2608 qua:
1477 2547 1767 2608 sequantur
1809 2538 2073 2602 advortis;
2103 2546 2158 2592 et

561 2631 724 2689 ambo
766 2633 867 2687 ista
896 2631 1242 2686 exliorrescas
1275 2628 1529 2684 admonet
1557 2630 1573 2660 ¹
1600 2629 1835 2683 veritatis
1866 2629 2115 2684 indicium
2135 2671 2154 2698 ,

562 2734 618 2783 et
647 2726 700 2782 in
728 2725 970 2796 apostolo
998 2723 1156 2778 Petro
1195 2722 1456 2777 mirabilis
1493 2721 1804 2776 humilitatis
1830 2724 2153 2791 exemplum.

634 2821 688 2876 5.
728 2819 834 2876 Sed
875 2818 999 2889 quid
1040 2817 1165 2872 hinc
1196 2815 1432 2871 diutius?
1459 2831 1578 2870 cum
1617 2815 1685 2870 de
1729 2816 1828 2870 hac
1862 2817 2157 2886 quastione

562 2914 704 2969 inter
731 2926 858 2975 nos,
895 2926 994 2979 ego
1019 2918 1071 2964 et
1107 2909 1392 2978 praedictus
1424 2906 1741 2962 venerabilis
1773 2905 1939 2962 frater
1963 2907 2153 2962 Hiero-

563 3019 758 3075 nymus
786 3003 916 3057 satis
948 3001 1136 3055 litteris
1166 2999 1469 3070 egerimus;
1493 3009 1548 3053 et
1577 2998 1628 3053 in
1651 2997 1752 3053 hoc
1777 3013 1940 3069 opere
1969 3014 2158 3055 recen-

563 3095 792 3160 tissimo,
816 3092 954 3162 quod
977 3092 1075 3145 sub
1100 3091 1315 3146 nomine
1330 3089 1588 3145 Critobuli
1611 3088 1868 3144 adversus
1882 3089 2156 3162 Pelagium

563 3185 727 3242 modo
757 3185 922 3241 edidit
951 3183 1087 3253 (Lib.
1118 3184 1138 3237 l
1173 3183 1412 3236 adversus
1435 3180 1666 3252 Pelag.),
1697 3181 1942 3236 eamdem
1965 3181 2033 3236 de
2058 3183 2155 3237 ista

563 3294 625 3333 re
651 3285 800 3348 gesta
824 3276 1085 3344 dictisque
1106 3275 1412 3344 apostolicis
1439 3275 1754 3327 sententiam
1784 3274 1970 3338 tenuit,
1995 3288 2156 3343 quam

566 3367 860 3425 beatissimi
887 3365 1138 3437 Cypriani
1168 3365 1327 3418 etiam
1352 3377 1448 3417 nos
1473 3362 1642 3417 secuti
1667 3378 1851 3418 sumus
1872 3361 2064 3434 (Epist.
2086 3362 2148 3418 Ἠ

565 3461 634 3514 ad
659 3455 962 3530 Quintum).
998 3455 1128 3510 Illud
1155 3455 1333 3526 potius
1359 3454 1423 3508 de
1451 3455 1656 3524 origine
1684 3454 1979 3508 animarum
2001 3497 2016 3521 ,
2047 3469 2153 3510 non

565 3561 786 3624 prepter
813 3559 993 3621 partus
1017 3547 1375 3611 adulterinos,
1405 3546 1498 3600 sed
1530 3553 1744 3615 propter
1770 3545 2151 3610 innocentium,

565 3642 708 3714 quod
733 3639 902 3702 absit,
936 3637 1366 3701 damnationem,
1397 3635 1536 3705 quod
1557 3676 1571 3700 ,
1597 3635 1785 3704 opinor
1805 3678 1819 3701 ,
1858 3651 1962 3692 non
1993 3637 2156 3692 stulte

565 3732 843 3804 quaeritur;
873 3730 917 3784 si
960 3729 1088 3799 quid
1122 3743 1152 3782 a
1192 3727 1280 3781 tuli
1309 3743 1372 3780 ac
1412 3736 1557 3780 tanto
1596 3727 1821 3782 didicisti
1852 3729 1985 3794 viro,
2014 3729 2155 3798 quod

566 3835 714 3881 recte
752 3820 1064 3893 responderi
1102 3819 1495 3890 ambigentibus
1531 3819 1726 3889 possit,
1757 3835 1939 3890 quaeso
1969 3821 2155 3876 nobis-

565 3932 687 3972 cum
709 3915 1102 3970 communicare
1125 3926 1228 3966 non
1254 3912 1475 3965 abnuas.
1502 3911 1575 3966 Ita
1598 3911 1792 3983 quippe
1817 3913 1944 3968 mihi
1971 3915 2023 3968 in
2044 3917 2156 3987 epi-

562 4008 718 4064 stolis
739 4007 844 4062 tuis
863 4005 1101 4061 eruditus
1128 4014 1181 4060 et
1209 4005 1385 4059 suavis
1407 4005 1718 4074 apparuisti,
1748 4014 1806 4061 ut
1832 4021 2009 4077 Opera:
2036 4023 2156 4078 pre-

565 4105 697 4160 tium
725 4103 795 4158 sit
829 4111 1002 4157 tecum
1038 4099 1227 4155 litteris
1252 4099 1504 4170 colloqui.
1534 4099 1725 4154 Nescio
1749 4115 1880 4156 sane
1907 4117 2063 4171 quem
2095 4103 2158 4157 li-

564 4197 724 4251 brum
754 4194 994 4264 ejusdem
1037 4192 1269 4246 hominis
1294 4191 1420 4257 Dei,
1451 4209 1606 4262 quem
1641 4193 1918 4264 presbyter
1935 4193 2156 4250 Orosius

565 4289 774 4353 attulit,
801 4295 1013 4355 tuaeque
1037 4285 1313 4340 Dilectioni
1337 4285 1740 4341 describendum
1763 4287 1908 4342 dedit
1928 4328 1942 4352 ,
1972 4288 2058 4342 ubi
2087 4287 2157 4344 de

566 4379 960 4434 resurrectione
999 4378 1177 4432 carnis
1225 4378 1478 4445 praeclare
1526 4379 1826 4449 disputasse
1879 4379 2152 4446 laudatur,

559 4471 674 4543 jam
708 4470 863 4525 nobis
891 4479 1014 4538 peto
1041 4485 1145 4523 non
1178 4470 1394 4524 dilTeras
1423 4472 1654 4526 mittere.
1681 4473 1805 4528 ldeo
1829 4475 2022 4545 quippe
2050 4491 2154 4531 non

567 4579 691 4620 eum
720 4564 826 4619 cito
852 4563 1216 4633 poposcimus,
1240 4563 1363 4634 quia
1388 4572 1442 4618 et
1467 4563 1872 4621 describendum
1895 4576 1949 4623 et
1975 4585 2156 4624 emcn-

565 4654 801 4713 dandum
832 4657 1019 4725 utique
1039 4655 1421 4724 cogitavimus;
1447 4655 1534 4711 cui
1562 4658 1769 4730 utrique
1792 4661 1940 4729 Operi
1971 4661 2156 4733 largis-

565 4749 760 4804 simum
783 4748 895 4817 jam
926 4754 1178 4816 putamus
1211 4752 1422 4817 tempus
1449 4747 1730 4804 indultum.
1757 4750 1959 4808 Memor
1986 4754 2154 4810 nostri

565 4841 678 4896 Deo
698 4839 866 4896 vivas.

960 4928 1286 4987 EPISTOLA
1325 4930 1588 4987 CLXXXI
1614 4937 1634 4957 ο
1664 4935 1760 5008 (a).

567 5043 914 5111 Innocentius,
928 5043 1337 5116 Cartltaginensis
1357 5045 1556 5100 concilii
1577 5045 1836 5116 Patribus,
1849 5051 2155 5121 con/irmans

603 5138 828 5206 ipsorum
852 5135 1134 5191 doctrinam
1149 5154 1209 5192 ac
1225 5141 1518 5195 sententiam
1534 5141 1771 5198 adversus
1790 5141 2115 5217 Pelagianos.

629 5251 646 5282 ί
663 5256 792 5316 t.ov._,
815 5246 1132 5302 exltorrescas
1164 5257 1346 5304 amovet
1370 5251 1598 5306 veritatis.
1626 5263 1706 5305 .us.
1734 5257 1900 5316 \‘atic.,
1925 5256 2154 5308 exhorre-

562 5324 700 5385 scens
717 5313 957 5385 adnwygct,
979 5320 1076 5385 etc.
1115 5316 1418 5385 Suspieamur
1439 5316 1667 5385 dilemma
1689 5317 1848 5368 isthuc
1887 5313 2017 5383 quod
2041 5333 2152 5385 pro-

563 5375 778 5443 ponitur,
802 5373 907 5423 scil.
935 5380 1022 5424 Aut
1044 5373 1372 5433 verum—dicit.
1408 5385 1490 5443 aut
1538 5380 1732 5443 ﬂtlswtt,
1777 5373 2155 5443 etc.,'men'ibro

746 5409 1209 5550 ipsaseas;
1227 5409 1752 5504 arras;urgear.
1775 5409 2155 5504 mastiter;

609 5514 624 5547 l
736 5513 754 5548 ι
833 5535 846 5550 .
875 5512 906 5548 e
958 5533 971 5548 ι

564 5511 676 5548 rum
701 5511 846 5558 dixit,
875 5511 971 5550 etc.

563 5649 592 5691 ἲ
631 5585 643 5599 ’
664 5583 920 5690 Ittecensita
942 5584 1002 5632 ad
1024 5583 1092 5632 bl.
1116 5585 1194 5632 cb.
1212 5583 1261 5633 ll‘.
1287 5597 1370 5647 gg.
1396 5598 1486 5633 rm.
1514 5587 1581 5635 tb.
1608 5601 1681 5635 ve.
1725 5593 1775 5636 et
1815 5587 1874 5636 ad
1919 5596 2017 5636 Am.
2043 5589 2152 5638 Bad.

587 5658 638 5691 .r.
682 5659 772 5691 .ov.

587 5658 638 5692 Il'.
664 5658 772 5693 ιον.

629 5725 701 5786 (ίι)
728 5723 846 5794 alias
871 5727 920 5794 Sit
955 5742 964 5774 :
994 5737 1289 5794 {infatuetur
1315 5728 1399 5794 1‘81
1428 5740 1553 5789 erat,
1581 5732 1749 5781 ιιυιίυευ
1775 5733 2018 5794 inscripta,
2043 5747 2154 5782 CUI!-

565 5787 750 5838 Inctur
766 5789 813 5835 in
835 5787 1036 5846 cpistola
1056 5790 1137 5837 H7
1159 5789 1217 5839 ad
1236 5789 1493 5841 Paulinam.
1507 5787 1686 5855 sortita
1702 5800 1809 5856 post
1830 5787 2150 5857 superiorem.

1798 304 1854 358 S.
1886 299 2252 359 AUGUSTINI
2293 299 2603 356 EPlSCOPl
3697 306 3781 364 786

2261 415 2632 483 lunocsurtus,
2662 416 2924 482 Aunsuo,
2954 413 3182 470 Numero
3205 415 3245 482 ί,
3272 415 3598 483 Rusrtcuso,
3625 434 3784 477 rlbﬁﬂ.

2328 525 2514 575 TIANO,
2566 496 2818 572 Evscmo,
2866 508 3131 572 ANTONIO,
3182 503 3462 575 PALATINO,
3517 507 3786 584 ADEODHO,

2332 602 2624 658 VINCENTIO
2647 643 2662 666 ,
2712 602 3012 668 PUBLIANO,
3043 601 3304 667 Tueasro,
3335 598 3513 669 ToTo,
3541 597 3789 676 pANSONIO,

2329 693 2580 760 VICTont,
2627 695 2951 759 RESTITUTO,
3000 693 3151 747 alteri
3201 691 3520 757 RESTITUTO,
3575 691 3790 767 llesrtco,

2331 789 2772 853 FORTU-NATIANO,
2815 790 3075 855 Aurum,
3121 789 3368 852 AntBlV‘lo,
3415 788 3620 854 Feucr,
3654 791 3794 848 Dosi-

2332 894 2512 946 Tntuo,
2545 879 2838 932 Aoeoono
2859 919 2872 943 ,
2907 876 3176 941 Ocrsvro,
3217 877 3515 946 StInOTtxo,
3548 877 3794 949 MAIORISO,
3833 889 3836 894 ‘

2331 971 2726 1035 POSTBUIHANO,
2770 969 3053 1036 Cmsruco,
3102 969 3345 1037 VICTost,
3396 971 3543 1027 alteri
3587 971 3795 1044 Vtcront,

2331 1064 2530 1119 Lsucro
2550 1105 2564 1128 ,
2598 1063 2863 1130 MARIANO,
2893 1059 3234 1128 Faucruoso,
3264 1061 3624 1128 Fsttsrtmtso,
3657 1064 3799 1132 Quov-

2336 1169 2606 1222 vuuoso,
2658 1152 2946 1219 Cas-nomo,
2998 1154 3234 1223 Mutuo,
3290 1154 3540 1223 Mecum,
3583 1156 3799 1222 Rusrtco,

2330 1245 2646 1312 RUFINIANO,
2696 1244 2961 1311 Pnocuuo,
3007 1243 3243 1311 Ssvcno,
3284 1245 3528 1311 TnOIIE,
3559 1244 3799 1316 ιλκῦλιιιο,

2329 1339 2661 1404 Οςτμίλκο,
2714 1338 3131 1403 Ρηιετιεςτλτο,
3180 1338 3373 1406 StXTo,
3425 1338 3798 1407 QDODVULTDEO,

2333 1433 2624 1502 PeuTttato,
2657 1438 3080 1504 Quouvuunso,
3109 1437 3400 1502 Crrnuuo,
3435 1435 3690 1500 Ssnvtuo.
3718 1437 3802 1493 Ps-

2332 1545 2576 1595 L/tctsuo,
2605 1530 2914 1598 Manceuo,
2943 1531 3242 1600 VENANTIO,
3275 1531 3496 1597 Dturuo,
3518 1530 3806 1601 SsTeautxo,

2330 1619 2619 1689 BIZACENO,
2653 1621 2934 1688 Genuam),
2969 1623 3345 1691 GERIANIANO,
3375 1622 3639 1690 lvvsstTto,
3669 1625 3805 1680 liuo-

2332 1731 2473 1780 ωηο,
2524 1713 2801 1782 luvaurto,
2855 1719 3112 1786 CANDIDO,
3167 1718 3460 1787 Crrntsuo,
3515 1717 3806 1794 Bonarum,

2333 1806 2619 1875 Emenso,
2645 1809 2936 1873 Armcsuo,
2961 1809 3305 1866 MARCELLINO
3325 1809 3345 1841 ²
3371 1819 3423 1864 et
3447 1810 3644 1864 caeteris
3669 1808 3744 1879 qui
3764 1809 3807 1864 in

2329 1896 2740 1969 Carthaginensi
2755 1902 2982 1956 concilio
2997 1901 3263 1956 affuerunt
3289 1900 3639 1956 dilectissitnis
3665 1899 3808 1955 fratri-

2330 1988 2450 2054 bus,
2481 1991 2534 2045 in
2568 1992 2792 2047 Domino
2821 1994 3068 2048 salutem.

2331 2079 2384 2135 1.
2413 2079 2478 2136 In
2503 2083 2799 2152 requirendo
2837 2084 2900 2138 de
2921 2083 2941 2116 ⁸
2964 2085 3041 2139 his
3094 2090 3264 2152 rebus,
3300 2101 3426 2154 quas
3449 2087 3700 2138 amnicum
3725 2084 3808 2137 sol-

2260 2169 2522 2227 licitudine
2549 2173 2687 2228 decet
2720 2192 2752 2228 ιι
2771 2175 3132 2235 sacerdotibus.
3167 2177 3483 2247 maaimeque
3499 2191 3530 2228 a
3550 2190 3655 2229 vero
3667 2175 3809 2246 justo-

2258 2279 2355 2334 que
2380 2273 2426 2318 et
2463 2265 2714 2320 catholico
2761 2268 2966 2322 tractari
3013 2267 3246 2330 concilio,
3294 2267 3518 2337 antiqua
3561 2265 3812 2318 traditionis

2259 2357 2492 2427 exempla
2517 2368 2788 2420 servantes.
2821 2369 2868 2414 ct
2893 2360 3244 2415 ecclesiastica
3275 2374 3521 2414 memores
3553 2356 3810 2428 disciplina,

2259 2457 2446 2502 nostra:
2468 2449 2728 2521 religionis
2744 2450 2963 2522 vigorem
2987 2467 3083 2504 non
3109 2450 3271 2503 minus
3294 2465 3429 2504 nunc
3447 2448 3501 2504 in
3517 2446 3810 2515 consulendo,

2258 2553 2410 2610 quam
2447 2549 2594 2593 antea
2619 2556 2736 2594 cum
2762 2541 3174 2613 pronuntiaretis,
3210 2555 3330 2594 vera
3373 2538 3567 2596 ratione
3586 2538 3812 2611 ﬁrmauit,

2259 2631 2346 2701 qui
2372 2631 2440 2684 ad
2467 2640 2696 2685 nostrum
2723 2632 3040 2702 referendum
3081 2629 3404 2702 appr-obustis
3443 2644 3550 2686 esse
3575 2629 3810 2702 judicium,

2257 2721 2472 2776 scientes
2499 2722 2622 2794 quid
2642 2723 2940 2792 apostolica:
2970 2721 3113 2786 Sedi,
3145 2738 3261 2775 cum
3296 2737 3472 2778 otntses
3499 2719 3590 2776 hoc
3618 2719 3716 2775 loco
3743 2736 3815 2791 po-

2258 2815 2344 2871 siti
2368 2817 2536 2889 ipsum
2565 2822 2700 2889 sequi
2729 2818 3068 2873 desideremus
3088 2817 3402 2888 apostolum,
3421 2816 3671 2880 debeatur,
3695 2831 3722 2868 α
3739 2831 3815 2887 quo

2259 2910 2368 2981 ipse
2397 2912 2711 2982 episcopatus
2731 2920 2778 2965 et
2806 2920 2908 2964 tota
2931 2911 3201 2964 auctoritas
3225 2909 3451 2964 numinis
3469 2909 3617 2980 ltujus
3637 2909 3812 2962 mut.

2264 2999 2423 3068 Quem
2453 3012 2728 3074 sequentes,
2760 3012 2862 3057 tant
2892 3004 3025 3058 mala
3049 3003 3293 3058 damnare
3319 3003 3549 3059 novimus
3573 3019 3705 3072 quant
3723 3017 3814 3071 pro-

2262 3093 2380 3148 bare
2409 3091 2685 3148 laudanda.
2731 3092 2822 3148 Vel
2850 3094 2905 3150 id
2943 3113 3057 3150 vero
3087 3095 3225 3166 quod
3271 3104 3483 3166 patrum
3523 3095 3729 3150 instituta
3752 3112 3815 3148 sa-

2259 3181 2503 3238 cerdotali
2535 3181 2878 3241 custodientes
2905 3187 3064 3258 ofﬁcio
3093 3203 3192 3242 non
3220 3187 3440 3242 censetis
3467 3203 3570 3241 esse
3591 3185 3812 3251 calcanda,

2258 3273 2396 3344 quod
2420 3273 2498 3330 illi
2526 3293 2628 3331 non
2667 3278 2910 3346 humana,
2960 3279 3051 3333 sed
3079 3278 3248 3333 divina
3292 3277 3554 3335 decrevere
3592 3279 3812 3343 sententia,

2259 3373 2314 3418 ut
2342 3367 2588 3437 quidquid
2611 3372 2836 3438 quamvis
2875 3371 2927 3424 in
2956 3370 3227 3442 disjunctis
3263 3371 3568 3443 remotisque
3595 3370 3814 3443 provinciis

2259 3468 2510 3528 ageretur,
2539 3477 2639 3514 non
2668 3463 2810 3533 prius
2837 3462 3074 3516 ducerent
3121 3463 3427 3533 ﬁniendum.
3468 3465 3564 3521 nisi
3605 3465 3662 3518 ad
3691 3462 3809 3533 lutjtts

2262 3548 2412 3605 Sedis
2460 3553 2691 3607 notitiam
2746 3554 3021 3624 perveniret
3063 3570 3082 3608 :
3122 3564 3178 3608 ut
3218 3564 3326 3610 tota
3374 3558 3528 3626 huius
3568 3551 3812 3610 auctoritate

2250 3641 2394 3713 justa
2435 3660 2547 3713 qua
2581 3645 2733 3715 fuerit
2781 3645 3123 3715 pronuntiatio
3169 3647 3486 3717 ﬁrmaretur,
3531 3647 3724 3716 indeque
3744 3661 3813 3698 su-

2265 3743 2453 3788 merent
2481 3748 2676 3790 cwterte
2703 3733 2943 3790 Ecclesite
2968 3735 3131 3808 (velut
3165 3737 3227 3791 de
3259 3739 3426 3793 natali
3451 3756 3540 3794 suo
3564 3742 3688 3811 fonte
3703 3751 3814 3806 aqua

2266 3837 2465 3882 cuncta?
2485 3829 2828 3898 procederent,
2853 3838 2899 3882 et
2919 3846 3009 3900 per
3029 3829 3250 3885 diversas
3266 3832 3425 3887 totius
3447 3830 3614 3886 mundi
3631 3828 3814 3900 regiones

2262 3918 2380 3988 puri
2407 3918 2584 3974 latices
2611 3921 2790 3990 capitis
2813 3920 3092 3993 incorrupti
3125 3925 3435 3991 manarent)
3460 3923 3578 3990 quid
3617 3920 3816 3992 pracipe-

2259 4019 2390 4077 rent,
2418 4027 2543 4080 quos
2568 4009 2849 4079 abluerent,
2873 4028 2997 4081 quos
3024 4013 3156 4066 velut
3181 4029 3324 4066 cerno
3355 4012 3702 4069 inemundabili
3721 4026 3808 4067 sor-

2260 4101 2461 4156 didatos
2487 4103 2688 4159 mundis
2708 4103 2863 4175 digna
2889 4105 3178 4174 corporibus
3209 4107 3348 4160 unda
3368 4107 3563 4162 vitaret.

2265 4241 2272 4250 .
2329 4194 2384 4249 2.
2417 4195 2659 4250 Gratulor
2675 4197 2849 4268 igitur,
2864 4198 3047 4268 fratres
3066 4199 3374 4265 charissimi,
3399 4199 3538 4272 quod
3550 4215 3634 4272 per
3643 4202 3814 4272 fratrem

2260 4295 2307 4338 et
2333 4285 2684 4359 coepiscOpum
2714 4299 2941 4342 nostrum
2961 4286 3160 4342 Julium
3192 4287 3391 4343 litteras
3425 4290 3495 4343 ad
3526 4306 3613 4343 nos
3633 4286 3813 4342 destina-

2257 4378 2367 4440 stis,
2395 4386 2440 4432 et
2465 4396 2578 4432 cum
2605 4379 2707 4434 illis
2731 4396 2907 4434 curam
2933 4382 3104 4451 geritis
3133 4380 3313 4451 quibus
3361 4380 3634 4452 prmsidetis
3674 4375 3812 4434 Eccle-

2261 4469 2368 4536 siis,
2398 4472 2792 4528 sollicitudinem
2819 4481 3034 4527 vestram
3064 4489 3157 4544 pro
3207 4474 3434 4526 omnium
3465 4474 3670 4527 utilitate
3691 4486 3810 4523 mon-

2258 4562 2451 4628 stratis,
2479 4572 2526 4615 et
2546 4578 2634 4632 per
2659 4570 2864 4617 cunctas
2888 4564 3039 4616 totius
3065 4561 3197 4616 orbis
3222 4561 3478 4617 I'Icclesias
3503 4562 3714 4617 omnibus
3733 4573 3810 4611 uno

2258 4652 2394 4723 quod
2422 4654 2580 4725 prosit
2607 4654 2970 4707 decernendum
2998 4671 3106 4708 esse
3121 4655 3390 4725 deposcitis
3411 4671 3430 4708 :
3452 4665 3502 4708 ut
3526 4653 3624 4709 suis
3642 4661 3808 4707 consta-

2261 4743 2400 4798 bilila
2427 4745 2614 4818 regulis
2637 4744 2882 4812 Ecclesia,
2908 4755 2955 4801 et
2985 4746 3097 4813 hoc,
3130 4761 3229 4817 quo
3256 4745 3373 4800 illos
3401 4756 3590 4810 caveat,
3620 4757 3809 4818 pronun-

2259 4839 2478 4895 tiationis
2491 4840 2649 4910 justa:
2667 4841 2870 4910 ﬁrmata
2893 4841 3086 4896 decreto
3114 4839 3296 4897 talibus
3318 4857 3499 4912 pavere
3520 4859 3615 4897 non
3635 4838 3768 4912 possit
3789 4840 3804 4865 δ

2261 4934 2344 5005 qui
2374 4935 2616 5006 perversis
2640 4933 2888 5002 instructi,
2913 4933 3016 4989 into
3054 4931 3290 4990 destructi
3313 4936 3575 4990 verborum
3614 4929 3807 5005 argutiis.

2324 5092 2340 5123 ι
2366 5093 2439 5162 sic
2460 5092 2510 5140 in
2529 5093 2802 5162 esssﬂstie.
2816 5100 2879 5162 _et
2899 5091 3062 5162 Gallic.
3088 5100 3143 5144 Αι
3163 5094 3214 5143 in
3228 5091 3465 5162 vulgatis,
3490 5093 3810 5162 nomitoutto

2258 5152 2467 5265 gregali?
2490 5154 2744 5205 subditur:
2768 5160 2826 5206 Et
2845 5154 3063 5207 cautibus
3081 5155 3262 5208 smmis
3300 5152 3552 5222 e‘piscdpis,
3596 5154 3664 5207 vel
3693 5157 3808 5204 cate-

2257 5228 2344 5278 ns,
2366 5228 2460 5265 etc.

2321 5299 2343 5330 ¹
2367 5305 2430 5347 ita
2454 5304 2560 5366 Mss.
2587 5305 2798 5366 excepto
2820 5300 2964 5351 vatic.
2989 5303 3072 5366 qui
3106 5308 3214 5366 post
3245 5287 3422 5366 nomen
3459 5295 3709 5352 ttat-cellim'
3726 5295 3808 5344 hac

2261 5362 2542 5428 interponit,
2571 5367 2618 5428 et
2645 5359 2863 5412 cautibus
2885 5359 3063 5414 sauciis
3080 5359 3328 5428 episcopis.

2326 5424 2472 5490 fuiss.
2495 5425 2632 5473 Corb.
2655 5431 2710 5490 et
2731 5430 2907 5474 Germ.:
2939 5434 2992 5475 In
3015 5423 3315 5490 requirendi;
3339 5423 3430 5476 Dei
3452 5425 3608 5490 rebus=

2323 5485 2346 5517 δ
2367 5485 2439 5533 Sic
2460 5491 2565 5534 Mss.
2589 5483 2749 5534 Gallic.
2777 5493 2829 5535 Al
2863 5499 2990 5537 unus
3013 5501 3042 5536 e
3068 5482 3210 5537 (atic.
3245 5488 3389 5536 habet
3414 5499 3427 5535 :
3463 5492 3516 5534 tt
3536 5482 3630 5536 suis
3651 5484 3806 5533 catula-

2261 5544 2410 5611 bilitte
2432 5546 2612 5611 regulis
2637 5545 2861 5598 Ecclesia!
2879 5555 2924 5598 et
2943 5549 3028 5599 hos
3049 5555 3244 5611 caveant
3264 5546 3487 5611 institutis
3501 5546 3654 5611 ﬁrmis
3664 5543 3807 5607 decre-

2259 5608 2450 5678 talibus,
2467 5607 2514 5678 et
2530 5607 2648 5659 alios
2665 5622 2865 5678 quorum
2881 5612 3091 5661 nondum
3107 5609 3310 5675 perﬁdia
3325 5607 3590 5678 patuit,'qni
3604 5613 3807 5678 ρεῃνζδξδ

2259 5669 2494 5726 instructi,
2525 5679 2619 5721 etc.
2646 5667 2754 5722 uad.
2780 5682 2879 5721 Am.
2905 5680 2979 5722 Er.
3001 5680 3053 5723 et
3074 5667 3224 5724 bovf:
3254 5667 3422 5723 etsuis
3443 5667 3724 5721 munitam
3742 5674 3805 5726 tie-

2259 5731 2384 5795 gulis
2408 5723 2631 5792 Ecclas't,
2655 5733 2823 5804 9.1;le
2845 5735 2971 5799 quod
2985 5733 3092 5787 illos
3114 5723 3274 5786 caveat
3287 5723 3806 5800 ptumi“

2257 5793 2454 5859 ]irntata
2477 5794 2796 5846 decretalsbus

2299 5805 2454 5845 rntata
2477 5805 2796 5846 decretath
