3990 6416
189 329 271 388 ’181
1344 321 1749 382 EPISTOLARI

1860 315 2132 382 CLASSIS
2171 321 2255 383 Ill.

184 445 264 502 sub
287 443 491 517 imagine
513 441 775 499 catholica
791 442 913 514 ﬁdei
930 441 1267 514 disputantes,
1288 439 1421 496 velut
1447 439 1740 513 pestiferum

183 539 443 595 exhalantes
465 538 619 602 virus,
647 547 702 592 ut
730 539 990 593 hominum
1013 546 1146 594 recte
1172 537 1492 594 sentientium
1527 537 1581 592 in
1605 535 1745 591 dete-

181 633 340 686 riorem
360 639 548 700 portent
574 631 731 685 corda
765 639 1110 703 corrumpant,
1159 638 1318 686 totam
1353 631 1456 686 veri
1489 630 1742 702 dogmatis

175 730 384 793 quarunt
408 731 622 777 evertere
647 722 990 794 disciplinam.

239 815 286 868 ὅ.
309 811 604 868 Sanandum
643 831 764 886 ergo
799 815 1030 880 celerius,
1062 832 1124 870 ne
1163 816 1364 887 longius
1405 816 1743 872 exsecrandus

181 905 337 961 animis
359 906 556 962 morbus
582 907 775 979 irrepat
804 923 820 962 :
845 909 973 962 sicut
998 907 1222 964 medicus
1239 925 1355 964 cum
1377 909 1558 964 viderit
1586 909 1742 980 hujus

185 1001 341 1056 terreni
366 1003 591 1074 corporis
626 1003 847 1073 aliquem
887 1019 996 1058 esse
1024 1002 1340 1074 languorem,
1369 1019 1610 1075 magnum
1636 1019 1743 1058 sure

186 1096 290 1151 artis
310 1096 514 1152 sustineat
537 1096 914 1162 documentum.
943 1099 989 1154 si
1007 1100 1108 1154 cito
1131 1099 1247 1171 quis
1283 1100 1422 1155 illius
1463 1102 1741 1156 interventu

188 1191 445 1262 desperatus
469 1191 683 1256 evadat;
705 1192 784 1248 vel
805 1209 923 1248 cum
946 1202 1094 1264 putre
1125 1192 1308 1249 vulnus
1353 1196 1622 1267 aspexerit,
1650 1195 1746 1249 od-

189 1283 296 1336 bibet
315 1285 526 1355 [omento
545 1281 626 1338 vel
652 1293 853 1351 ctutera,
875 1283 1054 1354 quibus
1079 1285 1212 1340 illud
1230 1287 1386 1356 possit
1413 1287 1548 1356 quod
1569 1296 1744 1343 natum

189 1379 323 1447 fuerat
348 1375 521 1430 vulnus
541 1375 727 1430 obduci
745 1393 765 1442 ;
783 1393 844 1431 ac
871 1377 917 1432 si
933 1377 988 1432 id
1011 1394 1218 1433 manens
1238 1381 1412 1433 sanari
1426 1397 1524 1432 non
1538 1380 1740 1450 poterit,

191 1485 237 1524 ne
244 1484 409 1539 corpus
419 1467 663 1538 reliquum
673 1485 765 1524 sua
780 1468 893 1524 tabe
901 1478 1210 1542 corrumpat,
1225 1473 1360 1542 {erro
1371 1479 1599 1541 amputat
1607 1470 1745 1542 quod

189 1561 379 1627 nocebat,
403 1577 500 1632 quo
521 1561 772 1634 reliquum
792 1563 1043 1633 integrum
1054 1571 1214 1617 servet
1246 1572 1294 1617 et
1311 1563 1571 1617 intactum.
1597 1560 1746 1616 Prae-

187 1652 419 1708 ridendum
449 1653 502 1708 id
525 1669 645 1726 ergo
663 1664 762 1721 est,
807 1653 944 1725 quod
971 1654 1105 1711 velut
1133 1670 1260 1725 puro
1291 1669 1512 1722 sonoque
1533 1654 1746 1708 nimium

187 1745 354 1815 corpori
376 1746 555 1801 vulnus
583 1745 825 1819 obrepsit,
863 1763 926 1800 ne
959 1763 1077 1802 cum
1101 1745 1296 1801 tardius
1326 1744 1647 1818 abstergitur,
1692 1745 1744 1799 in

186 1837 289 1904 ipsis
309 1855 428 1909 pene
455 1839 722 1895 visceribus
759 1839 916 1906 huius
959 1839 1084 1894 mali
1121 1855 1222 1894 non
1258 1837 1604 1894 exhauriendo
1631 1847 1746 1909 post

185 1928 349 1982 sentina
371 1928 614 1984 considat.

250 2019 296 2074 4.
337 2019 466 2074 Nam
493 2021 616 2092 quid
654 2037 747 2076 nos
797 2020 862 2076 de
902 2020 982 2077 his
1022 2021 1233 2093 posthac
1264 2029 1457 2078 rectum
1499 2019 1744 2076 mentibus

184 2111 509 2180 existimemus,
537 2112 623 2184 qui
659 2111 754 2168 sibi
778 2129 833 2167 se
877 2123 1058 2186 putant
1083 2111 1260 2169 debere
1284 2112 1421 2185 quod
1455 2112 1572 2168 boni
1605 2121 1742 2178 sunt,

186 2218 259 2256 nec
282 2202 416 2258 illum
438 2203 758 2259 considerant
781 2205 927 2278 cujus
945 2205 1171 2276 quotidie
1188 2205 1405 2277 gratiam
1431 2222 1746 2276 consequun-

187 2295 410 2352 tur?Sed
417 2298 532 2368 jam
563 2297 671 2365 isti,
700 2299 786 2370 qui
821 2299 945 2354 tales
983 2308 1121 2364 sunt,
1152 2297 1348 2353 nullam
1386 2296 1484 2353 Dei
1527 2299 1747 2370 gratiam

184 2400 542 2460 consequuntur,
575 2389 664 2460 qui
684 2390 793 2445 sine
812 2389 902 2444 illo
929 2399 1121 2444 tantum
1150 2406 1205 2444 se
1227 2390 1426 2459 assequi
1451 2405 1596 2460 posse
1619 2405 1744 2444 con-

186 2479 345 2548 ﬁdunt,
369 2490 612 2553 quantum
653 2481 738 2536 vix
763 2481 840 2536 illi
876 2481 964 2552 qui
988 2479 1050 2536 ab
1075 2480 1168 2536 illo
1203 2480 1484 2554 postulant,
1524 2481 1748 2552 accipere

184 2584 517 2642 promerentur.
553 2573 689 2640 Quid
713 2575 844 2628 enim
883 2584 985 2629 tam
1021 2574 1251 2645 iniquum
1281 2582 1439 2644 potest
1477 2589 1600 2638 esse,
1645 2583 1745 2626 tam

186 2663 441 2732 barbarum,
471 2677 574 2720 tam
604 2667 755 2722 totius
784 2667 1040 2738 religionis
1063 2667 1318 2738 ignarum,
1339 2675 1441 2719 tam
1459 2665 1748 2719 christianis

184 2757 402 2812 tuentibus
431 2758 711 2826 inimicum,
737 2775 889 2830 quam
928 2758 1045 2813 huic
1084 2767 1132 2812 te
1167 2773 1349 2830 negare
1375 2756 1553 2812 debere
1593 2756 1716 2827 quid
1725 2788 1745 2798 -

182 2847 288 2917 quid
308 2850 356 2904 in
382 2851 676 2921 quotidiana
706 2853 870 2923 gratia
897 2851 1234 2922 consequeris,
1270 2851 1353 2904 cui
1377 2861 1425 2905 te
1448 2850 1556 2920 ipse
1583 2851 1745 2918 conﬁ-

183 2939 286 2994 teris
308 2940 478 2997 debere
503 2943 640 3014 quod
669 2953 820 2998 notus
845 2944 940 3000 es?
963 2942 1102 3014 Ergo
1129 2945 1226 2998 eris
1255 2944 1343 2998 tibi
1364 2946 1414 2997 in
1439 2943 1747 3013 providendo

183 3033 495 3099 prastantior,
519 3051 670 3104 quani
693 3044 854 3104 potest
875 3035 928 3089 in
957 3043 1006 3090 te
1033 3051 1160 3100 esse,
1185 3035 1270 3106 qui
1295 3045 1342 3088 te
1377 3044 1428 3088 ut
1469 3052 1598 3089 esses
1621 3033 1743 3101 e/fe-

183 3122 276 3179 citl
296 3123 495 3180 Etcum
518 3137 565 3181 te
590 3136 732 3197 putes
772 3128 818 3181 ei
857 3111 1032 3182 debere
1057 3128 1191 3198 quod
1227 3127 1370 3193 vivis,
1415 3127 1667 3200 quomodo
1703 3137 1749 3180 te

184 3235 266 3274 non
294 3230 435 3290 putas
454 3220 534 3275 illi
551 3220 729 3276 debere
747 3222 883 3294 quod
902 3221 1250 3292 quotidianam
1269 3223 1378 3293 ejus
1402 3220 1748 3290 consequendo

183 3314 372 3380 gratiam
397 3315 564 3369 taliter
600 3315 764 3368 vivis?
791 3313 857 3368 Et
896 3314 981 3383 qui
1014 3331 1104 3369 nos
1133 3315 1386 3385 adjutorio
1425 3330 1578 3384 negas
1616 3313 1750 3366 indi-

183 3420 279 3475 gere
297 3407 482 3475 divino,
507 3408 652 3476 quasi
688 3425 751 3462 ea:
784 3417 955 3462 nostra
989 3408 1042 3462 in
1081 3417 1241 3467 totum
1269 3407 1594 3477 possibilitate
1630 3423 1745 3478 per-

183 3495 332 3564 fectos,
365 3500 616 3570 quomodo
646 3516 748 3554 non
770 3501 785 3531 ¹
817 3499 1130 3571 adjutorium
1152 3499 1262 3560 eius
1277 3498 1329 3552 in
1351 3514 1462 3564 nos,
1483 3515 1596 3552 cum
1624 3498 1751 3552 tales

185 3606 211 3643 ι
229 3593 358 3648 nobis
381 3593 531 3648 etiam
557 3609 665 3648 esse
685 3609 972 3665 possumus,
1000 3608 1330 3663 provocamus
1344 3592 1371 3648 1’

241 3685 287 3742 5.
315 3687 417 3752 Qui
443 3687 575 3741 enim
605 3686 919 3757 adjutorium
940 3685 1036 3740 Dei
1053 3695 1225 3758 negat,
1247 3685 1423 3741 vellem
1441 3687 1752 3758 interrogare

187 3778 287 3844 quid
305 3780 472 3845 dicat;
513 3795 606 3834 nos
652 3792 753 3832 non
797 3777 994 3843 mereri,
1041 3794 1108 3831 an
1136 3777 1281 3832 illum
1329 3778 1425 3830 hoc
1462 3794 1562 3830 non
1609 3793 1752 3846 posse

190 3873 438 3939 praestare?
477 3889 546 3926 an
585 3870 716 3926 nihil
739 3887 847 3926 esse
871 3880 1077 3941 propter
1101 3871 1236 3941 quod
1277 3872 1614 3940 unusquisque
1657 3871 1752 3924 hoc

189 3964 332 4020 debeat
359 3967 660 4040 postulare?
687 3964 846 4020 Posse
869 3966 966 4020 hoc
1004 3964 1189 4030 Deum,
1231 3981 1384 4035 opera
1424 3965 1535 4036 ipsa
1567 3971 1752 4018 testan-

192 4064 285 4122 tsr;
316 4067 361 4112 et
387 4058 648 4129 adjutorio
675 4057 972 4128 quotidiano
995 4073 1089 4112 nos
1116 4072 1275 4128 egere,
1304 4071 1488 4127 negare
1514 4072 1614 4110 non
1636 4073 1754 4127 pos-

191 4163 351 4204 sumus.
388 4149 504 4204 Hoc
522 4150 655 4204 enim
675 4165 765 4204 seu
788 4148 912 4203 bene
939 4149 1169 4214 vivimus,
1200 4163 1547 4216 provocamus,
1576 4156 1632 4200 ut
1651 4164 1754 4200 me-

194 4238 610 4311 linsanctiusque
630 4242 889 4307 vivamus;
929 4256 1018 4296 seu
1057 4255 1209 4312 prave
1234 4239 1497 4294 sentientes
1540 4255 1572 4291 o
1613 4239 1754 4291 bonis

193 4335 452 4398 avertimur,
485 4343 539 4387 ut
575 4333 644 4386 ad
683 4343 872 4386 rectam
926 4332 1187 4386 redeamus
1223 4331 1374 4396 viam,
1413 4331 1525 4401 ejus
1561 4329 1754 4384 auxilio

196 4423 287 4489 plus
308 4442 526 4498 egemus.
559 4424 698 4480 Nam
733 4424 857 4497 quid
890 4433 995 4478 tam
1021 4424 1357 4497 mortiferum,
1395 4434 1498 4477 tam
1531 4439 1754 4496 preeceps

198 4515 386 4573 Iideatur
407 4517 483 4573 ad
505 4533 700 4583 casum,
744 4526 850 4572 tam
872 4517 1157 4588 expositum
1191 4515 1260 4570 ad
1295 4516 1467 4572 omnia
1507 4515 1750 4586 pericula,

197 4605 231 4658 si
247 4609 326 4664 hoc
338 4612 505 4666 solum
533 4610 677 4664 nobis
699 4618 932 4680 putantes
952 4623 1097 4678 posse
1118 4607 1362 4679 suﬁcere,
1387 4609 1524 4679 quod
1543 4607 1754 4662 liberum

199 4696 429 4756 arbitrium
443 4717 554 4755 cum
569 4715 888 4755 nasceremur
898 4699 1206 4770 accepimus,
1224 4701 1361 4754 ultra
1363 4700 1479 4770 jam
1494 4716 1524 4751 a
1541 4698 1754 4752 Domino

201 4787 306 4844 nihil
317 4791 679 4863 queeramusjd
695 4791 1011 4856 est,auctoris
1025 4792 1184 4845 nostri
1194 4790 1468 4862 obliti,ejus
1485 4794 1755 4861 potentiam

200 4887 242 4931 ut
264 4897 342 4938 nos
365 4885 690 4940 ostendamus
705 4885 906 4950 liberos,
925 4883 1234 4956 objuremus,
1255 4885 1398 4954 quasi
1407 4884 1522 4954 jam
1538 4887 1755 4953 amplius

201 4973 310 5035 φιοά
330 4979 484 5046 possit
510 4976 635 5030 dare
661 4993 763 5031 non
790 4976 989 5042 habeat,
1021 4976 1107 5048 qui
1131 4985 1180 5031 te
1208 4977 1260 5030 in
1287 4986 1374 5030 tuo
1403 4987 1516 5031 ortu
1543 4979 1754 5032 liberum

204 5061 617 5130 fecitinescientes
656 5069 790 5139 quod
826 5069 927 5124 nisi
968 5068 1166 5142 magnis
1192 5069 1420 5140 precibus
1446 5071 1497 5124 in
1528 5087 1618 5124 nos
1664 5070 1757 5125 Dei

205 5159 338 5221 σηιξη
359 5161 634 5235 implorata
657 5161 946 5219 descendat.
986 5177 1296 5233 nequaquam
1323 5170 1536 5216 terrente
1559 5161 1685 5217 labis
1711 5174 1757 5217 et

207 5251 414 5309 mundani
436 5255 670 5326 corporis
698 5254 894 5308 vincere
934 5269 1174 5308 conemur
1217 5271 1429 5321 errores,
1460 5272 1574 5310 cum
1612 5274 1756 5327 pares

208 5353 281 5396 ποθ
307 5345 366 5400 ad
387 5347 719 5404 resistendum
747 5364 844 5401 non
867 5347 1076 5401 liberum
1103 5347 1382 5412 arbitrium,
1416 5347 1506 5402 sed
1547 5348 1640 5401 Dei
1671 5368 1752 5402 sn-

259 5495 392 5564 ξω.
413 5511 516 5554 Am.
540 5509 616 5552 Er.
651 5509 702 5553 ct
730 5508 865 5564 Lov._,
890 5501 1124 5564 quomodo
1143 5513 1273 5552 vero.
1307 5508 1487 5564 Αιμδε.
1513 5504 1672 5552 (ιθίιῑυ.
1710 5517 1752 5555 Η

210 5557 349 5628 meq
368 5567 597 5628 Quomodo
611 5577 718 5615 non.
743 5564 816 5628 sic
837 5557 1102 5628 legendum
1123 5577 1233 5614 esse
1248 5563 1542 5628 intelligitur
1567 5581 1627 5628 ex
1650 5581 1759 5615 Cun-

209 5624 520 5692 fgquent'ihus;
537 5629 650 5692 quia
675 5627 880 5692 probare
895 5624 1001 5674 imit
1019 5625 1339 5692 Innocentius,
1353 5624 1536 5692 justum
1558 5627 1652 5692 vita
1671 5643 1727 5692 su
1749 5651 1756 5678 ε

211 5687 436 5758 Eligam
455 5687 688 5758 minus
708 5689 816 5758 Dei,
827 5702 924 5752 quo
943 5688 1156 5758 sanctius
1175 5689 1317 5738 vivat.
1342 5687 1457 5737 Hinc
1479 5688 1618 5758 paulo
1642 5690 1760 5758 intra

211 5742 450 5861 ᾔὲἐδυηε
469 5753 668 5806 habent,
698 5765 775 5800 κοη
799 5742 911 5798 Μή.-
941 5748 1152 5810 cirinzus,
1185 5742 1619 5814 proroconntsmbi
1644 5753 1755 5804 sua.

344 5826 347 5828 ’
363 5845 374 5861 ι
397 5823 648 5861 metatum”.

303 5817 374 5868 es,
397 5823 648 5873 precatum.

3336 332 3444 395 782

1851 439 1957 495 lum
1978 440 2141 510 facere
2161 426 2319 512 possit
2349 441 2615 497 aus-ilium.

1922 533 1976 590 6.
2021 533 2157 588 Nam
2186 535 2227 588 si
2254 533 2342 589 ille
2360 535 2544 589 clamat
2567 535 2822 607 adjutorio
2845 535 2941 592 sibi
2960 553 3088 607 opus
3113 555 3218 594 esse
3237 541 3426 610 divino,

1849 625 1937 694 qui
1954 625 2106 697 digne
2133 628 2228 681 hoc
2269 645 2368 682 non
2413 637 2674 698 quan-cret,
2720 629 2874 684 sicui
2917 629 3126 686 liberum
3170 632 3434 688 arbitrium

1854 719 1969 788 plus
2003 720 2296 789 prodesset;
2323 720 2510 790 quippe
2533 737 2648 775 cum
2689 721 2764 774 vir
2787 721 2959 776 beatus
2982 731 3029 777 et
3045 723 3161 794 jam
3188 725 3372 794 electus
3403 744 3437 780 a

1851 808 2071 866 Domino
2101 813 2230 866 nihil
2258 822 2459 884 egeret;
2498 823 2664 867 tamen
2709 814 2781 868 ita
2816 812 2980 868 Deum
3021 814 3322 887 deprecatur
3347 835 3441 887 po-

1851 905 2064 972 stulans,
2104 925 2120 957 1
2144 905 2364 976 Adjutor
2384 922 2520 960 meus
2543 915 2681 971 esto;
2707 923 2770 961 ne
2793 905 3110 980 derelinquas
3137 926 3234 977 me,
3284 927 3442 982 neque

1852 999 2099 1068 despicias
2121 1017 2218 1064 me,
2244 997 2384 1053 Deus
2403 998 2641 1053 salutaris
2672 1015 2838 1054 meus»
2866 998 3035 1068 (Psal.
3066 1017 3213 1067 XXVI,
3237 1001 3293 1073 9)
3318 1020 3442 1058 :nos

1851 1094 1994 1148 nobis
2020 1094 2229 1148 liberum
2275 1093 2573 1158 arbitrium;
2602 1093 2687 1149 ille
2715 1093 2810 1150 sibi
2837 1093 2996 1152 Deum
3033 1096 3255 1166 postulat
3279 1097 3440 1167 adju-

1850 1193 2006 1240 torem
2030 1188 2054 1240 .'
2077 1186 2213 1259 quod
2258 1188 2363 1240 noti
2404 1204 2578 1242 sumus
2617 1203 2762 1258 posse
2799 1189 3024 1259 sumcere
3063 1206 3154 1243 nos
3195 1191 3435 1259 dicimus,

1848 1281 1932 1336 ille
1957 1280 2116 1334 Deum
2142 1298 2203 1335 ne
2222 1281 2595 1352 derelinquatur
2618 1282 2825 1336 exorat!
2849 1281 2987 1346 Non,
3005 1299 3148 1355 rogo,
3174 1285 3440 1357 manifeste

1849 1373 2110 1434 discimus,
2139 1372 2260 1441 quid
2299 1389 2496 1426 oremus
2533 1376 2569 1439 ί,
2614 1390 2730 1427 cum
2755 1373 2842 1428 ille
2867 1383 3127 1444 tantOpere
3161 1375 3354 1444 beatus,
3384 1386 3442 1432 ut

1847 1482 2004 1535 supra
2045 1466 2285 1527 diximus,
2337 1467 2411 1520 vir
2452 1482 2513 1518 ne
2549 1465 2859 1536 despiciatur
2895 1467 3139 1536 exoptat?
3178 1465 3269 1524 Illi
3307 1472 3442 1524 enim

1849 1573 2046 1612 necesse
2065 1566 2136 1612 est
2159 1557 2258 1611 ista
2278 1566 2515 1628 arguant,
2543 1558 2628 1626 qui
2647 1558 2736 1612 illa
2760 1558 3087 1627 conﬁrmant.
3117 1557 3286 1615 David
3308 1563 3441 1617 enim

1850 1650 2091 1704 orationis
2120 1651 2348 1720 ignarus,
2397 1659 2441 1703 et
2471 1665 2576 1704 sua!
2603 1659 2798 1704 natura:
2826 1651 3020 1703 nescius
3049 1661 3327 1719 accusetur,
3355 1655 3443 1724 qui

1850 1757 1965 1796 cum
1993 1743 2013 1773 ²
2041 1743 2168 1796 sciat
2193 1750 2386 1795 tantum
2417 1742 2470 1794 in
2515 1757 2608 1794 sua
2662 1742 2825 1796 inesse
2889 1751 3070 1796 natura
3094 1785 3108 1805 ,
3160 1745 3443 1814 adjutorem

1849 1835 1944 1890 sibi
1974 1834 2135 1888 Deum
2154 1844 2202 1888 et
2231 1834 2492 1890 assiduum
2531 1834 2834 1906 adjutorem,
2863 1851 2952 1889 nec
2996 1835 3071 1889 illi
3109 1837 3288 1908 sufﬁcit
3308 1840 3442 1894 assi-

1851 1930 2025 1996 duum,
2057 1932 2147 1987 sed
2185 1948 2258 1994 ,ne
2293 1932 2567 2002 aliquando
2611 1932 2755 1987 illum
2798 1934 3042 2003 despiciat
3077 1976 3089 1996 ,
3133 1935 3444 1992 orationibus

1853 2040 2042 2094 pronus
2062 2033 2285 2094 exoptat,
2313 2034 2359 2077 et
2380 2041 2468 2094 per
2492 2041 2674 2095 corpus
2702 2042 2847 2079 omne
2872 2023 3110 2080 Psalterii
3130 2027 3225 2080 hoc
3245 2041 3290 2081 et
3312 2045 3444 2098 prae-

1851 2115 1986 2170 dicat
2010 2124 2056 2168 et
2081 2113 2307 2170 clamat!
2338 2116 2398 2170 Si
2437 2133 2554 2187 ergo
2577 2117 2671 2170 hoc
2695 2117 2783 2170 ille
2809 2126 2910 2170 tam
2938 2135 3150 2188 magnus
3177 2120 3306 2172 sicut
3351 2138 3440 2174 as-

1849 2209 1994 2262 sidue
2038 2207 2223 2271 dicere,
2263 2208 2334 2261 ita
2360 2208 2694 2262 necessarium
2741 2208 2998 2279 confessus
3028 2220 3100 2263 est
3127 2221 3179 2266 ut
3206 2211 3442 2276 doceret;

1850 2300 2273 2369 quemadmodum
2310 2299 2546 2372 Pelagius
2572 2299 2909 2372 Celestiusque
2933 2303 3150 2373 seposita
3190 2307 3326 2359 omni
3364 2324 3442 2359 re-

1851 2395 2121 2464 sponsione
2149 2391 2497 2460 Psolmorum,
2523 2395 2708 2465 talique
2732 2395 2964 2450 abdicata
2989 2395 3236 2460 doctrina,
3259 2417 3442 2454 suosu-

1853 2503 1936 2540 ros
1957 2503 2008 2540 se
2033 2485 2281 2557 aliquibus
2310 2504 2416 2540 esse
2444 2487 2726 2557 conﬁdunt,
2760 2504 2850 2542 nos
2872 2489 3182 2559 adjutorium
3216 2487 3310 2544 Dei
3354 2511 3442 2546 nec

1853 2579 2030 2632 debere
2057 2594 2300 2650 qutz’rere,
2325 2595 2412 2632 nec
2442 2595 2498 2633 eo
2519 2593 2697 2650 egere;
2716 2597 2830 2632 cum
2860 2597 3030 2634 omnes
3057 2583 3217 2635 sancti
3246 2584 3374 2639 nihil
3390 2602 3445 2639 se

1850 2671 1959 2723 sine
1984 2669 2079 2724 hoc
2097 2685 2241 2740 agere
2267 2686 2411 2740 posse
2438 2679 2676 2724 testentur
2709 2671 2734 2724 ?

1924 2763 1976 2816 7.
2019 2760 2250 2816 Liberum
2270 2764 2399 2816 enim
2426 2761 2687 2816 arbitrium
2722 2763 2842 2816 olim
2881 2764 2966 2817 ille
2991 2781 3274 2835 perpessus,
3319 2767 3442 2822 dum

1852 2855 1956 2909 suis
1978 2855 2313 2910 inconsultius
2334 2857 2490 2910 utitur
2512 2856 2674 2922 bonis,
2719 2856 2902 2910 cadens
2931 2858 2982 2912 in
3011 2861 3442 2929 prtceru'icatiom's

1853 2949 2110 3018 profunda
2152 2951 2409 3004 demersus
2436 2960 2544 3013 est;
2571 2960 2616 3003 et
2639 2949 2767 3004 nihil
2799 2950 3223 3021 quemadmodum
3261 2955 3443 3008 exinde

1851 3059 2055 3112 surgere
2084 3054 2247 3111 posset
2272 3043 2455 3096 invenit
2480 3059 2708 3114 ,‘suaque
2741 3045 2790 3097 in
2828 3056 3068 3100 veternum
3095 3045 3318 3101 libertate
3343 3049 3436 3101 de-

1850 3143 2025 3203 ceptus
2055 3133 2206 3202 hujus
2252 3133 2413 3187 ruina:
2441 3135 2684 3204 jaeuisset
2728 3152 2988 3205 oppressu,
3036 3137 3132 3192 nisi
3161 3155 3275 3191 enni
3330 3151 3442 3210 post

1851 3221 2038 3278 Christi
2065 3241 2156 3294 pro
2173 3241 2266 3277 sua
2292 3226 2452 3294 gratia
2480 3227 2738 3280 relevasset
2769 3228 3013 3282 adventus
3037 3246 3053 3284 :
3082 3231 3168 3299 qui
3192 3248 3280 3300 per
3301 3249 3444 3287 nova:

1851 3317 2239 3387 regenerationis
2275 3318 2699 3385 ptui/irationem,
2741 3335 2888 3372 omne
2932 3322 3241 3391 praeteritum
3271 3324 3444 3378 vitium

1850 3408 1929 3462 sui
1953 3407 2264 3478 baptismatis
2291 3409 2490 3461 iuvae‘ro
2528 3411 2777 3480 purgavit,
2809 3421 2854 3463 et
2881 3413 2989 3481 ejus
3013 3414 3223 3480 ﬁrmans
3250 3423 3438 3468 statum

1850 3516 1948 3571 quo
1979 3501 2159 3554 rectius
2185 3500 2508 3572 stabiliusque
2534 3502 2838 3570 procederet,
2864 3513 3029 3557 tamen
3057 3522 3200 3558 suam
3225 3507 3440 3576 gratiam

1851 3592 1905 3647 in
1926 3603 2177 3662 posterum
2208 3607 2306 3644 non
2349 3592 2563 3662 negavit.
2601 3589 2734 3645 Nam
2761 3597 2984 3663 quamvis
3029 3595 3313 3651 redemisset
3345 3597 3444 3650 lto--

1852 3684 2038 3738 minem
2082 3700 2113 3734 a
2159 3682 2419 3752 praeteritis
2461 3683 2548 3738 ille
2589 3685 2825 3755 peccatis,
2876 3695 3040 3740 tamen
3079 3689 3241 3742 sciens
3264 3689 3445 3743 iterum

1854 3795 2000 3849 posse
2052 3792 2276 3846 peccare,
2327 3777 2397 3830 od
2448 3779 2818 3848 reparationem
2866 3779 2980 3846 sibi,
3026 3782 3446 3852 quemadmodum

1857 3879 2020 3938 posset
2050 3867 2198 3922 illum
2225 3877 2268 3921 et
2299 3878 2408 3939 post
2436 3869 2533 3923 ista
2559 3870 2826 3941 corrigere,
2858 3871 3018 3925 multa
3038 3876 3251 3929 servavit
3279 3891 3298 3930 :
3321 3893 3448 3950 quo-

1855 3963 2051 4017 tidiana
2079 3971 2281 4032 prtcstat
2309 3963 2396 4016 ille
2425 3963 2675 4029 remedia,
2707 3965 2884 4032 quibus
2911 3965 3008 4020 nisi
3032 3968 3152 4036 freti
3171 3970 3446 4040 con/isique

1856 4057 2095 4118 nitamur,
2127 4055 2412 4108 nullatenus
2439 4055 2632 4108 vincere
2659 4055 2908 4109 humanos
2930 4058 3203 4124 poterimus
3226 4076 3440 4116 errores.

1861 4148 2076 4204 Necesse
2098 4156 2172 4201 est
2198 4147 2330 4201 enim
2357 4156 2409 4200 ut
2441 4163 2539 4216 quo
2565 4147 2842 4201 auxiliante
2870 4148 3132 4216 vincimus,
3167 4167 3226 4205 eo
3260 4151 3444 4206 iterum

1857 4256 1956 4295 non
1985 4239 2256 4309 adjuvante
2282 4238 2560 4292 vincamur.
2591 4237 2697 4294 Sed
2727 4255 2922 4308 possem
2952 4240 3100 4310 plura
3127 4242 3312 4313 dicere,
3346 4247 3447 4301 nisi

1857 4347 1943 4386 vos
1962 4340 2209 4384 constaret
2229 4338 2406 4383 cuncta
2428 4330 2634 4385 dixisse.

1929 4425 1982 4478 8.
2019 4422 2257 4492 Quisquis
2282 4439 2397 4492 ergo
2425 4423 2540 4476 huic
2575 4423 2849 4478 assentiens
2873 4424 3068 4478 videtur
3097 4443 3224 4497 esse_
3241 4439 3440 4484 senten-

1859 4517 1959 4580 (ἕω,
1992 4533 2091 4588 qua
2115 4515 2248 4568 dicat
2269 4516 2522 4588 adjutorio
2551 4516 2689 4569 nobis
2716 4535 2812 4570 non
2841 4535 2967 4586 opus
2993 4536 3098 4572 esse
3123 4521 3312 4584 divino,
3345 4525 3415 4576 ini
3431 4556 3442 4564 -

1859 4610 2043 4664 inicum
2071 4625 2122 4663 se
2160 4609 2419 4661 catholicw
2464 4608 2601 4676 ﬁdei.
2655 4619 2696 4661 et
2749 4607 2843 4662 Dei
2884 4609 3134 4679 beneﬁciis
3180 4614 3448 4683 proﬁtetur

1858 4702 2112 4772 ingratum
2165 4697 2300 4751 Nam
2333 4697 2352 4727 ³
2381 4715 2469 4752 nec
2513 4709 2684 4750 nostra
2724 4701 3072 4755 eortnnunione
3121 4713 3240 4756 sunt
3280 4703 3443 4775 digni,

1859 4809 2006 4863 quam
2032 4789 2353 4860 prtcdieando
2371 4789 2535 4841 (aliter
2557 4791 2860 4858 polluerunt.
2887 4789 2915 4843 Ι
2920 4791 2998 4862 psi
3013 4792 3143 4844 enim
3161 4808 3254 4848 sua
3270 4807 3448 4863 sponte

1860 4884 1979 4938 dum
2007 4892 2282 4950 sequuntur
2302 4879 2391 4932 illa
2417 4896 2528 4948 qua:
2555 4882 2748 4949 dicunt,
2781 4882 2982 4953 lmgius
3015 4901 3045 4936 a
3070 4899 3184 4938 vero
3205 4885 3448 4958 reiigione

1863 4979 2172 5046 refugerunt.
2205 4971 2328 5026 Cum
2375 4973 2505 5026 enim
2535 4972 2630 5027 hoc
2659 4985 2814 5027 totum
2843 4983 2893 5027 tn
2922 4983 3091 5028 nostra
3139 4976 3450 5047 professione

1863 5067 2117 5127 consistat,
2140 5084 2235 5135 quo
2249 5067 2541 5138 ieiunisque
2558 5068 2781 5136 precibus
2798 5067 2923 5119 nihil
2942 5083 3152 5138 agamus
3164 5070 3262 5125 nisi
3275 5088 3450 5144 quem-

1862 5158 2134 5212 admodum
2179 5157 2268 5209 Dei
2324 5159 2714 5211 misericm'dimn
2759 5175 3154 5227 cmisequamur;
3203 5167 3446 5234 quemad-

1868 5254 2066 5305 modum
2089 5255 2218 5323 ferre
2247 5270 2260 5319 δ
2282 5267 2510 5303 ossmmm
2536 5251 2626 5301 ist:
2638 5250 2888 5318 jactuntes
2907 5252 2932 5304 ?
2951 5252 3089 5319 Quis,
3114 5267 3255 5326 rogo,
3281 5263 3449 5312 tantus

1865 5348 2066 5398 illam",
2115 5354 2316 5413 pedum
2366 5360 2501 5394 error
2530 5343 2762 5405 zl-t'aecat,
2807 5353 2878 5408 ut,
2911 5345 2955 5396 si
2993 5347 3087 5414 ipsi
3120 5347 3314 5403 nullam
3353 5349 3451 5405 Dei

1931 5508 1941 5536 ι
1973 5507 2040 5550 ,ιξί-
2065 5509 2168 5565 διεδ,
2209 5508 2252 5549 _t.t
2285 5498 2458 5565 vulgati
2499 5496 2720 5561 {iurique
2747 5513 2758 5548 :
2795 5509 2876 5548 \os
2915 5514 3027 5565 ογ(Ῑο
3061 5501 3265 5553 dicimus
3294 5506 3448 5558 niani-

1863 5569 1995 5630 ]2';.L.',
2023 5563 2142 5623 quid
2162 5577 2356 5630 oremus
2380 5562 2403 5610 λ)

1928 5634 1946 5659 ι
1978 5621 1991 5668 -ς
2011 5621 2050 5674 ς.
2075 5627 2208 5672 mrh.
2225 5659 2239 5682 ,
2264 5622 2346 5686 qui
2366 5635 2475 5687 eunt
2496 5634 2547 5671 se
2569 5621 2714 5682 sciat,
2743 5631 2834 5687 etc.
2863 5625 3001 5673 Paulo
3023 5633 3132 5687 post
3151 5633 3282 5687 ιον..
3304 5635 3348 5680 et
3370 5645 3451 5682 as-

1863 5691 2056 5740 siduttm
2077 5684 2347 5750 aequiorem
2367 5684 2571 5737 invocat.
2593 5691 2649 5736 At
2670 5685 2782 5736 and.
2803 5691 2876 5734 Er.
2903 5691 2956 5735 et
2979 5684 3082 5735 uss.
3109 5684 3277 5740 went
3298 5695 3454 5744 vestio

1863 5750 2244 5878 “mersimus
2264 5817 2394 5871 nam,
2421 5818 2480 5857 ex
2506 5806 2672 5860 codice
2699 5811 2841 5861 mle.
