3990 6384
577 357 685 414 ⁸183

580 468 799 545 gratiam
822 463 1062 526 sentiunt,
1092 455 1211 528 quia
1234 467 1323 507 nec
1350 450 1487 520 digni
1513 451 1627 499 sunt
1657 455 1746 494 nec
1770 443 2046 497 merentur,
2070 444 2158 482 nec

1448 540 1459 545 ⁸
1484 538 1514 545 ’⁵
1605 533 1616 545 ⁹
1728 531 1758 545 ⁸⁵
1878 526 1968 545 η-ἓ-
2007 521 2158 545 Δις-..

581 521 793 621 Ξεῄέιὲἰε
823 521 1139 613 considerent
1161 545 1282 619 quid
1322 538 1542 612 quotidie
1572 531 1783 604 singulis
1809 526 1969 600 gratia
1999 521 2169 576 divina

581 652 837 729 largitur?
860 649 993 706 Sunt
1020 642 1221 716 quidem
1244 636 1329 692 isti
1349 631 1485 689 omni
1503 627 1726 684 caecitate
1751 616 2053 693 dignissimi,
2084 612 2169 683 qui

581 704 783 729 ’““’ζ7”’⁷’“
814 704 824 707 ‘
874 704 886 706 '
1032 704 1044 716 σ

579 765 673 805 nec
698 748 792 802 hoc
816 742 911 798 sibi
933 738 1256 808 reliquerunt,
1288 737 1341 781 ut
1387 742 1441 780 se
1474 719 1665 777 auxilio
1706 714 1913 770 credant
1949 704 2171 764 revocari

584 844 648 898 ab
669 838 920 896 erroribus
961 844 1107 905 posse
1144 816 1638 889 divino.'Negantes
1661 812 1795 866 enim
1838 802 2168 876 adjutorium,

583 891 843 993 non-aliis,
872 891 973 983 sed.
986 923 1081 979 sibi
1106 921 1199 975 hoc
1228 916 1426 988 penitus
1446 907 1792 969 abstulerunt;
1820 900 1905 971 qui
1925 891 2173 951 avellendi

582 1037 700 1085 sunt
728 1021 945 1095 longius,
972 1015 1099 1072 etab
1120 986 1363 1067 Ecclesiae
1380 1000 1558 1078 procul
1576 994 1863 1055 removendi
1884 986 2169 1051 visceribus,

504 1154 512 1173 .-
583 1139 649 1178 ne
681 1118 767 1174 diu
786 1114 980 1171 inultus
1006 1106 1166 1163 multa
1193 1105 1210 1136 ¹
1233 1114 1507 1171 occupans,
1552 1087 1848 1147 insanabilis
1878 1089 1989 1155 post
2036 1092 2176 1133 error

581 1213 847 1269 increscat.
873 1204 932 1261 Si
954 1202 1087 1257 enim
1107 1197 1195 1252 diu
1214 1194 1306 1250 sub
1327 1167 1421 1245 hac
1444 1185 1630 1259 fuerint
1651 1177 1948 1251 impunitate
1970 1167 2172 1233 versati,

512 1330 515 1331 ν
582 1316 780 1359 necesse
808 1306 880 1353 est
904 1293 1089 1349 multos
1121 1288 1176 1344 in
1201 1287 1331 1339 hanc
1356 1278 1783 1350 suaa‘pr‘avitatem
1809 1264 1988 1321 mentis
2026 1259 2179 1314 indu-

584 1403 701 1451 cant
730 1390 1080 1463 decipiantque
1115 1382 1425 1440 innocentes,
1480 1369 1559 1425 vel
1608 1366 1774 1437 potius
1811 1353 2176 1428 imprudentes,

585 1487 673 1559 qui
695 1452 1172 1558 fidem'catholicam
1195 1477 1484 1541 sequuntur.
1510 1458 1767 1516 Putabant
1787 1453 1918 1507 enini
1942 1464 2024 1503 eos
2050 1452 2182 1499 recte

586 1543 792 1643 ieutire,
823 1588 949 1648 quos
989 1567 1156 1623 adhuc
1176 1560 1388 1619 viderint
1416 1557 1469 1611 in
1499 1549 1725 1608 Ecclesia
1755 1543 2047 1617 perdurare.

661 1681 717 1736 9.
752 1678 1029 1748 Separetur
1066 1683 1184 1740 ergo
1232 1680 1262 1717 a
1308 1676 1431 1717 sano
1459 1668 1668 1726 corpore
1709 1648 1890 1703 vulnus
1926 1643 2180 1700 insanum,

590 1783 879 1841 remotoque
896 1764 1055 1822 morbi
1082 1758 1327 1817 saevientis
1356 1753 1528 1825 afflatu
1565 1744 1763 1802 cautius
1804 1753 1918 1812 qua:
1940 1741 2055 1790 sunt
2082 1731 2185 1785 sin-

593 1883 711 1925 cera
736 1862 1031 1937 perdurent,
1066 1863 1111 1909 et
1140 1866 1263 1925 grex
1289 1845 1461 1918 purior
1493 1841 1555 1895 ob
1582 1839 1677 1892 hac
1702 1832 1824 1889 ntali
1854 1826 2044 1901 pecoris
2069 1837 2189 1876 con-

595 1914 803 2033 tagioite
835 1958 1096 2028 purgetur.
1138 1914 1219 2000 Sit
1251 1914 1401 1994 totius
1432 1930 1659 2004 corporis
1683 1924 1883 1981 illibata
1922 1914 2187 1989 perfectio,

596 2012 678 2033 "'9
690 2012 696 2013 '
714 2012 723 2013 ί
836 2012 848 2028 ι
934 2012 957 2024 ν

594 2066 748 2125 quam
767 2061 853 2101 vos
879 2040 1015 2114 sequi
1038 2046 1087 2093 et
1122 2046 1286 2091 tenere
1312 2031 1406 2084 hac
1440 2028 1494 2080 in
1515 2024 1631 2079 illos
1654 2012 2063 2092 pronuntiatione
2100 2023 2190 2061 co-

596 2099 745 2125 7"""’
775 2099 784 2101 ‘
805 2099 814 2101 '
943 2099 954 2114 ι

596 2140 886 2217 gnovimus,
915 2143 963 2189 et
1001 2146 1105 2186 una
1140 2125 1394 2182 vobiscum
1441 2117 1556 2191 pari
1596 2099 2189 2168 assensione-servamus.

1433 2211 1464 2217 —
1506 2210 1518 2217 ‘
1600 2206 1632 2217 "
1680 2215 1688 2217 -
1757 2204 1769 2215 ⁸
1918 2196 2039 2217 .-μ-Δ
2071 2195 2169 2217 th.

734 2231 777 2286 si
803 2195 967 2285 tamen
996 2218 1202 2293 aliquod
1239 2218 1293 2272 in
1328 2230 1381 2269 se
1423 2210 1518 2266 Dei
1544 2204 1879 2278 adjutorium,
1906 2196 2039 2270 quod
2065 2195 2193 2255 huc-

598 2343 758 2399 usque
795 2326 1119 2395 negaverunt,
1160 2308 1500 2386 provocarint,
1533 2313 1578 2359 et
1606 2316 1733 2373 Opus
1760 2297 1854 2352 sibi
1870 2295 1981 2366 ejus
2002 2289 2195 2345 auxilio

601 2435 709 2475 esse
726 2411 1066 2488 cognoverint,
1093 2416 1148 2461 ut
1173 2405 1269 2460 hac
1290 2401 1401 2457 labe
1428 2399 1481 2452 in
1500 2410 1652 2468 quam
1676 2390 1754 2447 sui
1776 2386 1943 2443 cordis
1962 2383 2198 2438 incurva-

603 2517 737 2571 tione
765 2512 1075 2569 corruerant,
1122 2502 1415 2559 liberentur,
1461 2502 1507 2547 et
1532 2487 1675 2563 quasi
1699 2488 1753 2539 in
1778 2483 1938 2538 lucem
1971 2477 2033 2531 de
2061 2472 2197 2546 foeda

604 2605 750 2662 tracti
779 2599 1015 2671 caligine,
1041 2592 1247 2650 remotis
1277 2585 1617 2654 abdicatisque
1639 2575 1890 2637 omnibus,
1920 2569 2097 2642 quibus
2117 2574 2195 2618 to-

604 2709 705 2766 tus,
723 2664 963 2749 neverum
982 2687 1282 2759 aspicerent,
1309 2675 1592 2753 fwdabatur
1615 2680 1659 2725 et
1678 2664 1926 2738 caligabat
1946 2668 2196 2731 aspectus,

607 2738 705 2766 ""1
724 2738 863 2749 ’νυν-νυ
880 2738 962 2746 -η-
983 2738 1105 2759 "ver
1130 2738 1161 2740 π
1272 2738 1281 2747 .
1309 2738 1321 2753 .

607 2791 844 2844 damnent
873 2783 980 2838 hth
1006 2792 1120 2851 qua
1145 2776 1402 2843 hucusque
1419 2754 1700 2828 senserunt,
1723 2768 1770 2814 et
1791 2751 2064 2825 aliquando
2086 2738 2199 2802 ani-

606 2898 749 2937 mum
796 2876 944 2933 rectis
999 2840 1423 2942 disputationibus
1468 2854 1864 2914 commodantes,
1893 2846 1953 2899 ab
1984 2845 2078 2898 hac
2102 2840 2202 2894 ali-

608 2971 905 3048 quantulunt
949 2964 1060 3020 labe
1112 2958 1366 3020 correcti,
1408 2951 1535 3006 veris
1583 2964 1636 3002 se
1679 2940 1932 2999 sanandos
1983 2932 2205 2989 consiliis

612 3066 833 3122 tribuant
857 3070 1007 3131 atque
1040 3054 1354 3111 submittant.
1391 3042 1538 3113 Quod
1568 3042 1610 3097 si
1641 3036 1863 3112 fecerint,
1897 3030 1989 3085 erit
2033 3028 2087 3081 in
2116 3040 2207 3096 po-

615 3164 789 3213 testate
815 3116 1130 3226 poniiﬁcum,
1166 3144 1275 3199 istis
1304 3139 1622 3210 aliquatenus
1646 3125 1919 3188 subvenire,
1955 3130 1998 3175 et
2027 3116 2209 3172 talibus

615 3253 837 3322 aliquant
865 3258 1040 3300 curam
1067 3247 1309 3312 pratstare
1348 3227 1657 3288 vulneribus,
1686 3235 1838 3292 quam
1880 3216 2003 3270 solet
2029 3208 2205 3280 lapsis,

616 3334 1071 3407 cuntresipuerint,
1106 3326 1333 3384 Ecclesia
1364 3325 1463 3377 non
1492 3332 1674 3389 negare
1706 3329 1724 3367 :
1753 3322 1805 3364 ut
1847 3327 1877 3362 a
1920 3306 2023 3361 suis
2070 3316 2211 3355 revo-

619 3435 719 3490 cati
749 3426 1062 3504 praecipitiis,
1094 3423 1230 3475 intra
1254 3416 1381 3472 ovile
1414 3408 1613 3466 Domini
1643 3404 1973 3475 redigantur;
2003 3411 2064 3449 ne
2087 3390 2211 3466 foris

620 3526 791 3602 positi,
824 3532 866 3579 et
901 3486 1038 3575 lauto
1063 3510 1298 3588 prazsidio
1328 3526 1357 3561 a
1394 3505 1495 3577 fide
1520 3498 1809 3555 munitionis
1837 3490 2044 3552 exclusi,
2076 3486 2211 3556 peri-

1449 3596 1460 3602 ’
1670 3590 1696 3602 ⁸⁸
1734 3589 1745 3602 ¹
1991 3576 2211 3602 -ΙμμιΣΙ-..ι

621 3576 791 3602 ι’νννπι
828 3576 841 3579 ν
1063 3576 1073 3588 .
1396 3576 1399 3577 ,

619 3621 749 3675 culis
785 3612 1016 3671 omnibus
1058 3611 1392 3677 exponuntur,
1426 3590 1697 3651 devorandi
1728 3589 1962 3657 luporunt
1984 3576 2213 3635 dentibus

620 3722 769 3781 atque
795 3702 1029 3767 vexandi,
1069 3696 1247 3771 quibus
1269 3690 1505 3747 obsistere
1533 3685 1646 3745 hac,
1670 3697 1768 3747 qua
1787 3676 1901 3732 illos
1929 3675 1981 3727 in
2007 3687 2059 3725 se
2090 3667 2212 3723 irri-

622 3808 849 3859 taverant
868 3793 1111 3852 doctrinm
1125 3785 1466 3863 perversitate,
1486 3796 1583 3833 non
1615 3774 1825 3848 possint.
1852 3767 1957 3824 Sed
1980 3764 2101 3820 satis
2128 3777 2212 3816 veo

624 3895 741 3952 stris
766 3887 989 3954 monitis,
1029 3885 1101 3939 sic
1125 3853 1518 3935 Iabundantibus
1547 3878 1731 3923 nostra:
1776 3861 1897 3933 legis
1951 3853 2212 3925 exemplis,

624 3986 867 4060 probatur
902 3993 1010 4035 esse
1057 3984 1386 4044 responsum;
1415 3980 1503 4018 nec
1529 3959 1802 4029 quidquam
1832 3963 2090 4021 superesse
2115 3945 2213 3998 du-

1444 4055 1478 4060 ”
1500 4054 1531 4060 “
1678 4059 1683 4060 ’
1803 4047 1813 4057 '
1942 4059 1946 4060 ν
2001 4057 2019 4060 --
2058 4037 2192 4060 -.-Ι-2-

625 4037 672 4060 l"
693 4037 709 4041 '
723 4037 738 4040 '
1141 4037 1151 4044 .

625 4080 792 4135 ximus
817 4071 951 4146 quod
979 4067 1225 4127 dicamus,
1256 4075 1371 4114 cum
1404 4054 1531 4110 nihil
1561 4047 1953 4122 prwtermissum
1991 4057 2020 4093 α
2056 4037 2213 4102 vobis,

624 4172 755 4230 nihil
785 4174 976 4224 constet
1000 4178 1105 4219 esse
1127 4168 1476 4230 suppressum,
1508 4163 1604 4219 quo
1635 4143 1712 4197 illi
1738 4137 1942 4209 refutati
1959 4143 2004 4219 et
2022 4131 2218 4201 penitus

628 4357 774 4413 nulla
803 4358 1079 4426 ponuntur,
1124 4344 1243 4416 quia
1280 4349 1327 4396 et
1354 4339 1431 4393 his
1464 4336 1614 4406 plena
1658 4327 1836 4383 relatio
1867 4332 1959 4387 est,
2008 4331 2056 4373 et
2095 4316 2220 4373 satis

632 4410 827 4502 consta't
850 4450 921 4497 tot
942 4410 1254 4493 doctissimos
1276 4427 1557 4485 sacerdotes
1584 4428 1764 4477 cuncta
1793 4415 1997 4475 dixisse,
2019 4427 2106 4465 nec
2134 4410 2221 4461 de-

634 4630 952 4709 prseteriisse.
989 4624 1054 4679 Et
1078 4620 1178 4675 alio
1208 4592 1367 4672 manu
1398 4631 1411 4666 :
1439 4610 1570 4665 Bene
1610 4603 1787 4666 valete,
1836 4603 2034 4672 fratres.
2064 4595 2131 4649 Et
2158 4592 2225 4647 ad

634 4688 773 4785 Iratus
805 4743 818 4781 :
849 4721 988 4778 Data
1020 4714 1194 4773 Vtcal.
1225 4715 1244 4744 ²
1284 4709 1408 4783 febr.
1456 4715 1565 4777 post
1604 4697 1918 4756 consulatum
1961 4688 2228 4747 Theodosii

640 4816 853 4893 Augusti
867 4830 962 4882 vn,
985 4818 1031 4866 et
1049 4806 1197 4864 Junii
1225 4800 1404 4870 Quarti
1432 4814 1483 4853 ν.
1513 4812 1561 4851 c.

1017 4946 1354 5010 EPISTULA
1391 4936 1677 4999 CLxxxu
1708 4939 1724 4958 ·
1754 4932 1851 5007 (a).

646 5097 969 5157 Innocentius
998 5090 1258 5147 Romanus
1315 5080 1570 5155 pontifex,
1613 5069 1849 5128 Patribus
1894 5063 2091 5122 concilii
2132 5058 2233 5114 Mi-

712 5237 727 5267 ι
753 5233 827 5282 S'tc
847 5238 929 5281 us.
950 5225 1088 5276 oorb.
1114 5231 1167 5273 Αι
1186 5219 1405 5282 md.,_ne
1430 5205 1797 5282 diutiusmutta.

710 5300 731 5329 ⁸
753 5259 1699 5349 ῗξᾶἱέὴᾷμδ,
1723 5267 1917 5349 omissis
1937 5259 2233 5322 mnsulibus,

715 5335 1123 5409 oswunno'tot’imus
1146 5335 1337 5409 eg'tt'ss.
1363 5340 1509 5389 vatio.
1533 5336 1670 5409 Cori).
1685 5339 1750 5404 ,ει
1768 5335 2236 5409 Germ‘.‘,quanquam

648 5390 1015 5472 iii.
1029 5390 1289 5481 consulqu
1304 5390 1455 5477 lunas
1471 5393 1752 5471 seu_t.unius
1775 5390 2061 5455 appellatur.
2086 5394 2135 5436 In
2156 5394 2240 5434 Va-

1280 5473 1291 5481 -
1346 5479 1353 5481 λ
1387 5471 1521 5481 an“
1562 5474 1608 5481 -.ι
1632 5469 1724 5481 mm
1744 5468 1801 5481 ,η
1830 5464 1971 5481 ...να-νη
1996 5452 2238 5481 imorum-

650 5452 699 5472 ιιι
719 5452 856 5470 ωιυο
880 5452 1000 5468 ωιν-
1031 5452 1247 5460 *νῇ-ν..-

650 5486 731 5535 tle.
754 5488 939 5537 autem,
955 5470 1139 5531 Lucius,
1160 5468 1231 5519 uti
1248 5473 1299 5517 et
1315 5467 1543 5537 inGerm.
1562 5462 1613 5509 in
1628 5469 1731 5528 quo
1743 5452 1817 5504 «δι’
1830 5452 1974 5537 intra
1996 5452 2238 5511 interpre-

649 5516 1145 5596 iiiiJuE'tiiiiiiﬁET.
1167 5516 1465 5591 discriptum
1490 5532 1595 5583 est,
1621 5516 1759 5570 Lucio
1794 5520 1968 5577 quarto
1995 5520 2034 5560 ν
2060 5520 2238 5561 Consu-

652 5607 796 5659 libus.

718 5692 735 5710 '
762 5687 1013 5738 necensita
1033 5681 1093 5731 ad
1113 5678 1181 5730 bl.
1208 5676 1259 5725 ll“.
1284 5674 1355 5726 th.
1381 5671 1505 5722 duos
1526 5683 1572 5719 ν.
1602 5676 1698 5716 Am.
1725 5661 1833 5712 Bad.
1859 5667 1930 5709 Er.
1956 5664 2065 5707 ιον.

718 5772 793 5833 (α)
817 5770 938 5818 Alias
952 5768 1051 5816 θῦε
1076 5774 1187 5827 quae
1207 5766 1373 5833 astuto
1396 5754 1484 5805 l82
1508 5759 1629 5813 erat,
1653 5761 1780 5799 nunc
1801 5747 1848 5795 in
1876 5738 2143 5808 Appendice
2166 5744 2241 5787 est

660 5836 705 5883 l.
725 5821 910 5894 Scripta
930 5821 1132 5879 meunt'e
1153 5836 1233 5873 an.
1256 5821 1363 5870 417.

1819 323 1876 378 ε.
1920 309 2283 376 AUGUSTINI
2325 308 2626 366 EPISCOPI

3714 292 3799 355 τει

2347 422 2568 486 levitani,
2603 416 2935 490 comprobans
2963 416 3168 470 illorum
3197 422 3307 467 acta
3354 410 3577 466 adversus
3603 408 3802 484 Pelagia-

2348 532 2457 569 nos.

2277 609 2647 673 luuocsn'nvs,
2669 606 2902 663 SILVANO
2928 602 3063 666 seni,
3101 599 3419 662 VALENTINO,
3441 607 3495 652 et
3517 595 3707 651 caeteris
3729 599 3803 667 qui

2348 718 2399 757 in
2426 700 2723 756 Milevitana
2753 696 2958 766 synodo
2980 694 3329 749 interfuerunt
3350 687 3685 745 dilectissimis
3718 686 3805 743 ln-

2349 794 2538 857 tribus,
2563 792 2613 846 in
2642 790 2866 845 Domino
2895 787 3144 842 salutent.

2350 890 2401 943 1.
2442 886 2586 941 Inter
2621 894 2825 940 caeteras
2847 881 3094 935 Romana:
3119 876 3358 932 Ecclesia
3384 889 3547 940 curas,
3576 882 3619 926 et
3641 881 3809 941 apostoo

2281 983 2391 1037 lica:
2431 980 2580 1036 Sedis
2623 976 3008 1047 occupationes,
3038 971 3218 1041 quibus
3260 969 3561 1022 diversorum
3587 966 3602 997 ⁸
3626 964 3816 1019 consulto

2281 1074 2422 1145 fideli
2446 1088 2506 1125 ac
2533 1069 2731 1125 modica
2757 1065 3119 1137 disceptatione
3144 1070 3435 1122 tractamus,
3453 1062 3601 1128 frater
3619 1066 3660 1109 et
3684 1057 3816 1125 coepi-

2281 1182 2466 1237 scopus
2494 1172 2660 1220 noster
2688 1160 2861 1215 Julius
2890 1155 3189 1212 Dilectionis
3221 1163 3393 1209 vestrae
3423 1151 3627 1217 litteras,
3651 1166 3819 1220 quase:

2287 1258 2579 1314 Milevitano
2598 1252 2813 1310 concilio
2829 1254 2850 1285 ³
2880 1268 3001 1307 cura
3028 1250 3148 1320 fidei
3170 1245 3489 1319 propensiore
3512 1244 3820 1305 misistisnnilti

2283 1352 2604 1422 inopinanter
2623 1347 2849 1420 ingessit,
2873 1343 3283 1414 Carthaginensis
3300 1341 3448 1395 etiam
3468 1337 3638 1409 synodi
3650 1337 3823 1407 querela

2285 1444 2463 1531 parilis
2502 1442 2690 1511 scripta
2724 1438 3048 1509 subjungens.
3099 1433 3355 1489 Nimirum
3400 1428 3606 1484 exsultat
3632 1426 3819 1482 Ecclesia

2288 1530 2482 1593 tantam
2509 1533 2903 1589 sollicitudinem
2941 1528 3220 1584 commissis
3249 1524 3477 1597 gregibus
3518 1520 3728 1576 exhibere
3758 1536 3827 1591 pa-

2291 1639 2468 1695 stores,
2499 1636 2554 1680 ul
2600 1641 2701 1680 non
2724 1625 2889 1678 solunt
2935 1621 3184 1675 neminem
3208 1633 3272 1672 ex
3292 1617 3371 1670 his
3398 1614 3645 1686 patiantur
3673 1626 3825 1675 errare,

2290 1719 2379 1776 sed
2408 1720 2450 1775 si
2475 1734 2603 1790 quas
2632 1716 2792 1786 magis
2810 1714 2974 1768 ovium
2993 1726 3166 1767 scwvte
3190 1704 3532 1762 delectationis
3558 1702 3695 1756 herba
3711 1701 3829 1754 sedu-

2291 1813 2386 1879 xit,
2419 1827 2477 1864 ac
2503 1812 2543 1864 si
2574 1809 2626 1862 in
2666 1822 2833 1861 errore
2850 1802 3217 1877 permanserint
3237 1842 3251 1866 ,
3280 1808 3367 1850 aut
3411 1792 3654 1866 segregari
3678 1792 3831 1859 penitus

2292 1902 2475 1967 velint,
2504 1909 2592 1954 aut
2641 1898 2884 1953 illicenter
2933 1892 3321 1962 dudum'petita
3356 1889 3591 1951 vitantes,
3637 1881 3834 1938 custodite

2295 1993 2524 2067 pristina:
2552 1988 2995 2060 circumspectione
3022 1985 3175 2038 tutari
3195 2025 3209 2051 ,
3242 1983 3297 2036 in
3324 1989 3534 2050 utraque
3560 1986 3689 2049 parte
3726 1974 3834 2029 vide.

2297 2087 2407 2141 licet
2439 2082 2774 2149 consulentes,
2811 2096 2874 2134 ne
2897 2079 2974 2133 vel
2997 2074 3320 2147 suscipiendo
3369 2070 3494 2126 tales
3518 2068 3659 2125 simili
3684 2075 3837 2121 extera

2297 2178 2601 2235 seducantur
2636 2173 2902 2244 exemplo;
2926 2171 3002 2226 uel
3028 2166 3317 2241 spernendo
3347 2164 3623 2228 redeuntes,
3649 2160 3838 2229 inpurum

2298 2270 2544 2355 morsibus
2568 2267 2831 2323 videantur
2869 2265 3094 2335 ingestie.
3144 2257 3384 2313 Prudens
3412 2253 3672 2310 admodum
3696 2258 3735 2305 et
3771 2265 3838 2302 ca-

2301 2350 2509 2416 tholicae.
2523 2359 2641 2431 fidei
2661 2356 2810 2430 plena
2836 2353 3140 2409 consultatio
3161 2350 3204 2404 ⁸.
3226 2349 3366 2415 Quis
3404 2347 3536 2401 enim
3560 2354 3641 2397 aut
3667 2343 3837 2397 tolerare

2304 2448 2458 2525 possit
2480 2461 2744 2515 errantem,
2769 2458 2856 2502 aut
2885 2463 2985 2501 non
3014 2444 3237 2515 recipere
3276 2457 3335 2495 se
3360 2434 3708 2509 corrigentem?
3729 2430 3838 2487 Nam

2304 2558 2359 2600 ut
2385 2545 2565 2598 durum
2587 2542 2805 2596 arbitror
2824 2536 3191 2593 conniventiam
3220 2531 3447 2603 prabere
3461 2525 3767 2601 peccantibus,
3789 2523 3841 2576 its

2303 2634 2514 2710 impium
2542 2634 2711 2704 iudico
2739 2648 2945 2687 manum
2974 2645 3160 2700 negare
3183 2625 3457 2683 conversis.

2376 2731 2431 2785 2.
2475 2729 2753 2799 Diligenter
2775 2741 2895 2797 ergo
2913 2733 2957 2778 et
2988 2737 3209 2793 congrue
3237 2716 3506 2787 apostolici
3524 2711 3757 2770 consulitis
3772 2711 3840 2762 lto-

2309 2824 2446 2877 noris
2476 2836 2662 2874 arcana
2679 2818 2907 2889 (honoris
2936 2815 2978 2878 ⁸,
3007 2816 3234 2884 inquam,
3261 2809 3405 2865 illius
3425 2823 3584 2880 quem,
3607 2799 3843 2874 praterilla

2309 2932 2421 2986 qtae
2440 2923 2554 2968 sunt
2583 2910 2909 2973 extrinsecus,
2942 2902 3232 2960 sollicitudo
3268 2909 3440 2955 manet
3484 2896 3691 2951 omnium
3711 2891 3843 2947 Eccle-

2310 2985 2500 3061 siarum
2521 3002 2586 3077 [ll
2614 3000 2732 3056 Cor.
2763 3015 2835 3064 χι,
2859 2996 2974 3069 28])
3013 3011 3163 3066 super
3185 2993 3358 3047 anxiis
3387 2988 3549 3052 rebus,
3577 3002 3679 3057 qua?
3710 2985 3763 3038 sit
3793 2991 3844 3033 te-

2312 3096 2477 3153 nenda
2497 3094 2760 3159 sententia,
2788 3091 3011 3161 antiqua:
3034 3087 3222 3142 scilicet
3247 3084 3444 3155 regulae
3486 3081 3685 3150 formant
3706 3070 3843 3135 secuti,

2313 3205 2463 3262 quam
2493 3196 2594 3242 toto
2623 3199 2819 3255 semper
2844 3181 2905 3235 ab
2944 3179 3060 3233 orbe
3084 3191 3287 3232 mecum
3327 3173 3486 3228 nostis
3509 3184 3609 3225 esse
3627 3174 3841 3221 servatam.

2328 3277 2638 3357 Verum:th
2668 3276 2825 3330 missa
2855 3272 3024 3343 facio;
3053 3284 3212 3339 neque
3230 3267 3371 3320 enim
3398 3264 3493 3318 hoc
3516 3268 3710 3317 vestram
3728 3254 3844 3309 credo

2315 3382 2472 3428 tutere
2502 3363 2976 3441 prudentiant;:qui
3018 3362 3072 3415 id
3099 3359 3235 3414 enim
3266 3358 3466 3411 actione
3510 3351 3744 3425 firmastis,
3770 3344 3846 3400 nisi

2316 3464 2523 3518 scientes
2542 3459 2676 3530 quod
2702 3474 2789 3529 per
2830 3470 3000 3510 omnes
3045 3450 3331 3522 provincias
3360 3449 3425 3503 de
3452 3445 3704 3519 apostolico
3737 3442 3845 3512 fonte

2318 3555 2593 3629 petentibus
2621 3564 2865 3621 responsa
2890 3562 3087 3615 semper
3111 3543 3389 3598 emanent?
3416 3539 3673 3612 prwsertim
3692 3530 3842 3606 quoties

2320 3649 2439 3719 ﬁdei
2468 3648 2598 3701 ratio
2618 3643 2908 3705 ventilatur,
2932 3637 3150 3692 arbitror
3182 3650 3359 3690 omnes
3387 3636 3565 3706 fratres
3582 3640 3627 3684 et
3644 3624 3844 3693 coepisco-

2321 3758 2410 3814 pos
2454 3748 2669 3803 nostros,
2702 3733 2905 3790 nonnisi
2929 3732 2998 3784 ad
3028 3728 3260 3793 Petrum,
3308 3726 3365 3780 id
3397 3735 3490 3789 est,
3518 3723 3592 3778 sui
3616 3715 3793 3774 nominis
3813 3720 3845 3765 ct

2323 3832 2529 3888 honoris
2559 3838 2812 3883 auctorem
2837 3828 3025 3889 referre
3054 3820 3251 3884 debere,
3288 3819 3425 3871 velut
3467 3830 3593 3869 nunc
3617 3807 3759 3865 retulit
3787 3818 3847 3857 ve-

2323 3934 2430 3979 stra
2462 3919 2704 3985 Dilectio,
2730 3915 2865 3988 quod
2886 3930 2975 3985 per
3020 3922 3178 3967 totum
3224 3908 3477 3962 mundum
3507 3902 3649 3976 possit
3668 3896 3846 3953 omnibus

2329 4016 2568 4072 Ecclesiis
2596 4014 2651 4067 in
2680 4024 2941 4065 commune
2968 4004 3223 4077 prodesse.
3258 4000 3311 4055 F
3312 4002 3424 4055 iant
3448 3998 3575 4053 enim
3613 4002 3776 4048 necesse
3796 3991 3848 4038 ϋε

2326 4111 2594 4171 cautiores,
2621 4122 2735 4160 cum
2764 4105 3045 4157 inventores
3065 4096 3341 4160 malorum,
3374 4092 3443 4147 ad
3467 4087 3671 4160 duplicis
3693 4078 3849 4135 relatio.

2325 4218 2438 4258 nem
2452 4197 2656 4271 synodi,
2682 4193 2942 4251 sententia:
2966 4199 3154 4245 nostra:
3180 4186 3382 4242 statutis
3420 4182 3623 4239 viderint
3655 4178 3707 4229 ab
3730 4167 3850 4226 eccle-

2325 4293 2527 4349 siastica
2551 4287 2901 4344 communione
2918 4283 3190 4354 sejunctas.

2398 4388 2451 4441 5.
2495 4382 2703 4437 Gemino
2729 4379 2881 4449 igitur
2900 4350 3028 4428 bono
3059 4372 3281 4426 eharitas
3309 4380 3475 4423 vestra
3500 4365 3728 4436 fungetur.
3749 4350 3851 4407 Nam

2329 4488 2374 4532 et
2403 4490 2655 4532 canonum
2671 4468 2929 4543 patiemini
2949 4465 3116 4538 gratia
3144 4472 3477 4523 servatorum,
3506 4467 3551 4511 et
3576 4448 3776 4520 beneficio
3792 4455 3851 4495 ω·

2329 4582 2432 4626 stro
2459 4579 2593 4623 totus
2617 4564 2752 4619 orbis
2781 4570 2965 4615 utetur.
2988 4558 3113 4623 Quis
3151 4556 3284 4610 enint
3304 4552 3659 4607 catholicorum
3683 4542 3851 4598 virorum

2332 4678 2443 4718 cum
2465 4654 2765 4713 adversariis
2788 4651 2974 4708 Christi
3001 4648 3118 4703 velit
3142 4647 3352 4703 ulterius
3380 4645 3583 4699 miscere
3595 4624 3853 4694 sermonem?

2333 4757 2443 4828 quis
2462 4752 2640 4807 saltent
2665 4750 2833 4819 ipsam
2861 4744 3023 4799 lucem
3051 4742 3166 4795 vitae
3184 4738 3533 4794 communione
3551 4723 3743 4806 partiri?
3768 4716 3851 4774 Νοο

2334 4865 2409 4905 va:
2464 4852 2706 4900 luereseos
2750 4838 2989 4894 nimirum
3036 4836 3297 4907 fugiantur
3338 4841 3585 4885 auctores.
3610 4819 3727 4891 Quid
3751 4812 3850 4869 ιηίπι

2336 4938 2560 4994 acerbius
2584 4936 2639 4989 in
2663 4934 2825 4987 Deum
2863 4932 3048 5001 fingere
3078 4932 3366 4996 potuerunt,
3407 4936 3557 4995 quam
3577 4930 3679 4972 cum
3699 4907 3854 4979 adjuto-

2337 5035 2417 5087 ria
2460 5029 2630 5082 divina
2659 5031 2937 5089 cassarent,
2963 5034 3262 5088 causamque
3280 4993 3587 5089 quotidianw
3614 4993 3853 5081 precationis

2338 5119 2628 5194 auferrent?
2658 5115 2770 5170 Hoc
2796 5123 2869 5170 est
2893 5084 3078 5177 dicere,
3100 5084 3235 5177 Quid
3258 5084 3383 5162 mihi
3402 5121 3528 5178 opus
3550 5110 3619 5157 est
3637 5092 3759 5152 Deo.’
3776 5084 3852 5141 Με-

2406 5300 2423 5330 ι
2448 5304 2531 5346 Ms.
2556 5294 2724 5352 \’atic.,
2748 5288 3091 5352 universorum.

2343 5331 2724 5473 dlzoi~§iic."ii§§
2751 5331 2983 5403 3662i};
2996 5331 3281 5399 “titilet'itano
3310 5348 3473 5395 nostra
3502 5331 3749 5390 auctoritate
3773 5331 3855 5373 cott-

3082 5472 3088 5473 ί
3201 5470 3209 5473 λ
3470 5464 3496 5473 --
3535 5461 3565 5473 μ·
3625 5448 3842 5473 Lutum“

2408 5448 2549 5533 gus'iss.
2570 5480 2715 5530 Vatia.
2734 5484 2785 5527 et.
2805 5473 2977 5527 concil.
3001 5472 3133 5532 rdd.,
3159 5470 3299 5535 plena
3317 5448 3855 5535 omnaij

2343 5546 2453 5596 Bad.
2468 5515 2592 5594 ’.ξιτ
2602 5515 3381 5601 ὲῖἰνόἱξ-ῥιὲῆἶέοἵιξςᾙὶᾶεἶὸ.
3395 5515 3609 5577 nonnulli
3628 5515 3740 5573 06¢,
3775 5515 3855 5556 rm-

2342 5607 2717 5719 wititirgeoncil.
2743 5662 2856 5714 Edd.
2882 5669 2937 5711 Al.
2956 5673 3083 5710 unus
3108 5672 3138 5719 e
3162 5659 3431 5719 \‘atic.MSS_.
3456 5649 3621 5717 hab?“
3801 5636 3859 5719 ξ’

2408 5693 2430 5703 ⁷
2452 5693 2523 5719 διε
2545 5693 2717 5719 υυιιωι.
2745 5693 2807 5714 ω
2843 5698 2856 5711 ο
2882 5693 2937 5711 ιιι
2959 5693 3083 5710 unua
3109 5693 3137 5709 ν
3171 5693 3303 5708 vanu.
3328 5693 3431 5703 ινα-ν.
3458 5693 3540 5698 ———
3557 5693 3594 5696 ψ-
3612 5693 3618 5694 κ

2346 5745 2483 5791 emta,
2509 5728 2682 5787 oneris,
2920 5758 2935 5784 ,
2955 5731 3047 5797 me:
3067 5718 3201 5797 .Alter
3222 5718 3382 5789 ratio,
3402 5706 3582 5763 honoris
3607 5693 3782 5755 incutit
3801 5694 3854 5734 θ’·

2349 5781 2412 5847 ἱιῖ
2430 5781 2559 5856 ὡς,
2585 5781 2838 5857 apostolico
2862 5781 3100 5837 consulitis
3125 5781 3304 5830 honori.
