3990 6438
262 410 354 467 185

258 528 343 581 rita
370 526 420 579 in
462 525 554 579 hos
598 523 729 578 dicat
773 522 1151 595 Hymnidicus:
1192 542 1209 575 ι
1241 522 1372 577 Ecce
1418 523 1677 588 homines,
1736 523 1823 596 qui

256 638 345 675 non
372 625 644 685 posuerunt
667 615 831 671 Deunt
858 618 1144 688 adjutorem
1162 617 1259 673 sibi
1287 637 1305 670 ι
1332 616 1501 685 (Psal.
1529 634 1599 683 LI,
1618 616 1698 687 9).
1717 615 1825 669 Ne-

253 722 413 786 gantcs
441 728 561 783 ergo
587 710 831 765 auxilium
859 709 979 778 Dei,
1010 710 1241 781 inquiunt
1265 711 1518 766 hominem
1558 709 1653 766 sibi
1681 725 1826 781 posse

251 804 475 876 sufﬁcere,
504 820 599 858 nec
616 803 780 875 gratia
800 804 935 858 hunc
958 819 1101 875 egere
1124 803 1315 867 divina,
1353 821 1453 872 qua
1482 804 1706 875 privatus
1736 818 1826 857 ne-

250 912 370 951 cesse
392 906 464 950 est
485 893 676 950 diaboli
704 894 899 964 laqueis
919 896 1141 951 irretitus
1174 894 1451 962 occumbat,
1477 895 1596 949 dum
1617 894 1685 948 ad
1708 911 1822 949 om-

249 989 322 1043 uia
346 988 458 1043 vitta
477 986 786 1058 perficienda
812 987 1073 1055 mandata,
1099 988 1208 1043 sola
1227 988 1573 1044 tantummodo
1595 988 1823 1043 libertate

246 1078 517 1135 contendat.
537 1077 586 1133 0
607 1079 1018 1149 pravisslmarum
1039 1080 1280 1135 mentium
1305 1096 1537 1153 perversa
1554 1079 1822 1134 doctrina!

244 1172 464 1227 Advertat
492 1170 552 1226 id
578 1172 780 1228 tandem
803 1173 939 1243 quod
969 1174 1192 1244 primum
1236 1174 1489 1228 hominem
1518 1174 1591 1227 ita
1617 1173 1820 1227 libertas

243 1265 339 1335 ipsa
362 1263 579 1335 decepit,
604 1272 681 1330 ut,
711 1264 834 1319 dum
867 1264 1213 1336 indulgentius
1239 1266 1397 1338 frenis
1422 1266 1532 1337 ejus
1560 1266 1735 1333 utitur,
1765 1265 1819 1319 in

244 1357 689 1428 prevaricationem
717 1360 1109 1431 prasamptione
1136 1359 1446 1423 conciderit;
1490 1377 1578 1414 nec
1620 1375 1685 1415 ex
1721 1360 1818 1415 hac

243 1452 385 1519 potuit
409 1450 543 1517 erui,
587 1452 685 1505 nisi
710 1451 1025 1522 providentia
1054 1453 1462 1524 regenerationis,
1496 1462 1682 1507 statunt
1710 1453 1817 1524 pri-

239 1544 367 1598 stinte
408 1542 657 1598 libertatis
708 1542 894 1599 Christi
937 1543 1148 1599 Domini
1193 1548 1513 1615 reformasset
1552 1544 1813 1600 adventus.

238 1635 404 1689 Audiat
422 1634 596 1689 David
614 1635 879 1701 dicentem,
916 1655 933 1687 ι
962 1638 1281 1709 Adjutorium
1306 1646 1527 1691 nostrum
1544 1640 1597 1691 in
1614 1638 1814 1692 nomine

238 1726 424 1783 Domini
461 1746 479 1781 ι
508 1726 688 1801 (Psal.
718 1744 902 1794 cxmn,
930 1726 1021 1801 8);
1042 1739 1105 1793 et,
1138 1748 1155 1781 ι
1188 1729 1407 1800 Adjutor
1433 1746 1570 1784 meus
1596 1740 1722 1798 esto,
1752 1747 1815 1785 ne

235 1819 532 1891 derelinquas
571 1835 671 1884 me,
720 1836 879 1886 neque
924 1820 1172 1890 despisias
1229 1837 1341 1885 me,
1398 1820 1534 1876 Deus
1572 1820 1813 1877 salutaris

233 1929 351 1968 meus
380 1931 399 1966 ι
432 1910 609 1986 (Psal.
656 1929 808 1981 xxvn,
836 1913 892 1984 9)
924 1931 936 1967 :
964 1930 1076 1984 quae
1105 1915 1360 1969 incassum
1388 1915 1593 1981 dixerit,
1621 1915 1666 1970 si
1699 1927 1811 1970 tan-

234 2014 323 2059 tum
352 2006 400 2059 in
427 2006 541 2077 ejus
569 2015 680 2061 erat
708 2006 926 2078 positum
957 2006 1213 2062 voluntate
1238 2007 1373 2078 quod
1397 2024 1430 2061 a
1462 2006 1684 2063 Domino
1717 2009 1810 2077 fie-

234 2096 306 2151 bili
325 2114 553 2153 sermone
581 2100 842 2169 poscebat.

287 2190 335 2244 4.
352 2188 476 2256 Quae
500 2206 622 2244 cum
640 2190 712 2243 ita
736 2190 857 2257 sint,
874 2206 1088 2264 cumque
1100 2191 1153 2245 in
1165 2191 1393 2246 omnibus
1410 2191 1592 2247 divinis
1608 2192 1807 2264 paginis

229 2284 446 2337 voluntati
474 2283 649 2339 liberte
671 2284 874 2340 nonnisi
899 2285 1212 2357 adjutorium
1233 2286 1331 2342 Dei
1355 2288 1582 2358 legamus
1597 2305 1703 2344 esse
1720 2305 1807 2344 ne-

229 2379 460 2446 ctendum,
480 2396 698 2449 eamque
733 2379 862 2435 nihil
889 2397 1037 2450 posse
1064 2380 1340 2437 ccelestibus
1368 2382 1621 2453 praesidiis
1647 2382 1804 2438 desti-

231 2480 411 2535 tutam;
433 2486 661 2541 quonam
688 2472 839 2527 modo
863 2473 983 2528 huic
1010 2473 1108 2529 soli
1133 2474 1513 2544 possibilitatem
1545 2475 1676 2531 hanc
1696 2494 1805 2547 per-

228 2563 450 2629 tinaciter,
478 2572 535 2617 ut
578 2564 825 2630 asseritis,
873 2565 1216 2637 defendentes,
1245 2566 1460 2631 sibimet,
1518 2571 1639 2635 imo,
1667 2570 1804 2639 quod

227 2666 286 2710 est
307 2655 501 2727 dignius
530 2656 712 2711 dolore
738 2658 1012 2719 communi,
1035 2658 1150 2728 jam
1189 2657 1419 2728 plurimis
1452 2658 1691 2731 Pelagius
1712 2660 1805 2716 Ce-

227 2747 469 2816 lestiusque
498 2749 845 2816 persuadent?
872 2746 1176 2821 Multifariis
1205 2749 1433 2820 equidem
1454 2750 1523 2803 ad
1544 2754 1805 2808 destruen-

227 2837 327 2890 dum
345 2839 441 2893 tale
473 2839 827 2911 magisterium
850 2841 925 2894 uti
955 2857 1212 2911 possemus
1231 2844 1494 2913 exemplis,
1519 2845 1617 2898 nisi
1644 2845 1799 2901 scire-

227 2947 321 2986 mus
353 2932 688 2987 Sanctitatem
718 2942 933 2987 vestram
980 2934 1048 2987 ad
1074 2934 1279 3005 plenum
1306 2936 1600 3007 Scripturas
1629 2954 1802 2994 omnes

223 3024 383 3078 callere
410 3024 645 3087 divinas;
692 3025 969 3095 prasertim
1007 3042 1124 3080 cum
1143 3036 1308 3081 vestra
1336 3029 1516 3083 relatio
1540 3031 1695 3085 tantis
1738 3048 1801 3086 ac

225 3115 385 3172 talibus
403 3117 701 3172 testimoniis
728 3118 792 3171 sit
817 3121 1024 3190 referta,
1046 3127 1100 3172 ut
1124 3119 1202 3174 his
1234 3120 1357 3175 solis
1390 3119 1554 3175 valeat
1581 3138 1799 3191 prcesens

224 3204 384 3277 dogma
407 3208 662 3271 rescindi;
684 3224 906 3279 opusque
924 3225 1024 3263 non
1052 3225 1157 3264 esse
1182 3209 1451 3265 reconditis
1466 3252 1482 3277 ,
1528 3228 1641 3266 cum
1665 3222 1711 3267 et
1736 3212 1800 3269 iis

223 3315 321 3368 quce
343 3301 488 3372 facile
506 3302 648 3356 vobis
678 3301 992 3356 occurrentia
1031 3302 1288 3373 posuistis,
1338 3319 1428 3357 nec
1455 3302 1679 3359 audeant
1702 3305 1795 3359 ob-

224 3394 358 3459 viare,
382 3411 470 3449 nec
497 3396 715 3466 possint.
748 3394 888 3468 Ergo
932 3394 1029 3449 Dei
1055 3396 1273 3467 gratiam
1293 3406 1543 3452 conantur
1568 3400 1794 3471 auferre,

224 3502 353 3553 quam
379 3484 578 3544 necesse
603 3498 697 3555 est,
725 3489 875 3544 etiam
895 3489 1123 3545 restituta
1147 3489 1291 3544 nobis
1317 3500 1477 3545 status
1505 3492 1706 3561 pristini
1732 3493 1798 3547 li-

227 3576 410 3643 bertate,
440 3596 730 3651 quaramus
754 3595 773 3634 :
799 3581 986 3651 quippe
1011 3581 1098 3651 qui
1124 3598 1215 3635 nec
1235 3580 1367 3636 alias
1394 3581 1584 3638 diaboli
1599 3584 1795 3639 machi-

225 3687 319 3735 nas,
346 3673 439 3727 nisi
466 3673 647 3727 eadem
676 3689 942 3743 possumus
966 3674 1177 3745 iuvante
1222 3674 1396 3729 vitare.

285 3761 333 3817 5.
370 3760 514 3817 Illud
541 3779 659 3818 vero
684 3762 820 3834 quod
838 3780 922 3818 eos
942 3772 1103 3818 vestra
1129 3765 1426 3835 fraternitas
1458 3767 1634 3821 asserit
1662 3784 1796 3839 pra!-

224 3856 391 3925 dicare,
424 3858 663 3927 parvulas
682 3867 890 3913 interna:
913 3859 1028 3913 vita:
1048 3859 1269 3929 praemiis
1296 3860 1446 3913 etiam
1477 3861 1586 3916 sine
1609 3859 1792 3933 Bapti-

223 3951 376 4006 smatis
404 3953 573 4023 gratia
608 3968 753 4021 posse
799 3953 1001 4016 donari,
1049 3955 1337 4023 perfatuum
1365 3961 1458 4008 est.
1508 3953 1625 4009 Nisi
1659 3954 1793 4010 enim

224 4043 613 4100 manducaverint
649 4061 852 4100 carnent
880 4044 1007 4099 Filii
1026 4045 1265 4111 hominis,
1282 4055 1328 4099 et
1343 4044 1555 4100 biberint
1578 4048 1791 4119 sangui-

225 4150 320 4188 nem
341 4138 465 4207 ejus,
507 4153 610 4191 non
637 4135 885 4190 habebunt
927 4136 1083 4190 vitam
1114 4136 1166 4189 in
1204 4136 1483 4205 semetipsis
1505 4135 1680 4206 (Joan.
1715 4154 1788 4203 Vt,

225 4225 321 4297 54).
346 4228 442 4294 Qui
470 4238 640 4283 autent
671 4228 800 4282 hanc
841 4228 914 4282 eis
938 4228 1047 4282 sine
1084 4228 1462 4298 regeneratiane
1492 4227 1786 4297 defendunt,

225 4318 429 4375 videntur
454 4321 581 4375 mihi
605 4322 771 4391 ipsum
787 4319 1105 4391 Baptismum
1133 4318 1258 4373 velle
1272 4335 1490 4387 cassare,
1518 4337 1632 4374 cum
1653 4336 1788 4392 pra:-

226 4411 375 4467 dicant
412 4414 503 4469 hos
533 4412 713 4468 habere
749 4412 885 4482 quod
914 4413 964 4466 in
1014 4429 1097 4466 eos
1125 4411 1346 4465 creditur
1373 4413 1575 4465 nonnisi
1612 4410 1791 4483 Bapti-

225 4515 363 4558 smate
389 4505 766 4577 conferendum.
801 4504 861 4559 Si
893 4521 1011 4575 ergo
1033 4502 1161 4557 nihil
1189 4504 1361 4557 volunt
1378 4505 1569 4574 officere
1589 4521 1687 4559 non
1712 4522 1790 4558 re-

228 4596 365 4661 nasci,
414 4598 666 4667 fateantur
708 4612 905 4650 necesse
946 4605 1021 4650 est
1071 4612 1161 4651 nec
1216 4598 1607 4667 regenerationis
1643 4614 1788 4651 sacra

226 4686 395 4753 fluenta
419 4689 673 4762 prodesse.
708 4688 887 4743 Verum
910 4697 963 4740 ut
982 4689 1354 4758 superﬂuarum
1385 4689 1643 4743 hominum
1664 4707 1789 4761 pra~

227 4792 279 4831 va
309 4780 529 4837 doctrina
556 4782 704 4837 celeri
746 4781 969 4836 veritatis
999 4781 1156 4852 possit
1182 4782 1376 4834 ratione
1395 4782 1631 4849 discindi,
1662 4799 1785 4854 pro-

229 4870 394 4926 clamat
418 4874 510 4927 hoc
540 4871 789 4927 Dominus
818 4872 871 4925 in
902 4870 1200 4940 Evangelia,
1229 4871 1398 4924 dicens
1428 4887 1445 4925 :
1469 4891 1487 4923 ι
1522 4871 1685 4928 Sinite
1702 4874 1787 4927 in-

232 4961 373 5027 fantes
408 4967 571 5021 venire
612 4966 679 5018 ad
706 4981 811 5031 me,
862 4973 911 5017 et
957 4963 1110 5016 nolite
1140 4978 1222 5017 eos
1268 4962 1566 5034 prohibere;
1607 4965 1786 5020 talium

230 5066 290 5109 est
314 5060 437 5113 enim
455 5076 660 5131 regnum
680 5058 919 5112 cwlorum
952 5075 970 5108 ι
1000 5055 1147 5127 (Luc.
1176 5072 1325 5122 xvm,
1343 5055 1453 5127 16).

289 5147 336 5203 6.
378 5150 538 5217 Quare
586 5149 849 5220 Pelagium
880 5146 1271 5218 Celestiumque,
1318 5147 1371 5201 id
1407 5156 1477 5203 est
1506 5149 1785 5206 inventores

232 5251 386 5293 vocum
407 5258 663 5307 novarum,
687 5255 817 5311 quae,
849 5238 975 5292 sicut
996 5237 1126 5292 dixit
1151 5237 1443 5308 Apostolus,
1482 5241 1784 5310 aediﬁcatio-

232 5328 299 5384 nis
335 5332 483 5399 nihil,
531 5333 619 5387 sed
662 5331 823 5400 magis
868 5329 1166 5383 vanissimas
1202 5340 1565 5384 consueverunt
1610 5348 1786 5400 parere

233 5423 518 5489 quastiones,
545 5422 883 5479 ecclesiastica
912 5420 1263 5474 communione
1292 5421 1500 5490 privari,
1520 5423 1785 5493 apostolici

236 5510 396 5581 vigoris
420 5514 713 5569 auctoritate
730 5526 1009 5575 censemus,
1026 5509 1183 5564 donec
1201 5513 1496 5581 resipiseant
1519 5511 1582 5565 de
1597 5511 1787 5569 diaboli

238 5599 421 5670 laqueis.
446 5623 476 5658 a
500 5623 597 5675 quo
616 5604 800 5674 captivi
820 5612 1052 5657 tenentur
1065 5602 1336 5657 secundum
1363 5603 1522 5675 ipsius
1548 5603 1783 5659 volunta-

238 5698 321 5744 tem
349 5693 409 5765 (.|l
428 5694 556 5752 Tim.
582 5714 639 5762 ιι,
666 5696 739 5751 23
758 5737 772 5760 ,
812 5693 935 5766 9.6);
973 5710 1152 5765 eosque
1174 5695 1369 5749 interim
1393 5696 1645 5751 dominico
1666 5700 1785 5754 ovili

240 5795 327 5835 non
349 5787 511 5856 recipi,
537 5787 675 5854 quod
701 5787 820 5858 ipsi.
847 5801 1092 5858 perversa:
1110 5786 1203 5839 via:
1225 5788 1382 5841 secuti
1404 5789 1674 5856 tramitem,
1704 5791 1785 5845 de-

240 5886 380 5930 serere
397 5880 644 5937 voluerunt
677 5897 694 5937 :
722 5878 1045 5936 abscindendi
1068 5890 1182 5935 sunt
1211 5881 1345 5935 enim
1364 5882 1449 5953 qui
1473 5899 1555 5937 vos
1576 5894 1782 5937 contur-

1418 396 1901 464 EPISTULARUM
1940 399 2218 463 CLASSIS
2257 404 2344 461 Ill.

3420 401 3530 461 786

1937 526 2075 583 bant,
2106 528 2151 573 et
2186 521 2357 575 volunt
2377 530 2659 577 convertere
2685 520 3017 595 Evangelium
3039 523 3225 581 Christi
3260 527 3454 601 (Colat.
3488 547 3528 597 t.

1937 611 2010 683 7).
2037 613 2206 667 Simul
2229 624 2394 669 autem
2420 617 2739 689 praecipimus
2770 628 2825 673 ut
2848 620 3150 691 quicumque
3170 621 3225 675 id
3250 624 3529 693 pertinacia

1932 706 2087 760 simili
2109 706 2370 778 defensare
2403 708 2650 777 nituntur,
2684 726 2779 780 par
2821 727 2904 766 eos
2924 712 3147 767 vindicta
3188 715 3523 787 constringat.

1933 798 2054 854 Non
2078 799 2243 855 solum
2274 801 2409 855 enim
2436 802 2521 873 qui
2558 803 2771 873 faciunt,
2795 803 2888 857 sed
2913 805 3063 858 etiant
3098 805 3185 877 qui
3209 808 3527 862 consentiunt

1931 891 2231 962 facientibus
2258 891 2401 961 digni
2429 903 2545 947 sunt
2576 904 2733 948 morte
2765 895 2779 927 ’
2815 892 2989 969 (Rom.
3020 911 3071 963 ι,
3101 895 3227 970 3‘2);
3279 898 3398 969 quia
3423 915 3525 954 non

1930 983 2141 1036 multum
2170 985 2406 1039 interesse
2424 986 2640 1039 arbitror
2658 986 2788 1040 inter
2812 988 3166 1043 committentis
3193 990 3442 1056 animum,
3464 999 3521 1046 et

1928 1078 2276 1132 consentientis
2305 1082 2547 1150 favorem.
2568 1078 2715 1133 Addo
2737 1088 2784 1134 et
2810 1080 3035 1150 amplius
3059 1098 3078 1136 :
3104 1082 3397 1156 plerumque
3420 1085 3485 1139 de
3503 1115 3515 1127 -

1927 1170 2073 1225 discit
2101 1189 2291 1238 errare,
2336 1173 2421 1226 cui
2463 1190 2609 1228 nemo
2650 1175 2915 1229 consentit.
2959 1173 3086 1230 Hac
3112 1176 3289 1247 igitur,
3336 1181 3523 1249 fratres

1926 1262 2230 1328 charissimi,
2272 1264 2326 1319 in
2352 1265 2670 1336 supradictas
2695 1276 2897 1321 maneat
2919 1267 3027 1337 ﬁxa
3051 1269 3328 1335 sententia;
3356 1268 3522 1325 absint

1925 1354 2067 1408 atriis
2096 1353 2322 1421 Domini,
2353 1366 2558 1411 careant
2585 1359 2605 1389 ²
2627 1358 2858 1413 custodia
2886 1360 3151 1431 pastorali,
3199 1377 3263 1416 ne
3296 1360 3520 1417 duarum

1924 1444 2088 1498 ovium
2106 1445 2219 1500 dira
2247 1449 2480 1519 contagia
2507 1458 2712 1519 serpant
2738 1449 2954 1521 forsitan
2993 1467 3085 1519 per
3119 1451 3303 1525 vulgus
3331 1453 3514 1508 incau-

1923 1543 2047 1601 tum,
2077 1539 2350 1609 rapacique
2377 1540 2528 1611 lupus
2567 1539 2719 1595 corde
2747 1539 2947 1595 laetetur
2973 1542 3109 1597 intra
3142 1540 3274 1597 ovile
3295 1543 3517 1598 domini-

1921 1643 2036 1681 cum
2056 1637 2221 1683 tantas
2244 1631 2410 1684 ovium
2433 1633 2575 1703 fusas
2596 1642 2842 1697 catervas,
2873 1632 2996 1687 dum
3023 1651 3055 1687 a
3092 1634 3380 1691 custodibus
3403 1636 3515 1692 dis-

1918 1721 2216 1777 simulanter
2245 1723 2454 1779 habetur
2496 1726 2680 1780 vulnus
2706 1725 2944 1780 duarum.
2990 1725 3412 1799 Prospiciendum
3440 1738 3516 1785 est

1918 1830 2036 1887 ergo
2080 1831 2142 1869 ne
2170 1816 2502 1886 permittendo
2525 1817 2699 1888 lupos,
2746 1820 3043 1874 mercenarii
3072 1820 3234 1893 magis
3255 1819 3516 1877 videamur

1916 1924 2022 1962 esse
2050 1925 2199 1978 quant
2220 1918 2466 1981 pastores.

1987 2002 2040 2056 7.
2064 2001 2309 2057 Jubemus
2333 2020 2473 2071 sane,
2502 2003 2745 2073 quoniam
2767 2002 2999 2061 Christus
3021 2004 3275 2062 Dominus
3294 2009 3508 2082 prapria

1914 2109 2030 2148 voce
2053 2094 2359 2166 signiﬁcavit
2395 2094 2532 2150 nolle
2571 2112 2625 2151 se
2654 2105 2865 2151 mortem
2902 2097 3184 2165 morientis,
3215 2108 3415 2155 tantum
3453 2109 3513 2157 ut

1912 2196 2186 2241 revertatur
2218 2197 2267 2242 et
2296 2187 2427 2241 vivat
2459 2186 2672 2253 (Matth.
2706 2204 2761 2244 Ix
2784 2230 2799 2255 ,
2833 2187 2946 2261 15),
2983 2190 3029 2245 si
3060 2207 3286 2262 unquam
3320 2193 3390 2247 ad
3420 2210 3510 2249 sa-

1912 2295 2050 2344 num,
2083 2279 2311 2350 deposita
2333 2280 2473 2351 pravi
2499 2279 2753 2353 dogmatis
2790 2297 2980 2349 errore,
3028 2282 3365 2353 resipuerint,
3413 2284 3509 2339 da-

1910 2372 2227 2444 mnarintque
2241 2390 2299 2427 ea
2320 2389 2532 2444 quorum
2548 2391 2601 2429 se
2619 2374 2719 2446 ipsi
2745 2375 3158 2446 prevaricatione
3176 2376 3505 2441 damnarunt,

1910 2465 1980 2520 eis
2024 2465 2326 2520 medicinam
2370 2466 2594 2533 solitam,
2641 2467 2696 2521 id
2732 2477 2805 2523 est
2845 2468 3217 2541 receptaculum
3259 2485 3407 2525 suum
3444 2470 3508 2523 ab

1912 2556 2142 2612 Ecclesia
2165 2575 2265 2613 non
2288 2559 2501 2631 negari:
2528 2576 2591 2613 ne
2614 2558 2736 2614 dum
2756 2576 2839 2615 eos
2858 2561 3123 2615 redeuntes
3144 2560 3360 2633 forsitan
3384 2578 3508 2633 pro-

1909 2648 2154 2716 hibemus,
2189 2666 2302 2705 vere
2344 2661 2491 2707 extra
2527 2652 2655 2707 ovile
2696 2662 3013 2709 remanentes
3055 2662 3101 2707 et
3136 2664 3502 2727 exspectantes,

1908 2742 2065 2798 hostis
2094 2742 2116 2775 ³
2145 2742 2337 2799 rabidis
2368 2744 2601 2816 faucibus
2640 2745 2947 2817 glutiantur,
2972 2763 3098 2816 quas
3128 2747 3184 2801 in
3207 2748 3505 2817 semetipsos

1905 2835 2116 2907 spiculis
2136 2836 2287 2892 mala:
2318 2837 2677 2911 disputationis
2710 2850 2996 2895 armarunt.
3022 2840 3160 2896 Bene
3185 2841 3364 2907 valete,
3391 2845 3503 2912 fra-

1907 2938 2024 2982 tres.
2050 2929 2239 3027 Dgtum
2262 2939 2404 2985 sexta
2434 2929 2633 2985 calend.
2662 2930 2967 3002 februarias,
3011 2930 3244 2989 Honorio
3276 2942 3324 2988 et
3360 2931 3500 2988 Con-

1906 3022 2093 3077 stantio
2116 3022 2239 3078 viris
2266 3022 2565 3079 clarissimis
2591 3025 2903 3080 consulibus.

2261 3136 2591 3193 EPISTOLA
2624 3138 2934 3195 CLXXXII!
2957 3142 2978 3164 θ
3004 3136 3103 3212 (α).

1905 3251 2189 3308 Innocentii
2209 3253 2277 3307 ad
2303 3254 2524 3324 quinque
2549 3254 2834 3327 Episcopos
2857 3255 3178 3327 rescriptum,
3204 3255 3502 3327 improban-

1974 3349 2038 3401 tis
2066 3347 2350 3401 doctrinam
2382 3346 2598 3419 Pelagii,
2638 3364 2850 3419 eumque
2870 3390 2885 3415 ,
2921 3348 3021 3404 nisi
3053 3348 3286 3405 haeresim
3311 3350 3493 3420 ejuret,

1974 3437 2324 3492 damnandum
2360 3455 2466 3493 esse
2497 3440 2892 3509 pronuntiantis.

1904 3547 2271 3604 Dilectissimis
2300 3548 2553 3604 fratribus
2571 3550 2841 3616 Auneuo,
2889 3553 3110 3617 Auno,
3150 3556 3492 3627 Avcusrtuo,

1972 3641 2176 3697 Evomo
2199 3649 2253 3697 et
2276 3641 2518 3697 POSSIDIO
2534 3642 2819 3713 episcopis,
2848 3642 3217 3709 luuaceuncs,
3232 3645 3486 3703 salutem.

1972 3759 2024 3813 1.
2060 3756 2418 3813 Fraternitatis
2448 3767 2624 3812 vestra:
2654 3758 2871 3826 litteras,
2908 3759 3085 3831 plenas
3120 3761 3260 3829 ﬁdei,
3291 3772 3493 3835 totoque

1898 3850 2156 3924 religionis
2205 3851 2472 3906 catholica:
2517 3852 2686 3923 vigore
2725 3852 2974 3921 firmatas.
3018 3870 3049 3907 a
3087 3854 3285 3911 duabus
3314 3856 3495 3912 missas

1898 3943 2124 3999 conciliis
2171 3960 2260 4013 per
2306 3947 2513 4015 fratrem
2558 3952 2605 3998 et
2634 3944 2989 4014 coepiscopum
3028 3958 3256 4003 nostrum
3293 3948 3493 4004 Julium

1898 4043 2131 4106 pergrata
2160 4036 2471 4105 suscepimus
2506 4034 2698 4099 animo,
2734 4035 2872 4104 quod
2906 4052 3078 4089 earum
3112 4046 3257 4092 tenor
3290 4042 3487 4093 omnis-

1896 4144 1990 4197 que
2016 4126 2268 4180 contextio
2287 4126 2341 4179 in
2376 4124 2778 4179 consideratione
2813 4126 3123 4196 quotidiana:
3160 4130 3337 4199 gratia:
3366 4130 3486 4197 Dei,

1896 4226 1943 4273 et
1965 4217 2018 4273 in
2038 4234 2212 4273 eorum
2247 4216 2556 4271 correctione
2588 4217 2674 4287 qui
2702 4228 2877 4270 contra
2904 4218 3145 4280 sentiunt,
3179 4220 3375 4293 integra
3404 4239 3490 4276 ra-

1897 4311 2031 4365 tione
2054 4308 2319 4374 consistit;
2344 4318 2397 4363 ut
2422 4319 2469 4362 et
2491 4308 2593 4363 illis
2619 4325 2817 4364 omnem
2853 4310 3028 4365 tollere
3063 4313 3218 4383 possit
3241 4330 3482 4379 errorem,
3582 4336 3585 4339 ν

1895 4413 1941 4458 et
1966 4403 2224 4469 idoneum,
2257 4402 2375 4457 dato
2408 4402 2584 4474 quovis
2626 4401 2649 4434 ⁸
2676 4411 2863 4458 nostra:
2897 4403 3021 4474 legis
3058 4406 3307 4477 exemplo,
3341 4424 3488 4475 quem

1894 4498 2036 4566 sequi
2064 4494 2274 4550 debeant
2295 4495 2507 4569 dignum
2537 4496 2729 4566 possint
2751 4497 2971 4566 pratbere
2996 4496 3271 4553 doctorem.
3298 4500 3404 4557 Sed
3424 4501 3489 4555 de

1895 4591 1973 4646 his
1988 4592 2101 4663 jam
2121 4590 2264 4656 satis,
2296 4598 2349 4643 ut
2370 4589 2570 4659 opinor.
2609 4606 2766 4660 supra
2791 4588 3035 4654 diximus,
3059 4607 3173 4645 cum
3202 4594 3375 4670 vestris
3404 4610 3484 4647 re-

1897 4682 2167 4737 lationibus
2197 4682 2553 4752 respondentes
2582 4683 2933 4751 rescripsimus
2953 4682 3077 4751 quid
3095 4683 3171 4738 vel
3190 4682 3254 4738 de
3272 4684 3483 4739 illorum

1895 4775 2132 4844 perfidia,
2156 4773 2233 4827 vel
2252 4773 2315 4827 de
2341 4781 2504 4827 vestra
2527 4774 2772 4828 sententia
2796 4774 3109 4829 sentiremus.
3136 4772 3243 4828 Sed
3269 4774 3482 4828 subinde

1894 4875 2070 4921 contra
2100 4880 2183 4919 eos
2209 4865 2433 4918 subvenit
2473 4873 2520 4918 et
2541 4866 2832 4936 suppeditat
2854 4864 2992 4937 quod
3019 4864 3237 4931 dicatur,
3268 4883 3356 4921 nec
3385 4885 3481 4937 po-

1894 4966 1986 5012 test
2005 4956 2282 5028 aliquanda
2322 4956 2494 5012 deesse
2523 4956 2544 4989 '
2570 4956 2706 5028 quod
2733 4957 2917 5023 vincat,
2955 4973 3072 5010 cum
3108 4966 3211 5011 tant
3241 4959 3481 5015 miserum

1893 5050 2201 5121 impiumque
2230 5049 2293 5104 sit
2318 5049 2452 5117 quod
2488 5058 2673 5105 nostra:
2699 5049 2819 5118 fidei
2845 5049 3026 5104 virtute
3056 5059 3103 5105 et
3140 5051 3252 5123 ipsa
3280 5054 3480 5124 plenius

1957 5229 1974 5262 ι
2000 5235 2068 5279 Ex
2090 5236 2196 5279 Mss.
2221 5236 2323 5279 Vat.
2346 5228 2646 5279 restinximus
2662 5262 2676 5287 ,
2701 5222 2839 5291 digni
2855 5232 2966 5278 sunt
2989 5234 3176 5293 ntarte;
3198 5231 3324 5296 quod
3347 5232 3480 5283 desi-

1891 5291 2155 5342 derabatur
2176 5293 2226 5341 in
2247 5291 2359 5341 Edd.

1954 5357 1976 5386 ²
1999 5354 2143 5404 vatio.
2164 5361 2244 5403 Ms.
2267 5356 2501 5403 :Careant
2522 5350 2760 5402 dtmtateat
2780 5351 3029 5417 custodia;
3043 5354 3116 5405 sic
3136 5353 3283 5405 etiam
3303 5353 3476 5405 conci).

1893 5416 2071 5529 mssic
2086 5484 2167 5527 Ms.
2186 5476 2332 5526 s'atic.
2352 5481 2407 5541 [ει
2422 5474 2602 5537 vulgati
2622 5488 2635 5523 :
2654 5482 2958 5541 Remanentes
2976 5476 3296 5541 exspectantis
3310 5476 3477 5530 hostis.

1954 5540 1978 5573 δ
1997 5541 2078 5613 ξὶίξ
2094 5546 2278 5613 εὑρεθείη
2299 5537 2407 5587 Bad.
2434 5536 2532 5586 Am.
2559 5545 2634 5587 Er.
2660 5546 2714 5589 et
2733 5545 2841 5589 ιον.
2862 5574 2879 5599 ,
2900 5537 3013 5590 dato
3032 5536 3218 5598 cuivis;
3242 5546 3295 5591 et
3326 5553 3439 5591 mox
3460 5578 3475 5602 ,

2002 5601 2028 5653 ri
2044 5600 2227 5653 debeat.

2002 5665 2113 5714 add.
2136 5663 2381 5727 plerique,
2406 5676 2524 5713 esse.
2550 5671 2654 5713 Mss.
2679 5663 2850 5722 vatim,
2872 5662 3053 5714 deesse.

1957 5748 1975 5766 ο
1997 5748 2230 5811 Castigata
2253 5746 2310 5795 ad
2332 5746 2409 5796 οι).
2435 5746 2484 5795 ﬂ'.
2510 5746 2580 5797 th.
2604 5746 2727 5797 duos
2747 5760 2795 5796 ν.
2820 5753 2921 5795 Am.
2944 5745 3054 5795 Bad.
3078 5752 3156 5796 ir.
3179 5752 3289 5798 ων.

1957 5830 2029 5893 (a)
2050 5828 2176 5895 Alias
2192 5830 2285 5880 96:
2306 5841 2417 5893 quae
2439 5836 2605 5895 autem
2628 5826 2719 5878 183
2740 5835 2865 5890 erat,
2886 5841 3015 5879 nunc
3033 5830 3085 5880 in
3108 5830 3379 5895 Appeadice
3404 5835 3482 5884 est

1895 5891 1941 5941 2.
1965 5890 2144 5954 Eripis
2166 5890 2371 5940 innunfe
2394 5904 2473 5941 an.
2499 5890 2597 5942 M7.
