3990 6384
605 386 708 446 787

603 510 810 564 veritate
828 506 1075 563 vincatur.
1103 503 1204 572 Qui
1226 503 1357 558 enim
1391 517 1584 557 onmem
1607 500 1721 555 vita:
1741 515 1881 571 spem
1908 497 2097 568 respui!
2116 504 2192 548 at-

603 617 700 672 que
722 598 1040 671 contempsit,
1081 597 1283 651 inimica
1318 592 1692 664 damnabilique
1724 608 1810 646 cor
1845 607 1992 645 suum
2019 589 2196 660 dispu-

605 696 794 749 tatione
817 691 1150 765 confundens,
1185 708 1298 742 cum
1335 689 1491 743 credit
1531 687 1660 742 nihil
1691 702 1796 741 esse
1833 686 1969 759 quod
2009 701 2040 738 a
2084 681 2195 738 Deo

606 787 843 860 accipiat,
875 801 966 842 nec
995 783 1187 854 aliquit!
1215 799 1474 853 superesse
1495 782 1630 852 quod
1658 789 1791 850 petat
1812 777 1878 832 ad
1907 773 2195 833 sanandum

602 895 689 942 se;
831 877 925 932 sibi
953 877 1046 931 hoc
1069 873 1293 934 abstulit.
1318 873 1528 928 ulterius
1557 871 1680 946 quid
1707 871 1956 943 reliquit?

671 971 724 1026 2.
751 967 813 1028 Si
831 987 950 1043 ergo
969 978 1088 1025 sunt
1117 966 1294 1040 aliqui,
1331 983 1455 1038 quos
1490 966 1543 1018 in
1568 966 1648 1020 sui
1691 962 2033 1032 defensionem
2072 978 2192 1033 per-

603 1065 808 1122 versitas
836 1073 976 1119 tanta
1011 1060 1250 1123 devinxit,
1273 1059 1358 1130 qui
1387 1057 1504 1111 huic
1543 1072 1597 1110 se
1632 1055 1857 1127 dogmati
1892 1053 2081 1109 dedant
2107 1063 2189 1108 at—

601 1171 699 1226 que
724 1155 1051 1229 coniungant.
1085 1159 1341 1226 sperantes
1370 1149 1464 1203 hoc
1496 1147 1566 1202 ad
1599 1147 1902 1202 catholicam
1942 1146 2194 1217 pertinere

601 1246 905 1309 doctrinam,
940 1243 1076 1318 quod
1098 1243 1373 1299 abhorrens
1402 1239 1603 1314 longius
1641 1247 1688 1294 et
1717 1239 1912 1310 penitus
1938 1238 2194 1313 approba-

601 1349 685 1391 tur
709 1337 998 1408 adversum,
1029 1335 1204 1408 infecti
1240 1335 1447 1392 illorum
1478 1341 1526 1387 et
1552 1332 1754 1386 monitis
1780 1341 1826 1385 et
1848 1329 2006 1386 verbis
2028 1339 2082 1384 ut
2111 1330 2190 1384 la—

600 1428 837 1500 berentur
854 1427 1068 1494 inducti,
1096 1437 1342 1502 quatenus
1371 1424 1438 1479 ad
1458 1435 1652 1480 rectum
1677 1424 1770 1478 via:
1793 1422 2043 1478 tramitem
2071 1422 2191 1476 red-

600 1532 716 1577 eant
760 1515 1087 1596 festinabant,
1119 1536 1180 1575 ne
1205 1519 1394 1572 diutius
1447 1525 1660 1572 mentem
1688 1515 1919 1570 obsidens
1947 1514 2080 1570 velut
2109 1531 2193 1568 eo-

603 1630 715 1667 rum
752 1611 977 1686 sensibus
1017 1620 1193 1686 pastus
1231 1627 1371 1665 error
1412 1609 1638 1663 invadat.
1678 1607 1818 1662 Nam
1851 1607 1893 1661 si
1945 1604 2192 1680 Pelagius

600 1721 914 1776 quocumque
950 1704 1130 1761 restitit
1175 1703 1308 1769 loco,
1349 1721 1522 1758 eorum
1560 1703 1758 1758 animos
1797 1701 1881 1774 qui
1923 1700 2075 1771 facile
2116 1700 2194 1755 vel

599 1800 897 1869 simpliciter
935 1798 1190 1853 crederent
1224 1797 1524 1868 disputanti,
1559 1795 1655 1850 hac
1690 1795 2020 1867 afﬁrmatione
2047 1793 2192 1848 dece-

600 1899 672 1966 pit
696 1908 715 1948 :
737 1910 826 1964 seu
864 1892 960 1949 hac
985 1889 1064 1949 illi
1091 1891 1145 1945 in
1175 1891 1298 1950 urbe
1321 1890 1421 1946 sint
1451 1890 1616 1961 (quos
1659 1889 1934 1944 nescientes
1962 1903 2050 1941 nec
2082 1902 2192 1940 ma-

599 1985 837 2056 nifestare
868 2000 1136 2056 possumus
1164 1999 1255 2038 nec
1287 1998 1497 2055 negare,
1537 1996 1654 2035 cum
1680 1990 1724 2035 et
1754 1980 1798 2035 si
1827 1989 1940 2033 sunt
1977 1979 2185 2043 lateant,

598 2095 685 2131 nec
723 2075 1001 2152 aliquando
1034 2073 1256 2136 audeant
1292 2072 1369 2129 vel
1401 2072 1549 2129 illum
1580 2071 1940 2144 praedicantem
1978 2072 2075 2124 ista
2101 2070 2189 2124 de-

599 2167 824 2237 fendere,
848 2165 924 2224 vel
947 2166 1072 2221 talia
1091 2165 1261 2236 aliquo
1280 2173 1567 2220 nostrorum
1598 2173 1843 2235 prcesente
1857 2163 2075 2232 jactare,
2101 2177 2189 2216 nec

597 2261 647 2312 in
688 2266 829 2314 tanta
871 2257 1051 2331 pepuli
1087 2255 1411 2312 multitudine
1444 2255 1754 2326 deprehendi
1789 2255 1972 2325 aliquis
2012 2255 2186 2326 facile,

597 2368 685 2403 nec
708 2349 894 2404 alicubi
916 2350 1073 2421 possit
1102 2347 1364 2422 agnosci),
1397 2348 1500 2403 sive
1524 2347 1577 2402 in
1601 2347 1774 2418 quovis
1805 2357 2054 2400 terrarum
2078 2346 2188 2400 loco

597 2442 814 2512 degant;
865 2439 957 2495 Dei
1018 2441 1176 2495 nostri
1221 2437 1566 2493 misericordia
1617 2438 1880 2510 gratiaque
1934 2436 2188 2491 credimus

598 2535 732 2610 quod
770 2535 921 2614 facile
963 2534 1318 2606 corrigantur,
1365 2532 1541 2586 audita
1586 2531 1697 2603 ejus
1739 2531 2062 2585 damnatione
2102 2530 2187 2601 qui

598 2627 748 2702 fuerit
787 2633 1020 2698 pertinax
1057 2636 1102 2680 et
1149 2625 1380 2680 resistens
1418 2624 1572 2694 hujus
1607 2624 1858 2692 dogmatis
1894 2631 2072 2676 auctor
2108 2622 2186 2674 in-

597 2729 766 2778 ventus
791 2735 809 2774 :
835 2737 924 2775 nec
948 2720 1154 2774 interest
1181 2718 1264 2772 ubi
1294 2718 1374 2772 isti
1403 2717 1612 2790 fuerint,
1637 2718 1758 2771 dum
1783 2715 2082 2787 ubicumque
2099 2715 2185 2770 in-

595 2813 751 2870 veniri
783 2811 1037 2882 potueriut
1062 2811 1164 2866 sint
1183 2809 1424 2866 sanandi.

664 2906 716 2960 3.
753 2903 917 2959 Nobis
939 2913 1105 2958 tamen
1131 2919 1220 2956 nec
1259 2900 1552 2976 persuaderi
1580 2910 1740 2972 potest
1775 2917 1888 2954 eum
1926 2917 2034 2955 esse
2058 2916 2186 2968 pur-

595 3009 799 3068 gatum,
834 2995 1062 3068 quamvis
1101 2994 1168 3048 ad
1208 3009 1298 3048 nos
1336 3009 1367 3046 a
1402 2994 1570 3048 nescio
1613 2993 1792 3064 quibus
1837 2992 1980 3047 laicis
2025 2993 2039 3024 ⁸
2084 2992 2186 3047 sint

599 3090 751 3146 Gesta
772 3089 987 3160 perlata,
1013 3087 1194 3159 quibus
1218 3083 1306 3141 ills
1337 3095 1386 3140 at
1414 3084 1648 3140 auditum
1675 3102 1728 3139 se
1765 3085 1988 3139 crederet
2023 3093 2068 3137 et
2097 3082 2186 3137 ab-

596 3180 814 3238 solutum
850 3195 867 3236 ε
911 3168 1231 3249 σωωηιηι
1265 3191 1383 3234 uera
1427 3176 1526 3232 sint
1575 3176 1886 3244 dubitamus,
1917 3175 2052 3247 quod
2094 3173 2186 3234 sub

597 3274 741 3330 nulla
763 3270 905 3329 illius
924 3269 1127 3330 concilii
1159 3271 1180 3302 ’
1215 3269 1565 3341 prosecutione
1594 3279 1856 3344 venerunt,
1900 3285 1989 3329 nec
2013 3284 2186 3328 eorum

596 3367 793 3436 aliquas
835 3362 1118 3434 accepimus
1153 3362 1218 3422 de
1251 3361 1346 3418 hac
1383 3377 1438 3418 re
1475 3360 1689 3433 litteras,
1718 3359 1858 3432 apud
1893 3377 2018 3431 quos
2042 3359 2186 3414 istius

597 3457 670 3516 rei
704 3457 796 3516 iste
822 3454 1056 3532 praestitit
1093 3469 1292 3508 causas.
1328 3451 1475 3522 Quod
1517 3452 1559 3506 si
1601 3451 1664 3506 de
1689 3469 1783 3507 sua
1829 3453 1914 3506 ille
1945 3452 2185 3522 potuisset

598 3549 898 3622 purgatione
924 3545 1197 3616 conﬁdere,
1230 3545 1324 3600 hoc
1362 3545 1523 3618 magis
1548 3543 1799 3602 credimus
1826 3541 1961 3614 quod
1983 3544 2180 3619 egisset,

595 3641 730 3710 quod
758 3639 917 3700 multo
957 3639 1121 3694 verius
1154 3655 1263 3692 esse
1291 3645 1543 3707 potuerat,
1574 3645 1629 3690 ut
1670 3634 1788 3690 illos
1833 3644 2029 3705 cogeret
2070 3637 2182 3704 epi-

594 3734 735 3792 stolis
755 3732 880 3798 suis,
896 3730 984 3798 qui
1011 3729 1435 3801 dijudicaverunt.
1464 3728 1708 3782 indicare.
1739 3727 1919 3782 Verum
1942 3745 2055 3782 cum
2083 3728 2185 3782 sint

593 3829 765 3896 aliqua
786 3826 839 3879 in
869 3823 994 3894 ipsis
1021 3824 1183 3893 posita
1218 3820 1404 3887 Gestis,
1436 3838 1551 3892 qute
1569 3821 1765 3893 objecta
1793 3821 1979 3892 partim
1999 3821 2085 3874 ille
2114 3821 2186 3874 vi-

596 3917 751 3971 tando
770 3914 1072 3986 suppressit,
1106 3913 1292 3986 partim
1315 3911 1476 3965 multa
1509 3911 1563 3965 in
1601 3927 1652 3966 se
1677 3912 1823 3965 verba
1852 3911 2182 3982 retorquendo

593 4019 697 4069 tota
749 4006 1052 4062 obscuritate
1103 4003 1373 4077 confudit;
1429 4001 1602 4073 aliqua
1640 4004 1802 4073 magis
1847 4001 1994 4071 falsis
2028 4018 2184 4073 argu-

591 4104 769 4158 mentis
795 4118 944 4172 quam
976 4116 1092 4154 vera
1124 4097 1338 4162 ratione,
1366 4105 1419 4150 ut
1451 4095 1518 4148 ad
1549 4104 1748 4164 tempus
1778 4102 1972 4165 poterat
2002 4094 2179 4156 videri,

591 4196 846 4269 purgavit,
871 4191 1102 4266 negando
1137 4191 1273 4258 alia,
1319 4190 1424 4244 alia
1460 4189 1595 4264 falsa
1632 4188 2043 4259 interpretatione
2075 4205 2180 4242 ver-

591 4289 760 4348 tendo.

662 4384 715 4437 4.
742 4379 847 4436 Sed
877 4379 1089 4440 utinam,
1119 4375 1254 4449 quod
1275 4376 1554 4448 optendunt
1583 4377 1745 4450 magis
1770 4385 1862 4439 est,
1886 4376 2001 4447 jam
2023 4393 2076 4430 se
2096 4376 2184 4432 ille

593 4474 659 4525 ad
688 4487 857 4526 veram
885 4467 1149 4523 catholica:
1170 4464 1288 4536 fidei
1319 4466 1450 4520 viam
1469 4465 1532 4518 ab
1559 4463 1650 4519 illo
1679 4465 1760 4520 sui
1781 4467 1996 4520 tramitis
2016 4483 2184 4521 errore

591 4571 866 4626 convertat.
893 4571 946 4615 ut
967 4561 1139 4631 cupiat
1164 4556 1380 4627 velitque
1400 4557 1630 4628 purgari,
1661 4557 1987 4612 considerans
2013 4558 2181 4628 quoti-

590 4660 796 4714 dianam
825 4654 923 4712 Dei
949 4653 1186 4726 gratiam,
1211 4649 1622 4722 adjutoriumque
1660 4665 1985 4721 cognoscens,
2029 4660 2083 4703 ut
2111 4652 2183 4704 vi-

589 4753 768 4806 deatur
789 4765 982 4814 verum,
1014 4755 1059 4802 et
1100 4741 1408 4816 approbetur
1445 4741 1508 4796 ab
1534 4741 1765 4798 omnibus
1798 4729 2064 4812 manifesta
2095 4759 2182 4797 ra-

590 4847 724 4900 tione
743 4850 1015 4908 correctus,
1044 4855 1144 4895 non
1162 4836 1432 4893 Gestorum
1457 4837 1664 4906 indicio,
1691 4835 1780 4890 sed
1793 4836 1861 4889 ad
1878 4837 2181 4891 catholicam

591 4937 740 5006 [idem
767 4933 918 4996 corde
938 4929 1213 4988 converso!
1248 4928 1396 4985 Unde
1421 4945 1522 4982 non
1565 4946 1830 4998 possumus
1857 4929 2060 4984 illorum
2090 4946 2181 4985 nec

591 5029 798 5101 culpare
823 5044 911 5081 nec
950 5023 1232 5096 approbare
1250 5021 1527 5095 judicium,
1551 5037 1664 5074 cum
1705 5021 1986 5077 nesciamus
2011 5031 2180 5077 utrum

591 5137 706 5178 vera
731 5120 829 5184 sint
869 5116 1056 5189 Gesta;
1081 5124 1170 5172 aut
1196 5117 1240 5170 si
1277 5131 1394 5170 vera
1427 5124 1566 5177 sunt,
1607 5112 1756 5168 illum
1793 5123 1984 5170 constet
2019 5116 2180 5188 magis

590 5213 967 5284 subterfugisse,
990 5227 1142 5280 quam
1161 5226 1213 5264 se
1243 5219 1346 5264 tota
1366 5208 1572 5263 veritate
1592 5209 1851 5282 purgasse.
1878 5209 1980 5276 Qui
1996 5211 2042 5267 si
2060 5229 2181 5267 con-

591 5308 702 5376 ﬁdit
729 5304 961 5375 novitque
995 5317 1098 5355 non
1127 5317 1180 5355 se
1222 5311 1395 5356 nostra
1437 5299 1646 5372 dignum
1691 5316 1795 5354 esse
1833 5303 2175 5371 damnatione,

590 5398 724 5467 quod
757 5398 894 5456 dicat
924 5395 1039 5469 jam
1068 5402 1230 5452 totum
1263 5392 1357 5447 hoc
1399 5409 1453 5448 se
1493 5395 1741 5465 refutasse
1780 5393 1917 5462 quod
1957 5393 2174 5460 dixerat,

593 5510 687 5545 non
710 5507 741 5544 a
769 5489 913 5544 nobis
931 5484 1189 5552 accersiri,
1215 5482 1304 5537 sed
1323 5483 1432 5554 ipse
1465 5482 1606 5538 debet
1633 5483 1802 5553 potius
1834 5483 2089 5554 festinare,
2123 5496 2178 5540 ut

591 5593 744 5660 possit
769 5587 984 5644 absolvi.
1019 5583 1159 5644 Nam
1194 5583 1242 5646 si
1275 5581 1446 5638 adhuc
1479 5579 1649 5640 taliter
1687 5581 1859 5651 sentit,
1894 5581 2099 5656 quando
2125 5599 2180 5639 se

593 5692 759 5732 nostra
772 5679 971 5750 judicio
993 5675 1248 5747 quibusvis
1280 5673 1496 5746 acceptis
1533 5674 1745 5742 litteris,
1773 5691 1890 5730 eum
1928 5673 2056 5734 sciat
2092 5675 2179 5731 da-

657 5816 667 5878 t
698 5820 801 5878 stag.
824 5815 894 5862 sic
912 5812 1113 5878 habent.
1137 5811 1413 5878 Edd._xero,
1435 5822 1468 5861 a
1488 5808 1660 5864 nostris
1680 5809 1966 5878 quibusdam
1989 5809 2143 5866 laicis.

655 5876 672 5902 ³
698 5874 806 5921 μω.
831 5874 1118 5923 omittebant
1137 5871 1326 5924 concilii
1345 5886 1363 5935 ;
1384 5886 1495 5936 quin
1516 5887 1612 5924 vox
1632 5871 1856 5927 reitituts
1879 5882 1956 5927 est
1978 5887 2041 5927 ex

1845 377 1902 434 S.
1945 370 2310 434 AUGUSTINI
2355 375 2652 435 EPISCOPI
3369 392 3371 395 ’
3753 394 3832 455 Ί88

2303 492 2577 546 mnandum
2595 510 2649 549 se
2661 512 2786 562 esse,
2802 499 3114 554 conmtittet?
3135 498 3284 566 Quod
3300 505 3343 556 si
3355 507 3680 566 accersiendus
3695 527 3822 582 esset,

2301 584 2364 637 ab
2388 585 2450 640 iis
2477 586 2653 641 melius
2678 588 2840 658 ﬁeret,
2866 591 2953 657 qui
2989 592 3150 663 magis
3175 594 3387 661 proximi
3412 605 3457 650 et
3482 614 3576 653 non
3598 599 3730 674 longe
3751 615 3828 660 ter-

2300 694 2476 733 rarum
2521 682 2688 751 spatio
2727 683 2960 737 videntur
3004 701 3111 741 esse
3145 685 3400 755 disjuncti.
3443 690 3544 745 Sed
3577 709 3670 750 non
3702 696 3831 755 deerit

2301 786 2442 835 cura,
2474 773 2518 825 si
2553 773 2815 828 medicina)
2843 775 3066 846 prwbeat
3094 777 3184 832 ille
3229 780 3506 835 materiam.
3547 781 3704 841 Potest
3725 791 3828 846 eram

2198 887 2200 889 >
2302 864 2548 920 damnare
2574 883 2687 935 qua:
2711 880 2955 934 senserat,
2983 886 3061 934 ac,
3096 870 3233 927 datis
3270 872 3466 939 litteris,
3493 879 3670 934 erroris
3688 883 3773 949 sui,
3790 895 3830 939 ut

2300 974 2582 1027 regressum
2599 960 2668 1012 ad
2695 976 2788 1014 nos
2811 960 2974 1028 decet,
3001 961 3198 1017 veniam
3242 965 3514 1035 postulare,
3544 971 3710 1040 fratres
3736 974 3834 1029 elut-

2301 1049 2507 1105 rissimi.

2371 1140 2426 1196 5.
2458 1140 2668 1196 Librum
2690 1159 2832 1211 sane,
2859 1145 2946 1216 qui
2983 1145 3094 1215 ejus
3127 1162 3235 1202 esse
3269 1147 3536 1216 diceretur,
3573 1150 3702 1208 nobis
3725 1156 3753 1210 tl
3773 1173 3836 1214 ve-

2301 1243 2406 1290 stra
2451 1233 2719 1292 Charitate-
2749 1240 3103 1295 transmissum
3143 1240 3418 1298 evolvimus
3440 1257 3460 1298 :
3501 1243 3556 1298 in
3590 1261 3680 1310 quo
3709 1248 3834 1305 multa

2299 1337 2478 1382 contra
2505 1326 2600 1382 Dei
2622 1329 2842 1400 gratiam
2867 1331 3078 1403 legimus
3111 1349 3221 1388 esse
3248 1335 3558 1406 conscripta,
3583 1337 3728 1392 multa
3749 1339 3834 1399 bla-

2299 1417 2529 1487 spheme,
2552 1419 2684 1474 nihil
2697 1420 2833 1488 quod
2860 1422 3098 1492 placeret,
3128 1433 3177 1478 et
3200 1425 3330 1479 nihil
3355 1441 3482 1494 pene
3509 1428 3636 1497 quod
3660 1445 3748 1484 non
3766 1450 3835 1503 pe-

2301 1511 2434 1566 nitus
2482 1512 2790 1583 displiceret,
2837 1531 2870 1568 a
2909 1517 3086 1587 quovis
3116 1517 3468 1574 damnandum
3502 1529 3644 1594 atque
3671 1524 3834 1582 calonu-

2299 1606 2456 1669 dum;
2483 1606 2630 1676 cujus
2647 1606 2856 1675 similia,
2887 1607 2986 1662 nisi
3012 1609 3099 1678 qui
3133 1608 3233 1666 ista
3259 1612 3553 1683 scripserat,
3585 1630 3714 1669 nemo
3736 1617 3835 1672 alter

2300 1696 2352 1750 in
2381 1707 2594 1752 mentem
2613 1699 2856 1769 reciperet
2877 1708 3026 1771 atque
3043 1703 3267 1757 sentiret.
3305 1702 3358 1758 Ν
3362 1721 3447 1759 am
3479 1705 3572 1760 hoc
3593 1705 3694 1762 loco
3715 1706 3834 1764 latius

2298 1787 2362 1843 de
2405 1789 2516 1860 lege
2557 1788 2851 1861 disputare,
2889 1792 3023 1847 velut
3065 1809 3239 1848 coram
3278 1796 3447 1866 posito
3483 1808 3836 1870 repugnanqu

2301 1881 2537 1955 Pelagio,
2567 1885 2908 1938 ru'eessarium
2933 1901 3041 1940 esse
3067 1901 3171 1940 non
3192 1887 3459 1955 duximus,
3491 1905 3605 1948 cum
3628 1889 3834 1947 vobiscum

2298 1984 2456 2029 totam
2483 1975 2499 2006 ‘
2521 1975 2791 2030 scientibus
2820 1975 3032 2047 parique
3062 1976 3322 2032 nobiscum
3353 1979 3636 2035 assensione
3655 1983 3836 2051 geldas-

2297 2067 2428 2122 tibus
2447 2067 2813 2137 colloquantur.
2851 2067 2991 2123 Tunc
3025 2071 3162 2125 enim
3196 2072 3378 2128 melius
3402 2073 3510 2128 Itth
3530 2075 3739 2146 exempta
3763 2090 3835 2144 po-

2298 2171 2506 2227 nuntur,
2529 2161 2734 2232 quando
2767 2177 2886 2215 cum
2912 2161 2977 2217 iis
3005 2179 3133 2233 quos
3162 2164 3352 2218 harum
3377 2175 3571 2220 constat
3599 2168 3838 2222 rerumnu-

2300 2252 2570 2320 prudentes
2595 2268 2724 2320 esse,
2745 2262 3039 2309 tractamus.
3065 2253 3207 2309 Nam
3229 2255 3295 2310 de
3321 2267 3523 2312 natura:
3543 2257 3832 2327 possibilitate,

2295 2343 2359 2399 de
2396 2345 2552 2399 libero
2580 2345 2810 2412 arbitrio,
2849 2354 2898 2401 et
2929 2346 2992 2401 de
3016 2348 3152 2402 omni
3189 2345 3285 2404 Dei
3309 2351 3498 2419 gratia,
3525 2359 3572 2405 et
3593 2350 3834 2422 quotidiana

2249 2420 2260 2432 ’
2293 2437 2480 2508 gratia,
2503 2436 2587 2491 cui
2617 2454 2719 2492 non
2746 2437 2810 2492 sit
2842 2447 2975 2492 recte
2991 2439 3222 2494 sentienti
3249 2439 3561 2496 uberrimum
3587 2420 3836 2512 disputare?

2293 2529 2691 2585 Anathematiset
2719 2547 2838 2602 ergo
2859 2530 2957 2586 ista
2975 2548 3089 2602 qua
3102 2535 3275 2596 sensit,
3291 2542 3352 2588 ut
3375 2533 3453 2588 illi
3469 2534 3554 2605 qui
3567 2537 3670 2606 ejus
3681 2550 3832 2590 mo-

2294 2622 2439 2678 nibus
2473 2626 2674 2694 fuerant
2703 2624 3061 2694 prteceptisque
3082 2625 3316 2696 coltapsi,
3348 2626 3473 2696 quid
3494 2627 3682 2682 tandem
3695 2627 3832 2683 habent

2295 2713 2422 2784 fides
2450 2731 2586 2779 vera,
2616 2723 2938 2786 cognoscant.
2972 2713 3203 2771 Facilius
3225 2717 3362 2771 enim
3382 2719 3597 2772 revocari
3616 2727 3829 2790 poterunt,

2293 2822 2409 2860 cum
2432 2807 2531 2860 ista
2576 2823 2609 2859 a
2629 2822 2724 2862 sua
2750 2807 2996 2862 senserint
3021 2816 3227 2862 auctore
3247 2807 3507 2864 damnari.
3542 2807 3679 2874 Quod
3703 2809 3742 2864 si
3769 2807 3832 2863 ille

2294 2896 2614 2970 pertinaciter
2637 2897 2693 2952 in
2707 2897 2804 2952 hac
2828 2899 3034 2953 voluerit
3054 2899 3308 2970 impietate
3337 2901 3612 2971 persistere,
3628 2898 3830 2973 agendsm

2293 2999 2366 3046 est
2396 2999 2644 3063 quatenus
2670 2990 2748 3044 vel
2764 2989 2828 3045 iis
2851 2991 3008 3060 possit
3042 2990 3313 3059 subveniri,
3357 3009 3482 3063 quos
3507 3009 3606 3050 non
3626 3009 3748 3058 suus,
3767 2991 3831 3050 sed

2293 3084 2444 3156 hujus
2461 3085 2622 3155 magis
2635 3082 3039 3150 errorinduxit';
3053 3100 3116 3139 ne
3129 3095 3175 3140 et
3190 3085 3291 3140 illis
3307 3086 3422 3142 hac
3447 3086 3678 3144 medicina
3699 3092 3829 3154 pacat

2293 3177 2440 3246 cujus
2464 3177 2559 3232 iste
2585 3176 2738 3231 talem
2749 3193 2849 3232 non
2869 3176 3087 3232 admittit
3115 3194 3205 3234 nec
3225 3180 3453 3249 postulat
3473 3196 3654 3234 curam.
3667 3177 3827 3250 (Etslia

2292 3266 2476 3341 manu)
2501 3285 2517 3324 :
2547 3269 2568 3302 ⁸
2607 3269 2744 3324 Deus
2781 3285 2867 3324 vos
2907 3269 3182 3326 incolumes
3218 3272 3472 3328 custodiat
3495 3312 3512 3340 ,
3551 3275 3712 3345 fratres
3732 3271 3826 3327 vlta-

2291 3363 2496 3419 rissimi.
2529 3362 2665 3418 Data
2703 3379 2756 3419 Vl
2799 3363 3036 3420 calendas
3072 3362 3360 3437 februarias
3376 3407 3389 3430 ,
3421 3374 3530 3436 post
3563 3363 3825 3424 consulatum

2291 3453 2642 3523 gloriosissimi
2693 3453 2960 3510 Theodosii
3005 3455 3219 3525 Augusti
3268 3470 3370 3520 νυ,
3421 3464 3465 3512 et
3510 3455 3647 3510 Junii
3685 3451 3824 3520 Quarti

2293 3551 2520 3607 Palladii
2570 3534 2722 3608 ῧῗῖ
2739 3551 2762 3585 ι

2684 3682 3008 3741 EPISTOLA
3040 3681 3354 3742 CLXXXIV
3380 3688 3398 3708 ·
3421 3684 3518 3755 (a).

2424 3801 2789 3869 Innocentius,
2817 3801 3056 3862 Auaeuo
3082 3810 3134 3856 et
3161 3801 3470 3858 Ancusnuo
3492 3799 3742 3876 episcopis.

2362 3933 2706 4006 Acceptissimi
2737 3933 2866 3988 mihi
2891 3931 3130 3988 Germani
3165 3933 3557 4006 compresbgteri
3588 3931 3669 3988 illo
3689 3943 3818 3985 recur-

2289 4045 2374 4082 sus
2396 4043 2584 4081 vacuus
2605 4026 2764 4098 ofﬁcio
2787 4034 2956 4080 nostra
2972 4041 3078 4080 esse
3097 4041 3199 4079 non
3215 4024 3408 4080 debuit.
3435 4025 3532 4081 Per
3549 4024 3710 4080 charos
3719 4020 3817 4076 enim

2289 4121 2510 4175 salutare
2539 4119 2880 4185 charissimos,
2916 4116 3145 4173 naturale
3171 4118 3547 4189 quodammodo
3567 4115 3692 4172 nobis
3710 4111 3817 4166 vidt-

2290 4224 2371 4269 tur
2404 4225 2449 4268 et
2495 4229 2817 4282 consequens.
2867 4209 3098 4267 Gaudere
3137 4226 3256 4282 ergo
3304 4211 3362 4265 in
3401 4210 3612 4265 Domino
3650 4214 3815 4262 vestram

2290 4304 2684 4360 Germanitatem
2719 4303 3050 4358 amantissimi
3079 4303 3335 4372 cupimus,
3373 4312 3419 4358 et
3447 4307 3536 4374 pro
3565 4299 3688 4355 nobis
3703 4294 3812 4369 paria

2288 4401 2356 4455 ad
2389 4399 2552 4454 Deum
2577 4409 2690 4453 vota
2709 4397 2984 4468 rependere
3003 4413 3284 4467 precamur,
3314 4396 3455 4465 quia,
3482 4405 3530 4448 ut
3555 4394 3663 4448 bene
3676 4387 3813 4448 nestit.

2288 4491 2634 4548 communibus
2659 4502 2704 4544 et
2732 4489 2942 4544 alternis
2973 4488 3088 4556 plus
3113 4488 3310 4560 agimus
3357 4484 3678 4550 orationibus,
3698 4491 3810 4551 qnam

2289 4583 2626 4655 singularibus
2655 4588 2740 4634 aut
2764 4578 2992 4651 privatis.

2352 4722 2368 4753 ι
2393 4727 2502 4772 Mss.
2524 4717 2692 4776 Vade...
2726 4718 2874 4780 totam
2895 4725 3016 4780 rem.
3036 4712 3150 4780 add,
3187 4713 3432 4780 plerique,
3455 4717 3610 4780 totum.
3647 4714 3799 4780 βαθεῖς

2287 4762 2903 4843 Ιἱιιςξῖὖῖίιήῖξ’ξτῖιιᾶὲήιίυὲρί
2914 4762 3257 4843 referendo'ad
3273 4762 3462 4843 ⁸ιζὲεθίιι
3487 4787 3498 4824 :
3521 4771 3571 4843 lit
3590 4762 3702 4820 entia
3719 4762 3813 4814 silu-

2286 4833 2372 4898 stts
2387 4833 2451 4894 Ξιέι
2477 4833 2593 4892 illud
2612 4851 2739 4890 nom.
2767 4854 2845 4899 vn,
2869 4833 2914 4900 i,
2928 4835 3188 4903 scientibus
3204 4835 3333 4889 enim
3345 4833 3522 4903 Legem
3541 4833 3705 4898 loquor.

2351 4885 2372 4946 ῖ
2393 4885 2464 4957 ξίέι
2477 4885 2745 4972 ἶᾲῖῐίέὲζᾚί
2763 4885 3580 4972 inguinispraestaretis.
3595 4885 3680 4944 is.
3697 4885 3812 4940 scelus

2287 4971 2396 5032 huc,
2424 4968 2510 5020 sed
2531 4964 2685 5032 magis
2707 4976 2844 5032 error
2866 4963 3107 5032 induxit.__
3297 5029 3304 5032 Α
3365 5021 3395 5032 η

2351 5021 2457 5082 ἀἘχ
2481 5021 2748 5080 Corb."cod.
2775 5027 2869 5075 huc
2890 5024 3238 5084 transtulimus,
3259 5029 3306 5076 et
3444 5033 3640 5090 enatat."
3699 5081 3724 5090 ῃ

2348 5096 2369 5131 ι
2392 5080 2501 5145 iud.
2526 5101 2626 5141 Am.
2651 5097 2725 5139 Er.
2753 5095 2805 5139 et
2825 5094 2933 5148 Lor.
2957 5093 3207 5146 armatam,
3226 5080 3257 5136 ὐ
3279 5083 3372 5148 σαι.
3396 5081 3589 5148 [εθνηρι
3605 5084 3676 5128 ³⁵·
3699 5080 3806 5148 ΨΨ·

2288 5166 2339 5214 et
2741 5134 2836 5201 cal;
2855 5134 2993 5215 febri,
3018 5134 3355 5215 prmteij'tiiissis
3375 5134 3650 5215 domum
3665 5134 3808 5215 quid?

2285 5200 2776 5285 itgﬁiliiiii’iaicpib.
2790 5200 3096 5285 0t_4'1ice‘,_'_1iou
3117 5210 3314 5285 quidem
3337 5210 3494 5285 utieu
3523 5200 3806 5285 Signanti:

2286 5255 2534 5338 eum
2554 5255 2608 5330 ii;
2626 5255 2748 5330 ῐίῑέιῖ
2755 5255 3500 5338 "enim;miserisa
3527 5289 3552 5338 ,ι
3570 5255 3672 5317 Data
3688 5255 3806 5338 μείξας

2293 5306 2382 5338 ten
2402 5306 2534 5334 nona
2554 5306 2605 5330 ιιι
2626 5306 2739 5330 unt.
2767 5306 2779 5325 ι
2797 5306 2824 5325 υ
2913 5309 2925 5323 .
2951 5306 3033 5322 um
3071 5306 3084 5322 .
3137 5306 3180 5321 υ.
3215 5306 3229 5324 ι
3245 5306 3260 5320 ι
3283 5306 3298 5332 ,
3319 5306 3500 5320 ne...“
3531 5306 3552 5314 -
3572 5306 3672 5317 ν...-
3747 5318 3754 5327 _

2293 5368 2314 5396 (ι
2337 5347 2428 5396 cal.
2453 5347 2576 5395 febr.
2605 5306 3036 5404 postcotmatnui
3057 5306 3460 5404 glorios_iss_hai,_s
3487 5306 3802 5404 etin;

2294 5390 2314 5456 ἆ
2336 5390 2450 5460 vita
2472 5390 2628 5470 ξιῖἷᾱίὶε
2645 5390 2741 5470 ίοεξι-
2765 5390 3247 5470 ῖρδιῑεβιοὶίῶίωίπιί
3271 5390 3737 5470 ἰ’ἓιεδίξίιίξδέίέξεξιέδ

2292 5451 2314 5519 ξ
2333 5451 2711 5528 ἔξ)ὖόἷίὖώιῖίί
2725 5451 2988 5515 Palladii".
3003 5465 3052 5509 c.
3069 5471 3254 5528 conss»
3279 5457 3360 5528 utri
3375 5456 3468 5528 dvo
3481 5451 3803 5528 peceasfg

2283 5511 2385 5594 illi"
2726 5511 2962 5595 primum,
3001 5521 3130 5587 quod
3167 5528 3303 5595 notus
3330 5527 3380 5568 P.
3402 5511 3803 5595 Gigantum

2282 5562 2989 5660 tiiatiiﬂignihsimfnés
3002 5562 3563 5660 argutiispauaaas
3578 5562 3661 5633 est.
3675 5562 3800 5636 vidit

2282 5648 2402 5723 251.;
2413 5648 2645 5717 alterum,
2665 5658 2780 5723 quia
2801 5648 2866 5723 εξ
2889 5651 3016 5723 notis
3035 5663 3114 5708 va,
3141 5648 3255 5723 iecit

2349 5705 2700 5778 "baiiiia‘éiitﬂ
2715 5705 2794 5769 ab.
2819 5705 2866 5765 tl'.
2891 5711 3080 5763 duobus
3100 5705 3146 5760 'v.
3172 5719 3270 5758 Am.
3284 5705 3399 5757 'nad.
3422 5710 3493 5753 Er.
3514 5707 3611 5751 ων.

2345 5774 2416 5876 (αᾷ
2583 5806 2646 5878 97
2666 5819 2678 5856 :
2698 5797 3110 5878 minoia‘utemAiSi
3130 5801 3254 5857 erat,
3274 5804 3400 5842 nunc
3417 5790 3466 5840 in
3486 5779 3725 5849 Appendiee
3739 5774 3796 5821 αι

2283 5876 2331 5926 3.
2351 5865 2535 5936 'Sc'rlpta
2553 5869 2680 5922 circa
2699 5865 2831 5917 idem
2851 5869 3062 5928 tempus.
