3990 6380
602 253 699 312 ’191
1854 272 1910 327 S.
1950 272 2127 329 AUGt

2229 274 2315 330 m1
2354 276 2657 337 EPISCOPI
3720 316 3803 372 τῃ

597 373 728 427 bona
750 374 981 432 voluntas
1000 378 1201 447 quidem
1221 382 1387 437 cordis
1414 386 1530 449 mei,
1560 394 1603 438 ct
1629 386 1913 455 deprecatio
1932 391 2001 443 ad
2024 389 2186 445 Deum

595 466 653 533 ﬁt
682 485 774 536 pro
800 470 902 525 illis
930 471 983 525 in
1016 472 1231 529 salutem
1269 474 1443 549 (Rom.
1472 494 1528 544 x,
1564 478 1650 551 l);
1682 496 1779 550 pro
1808 482 1915 538 illis
1955 482 2180 553 scilicet,

593 559 682 629 qui
706 563 1013 619 occiderant
1033 564 1324 630 Christum,
1350 572 1435 639 qui
1456 572 1471 603 ¹
1496 573 1734 642 profecto
1760 576 1917 631 istum
1948 593 2181 650 quoque,

591 651 635 707 si
668 662 901 721 potestas
921 655 1157 723 daretur,
1184 660 1506 716 occiderent.
1537 663 1640 718 Pro
1660 668 1904 735 qualibus
1924 679 1976 723 et
2006 671 2180 725 Domi-

590 758 711 805 nus.
738 762 858 801 cum
890 748 1127 817 pendens
1159 750 1467 807 irrideretur
1492 754 1640 827 (Luc.
1665 774 1815 826 mu,
1846 759 1959 833 54),
1983 771 2036 817 et
2056 762 2180 817 bea-

590 842 672 891 tus
697 836 1017 908 Stephanus,
1049 855 1169 895 cum
1196 842 1521 913 lapidaretur
1546 847 1681 920 (Act.
1710 865 1803 914 vn,
1837 852 1950 925 59),
1982 856 2172 909 oravit.

657 929 883 987 CAPUT
924 934 1007 988 ΙΙΙ.
1036 964 1107 975 -
1135 936 1187 991 5.
1241 935 1467 993 Istorum
1506 956 1638 998 sane
1682 942 1991 1009 infidelium,
2038 963 2175 1017 quos

586 1023 668 1077 vel
692 1023 951 1093 Gentiles,
981 1027 1061 1082 vel
1082 1028 1191 1097 jam
1230 1030 1387 1101 vulgo
1416 1032 1610 1087 usitato
1639 1036 1899 1091 vocabulo
1933 1038 2173 1109 Paganos

582 1117 848 1186 appellare
891 1122 1285 1188 consuevimus,
1333 1126 1584 1195 quoniam
1625 1127 1730 1183 duo
1770 1140 1894 1185 sunt
1930 1147 2161 1202 genera;

579 1224 737 1264 unum
759 1226 965 1280 eorum,
991 1215 1077 1284 qui
1099 1218 1524 1287 superstitiones,
1548 1222 1769 1294 quasla)
1792 1233 1992 1293 putant,
2014 1224 2167 1281 Chri-

575 1302 759 1358 stiumc
780 1305 1020 1375 religioni
1043 1316 1401 1377 anteponunt;
1426 1312 1649 1367 alterum
1677 1330 1885 1382 eorum,
1909 1316 1997 1386 qui
2022 1319 2165 1372 nullo

572 1396 842 1468 religionis
880 1402 1097 1459 nomine
1136 1403 1374 1459 obstricti
1414 1418 1570 1473 sunt;
1611 1424 1711 1478 ego
1754 1410 1804 1464 in
1848 1411 2161 1480 quibusdam

568 1487 739 1554 libris,
772 1507 905 1560 quos
925 1494 992 1548 de
1018 1494 1242 1551 Civitate
1272 1497 1360 1551 Dei
1386 1501 1695 1568 praenotavi,
1726 1517 1949 1571 quorum
1975 1504 2041 1558 ad
2069 1520 2160 1561 vos

567 1581 814 1635 existimo
840 1582 948 1654 jam
988 1587 1292 1655 pervenisse
1324 1591 1586 1655 notitiam,
1628 1600 1681 1646 et
1719 1608 1944 1662 quorum
1986 1595 2158 1652 adhuc

565 1674 820 1744 reliquos,
861 1677 905 1732 si
943 1678 1195 1735 Dominus
1223 1682 1471 1748 voluerit,
1502 1684 1856 1741 absolvendos
1887 1688 1936 1740 in
1968 1688 2156 1743 mediis

565 1765 698 1819 meis
715 1768 1148 1836 occupationibus
1172 1773 1381 1839 molior,
1405 1774 1662 1831 adversus
1688 1777 1913 1848 primum
1934 1778 2151 1833 istorum

560 1870 753 1925 genus,
779 1859 919 1928 quod
945 1861 1228 1930 Apostolus
1253 1874 1419 1930 notat,
1451 1866 1537 1921 ubi
1568 1868 1715 1935 dicit,
1742 1869 1870 1934 Qua:
1890 1872 2153 1926 immolant

559 1955 747 2014 gentes,
776 1947 1058 2019 dtemoniis,
1099 1962 1147 2006 et
1184 1970 1285 2009 non
1311 1955 1420 2011 Deo
1442 1957 1702 2013 immolant
1722 1960 1764 2027 (l
1794 1960 1911 2015 (ἔον.
1941 1979 1996 2029 X,
2019 1962 2144 2036 20);

560 2036 641 2091 vel
677 2046 843 2104 certe,
886 2041 971 2096 ubi
1016 2042 1162 2112 dicit,
1194 2044 1471 2102 Coluerunt
1515 2059 1562 2103 et
1596 2053 1871 2107 servierunt
1904 2065 2149 2110 creatura:

556 2129 725 2199 potius
761 2148 912 2202 quam
951 2132 1179 2192 Creatori
1205 2137 1378 2210 (Rom.
1406 2157 1444 2208 ι,
1472 2142 1601 2213 25);
1644 2145 1830 2201 decem
1878 2148 2143 2203 volumina

556 2235 660 2275 non
691 2238 851 2292 parva
894 2226 1121 2295 confeci,
1155 2246 1380 2299 quorum
1425 2235 1600 2303 priora
1632 2237 1864 2308 quinque
1895 2239 2013 2293 illos
2054 2257 2141 2294 rc—

549 2310 837 2383 dargnunt,
880 2318 968 2387 qui
1008 2330 1224 2389 propter
1265 2322 1658 2394 adipiscendam
1690 2328 1770 2383 vel
1810 2331 2138 2386 retinendam

553 2405 906 2464 humanarum
945 2427 1122 2468 rerum
1173 2415 1327 2470 istam
1370 2426 1634 2475 terrenam
1685 2423 2140 2496 temporalemque

552 2498 882 2567 felicitatem,
925 2520 1030 2559 non
1065 2507 1219 2563 unius
1246 2512 1439 2566 summi
1467 2521 1521 2568 et
1560 2515 1692 2578 veri,
1726 2516 1819 2571 sed
1849 2518 2134 2573 multorum

544 2592 769 2649 deorum
801 2596 999 2652 cultum
1041 2603 1399 2659 necessarium
1425 2621 1543 2661 esse
1570 2608 1920 2666 contendunt.
1953 2612 2137 2668 Poste-

544 2684 689 2740 riora
716 2702 843 2741 vero
872 2690 971 2743 alia
999 2693 1231 2763 quinque
1272 2707 1456 2751 contra
1498 2699 1617 2755 illos
1646 2711 1787 2765 sunt,
1817 2704 1905 2774 qui
1942 2720 2000 2759 se
2041 2708 2133 2761 atl-

540 2792 727 2835 versus
765 2781 1048 2838 salutarem
1072 2784 1366 2843 doctrinam
1402 2792 1653 2848 tumidius
1687 2804 1741 2850 et
1778 2796 2011 2853 inflatius
2039 2815 2131 2856 ex-

542 2872 806 2941 tollentes,
838 2876 902 2930 ad
930 2876 1330 2948 beatitudinem,
1361 2900 1481 2954 quae
1511 2897 1631 2956 post
1652 2887 1789 2943 hanc
1821 2893 1981 2945 vitam
2008 2909 2127 2962 spe-

538 2973 714 3030 ratur,
765 2968 921 3022 ctiam
973 2984 1069 3040 per
1112 2971 1413 3030 dmmonum
1468 2980 1860 3053 multorumque
1900 2983 2125 3042 deorum

535 3058 733 3111 cultum
774 3061 1076 3117 existimant
1122 3068 1414 3133 pervenire.
1460 3070 1557 3125 Ubi
1593 3083 1647 3128 et
1686 3075 1891 3130 nobiles
1932 3093 2122 3134 eorum

538 3148 834 3218 ιιιιῑιίιδοιιιιί
865 3154 914 3207 ἱιι
941 3156 1105 3211 tribus
1129 3158 1209 3213 his
1232 3159 1304 3233 (ὁ)
1326 3164 1577 3235 quinque,
1607 3167 1699 3221 sed
1724 3170 1920 3225 ultimis
1948 3172 2116 3236 libris,

535 3240 849 3295 refelluntur
890 3261 918 3297 a
965 3246 1133 3301 nobis.
1168 3248 1355 3306 Cazteri
1398 3254 1466 3308 ab
1511 3257 1790 3313 undecimo
1830 3274 1957 3332 quot
1996 3279 2116 3320 esse

529 3333 818 3402 potuerint,
851 3351 1075 3407 quormn
1102 3341 1209 3410 jam
1250 3354 1357 3399 tres
1390 3348 1613 3416 absolvi,
1644 3362 1887 3421 quartum
1922 3356 1972 3409 in
2006 3373 2119 3411 ma-

530 3426 684 3481 nibus
718 3426 904 3495 habeo,
935 3446 995 3485 ea
1026 3448 1143 3502 qua:
1174 3451 1271 3489 nos
1300 3438 1367 3492 de
1398 3438 1618 3495 Civitatc
1662 3443 1752 3498 Dei
1785 3453 2028 3501 tenemus
2061 3458 2117 3504 et

526 3518 814 3583 credimus,
848 3523 1227 3589 continebunt;
1274 3545 1338 3583 uc
1376 3532 1547 3587 aliena
1577 3538 1946 3592 tantummodo
1973 3540 2115 3596 refu—

525 3619 659 3675 tare,
690 3627 792 3665 non
822 3614 979 3667 etiam
1012 3628 1189 3673 nostra
1219 3621 1270 3675 in
1300 3622 1400 3677 hoc
1428 3639 1588 3695 opere
1617 3643 1859 3685 asserere
1884 3632 2113 3689 voluisse
2176 3694 2187 3699 ,

524 3701 818 3758 videamur.
856 3706 958 3763 lste
997 3720 1173 3765 autem
1215 3724 1334 3781 post
1361 3718 1543 3771 decem
1582 3731 1823 3789 quartus,
1866 3723 2111 3795 idemque

522 3794 684 3849 totius
712 3799 890 3867 operis
919 3812 1138 3871 quartus
1166 3805 1403 3863 decimus
1444 3809 1599 3875 liber,
1639 3814 1682 3866 si
1736 3815 1989 3870 Dominus
2018 3834 2109 3872 vo-

521 3884 701 3954 luerit,
732 3891 988 3946 enodatas
1022 3892 1234 3951 habebit
1259 3913 1466 3965 omnes,
1508 3918 1641 3972 quas
1667 3904 1795 3960 mihi
1834 3911 2107 3979 proposui-

515 3975 610 4031 stis
636 3978 689 4031 in
720 3992 890 4034 vestra
918 3984 1158 4053 cpistola,
1194 3990 1536 4057 qumstiones.

590 4072 641 4126 6.
688 4073 852 4128 Porro
878 4091 997 4131 cum
1019 4079 1186 4134 altero
1209 4081 1498 4139 inlidelium
1525 4100 1739 4154 genere,
1774 4089 1859 4159 qui
1887 4092 1971 4146 vel
1999 4093 2103 4148 vim

515 4164 713 4219 nullam
751 4181 869 4222 esse
897 4169 1129 4226 divinam
1170 4175 1415 4242 credunt,
1448 4179 1530 4231 vel
1558 4180 1622 4233 ad
1655 4196 1771 4236 eam
1805 4199 1889 4239 res
1917 4185 2101 4240 huma-

514 4269 612 4309 nas
638 4259 903 4325 pertinere
948 4277 1054 4316 non
1098 4264 1340 4332 credunt,
1388 4269 1570 4325 nescio
1606 4279 1779 4327 utrum
1813 4290 1991 4330 sermo
2031 4280 2099 4333 sit

514 4345 795 4402 habendus
821 4350 888 4404 de
916 4352 1087 4422 aliqua
1125 4359 1415 4423 qumstionc
1438 4360 1692 4428 pietatis;
1723 4368 1963 4434 quamvis
1994 4386 2093 4425 non

513 4435 625 4492 fere
666 4439 943 4512 quisquam
988 4448 1183 4499 nostris
1227 4451 1553 4519 temporibus
1575 4453 1650 4527 (ο)
1691 4459 1986 4526 reperiatur
2024 4463 2091 4516 ita

512 4530 729 4597 stultus,
758 4534 847 4602 qui
879 4534 961 4589 vel
999 4534 1049 4589 in
1081 4538 1244 4594 Corde
1275 4555 1372 4594 suo
1397 4543 1571 4599 dicere
1601 4546 1796 4601 audeat
1825 4567 1839 4605 :
1873 4549 1992 4605 Non
2020 4566 2092 4607 cst

514 4622 649 4678 Dt‘us
682 4624 850 4694 (l’sal.
883 4644 997 4697 xm,
1030 4630 1100 4699 l).
1137 4630 1211 4685 Illi
1242 4642 1415 4689 autem
1444 4636 1531 4690 alii
1576 4639 1720 4693 stulti
1762 4657 1865 4694 non
1898 4642 2091 4700 desunt

504 4714 594 4784 qui
623 4715 872 4783 dixerint,
908 4717 1027 4774 Non
1059 4722 1237 4776 ridebit
1269 4723 1510 4779 Dominus
1538 4727 1705 4799 (Psal.
1739 4748 1886 4799 xcut,
1913 4734 2001 4805 7);
2038 4738 2087 4793 id

503 4816 604 4873 est,
634 4811 1015 4877 providentiam
1042 4832 1190 4871 suam
1215 4818 1264 4871 in
1296 4819 1407 4873 haec
1434 4830 1641 4878 terrena
1671 4841 1775 4879 non
1802 4829 2082 4903 tendit(d).

2304 393 2675 455 Verumtamen
2707 402 2760 457 in
2782 401 2865 461 bis
2891 404 3060 472 libris,
3082 423 3219 479 quos
3244 412 3362 469 volo
3380 423 3438 473 ut
3458 417 3584 492 legat
3606 426 3804 493 Charitas

2295 494 2491 554 vestra,
2523 488 2648 546 dum
2680 492 2753 565 (a)
2797 498 2989 553 asserit
3026 499 3224 557 Civitas
3251 505 3359 571 Dei,
3400 488 3683 574 non'solum

2296 576 2477 643 Deum,
2504 584 2644 653 quod
2674 595 2858 641 natura
2882 589 3096 646 insitum
3121 594 3203 649 vix
3234 596 3333 652 ulla
3362 615 3573 674 unquam
3594 615 3803 687 exstirpat

2291 670 2567 742 impietas;
2594 678 2688 733 sed
2709 681 2869 736 etiam
2899 698 3075 739 rerum
3105 685 3443 749 humanarum
3468 713 3629 755 curam
3654 670 3802 775 gerere

2281 950 2483 1021 angelis
2515 954 2779 1026 malignis,
2814 958 2855 1013 si
2897 959 3034 1016 Deus
3065 963 3310 1035 voluerit,
3342 978 3394 1025 et
3421 950 3801 1043 quibus-voluerit

2278 1042 2531 1101 credibile
2562 1048 2668 1103 fiet.
3440 1042 3447 1043 ί
3680 1062 3681 1067 ‘

2349 1134 2399 1187 7.
2442 1136 2556 1193 Non
2596 1140 2773 1212 itaque
2814 1145 3033 1204 ulterius
3063 1153 3329 1208 oneranda
3357 1167 3438 1213 est
3464 1157 3571 1217 haec
3595 1166 3797 1236 epistola,

2273 1223 2625 1286 dilectissimi.
2670 1232 2770 1290 Ubi
2798 1238 2940 1293 enim
2983 1244 3209 1311 speretis
3239 1262 3333 1316 per
3372 1223 3693 1313 ministerium
3724 1223 3799 1319 no:

2272 1326 2438 1373 strum
2472 1337 2628 1379 nosse
2656 1327 2795 1396 quod
2819 1330 2996 1395 vultis,
3028 1334 3156 1391 satis
3184 1336 3444 1409 diximus;
3471 1348 3728 1408 eteosdem
3750 1355 3798 1411 li-

2272 1406 2416 1475 bros,
2450 1411 2491 1464 si
2530 1415 2763 1470 nondum
2798 1418 3020 1486 habetis,
3050 1437 3105 1480 ut
3129 1427 3325 1486 habere
3354 1406 3575 1503 possitis,
3600 1406 3797 1509 per

2267 1509 2409 1554 ctum
2433 1501 2648 1561 fratrem
2676 1516 2729 1562 et
2758 1516 3252 1588 compresbyterum
3283 1501 3452 1580 meum
3483 1501 3693 1589 Firmum
3718 1534 3793 1608 (li),

2266 1593 2352 1661 qui
2376 1610 2470 1650 vos
2492 1599 2712 1654 multum
2736 1602 2926 1671 diligit,
2952 1609 3209 1681 nobisque
3232 1613 3528 1688 diligentius
3548 1593 3792 1699 intiniaril,

2264 1690 2320 1735 ut
2348 1693 2534 1741 vestrm
2577 1698 2771 1746 mutuae
2803 1695 3072 1753 dilectioni
3114 1704 3313 1771 gratias
3350 1718 3486 1779 agat,
3521 1727 3609 1783 pro
3634 1690 3794 1776 nostra

2263 1778 2533 1833 tenuitatis
2562 1779 2810 1841 facultate
2836 1790 3159 1846 curavimus.

2554 1895 2639 1951 DE
2667 1897 2995 1958 EPISTOLA
3036 1904 3543 1977 SUBSEQUENTE.

2616 2008 2741 2077 (un.
2774 2028 2811 2067 ιι
2837 2029 3123 2082 uernum,
3143 2035 3261 2077 (ιλιι.
3286 2024 3488 2097 xum.)

2326 2113 2519 2172 Eodem
2558 2129 2779 2189 tempore
2818 2130 2999 2200 scripsi
3038 2133 3185 2188 etiam
3223 2136 3408 2194 librum
3434 2142 3496 2197 de
3523 2140 3793 2206 Correctim

2251 2204 2658 2280 Donatistarum,
2689 2228 2896 2287 propter
2919 2239 3004 2276 eos
3034 2225 3119 2293 qui
3145 2228 3379 2284 nolebant
3401 2231 3514 2288 illos
3532 2235 3697 2307 legibus
3716 2204 3792 2296 im:

2247 2299 2518 2365 perialibus
2542 2307 2745 2379 corrigi.
2764 2308 2866 2365 Hic
2889 2313 3012 2367 liber
3050 2317 3123 2371 sic
3151 2319 3329 2390 incipit
3356 2338 3375 2379 .-
3409 2343 3426 2376 ι
3444 2299 3626 2396 Laudo,
3644 2341 3683 2385 et
3697 2349 3789 2403 gra-

2245 2392 2399 2460 tulor,
2426 2403 2472 2449 et
2495 2397 2740 2454 admiror.
2777 2422 2795 2455 ι
2874 2422 2881 2423 ί

2458 2533 2542 2589 DE
2571 2536 3052 2601 COthECTlO‘NE
3096 2548 3615 2615 DONATISTARUM

2891 2656 3180 2724 LIBER,

2989 2766 3085 2806 εευ

2627 2858 2956 2918 EPISTOLA
3007 2865 3299 2925 CLXXXV
3327 2871 3441 2946 ‘(r).

2234 2965 2546 3037 Augustinus
2574 2971 2839 3046 Boni/“acia
2870 2978 3090 3051 (tribuno
3115 3000 3176 3037 ac
3195 2985 3401 3042 demum
3429 2994 3591 3046 comiti
3608 2993 3655 3049 in
3677 2996 3782 3067 Afri-

2300 3076 2359 3113 ca
2378 3102 2391 3121 .
2415 3078 2478 3116 ea:
2508 3065 2652 3135 epist.
2694 3067 2857 3140 220),
2890 3085 3293 3133 commonstrans
3328 3081 3409 3135 illi
3447 3065 3779 3142 Donatistarum

2300 3155 2526 3211 Invrcsim
2572 3160 2700 3215 nihil
2742 3164 2924 3219 habere
2962 3184 3223 3226 commune
3254 3189 3374 3228 cum
3405 3176 3610 3245 Ariana,
3638 3191 3679 3235 ct
3698 3198 3776 3248 qua

2298 3250 2634 3306 moderatione
2678 3272 2765 3321 per
2809 3269 2992 3312 metum
3036 3261 3201 3333 legum
3229 3266 3566 3338 imperialium
3594 3274 3777 3328 heretici

2297 3354 2504 3408 possunt
2542 3347 2611 3399 ad
2644 3346 2888 3405 Ecclesia:
2918 3354 3205 3410 societatem
3243 3361 3423 3415 reduci
3448 3379 3467 3417 :
3490 3366 3707 3420 nonnulla
3724 3368 3772 3421 de

2297 3432 2672 3492 Donatistarum
2702 3450 2749 3496 et
2779 3440 3252 3503 Circttmccllionum
3280 3452 3599 3522 inmanitate,
3628 3474 3679 3511 ac
3700 3474 3769 3527 po-

2291 3536 2472 3580 stremo
2502 3530 2563 3583 de
2591 3543 2790 3600 peccato
2820 3535 2870 3589 in
2902 3537 3151 3608 Spiritum
3177 3556 3409 3599 sanctum
3443 3566 3540 3604 non
3559 3551 3768 3606 remitten-

2290 3619 2375 3670 do.
2401 3617 2544 3672 Idem
2569 3635 2915 3692 argumentum
2943 3632 3171 3684 tractavit
3196 3634 3248 3687 in
3274 3637 3487 3706 epistola
3514 3642 3594 3695 95.

2289 3708 2509 3765 CAPUT
2538 3712 2902 3770 PillMUhL—
2924 3721 2968 3773 l.
2994 3720 3191 3787 Laudo,
3208 3736 3262 3779 et
3284 3730 3536 3797 gratulor,
3557 3741 3606 3787 et
3630 3733 3762 3786 admi-

2217 3813 2320 3864 ror,
2342 3800 2408 3853 lili
2436 3802 2776 3862 dilectissime
2791 3808 3044 3878 Bonil‘aei,
3061 3814 3198 3879 «mod
3216 3816 3358 3873 inter
3372 3835 3524 3876 curas
3544 3822 3759 3877 bellorum

2213 3900 2265 3946 et
2287 3907 2580 3961 armorum,
2608 3897 2952 3957 vehementer
2976 3904 3247 3963 desideras
3289 3926 3352 3966 ea
3385 3928 3536 3968 nosse
3558 3931 3663 3984 qua:
3689 3914 3759 3969 Dei

2209 3992 2352 4037 sunt.
2386 3984 2519 4042 Vere
2549 3986 2671 4041 hinc
2704 3999 2754 4044 te
2774 4002 2993 4061 apparet
3022 3996 3181 4050 etiam
3211 3998 3281 4055 tle
3308 4000 3421 4071 ipsa
3451 4006 3628 4060 virtute
3650 4006 3758 4059 mili.

2212 4075 2331 4140 tari,
2361 4076 2479 4133 lidei
2509 4080 2710 4136 servire
2735 4098 2890 4152 quam
2922 4085 3083 4141 habes
3101 4088 3151 4143 in
3178 4090 3414 4149 Christo.
3438 4096 3503 4152 Ut
3529 4113 3643 4168 ergo
3662 4097 3756 4151 bre-

2206 4168 2344 4223 viter
2372 4169 2632 4227 insinuem
2667 4174 2939 4231 Dilectioni
2969 4186 3092 4243 ture,
3117 4180 3254 4237 inter
3272 4185 3583 4243 Arianorum
3604 4200 3651 4243 et
3673 4190 3754 4243 Do-

2205 4261 2515 4317 natistarum
2546 4266 2669 4335 quid
2716 4268 2920 4324 intersit
2957 4288 3225 4337 errorem;
3275 4279 3455 4335 Ariani
3499 4282 3670 4347 Patris,
3710 4293 3752 4336 et

2204 4350 2342 4417 Filii,
2380 4362 2435 4408 et
2473 4354 2701 4425 Spiritus
2730 4361 2894 4414 sancti
2926 4364 3165 4420 diversas
3193 4368 3515 4427 substantias
3556 4390 3663 4429 esse
3682 4374 3748 4429 di-

2201 4456 2365 4500 cunt:
2399 4447 2682 4504 Donatista:
2730 4461 2905 4507 autem
2955 4471 3057 4509 non
3100 4456 3199 4514 hoc
3236 4459 3449 4530 dicunt,
3488 4464 3577 4520 sed
3617 4482 3746 4519 unam

2200 4536 2470 4593 Trinitatis
2496 4541 2842 4597 substantiam
2874 4548 3208 4606 confitentur.
3253 4553 3318 4608 Et
3365 4554 3409 4610 si
3454 4557 3602 4629 aliqui
3632 4557 3747 4627 ipso-

2197 4644 2311 4682 rum
2349 4630 2607 4685 minorem
2656 4633 2841 4688 Filinm
2882 4652 3001 4694 esse
3025 4640 3269 4698 dixerunt
3297 4661 3456 4715 quam
3486 4649 3739 4711 Paterest;

2195 4718 2430 4788 ejusdem
2456 4731 2627 4778 tamen
2650 4725 2956 4783 substantiae
2984 4746 3086 4785 non
3115 4746 3403 4804 negarunt:
3424 4739 3739 4809 plurimivero

2196 4812 2245 4866 in
2273 4815 2349 4868 eis
2378 4814 2481 4871 hoc
2505 4832 2563 4871 se
2591 4818 2771 4873 dicunt
2798 4823 3015 4876 omnino
3041 4826 3259 4883 credere
3284 4828 3352 4884 de
3381 4830 3534 4887 Patre
3556 4842 3605 4885 et
3628 4830 3738 4885 Filio

566 4920 583 4950 ⁸
594 4926 673 5001 ita
824 4930 990 4975 Gottw.
1015 4934 1070 5001 ιιι
1229 4929 1550 5001 ευιιερἯθ-ιιι,
1574 4947 1715 4998 quem
1735 4939 1945 5001 profecto
1965 4939 2083 4995 isti:

501 4991 792 5051 perperam;
824 4999 927 5055 non
967 4991 1096 5061 enim
1133 4992 1200 5061 ait
1225 4991 1597 5061 Aug._ii1_tideles'
1631 4991 1833 5061 quoque
1847 4991 2082 5055 Christum

497 5042 741 5127 occisuros
771 5046 932 5127 :u-isst:
940 5050 982 5097 si
997 5051 1111 5127 pata
1134 5042 1321 5103 luisset”
1343 5055 1457 5126 ipsis

494 5103 656 5174 occiso
676 5104 883 5177 Christo,
904 5109 1095 5177 Paulum
1116 5128 1315 5177 quoque
1339 5103 1599 5168 decisu'ros
1615 5103 1876 5171 ιίιῖεέέῦὲι
1899 5103 2078 5177 E'Eéﬁ’l

496 5164 690 5250 amicae
734 5166 958 5241 prohibiti
998 5164 1199 5244 t'uisse'nt
1220 5164 1309 5226 :‘ac
1347 5164 2079 5250 nihilominus'XpbsElnin“pro

494 5227 671 5296 Judzeis
692 5227 883 5288 orasse,
912 5231 1130 5307 nimirum
1148 5273 1160 5293 ,
1188 5246 1241 5307 ιιι
1265 5252 1377 5286 mox
1402 5227 1647 5307 subditur,
1670 5227 2078 5307 ριτὸνῗάἶιέιῖθίιιὲιᾶ

495 5287 741 5367 portunus,
755 5287 1090 5367 cumpendms
1107 5287 1412 5359 irrideretnr,
1436 5307 1481 5351 et
1498 5287 1658 5354 beo—tus
1670 5287 2076 5367 ἓιέριιᾏῖὶὶζςῗᾶὧὶ

491 5348 808 5415 lapiduretur,
833 5348 1000 5406 oravit.

574 5448 607 5485 a
658 5442 815 5497 Forte,
838 5451 961 5504 quas
981 5442 1141 5503 magni
1164 5448 1349 5505 putant.

577 5496 605 5546 b
653 5506 808 5560 Forte,
832 5500 1001 5552 horum
1023 5504 1258 5566 quinque.

576 5572 603 5609 c
646 5568 797 5610 εει-ιιι.
815 5562 895 5621 69,
920 5576 1025 5636 cap.
1051 5564 1098 5623 2,
1122 5579 1258 5640 num.
1277 5568 1326 5617 3.

615 5626 633 5678 )
659 5629 813 5678 Forte,
853 5637 948 5675 non
980 5627 1187 5676 intendit
1211 5642 1223 5678 :
1245 5639 1310 5678 ua
1340 5643 1349 5678 ι

576 5572 603 5609 ο

2253 4946 2269 4965 ‘
2304 4953 2354 4995 tn
2373 4948 2529 5024 .hujus
2558 4952 2848 5024 recensione
2868 4953 3025 5024 collati
3047 4963 3161 5006 sunt
3181 4971 3229 5007 a.
3249 4961 3332 5024 b3.
3358 4961 3425 5011 bl.
3449 4963 3529 5012 bn.
3549 4975 3590 5011 c.
3609 4974 3672 5013 oc.
3694 4959 3732 5008 tl.

2187 5021 2237 5071 ε.
2262 5022 2343 5070 gv.
2363 5010 2400 5069 j.
2426 5023 2466 5059 s.
2494 5018 2529 5060 t.
2557 5025 2628 5061 vc.
2652 5014 2749 5063 duo
2770 5015 2844 5063 sb.
2868 5018 3084 5081 quinque
3107 5033 3155 5067 v.
3181 5010 3415 5071 Am."Bad.
3440 5010 3513 5072 Er.
3536 5010 3636 5072 liov'.

2250 5089 2321 5168 (ili)
2345 5096 2407 5138 Ex
2434 5093 2610 5163 vetusti
2651 5094 2826 5168 codicis
2862 5098 2989 5168 notis
3018 5099 3318 5168 fugientibus
3338 5116 3458 5168 quas
3494 5104 3731 5168 legentium

2250 5118 2321 5152 ιιι)
2345 5118 2407 5138 I‘..\
2438 5118 2610 5141 vcvuatl
2651 5118 2826 5145 ιωιυιδ
2863 5118 2989 5147 ιιυιιδ
3018 5118 3318 5163 tugtenttous
3338 5118 3458 5214 Ἦλθε
3494 5118 3731 5168 legentium

2184 5150 2308 5222 oculi
2332 5154 2525 5224 assequi
2549 5167 2645 5203 non
2668 5163 2906 5230 [.oterant,
2926 5172 3093 5210 vocem
3113 5162 3235 5235 dum
3255 5178 3342 5214 con
3380 5175 3500 5215 nam
3523 5176 3731 5252 esseque

2184 5225 2354 5252 mll’lllll
2380 5227 2425 5252 In
2467 5216 2655 5252 nimium
2693 5227 2957 5252 nrnhnnann
2995 5232 3170 5252 nmnmni
3210 5238 3265 5252 an
3293 5226 3522 5252 ιΙηΓιι-ιηηιιι
3564 5239 3726 5252 ’.ΙΙ-ΑΔΜ

2183 5214 2354 5285 mirum
2380 5214 2427 5300 in
2464 5214 2958 5300 niodum'pgationem
2995 5225 3170 5300 cruciat
3209 5238 3265 5298 ac
3286 5214 3727 5300 deformat,qu

2181 5276 2483 5348 suspicantes
2504 5286 2708 5348 censent
2727 5278 3010 5348 legendum,
3036 5288 3162 5348 quod
3180 5286 3373 5348 quidem
3396 5276 3573 5341 asserit.

2242 5290 2265 5324 s
2284 5290 2483 5326 amittes
2504 5290 2708 5328 censent
2728 5290 3010 5344 tegendum,
3036 5290 3162 5348 quod
3180 5290 3373 5348 quidem
3396 5290 3587 5341 asserit.

2242 5290 2315 5400 (θ’)
2340 5338 3000 5421 ιίιῖῑηῇεείξξξηψῖ,ιξί9ρηίλτεξι
3017 5355 3158 5421 erat;
3187 5362 3297 5397 eum
3320 5353 3601 5421 Αιιξτιιειξιιω
3618 5361 3726 5421 sua

2181 5410 2256 5480 ma
2279 5400 2930 5480 amicitia_complectehatu_r.
2954 5412 3251 5480 Monasticam
3265 5400 3513 5480 agebat1
3535 5400 3725 5480 tamean

2181 5466 2257 5507 est
2278 5461 2351 5542 de
2365 5476 2462 5524 quo
2494 5461 2808 5542 Hieronymus
2836 5467 2892 5515 ad
2916 5470 3227 5542 angustiam}:
3264 5461 3403 5542 epist.
3649 5470 3721 5542 gli-

2177 5523 2520 5606 quaqdiugcup:
2545 5523 2719 5606 eodem
2757 5523 3059 5606 Hieronymo,
3096 5532 3253 5606 paula,
3275 5523 3615 5606 Eustochio,

2176 5584 2353 5652 sanctis
2373 5585 2667 5652 ΔΒυιιιιριιειιι
2698 5584 3016 5652 οοιιιιιιοηιῖιις
3036 5584 3127 5644 est.
3151 5584 3291 5646 εει-ιθ
3324 5584 3613 5647 conversatio
3631 5592 3720 5652 eius

2176 5645 2794 5728 εκιὶλξίς.ῑ[εειρ.ισξ<ξ,ιξςξηεξ
2806 5651 3084 5728 essent»
3100 5645 3358 5728 ροηθτώξνί
3378 5645 3713 5728 amnicis}.-

2237 5707 2305 5769 (c)
2326 5707 2447 5757 Alias
2547 5724 2558 5757 :
2579 5725 2689 5773 qum
2711 5718 2873 5761 autem
2900 5707 2987 5763 1&3
3010 5707 3133 5777 erat,
3158 5732 3283 5769 nunc
3302 5720 3349 5768 in
3375 5707 3627 5781 Appendice
3648 5720 3711 5761 (⁸5(

2174 5768 2219 5816 4.
2245 5771 2354 5821 serit
2373 5778 2420 5819 ta
2445 5771 2567 5819 circx
2591 5785 2667 5820 an.
2694 5771 2799 5821 «H7.

2210 5804 2219 5813 .
2245 5780 2354 5831 50”}
2373 5780 2420 5819 ιε
2445 5784 2567 5819 ηιιὋι
2591 5785 2667 5820 an.
2694 5780 2799 5821 417.

653 5506 808 5560 Forte,
823 5500 1001 5566 Aliorum
1023 5500 1258 5566 quinque.

646 5568 797 5640 serat.
815 5562 895 5621 69,
920 5562 1098 5640 cap."2,
1122 5562 1258 5640 num.
1277 5568 1326 5617 3.

614 5626 633 5681 )
659 5629 813 5706 Forte,
853 5637 948 5706 non
967 5626 1223 5706 intendit“:
1245 5629 1310 5679 ita
1514 5633 1575 5706 69
1590 5668 1606 5695 ,
1627 5646 1672 5706 e.
1698 5635 1757 5697 2,
1779 5651 1829 5688 n.
1852 5640 1916 5706 ξ,
1941 5640 2068 5693 idem

491 5689 827 5755 argumentum
865 5692 1114 5755 tractans,
1146 5690 1249 5740 ait:
1284 5693 1521 5744 «oculum
1560 5689 1607 5746 in
1639 5705 1690 5748 te
1728 5689 1823 5750 non
1863 5689 2069 5755 intendit

500 5761 521 5783 ι
543 5753 682 5790 suum
703 5745 784 5799 qui
809 5747 921 5794 t'ecit
941 5754 1077 5797 tuum
1093 5745 1148 5797 ῗ»

2286 763 2353 817 ab
2383 765 2494 835 ipsa
2523 767 2852 829 institutione
2888 775 3159 834 hominum
3190 796 3353 854 usque
3381 787 3444 842 ad
3483 763 3802 859 beatificvandos
3856 796 3864 834 ί

2278 855 2451 926 justas
2472 875 2591 916 cum
2626 863 2840 936 Angelis
2861 871 3075 936 sanctis,
3102 881 3154 928 et
3181 873 3500 936 damnandos
3522 883 3688 956 impios
3708 906 3800 951 cum
3846 882 3849 885 Α
