3990 6430
622 312 625 313 ν
672 269 776 326 795

674 398 750 441 tes
781 384 1135 451 mendacium,
1168 382 1307 455 quod
1346 396 1465 438 eum
1505 380 1611 435 illic
1654 376 1878 433 vicerint
1924 373 2253 443 fecerintque

672 478 930 533 damnari.
963 475 1239 542 Quomodo
1266 490 1391 545 ergo
1420 473 1516 547 ipsi
1545 486 1651 525 non
1697 477 1819 523 sunt
1862 475 2251 536 persecutores,

673 570 763 643 qui
790 584 913 627 eum
952 567 1248 625 accusando
1282 564 1544 637 persecuti
1572 564 1677 619 sint
1713 561 2073 624 Cmcilianum,
2105 566 2161 613 et
2188 555 2256 611 ab

670 676 738 716 eo
764 660 960 715 fuerint
987 658 1243 731 superati,
1272 656 1458 713 falsam
1484 653 1586 710 sibi
1604 654 1830 723 gloriam
1856 648 2255 720 impudentissi-

672 768 760 808 mo
787 750 1063 810 mendacio
1087 765 1333 821 arrogare
1357 747 1668 811 voluerunt;
1699 760 1805 800 non
1834 744 2008 799 solum
2047 740 2256 811 culpam

673 862 778 901 non
802 852 1063 915 putantes,
1103 858 1287 899 verum
1312 840 1475 897 etiam
1502 854 1598 909 pro
1636 854 1728 894 sua
1775 835 1931 891 laude
1968 835 2253 903 jactantes,

672 938 715 993 si
738 936 1023 1009 probarent
1049 933 1388 989 Cmcilianum
1415 930 1703 1001 majoribus
1747 928 1859 985 suis
1887 922 2258 983 accusantibus

672 1022 1654 1093 fuissedamnatumYQuemadmodum
1679 1028 1853 1077 autem
1882 1019 1932 1072 in
1965 1018 2078 1086 ipsa
2090 1013 2259 1071 colla-

674 1120 813 1177 tione
834 1118 1006 1175 modis
1039 1117 1285 1173 omnibus
1300 1115 1423 1171 victi
1450 1115 1577 1181 sint,
1600 1111 1849 1183 quoniam
1877 1107 2028 1163 valde
2056 1105 2256 1177 prolixa

669 1220 792 1264 sunt
812 1208 993 1273 Gesta,
1013 1216 1067 1263 et
1098 1206 1190 1264 tibi
1206 1206 1325 1267 aliis
1350 1205 1508 1262 rebus
1530 1204 1782 1258 Romana:
1804 1199 1917 1271 paci
1939 1195 2259 1254 necessariis

668 1311 943 1368 occupato,
975 1299 1197 1354 multum
1230 1305 1314 1354 est
1350 1303 1410 1352 ut
1435 1296 1695 1366 legantur,
1720 1293 2043 1348 Breviarium
2065 1286 2140 1361 (α)
2168 1302 2260 1349 eo-

670 1407 783 1445 rum
814 1390 906 1445 tibi
940 1390 1043 1462 legi
1074 1388 1298 1445 forsitan
1330 1388 1549 1461 poterit,
1579 1385 1719 1457 quod
1742 1383 1904 1441 credo
1932 1382 2129 1438 habere
2154 1379 2259 1435 fra-

672 1490 804 1535 trem
835 1490 889 1537 et
914 1482 1292 1553 coepiscopum
1332 1494 1507 1535 meum
1533 1478 1815 1548 Optatum;
1846 1482 1935 1531 aut
1958 1475 2004 1529 si
2034 1488 2137 1529 non
2164 1472 2259 1527 ha-

673 1570 780 1637 bet,
801 1580 977 1641 potest
1006 1571 1256 1627 facillime
1276 1570 1518 1641 accipere
1556 1568 1622 1625 de
1653 1566 1891 1623 Ecclesia
1931 1564 2168 1622 Sitifensi
2195 1563 2213 1597 ⁸
2240 1580 2254 1617 :

669 1662 883 1731 quando
920 1662 1131 1732 quidem
1175 1664 1336 1719 etiam
1382 1662 1515 1718 liber
1556 1662 1657 1716 iste
1692 1660 1803 1730 jam
1833 1672 1926 1713 sua
1961 1656 2259 1728 prolixitate

671 1755 812 1809 curis
838 1756 939 1810 tuis
966 1754 1185 1813 forsitan
1212 1771 1469 1812 onerosus
1494 1764 1597 1811 est.

742 1845 793 1899 7.
826 1844 941 1902 Hoc
980 1848 1119 1905 enim
1166 1847 1384 1919 contigit
1425 1845 1735 1911 Donatistis,
1764 1841 1907 1915 quod
1935 1841 2258 1899 accusatori-

674 1939 772 1996 bus
789 1939 954 1995 sancti
985 1938 1235 1995 Danielis.
1255 1938 1554 1995 Sicutenim
1578 1938 1629 1992 in
1654 1937 1773 1993 illos
1792 1937 1975 1993 leones
2000 1933 2160 2005 (Dan.
2177 1949 2253 2001 vi,

672 2036 788 2107 24),
811 2036 891 2091 sic
918 2034 969 2090 in
996 2033 1127 2090 istos
1152 2047 1425 2088 conversae
1450 2040 1574 2085 sunt
1598 2030 1745 2101 leges
1774 2027 1967 2098 quibus
2008 2027 2259 2083 innocen-

672 2138 777 2185 tem
806 2126 1109 2201 opprimere
1136 2123 1449 2185 voluerunt;
1486 2122 1585 2176 nisi
1624 2120 1765 2191 quod
1792 2129 2012 2190 propter
2048 2116 2258 2173 miseri—

673 2218 909 2276 cordiam
952 2215 1184 2281 Christi,
1226 2214 1391 2285 magis
1426 2227 1523 2283 pro
1549 2213 1627 2269 eis
1652 2218 1776 2269 sunt
1811 2212 1927 2266 istm
1952 2211 2117 2278 leges,
2138 2222 2258 2279 quze

673 2313 778 2367 illis
816 2310 1062 2365 videntur
1092 2307 1328 2363 adversa:
1361 2323 1373 2359 :
1405 2304 1654 2375 quoniam
1694 2303 1842 2359 multi
1873 2317 1968 2371 per
1995 2301 2111 2356 illas
2136 2314 2256 2354 cor-

673 2402 800 2460 recti
829 2406 972 2464 sunt,
1001 2408 1056 2456 et
1084 2397 1319 2470 quotidie
1340 2397 1711 2466 corriguntur;
1751 2402 1806 2450 et
1848 2408 1907 2448 se
1944 2407 2062 2449 esse
2081 2406 2260 2447 corre-

676 2504 814 2560 ctos,
843 2501 1000 2561 atque
1022 2490 1089 2546 ab
1123 2488 1211 2544 illa
1247 2487 1442 2541 furiosa
1484 2485 1719 2557 pernicie
1761 2485 2009 2541 liberatos
2061 2481 2259 2553 gratias

676 2591 857 2655 agunt.
879 2582 947 2637 Et
970 2579 1058 2651 qui
1088 2579 1311 2635 oderant
1329 2576 1572 2649 diligunt,
1594 2577 1947 2645 molestasque
1976 2574 2076 2629 sibi
2095 2572 2261 2630 fuisse

672 2672 1052 2731 saluberrimas
1078 2672 1239 2741 leges,
1263 2678 1515 2741 quantum
1538 2668 1589 2724 in
1612 2666 1812 2722 insania
1833 2663 2254 2731 detestabantur,

677 2777 879 2822 tantum
910 2772 1125 2834 recepta
1164 2760 1387 2817 sanitate
1422 2758 1786 2831 gratulantur;
1833 2764 1887 2813 et
1913 2755 1965 2811 in
1994 2754 2255 2820 residuos,

674 2876 795 2916 cum
820 2857 1011 2930 quibus
1036 2855 1241 2911 fuerant
1270 2852 1512 2924 perituri,
1541 2850 1648 2922 jam
1674 2850 1834 2906 simili
1862 2848 2146 2906 dilectione
2166 2861 2266 2901 no-

676 2952 903 3019 biscum,
934 2957 992 3005 ut
1019 2948 1214 3019 pariter
1241 2946 1498 3001 instemus
1528 2942 1695 3031 ne.illi
1730 2948 1972 3013 pereant,
2020 2938 2261 2997 excitan-

679 3054 779 3102 tur.
812 3043 1063 3099 Molestus
1091 3049 1173 3095 est
1196 3037 1340 3094 enim
1369 3047 1421 3092 et
1445 3030 1681 3092 mediCus
1701 3032 1895 3088 furenti
1928 3030 2257 3101 phrenetico,

680 3144 732 3195 et
756 3130 1312 3203 pateriudisciplinato
1329 3127 1467 3194 ﬁlio;
1493 3127 1580 3181 ille
1604 3124 1833 3196 ligando,
1860 3123 1961 3179 iste
1985 3120 2260 3187 credendo;

680 3226 773 3281 sed
799 3224 956 3279 ambo
982 3220 1271 3293 diligendo.
1300 3219 1355 3276 Si
1386 3228 1560 3273 autem
1592 3218 1709 3272 illos
1738 3216 2026 3287 negligant,
2054 3222 2110 3269 et
2135 3229 2260 3283 per-

680 3319 762 3373 ire
788 3314 1111 3386 permittant,
1138 3312 1236 3367 ista
1262 3310 1440 3381 potius
1478 3307 1827 3365 mansuetudo
1862 3304 1997 3362 falsa
2033 3302 2264 3360 crudelis

681 3416 783 3464 est.
800 3406 856 3464 Si
877 3405 1018 3461 enim
1037 3418 1204 3474 equus
1219 3410 1274 3458 et
1288 3401 1483 3467 mulus,
1504 3399 1694 3471 quibus
1717 3406 1918 3455 nonest
1943 3397 2262 3463 intellectus,

682 3497 950 3557 morsibus
988 3504 1044 3552 et
1079 3494 1315 3553 calcibus
1357 3492 1613 3550 resistunt
1666 3489 1970 3546 hominibus
2006 3504 2038 3544 a
2076 3488 2266 3559 quibus

681 3606 867 3649 eorum
894 3586 1127 3646 curanda
1160 3586 1377 3642 vulnera
1423 3591 1852 3646 contrectantur;
1884 3589 1940 3638 et
1980 3596 2099 3637 cum
2128 3579 2267 3635 inter

683 3685 869 3740 dentes
897 3696 1081 3736 eorum
1107 3688 1162 3738 et
1184 3677 1358 3735 calces
1377 3691 1519 3746 smpc
1539 3674 1780 3729 homines
1810 3672 2190 3742 periclitentur,
2211 3679 2268 3728 et

678 3771 968 3845 aliquando
1001 3776 1282 3836 vexentur,
1329 3784 1433 3822 non
1473 3774 1651 3823 tamen
1677 3780 1771 3821 eos
1797 3765 2068 3830 deserunt,
2094 3763 2267 3820 donec

682 3882 776 3937 per
798 3863 1011 3919 dolores
1029 3869 1081 3917 et
1103 3859 1375 3917 molestias
1401 3856 1739 3913 medicinales
1765 3865 2009 3911 revocent
2036 3854 2104 3910 ad
2125 3856 2267 3911 salu-

682 3972 787 4015 tem
823 3975 838 4012 :
863 3964 1060 4027 quanto
1082 3952 1249 4024 magis
1277 3952 1435 4012 homo
1458 3950 1526 4005 ab
1552 3949 1783 4015 homine,
1812 3956 1867 4005 et
1904 3946 2068 4003 frater
2095 3963 2124 4002 a
2154 3946 2268 4003 fra-

682 4061 780 4116 tre,
805 4062 874 4102 ne
900 4046 952 4101 in
979 4054 1233 4100 internum
1279 4050 1480 4113 pereat,
1522 4055 1629 4098 non
1671 4049 1753 4095 est
1795 4038 2141 4104 deserendus,
2171 4042 2262 4109 qttl

678 4149 956 4196 correctus
984 4137 1279 4209 intelligere
1320 4143 1491 4206 potest
1515 4142 1767 4205 quantum
1793 4133 1890 4188 sibi
1920 4134 2267 4203 pra-stabatur

681 4233 1019 4299 beneficium,
1048 4229 1258 4302 quando
1284 4244 1342 4285 se
1382 4226 1805 4298 persecutionem
1837 4225 2038 4296 perpeti
2076 4238 2266 4295 quere-

684 4326 837 4379 Izatur
872 4325 886 4379 ι

751 4416 807 4473 8.
836 4416 985 4471 Sicut
999 4429 1128 4485 ergo
1147 4412 1432 4483 Apostolus
1451 4411 1600 4478 dicit,
1622 4409 1995 4481 Infatigabt'fes,
2017 4426 2132 4465 cum
2147 4418 2266 4464 tein-

696 4523 789 4576 pus
835 4504 1095 4564 habemus.
1143 4519 1405 4573 operemur
1451 4500 1636 4556 bonum
1671 4501 1739 4557 ad
1763 4501 1961 4567 omnesf
1984 4499 2156 4559 Galat.
2187 4517 2261 4567 vs,

686 4597 796 4671 10)
830 4617 844 4654 :
876 4597 968 4669 qui
988 4605 1231 4668 possunt,
1259 4594 1644 4652 catholicorum
1674 4591 2075 4663 przedicatorum
2103 4594 2123 4625 ¹
2148 4608 2266 4649 εει-ν

686 4691 969 4758 monibus;
994 4687 1085 4760 qui
1111 4694 1352 4759 possunt,
1396 4684 1775 4741 catholicorum
1805 4683 2100 4754 principum
2129 4685 2263 4755 legio

685 4786 820 4851 bus;
847 4782 1037 4854 partim
1061 4796 1157 4852 per
1174 4794 1267 4835 eos
1288 4779 1375 4849 qui
1404 4776 1598 4839 divinis
1625 4776 2093 4841 admonitionibus,
2139 4792 2262 4847 par.

686 4879 778 4935 tim
822 4891 919 4948 pcr
940 4889 1035 4932 eos
1058 4873 1150 4945 qui
1174 4871 1337 4941 jussis
1366 4869 1724 4939 imperialibus
1752 4879 1959 4940 parent,
1982 4884 2168 4927 omnes
2193 4869 2261 4929 ad

692 4970 917 5026 salutem
942 4977 1217 5034 vocentur,
1248 4978 1433 5021 omnes
1458 4978 1490 5018 a
1518 4962 1749 5031 pernicie
1766 4972 2100 5020 revocentur.
2126 4961 2261 5030 Quia

686 5070 741 5117 et
769 5063 1117 5129 imperatores
1157 5054 1371 5129 quando
1399 5068 1496 5125 pro
1513 5053 1738 5108 falsitate
1777 5062 1961 5110 contra
1988 5054 2261 5111 veritatem

686 5149 1017 5207 constituunt
1040 5149 1206 5207 malas
1235 5148 1401 5218 leges,
1428 5143 1714 5215 probantur
1738 5143 1875 5203 bene
1897 5142 2194 5209 credentes,
2210 5153 2264 5201 et

685 5249 1010 5304 coronantur
1039 5246 1441 5311 perseverantes
1467 5253 1480 5290 :
1513 5234 1725 5307 quando
1744 5244 1918 5289 autem
1949 5250 2045 5304 pro
2067 5235 2262 5291 verita-
2294 5280 2297 5288 ι

683 5347 738 5394 te
762 5343 945 5393 contra
968 5334 1249 5390 falsitatem
1273 5328 1780 5388 constituuntbonas
1804 5328 1971 5400 leges,
1998 5336 2262 5383 terrentur

686 5427 989 5496 smvientes,
1030 5434 1085 5483 et
1132 5425 1470 5495 corriguntur
1520 5420 1889 5491 intelligentes.
1937 5418 2263 5490 Quicumque

745 5588 765 5620 ι
787 5582 924 5646 ωὰη
946 5579 1177 5637 sum.
1203 5589 1256 5632 At
1278 5588 1384 5630 Mss.
1407 5548 1909 5646 tredecim,_sitifensi.

746 5650 768 5682 ι
789 5636 922 5708 F.de
946 5636 1311 5711 praceptorum.
1338 5649 1409 5691 At.
1435 5649 1540 5691 MSS.
1565 5636 1817 5705 plerique,
1840 5636 2230 5704 praedicatorum.

752 5729 821 5795 (α)
843 5728 1116 5780 Brevlculus
1136 5725 1401 5780 collationis
1424 5730 1586 5775 exstat
1614 5731 1731 5774 ιυω.
1755 5724 1805 5773 7.

1905 258 1960 315 s.
2002 250 2366 313 AUGUSTINI
2402 206 2712 319 εριέεῗιιῖ

3786 271 3864 328 Ἱθϐ

2364 382 2492 440 ergo
2511 369 2717 442 legibus
2744 370 3144 441 imperatorum,
3172 387 3290 444 qua:
3313 383 3493 431 contra
3521 377 3763 437 veritatem
3787 383 3855 443 Dei

2365 460 2626 527 feruntur,
2659 463 3029 533 obtemperare
3055 481 3157 520 non
3179 466 3307 531 vult,
3331 467 3547 537 acquirit
3572 472 3745 539 grande
3767 490 3859 542 pm.

2365 554 2528 609 mium
2561 571 2576 610 :
2614 555 2931 626 quicumque
2968 565 3145 612 autem
3173 557 3378 627 legibus
3401 558 3859 637 imperatorumque

2367 665 2462 717 pro
2484 651 2574 705 Dei
2604 652 2823 709 veritate
2859 652 3116 719 feruntur,
3143 654 3509 725 obtemperare
3538 673 3633 711 non
3664 661 3772 725 vult,
3794 679 3860 719 ιιι

2364 742 2525 812 quirit
2547 744 2746 813 grande
2770 747 3103 816 supplicium.
3123 746 3251 803 Nam
3273 755 3329 804 et
3350 750 3655 818 temporibus
3674 752 3858 824 Prophe-

2367 842 2538 889 tarum
2580 851 2768 893 omnes
2796 852 2947 908 reges
2969 839 3057 908 qui
3085 839 3137 893 in
3167 840 3361 908 popqu
3390 841 3479 894 Dei
3505 855 3602 896 non
3632 844 3859 912 prohibue-

2364 934 2487 980 runt
2505 942 2604 982 nec
2630 937 2934 983 everterunt
2953 945 3070 999 quae
3094 938 3278 985 contra
3306 931 3398 985 Dei
3447 942 3689 1003 prmccpta
3707 934 3863 994 fuerant

2365 1018 2621 1085 instituta,
2648 1021 2965 1089 culpantur;
2999 1029 3057 1077 et
3080 1022 3173 1094 qui
3214 1023 3597 1092 prohibuerunt
3620 1037 3669 1081 et
3704 1042 3859 1086 evorte-

2364 1118 2506 1173 runt,
2532 1126 2692 1179 super
2707 1112 2932 1167 aliorum
2974 1113 3161 1168 merita
3187 1111 3488 1169 laudantur.
3520 1114 3584 1169 Et
3628 1130 3709 1172 rex
3729 1117 3860 1175 Nabu-

2363 1199 2721 1267 chodonosor,
2740 1217 2861 1257 cum
2892 1219 3076 1259 servus
3101 1215 3243 1260 esset
3259 1203 3540 1271 idolorum,
3556 1209 3790 1264 constituit
3803 1226 3862 1267 sa-

2363 1294 2611 1363 crilegam
2640 1295 2815 1364 legem
2851 1304 2908 1351 ut
2931 1296 3275 1352 simulacrum
3306 1296 3613 1353 adoraretur
3636 1314 3649 1363 ;
3675 1300 3754 1355 sed
3775 1302 3857 1370 ejus

2364 1384 2539 1455 impiae
2563 1382 2922 1441 cnnstitutioni
2953 1388 3041 1458 qui
3068 1387 3285 1443 obedire
3317 1388 3613 1455 noluerunt,
3647 1390 3861 1459 pielideli-

2363 1483 2549 1546 terque
2593 1476 2868 1532 fecerunt:
2900 1477 3040 1533 idem
3082 1488 3258 1533 tamen
3305 1495 3422 1545 rex,
3462 1478 3630 1535 divino
3655 1493 3861 1540 correctus

2363 1566 2644 1633 miraculo,
2662 1566 2802 1637 piam
2831 1576 2886 1624 et
2908 1566 3221 1624 laudabilem
3250 1570 3422 1639 legem
3448 1585 3543 1637 pro
3565 1573 3756 1628 veritate
3773 1589 3861 1629 con-

2364 1656 2559 1723 stituit,
2599 1666 2655 1713 ut
2674 1658 2997 1729 quicumque
3035 1660 3236 1716 diceret
3282 1659 3652 1731 blasphemiam
3675 1661 3719 1716 in
3742 1664 3859 1719 Deum

2362 1766 2544 1807 verum
2586 1749 2794 1819 Sidrac,
2841 1750 3022 1817 Misac,
3053 1761 3108 1808 et
3154 1751 3467 1823 Abdenago,
3508 1768 3620 1808 cum
3644 1752 3858 1811 domum

2362 1844 2568 1911 penitus
2598 1842 2836 1899 interiret
2860 1842 2878 1915 (
2900 1842 3039 1898 Dan.
3058 1860 3135 1908 ιιι,
3159 1844 3214 1910 5,
3244 1843 3317 1900 96
3334 1844 3372 1915 ).
3404 1844 3546 1900 Hanc
3566 1845 3718 1914 legem
3740 1847 3775 1901 si
3796 1850 3855 1918 qui

2360 1941 2816 2003 contempserunt,
2844 1944 2897 1989 et
2920 1934 2972 1989 id
2997 1934 3137 1999 quod
3162 1936 3334 1991 fuerat
3354 1936 3680 1992 constitutum
3719 1939 3858 1994 merito

2364 2026 2599 2095 perpessi
2639 2037 2781 2089 sunt,
2808 2027 3104 2083 debuerunt
3146 2027 3328 2085 dicere
3370 2029 3511 2101 quod
3536 2029 3614 2084 isti
3638 2030 3800 2099 dicunt,
3822 2049 3861 2088 se

2357 2118 2530 2187 justos
2552 2134 2694 2185 esse,
2720 2119 2845 2189 quia
2886 2134 2950 2174 ex
2980 2118 3097 2189 lege
3137 2120 3281 2191 regis
3324 2121 3720 2190 persecutionem
3742 2124 3860 2192 patio—

2363 2209 2554 2264 bantur
2587 2228 2601 2266 :
2632 2210 2776 2279 quod
2806 2210 2986 2278 utique
3004 2210 3260 2275 dicerent,
3291 2212 3339 2267 si
3376 2212 3444 2267 ita
3471 2213 3753 2280 insanirent,
3786 2215 3860 2269 sic-

2364 2301 2434 2355 uti
2454 2300 2536 2355 isti
2558 2299 2824 2357 insaniunt
2844 2302 2935 2371 qui
2952 2301 3193 2358 dividunt
3208 2302 3447 2359 membra
3463 2302 3718 2372 Cbristi,et
3732 2304 3858 2359 exsul-

2363 2390 2491 2446 llaut
2504 2390 2842 2448 Sacramenta
2860 2392 3076 2456 Christi.
3089 2399 3144 2447 et
3158 2392 3225 2449 de
3244 2394 3603 2463 persecutione
3618 2394 3856 2463 gloriantur;

2362 2485 2485 2555 quia
2534 2483 2879 2552 prohibentur
2925 2484 3023 2540 ista
3071 2482 3248 2541 facere
3292 2484 3495 2557 legibus
3535 2485 3855 2557 imperatorum,

2363 2591 2495 2646 quas
2522 2577 2910 2632 constituerunt
2929 2592 3024 2647 pro
3053 2578 3255 2634 unitate
3280 2576 3475 2635 Christi
3499 2596 3513 2644 ;
3542 2588 3593 2635 et
3610 2578 3856 2649 jactsntfal-

2364 2669 2550 2726 laciter
2594 2669 2947 2727 innocentiam
2984 2683 3155 2733 suam.
3200 2681 3258 2727 et
3302 2687 3459 2743 quam
3502 2686 3603 2729 non
3640 2680 3854 2743 possunt:

2367 2759 2590 2816 Domino
2614 2760 2873 2832 accipere,
2905 2760 2975 2818 ab
3018 2759 3327 2820 hominibus
3370 2769 3604 2834 qumrunt
3632 2770 3854 2834 martyrum

2364 2854 2608 2924 gloriam.

2434 2948 2488 3003 9.
2517 2947 2639 3003 Veri
2666 2955 2844 3003 autem
2874 2954 3134 3019 martyres
3172 2946 3249 3002 illi
3283 2954 3428 3014 sunt,
3455 2947 3521 3003 de
3544 2946 3855 3019 qttibusDoni-

2366 3052 2469 3094 nus
2520 3038 2612 3103 ait,
2667 3037 2815 3094 Beati
2858 3039 2946 3110 qui
2992 3040 3389 3110 persecutionem
3425 3041 3665 3112 patiuntur
3709 3048 3855 3110 propter

2359 3130 2609 3202 justitiam
2627 3133 2645 3200 (
2666 3128 2854 3185 Matth.
2879 3145 2935 3197 ν,
2966 3128 3095 3203 10).
3120 3129 3237 3187 Νοη
3265 3146 3394 3203 ergo
3418 3131 3505 3202 qui
3524 3138 3711 3201 propter
3722 3127 3856 3197 iniqul-

2374 3234 2557 3289 tatem,
2590 3232 2642 3279 et
2668 3232 2885 3294 propter
2906 3222 3213 3279 christiana:
3247 3225 3465 3279 unitatis
3490 3225 3683 3296 impiam
3700 3222 3855 3278 divisio-

2369 3332 2511 3381 nem,
2541 3315 2633 3371 sed
2659 3316 2748 3387 qui
2777 3322 2990 3385 propter
3005 3315 3265 3387 justitiam
3294 3315 3688 3387 persecutionem
3706 3313 3856 3384 patiun-

2370 3415 2476 3473 tur,
2491 3406 2542 3461 hi
2565 3415 2829 3477 martyres
2848 3406 2958 3463 veri
2984 3414 3126 3462 sunt.
3152 3405 3287 3461 Nam
3318 3415 3373 3463 et
3392 3407 3528 3478 Agar
3547 3420 3678 3476 passa
3693 3412 3853 3475 estpen

2370 3498 2694 3555 secutionem
2718 3512 2748 3551 n
2768 3498 2900 3557 Sara
2926 3495 3145 3570 (Grues.
3168 3511 3281 3564 xvr,
3308 3496 3405 3569 6);
3436 3506 3490 3554 et
3512 3496 3588 3555 illa
3614 3504 3707 3553 erat
3726 3501 3851 3549 sancta

2370 3605 2489 3660 qua:
2516 3588 2763 3655 faciebat,
2800 3588 2888 3643 illa
2929 3587 3108 3658 iniqua
3150 3605 3271 3659 quas
3318 3588 3620 3661 patiebatur.
3660 3583 3850 3654 Numquid

2371 3680 2495 3736 huic
2519 3677 2874 3751 persecutioni
2899 3693 3055 3749 quam
3084 3694 3236 3749 passa
3260 3688 3345 3735 est
3369 3681 3521 3750 Agar,
3555 3674 3851 3747 comparandus

2372 3782 2454 3828 est
2476 3782 2689 3827 sanctus
2715 3770 2878 3826 David
2903 3786 3058 3841 quem
3097 3781 3411 3841 persecutus
3452 3779 3531 3828 est
3571 3769 3746 3840 iniquus
3766 3764 3848 3820 Saul

2373 3862 2432 3937 (I
2462 3863 2589 3935 Reg.
2617 3878 2770 3929 xvul,
2804 3877 2917 3930 ιιι,
2963 3862 3159 3935 etsqq.)
3179 3863 3203 3917 Ἰ
3227 3862 3399 3920 Valde
3421 3863 3591 3933 utique
3613 3860 3756 3922 distat,
3776 3871 3849 3911 non

2371 3958 2492 4029 quia
2524 3956 2839 4026 patiebatur,
2871 3954 2964 4011 sed
2990 3956 3114 4027 quia
3158 3965 3377 4027 propter
3421 3956 3653 4025 justitiam
3685 3948 3850 4022 patiebar

2373 4058 2476 4106 tur.
2506 4050 2572 4105 Et
2618 4049 2731 4120 ipse
2778 4048 3033 4105 Dominus
3058 4065 3177 4105 cum
3226 4050 3515 4107 latronibus
3548 4046 3777 4104 crucifixus
3792 4050 3848 4097 est

2376 4141 2541 4214 (Luc.
2571 4157 2726 4208 χχιιι,
2755 4140 2868 4213 55)
2897 4159 2909 4194 z
2941 4140 3035 4196 sed
3084 4156 3218 4213 quos
3247 4142 3427 4214 passio
3462 4138 3700 4211 jnngebat,
3739 4146 3847 4190 causa

2370 4232 2673 4303 separabat.
2702 4231 2825 4288 Ideo
2840 4233 2894 4288 in
2916 4233 3125 4289 Psalmo
3149 4250 3247 4289 vox
3274 4235 3365 4291 illa
3390 4230 3690 4304 intelligenda
3705 4234 3768 4283 est
3784 4239 3846 4280 ιθ·
3923 4262 3925 4271 ι

2371 4341 2554 4382 rorum
2582 4332 2895 4395 martyrum,
2923 4325 3206 4381 volentium
3233 4341 3292 4381 se
3312 4325 3533 4383 discerni
3557 4339 3584 4379 a
3605 4316 3843 4391 martyribus

2370 4415 2538 4481 falsis,
2560 4413 2751 4471 Judt'ca
2778 4431 2876 4479 me,
2919 4413 3077 4479 Deus,
3103 4424 3153 4471 et
3178 4417 3404 4471 discerne
3442 4429 3630 4471 causam
3654 4422 3778 4466 tum
3802 4404 3843 4457 ἀι

2370 4519 2515 4583 gente
2534 4526 2633 4566 non
2653 4506 2868 4581 sancta(
2884 4508 3025 4564 Psal.
3055 4525 3181 4577 mi,
3214 4511 3236 4565 l
3260 4510 3281 4579 )
3316 4528 3327 4564 :
3359 4524 3462 4565 non
3490 4507 3627 4573 dixit,
3651 4502 3834 4559 Discerne

2371 4617 2585 4675 pmnam
2627 4616 2832 4666 meam;
2864 4599 2979 4667 sed,
3031 4601 3256 4658 discerne
3293 4617 3493 4658 causam
3528 4611 3683 4654 meum.
3719 4592 3842 4648 Potest

2369 4695 2510 4752 enim
2539 4708 2658 4751 esse
2687 4692 2970 4765 impiorum
3009 4692 3196 4749 similis
3242 4708 3416 4763 paena,
3436 4689 3526 4747 sed
3547 4682 3767 4745 dissimilis
3785 4682 3841 4732 est

2372 4796 2662 4861 martyrum
2689 4802 2879 4851 causa;
2905 4802 3128 4858 quorum
3159 4795 3214 4843 et
3239 4787 3324 4841 illa
3346 4802 3443 4841 vos
3469 4791 3562 4849 est,
3585 4779 3745 4850 Injsue
3762 4784 3839 4839 ρα-

2372 4880 2526 4936 secuti
2548 4888 2667 4935 sunt
2690 4895 2785 4944 me,
2807 4877 2993 4949 adjuua
3032 4894 3110 4933 me
3140 4877 3159 4948 (
3184 4877 3326 4932 Psaf.
3352 4890 3525 4941 cxvut,
3550 4868 3640 4942 86)
3670 4884 3680 4921 ε
3706 4863 3841 4959 id“?

2373 4971 2587 5042 dignum
2631 4946 2951 5026 existimavit
2997 4970 3086 5039 qui
3128 4946 3460 5038 adjuvaretur
3490 4964 3635 5034 juste,
3659 4953 3753 5026 quia
3784 4946 3834 5001 illi

2374 5062 2825 5133 persequebantur
2851 5060 3078 5131 injuste;
3114 5074 3233 5115 nam
3280 5060 3324 5117 si
3364 5058 3501 5128 juste
3534 5051 3599 5108 illi
3623 5049 3835 5118 per-seque.

2373 5161 2577 5217 rentur,
2606 5167 2709 5207 non
2739 5150 2915 5209 fuerat
2937 5149 3285 5221 adjuvandus,
3313 5148 3403 5205 sed
3429 5134 3741 5212 εοιιὶεεηάυδ·
3794 5214 3815 5223 ,,

2449 5244 2533 5301 to.
2562 5215 2620 5300 Si
2653 5252 2831 5300 autem
2855 5215 3061 5313 putant,
3092 5241 3234 5313 quod
3271 5215 3428 5296 nemo
3468 5232 3615 5306 P055“
3642 5215 3836 5323 ίωίξξιξί

2374 5352 2532 5409 quem
2582 5309 3021 5406 persequipsicut
3066 5309 3128 5390 inv
3167 5332 3439 5392 collatione
3470 5324 3698 5382 dixerunt,

2374 5406 2495 5485 esse
2541 5442 2719 5483 veram
2762 5425 3058 5482 Ecclesium
3102 5438 3223 5496 qua:
3274 5416 3657 5496 persecutionem
3681 5406 3833 5475 patillt‘.

2376 5536 2479 5576 non
2509 5536 2627 5591 qua:
2652 5518 2812 5583 facit;
2842 5518 3029 5573 omitto
3060 5516 3241 5574 dicere
3265 5513 3398 5588 quod
3424 5504 3640 5578 superius
3659 5498 3832 5591 comm:

2375 5612 2599 5678 moravi,
2625 5613 2744 5682 quia
2771 5611 2815 5665 si
2843 5611 2913 5665 ita
2936 5618 3098 5665 estut
3120 5586 3316 5673 dicunt,
3342 5601 3621 5661 Ctecilianus
3635 5586 3833 5689 adici?

2377 5676 2672 5765 Ecclesium
2711 5704 3027 5776 pertinebat,
3074 5702 3282 5776 quando
3316 5712 3428 5753 eum
3465 5688 3662 5759 majores
3680 5676 3832 5735 illa!mn
