  <div class='ocr_page' id='page_1' title='image "/cluster/home/n/w/nwhite01/storage/ocr_20150623/33/uva.x000669810/414.png"; bbox 0 0 3990 6400; ppageno 0'>
   <div class='ocr_carea' id='block_1_1' title="bbox 170 362 2247 440">
    <p class='ocr_par' dir='ltr' id='par_1_1' title="bbox 170 362 2247 440">
     <span class='ocr_line' id='line_1_1' title="bbox 170 362 2247 440; baseline -0.002 -12"><span class='ocrx_word' id='word_1_1' title='bbox 170 380 260 440; x_wconf 80' lang='lat'><strong>797</strong></span> <span class='ocrx_word' id='word_1_2' title='bbox 1330 362 1805 425; x_wconf 76' lang='lat' dir='ltr'><strong>EPISTOLARUM</strong></span> <span class='ocrx_word' id='word_1_3' title='bbox 1840 364 2117 425; x_wconf 81' lang='lat' dir='ltr'><strong>CLASSIS</strong></span> <span class='ocrx_word' id='word_1_4' title='bbox 2160 369 2247 424; x_wconf 87' lang='lat' dir='ltr'><strong>Ill.</strong></span> 
     </span>
    </p>
   </div>
   <div class='ocr_carea' id='block_1_2' title="bbox 171 485 1731 568">
    <p class='ocr_par' dir='ltr' id='par_1_2' title="bbox 171 485 1731 568">
     <span class='ocr_line' id='line_1_2' title="bbox 171 485 1731 568; baseline -0.013 -13"><span class='ocrx_word' id='word_1_5' title='bbox 171 511 319 568; x_wconf 85' lang='lat' dir='ltr'><strong>usque</strong></span> <span class='ocrx_word' id='word_1_6' title='bbox 340 494 403 549; x_wconf 83' lang='lat' dir='ltr'><strong>ad</strong></span> <span class='ocrx_word' id='word_1_7' title='bbox 434 490 770 563; x_wconf 82' lang='lat' dir='ltr'><strong>Imperatoris</strong></span> <span class='ocrx_word' id='word_1_8' title='bbox 807 488 1066 559; x_wconf 86' lang='lat' dir='ltr'><strong>judicium</strong></span> <span class='ocrx_word' id='word_1_9' title='bbox 1111 485 1411 541; x_wconf 90' lang='lat' dir='ltr'><strong>accusando</strong></span> <span class='ocrx_word' id='word_1_10' title='bbox 1441 495 1731 554; x_wconf 86' lang='lat' dir='ltr'><strong>perseque-</strong></span> 
     </span>
    </p>
   </div>
   <div class='ocr_carea' id='block_1_3' title="bbox 171 577 1732 652">
    <p class='ocr_par' dir='ltr' id='par_1_3' title="bbox 171 577 1732 652">
     <span class='ocr_line' id='line_1_3' title="bbox 171 577 1732 652; baseline -0.012 -2"><span class='ocrx_word' id='word_1_11' title='bbox 171 600 359 652; x_wconf 78' lang='lat' dir='ltr'><strong>bantur.</strong></span> <span class='ocrx_word' id='word_1_12' title='bbox 386 587 492 644; x_wconf 83' lang='lat' dir='ltr'><strong>Nos</strong></span> <span class='ocrx_word' id='word_1_13' title='bbox 517 587 659 642; x_wconf 88' lang='lat' dir='ltr'><strong>enim</strong></span> <span class='ocrx_word' id='word_1_14' title='bbox 680 584 909 640; x_wconf 88' lang='lat' dir='ltr'><strong>dicimus</strong></span> <span class='ocrx_word' id='word_1_15' title='bbox 933 582 1052 639; x_wconf 90' lang='lat' dir='ltr'><strong>ideo</strong></span> <span class='ocrx_word' id='word_1_16' title='bbox 1072 581 1222 637; x_wconf 90' lang='lat' dir='ltr'><strong>illum</strong></span> <span class='ocrx_word' id='word_1_17' title='bbox 1242 580 1308 635; x_wconf 90' lang='lat' dir='ltr'><strong>ad</strong></span> <span class='ocrx_word' id='word_1_18' title='bbox 1335 594 1520 635; x_wconf 89' lang='lat' dir='ltr'><strong>veram</strong></span> <span class='ocrx_word' id='word_1_19' title='bbox 1544 577 1732 633; x_wconf 85' lang='lat' dir='ltr'><strong>Eccle-</strong></span> 
     </span>
    </p>
   </div>
   <div class='ocr_carea' id='block_1_4' title="bbox 169 671 1729 752">
    <p class='ocr_par' dir='ltr' id='par_1_4' title="bbox 169 671 1729 752">
     <span class='ocr_line' id='line_1_4' title="bbox 169 671 1729 752; baseline -0.013 -10"><span class='ocrx_word' id='word_1_20' title='bbox 169 690 281 743; x_wconf 83' lang='lat' dir='ltr'><strong>siam</strong></span> <span class='ocrx_word' id='word_1_21' title='bbox 312 682 645 752; x_wconf 83' lang='lat' dir='ltr'><strong>pertinuisse,</strong></span> <span class='ocrx_word' id='word_1_22' title='bbox 671 694 776 735; x_wconf 89' lang='lat' dir='ltr'><strong>non</strong></span> <span class='ocrx_word' id='word_1_23' title='bbox 806 677 928 748; x_wconf 91' lang='lat' dir='ltr'><strong>quia</strong></span> <span class='ocrx_word' id='word_1_24' title='bbox 956 674 1380 746; x_wconf 80' lang='lat' dir='ltr'><strong>persecutionem</strong></span> <span class='ocrx_word' id='word_1_25' title='bbox 1414 671 1729 743; x_wconf 86' lang='lat' dir='ltr'><strong>patiebatur,</strong></span> 
     </span>
    </p>
   </div>
   <div class='ocr_carea' id='block_1_5' title="bbox 171 767 1729 850">
    <p class='ocr_par' dir='ltr' id='par_1_5' title="bbox 171 767 1729 850">
     <span class='ocr_line' id='line_1_5' title="bbox 171 767 1729 850; baseline -0.012 -15"><span class='ocrx_word' id='word_1_26' title='bbox 171 779 245 836; x_wconf 81' lang='lat' dir='ltr'><strong>scd</strong></span> <span class='ocrx_word' id='word_1_27' title='bbox 278 778 395 850; x_wconf 86' lang='lat' dir='ltr'><strong>quia</strong></span> <span class='ocrx_word' id='word_1_28' title='bbox 446 781 665 846; x_wconf 84' lang='lat' dir='ltr'><strong>propter</strong></span> <span class='ocrx_word' id='word_1_29' title='bbox 711 771 969 840; x_wconf 71' lang='lat' dir='ltr'><strong>justitiam</strong></span> <span class='ocrx_word' id='word_1_30' title='bbox 1017 767 1346 840; x_wconf 88' lang='lat' dir='ltr'><strong>patiebatur;</strong></span> <span class='ocrx_word' id='word_1_31' title='bbox 1388 767 1506 822; x_wconf 91' lang='lat' dir='ltr'><strong>illos</strong></span> <span class='ocrx_word' id='word_1_32' title='bbox 1549 772 1729 820; x_wconf 89' lang='lat' dir='ltr'><strong>autem</strong></span> 
     </span>
    </p>
   </div>
   <div class='ocr_carea' id='block_1_6' title="bbox 172 858 1730 928">
    <p class='ocr_par' dir='ltr' id='par_1_6' title="bbox 172 858 1730 928">
     <span class='ocr_line' id='line_1_6' title="bbox 172 858 1730 928; baseline -0.011 -1"><span class='ocrx_word' id='word_1_33' title='bbox 172 873 271 927; x_wconf 82' lang='lat' dir='ltr'><strong>ideo</strong></span> <span class='ocrx_word' id='word_1_34' title='bbox 296 870 452 924; x_wconf 82' lang='lat' dir='ltr'><strong>fuisse</strong></span> <span class='ocrx_word' id='word_1_35' title='bbox 496 865 825 921; x_wconf 82' lang='lat' dir='ltr'><strong>abalienatos</strong></span> <span class='ocrx_word' id='word_1_36' title='bbox 862 862 930 919; x_wconf 87' lang='lat' dir='ltr'><strong>ab</strong></span> <span class='ocrx_word' id='word_1_37' title='bbox 958 860 1219 925; x_wconf 84' lang='lat' dir='ltr'><strong>Ecclesia,</strong></span> <span class='ocrx_word' id='word_1_38' title='bbox 1267 874 1371 914; x_wconf 91' lang='lat' dir='ltr'><strong>non</strong></span> <span class='ocrx_word' id='word_1_39' title='bbox 1396 858 1517 928; x_wconf 82' lang='lat' dir='ltr'><strong>quia</strong></span> <span class='ocrx_word' id='word_1_40' title='bbox 1546 871 1730 927; x_wconf 89' lang='lat' dir='ltr'><strong>perse-</strong></span> 
     </span>
    </p>
   </div>
   <div class='ocr_carea' id='block_1_7' title="bbox 173 948 1733 1034">
    <p class='ocr_par' dir='ltr' id='par_1_7' title="bbox 173 948 1733 1034">
     <span class='ocr_line' id='line_1_7' title="bbox 173 948 1733 1034; baseline -0.01 -16"><span class='ocrx_word' id='word_1_41' title='bbox 173 963 457 1034; x_wconf 81' lang='lat' dir='ltr'><strong>quebantur.</strong></span> <span class='ocrx_word' id='word_1_42' title='bbox 492 956 592 1012; x_wconf 76' lang='lat' dir='ltr'><strong>sed</strong></span> <span class='ocrx_word' id='word_1_43' title='bbox 617 956 735 1027; x_wconf 89' lang='lat' dir='ltr'><strong>quia</strong></span> <span class='ocrx_word' id='word_1_44' title='bbox 767 955 961 1025; x_wconf 87' lang='lat' dir='ltr'><strong>injuste</strong></span> <span class='ocrx_word' id='word_1_45' title='bbox 981 951 1440 1023; x_wconf 72' lang='lat' dir='ltr'><strong>persequebantur</strong></span> <span class='ocrx_word' id='word_1_46' title='bbox 1470 966 1483 1003; x_wconf 90' lang='lat'><strong>:</strong></span> <span class='ocrx_word' id='word_1_47' title='bbox 1514 965 1613 1003; x_wconf 87' lang='lat' dir='ltr'><strong>nos</strong></span> <span class='ocrx_word' id='word_1_48' title='bbox 1633 948 1733 1003; x_wconf 82' lang='lat' dir='ltr'><strong>ita-</strong></span> 
     </span>
    </p>
   </div>
   <div class='ocr_carea' id='block_1_8' title="bbox 172 1048 1733 1126">
    <p class='ocr_par' dir='ltr' id='par_1_8' title="bbox 172 1048 1733 1126">
     <span class='ocr_line' id='line_1_8' title="bbox 172 1048 1733 1126; baseline -0.012 -14"><span class='ocrx_word' id='word_1_49' title='bbox 172 1073 255 1126; x_wconf 85' lang='lat' dir='ltr'><strong>que</strong></span> <span class='ocrx_word' id='word_1_50' title='bbox 278 1055 371 1110; x_wconf 80' lang='lat' dir='ltr'><strong>hoc</strong></span> <span class='ocrx_word' id='word_1_51' title='bbox 397 1053 648 1109; x_wconf 89' lang='lat' dir='ltr'><strong>dicimus.</strong></span> <span class='ocrx_word' id='word_1_52' title='bbox 676 1049 753 1105; x_wconf 92' lang='lat' dir='ltr'><strong>illi</strong></span> <span class='ocrx_word' id='word_1_53' title='bbox 780 1063 908 1105; x_wconf 88' lang='lat' dir='ltr'><strong>vero</strong></span> <span class='ocrx_word' id='word_1_54' title='bbox 927 1048 971 1104; x_wconf 90' lang='lat' dir='ltr'><strong>si</strong></span> <span class='ocrx_word' id='word_1_55' title='bbox 1002 1062 1108 1103; x_wconf 90' lang='lat' dir='ltr'><strong>non</strong></span> <span class='ocrx_word' id='word_1_56' title='bbox 1128 1052 1372 1116; x_wconf 62' lang='lat' dir='ltr'><strong>quierunt</strong></span> <span class='ocrx_word' id='word_1_57' title='bbox 1393 1057 1581 1099; x_wconf 79' lang='lat' dir='ltr'><strong>causas</strong></span> <span class='ocrx_word' id='word_1_58' title='bbox 1600 1056 1733 1111; x_wconf 89' lang='lat' dir='ltr'><strong>qua-</strong></span> 
     </span>
    </p>
   </div>
   <div class='ocr_carea' id='block_1_9' title="bbox 175 1134 1724 1218">
    <p class='ocr_par' dir='ltr' id='par_1_9' title="bbox 175 1134 1724 1218">
     <span class='ocr_line' id='line_1_9' title="bbox 175 1134 1724 1218; baseline -0.013 -14"><span class='ocrx_word' id='word_1_59' title='bbox 175 1166 219 1204; x_wconf 85' lang='lat' dir='ltr'><strong>re</strong></span> <span class='ocrx_word' id='word_1_60' title='bbox 242 1148 450 1218; x_wconf 87' lang='lat' dir='ltr'><strong>quisque</strong></span> <span class='ocrx_word' id='word_1_61' title='bbox 480 1143 640 1200; x_wconf 80' lang='lat' dir='ltr'><strong>faciat</strong></span> <span class='ocrx_word' id='word_1_62' title='bbox 682 1140 1126 1212; x_wconf 80' lang='lat' dir='ltr'><strong>persecutionem.</strong></span> <span class='ocrx_word' id='word_1_63' title='bbox 1159 1138 1243 1193; x_wconf 90' lang='lat' dir='ltr'><strong>vel</strong></span> <span class='ocrx_word' id='word_1_64' title='bbox 1274 1152 1440 1206; x_wconf 89' lang='lat' dir='ltr'><strong>quare</strong></span> <span class='ocrx_word' id='word_1_65' title='bbox 1470 1134 1724 1205; x_wconf 88' lang='lat' dir='ltr'><strong>patiatur,</strong></span> 
     </span>
    </p>
   </div>
   <div class='ocr_carea' id='block_1_10' title="bbox 178 1229 1733 1308">
    <p class='ocr_par' dir='ltr' id='par_1_10' title="bbox 178 1229 1733 1308">
     <span class='ocr_line' id='line_1_10' title="bbox 178 1229 1733 1308; baseline -0.01 -10"><span class='ocrx_word' id='word_1_66' title='bbox 178 1241 249 1298; x_wconf 82' lang='lat' dir='ltr'><strong>sed</strong></span> <span class='ocrx_word' id='word_1_67' title='bbox 273 1239 365 1294; x_wconf 86' lang='lat' dir='ltr'><strong>hoc</strong></span> <span class='ocrx_word' id='word_1_68' title='bbox 384 1244 575 1308; x_wconf 83' lang='lat' dir='ltr'><strong>putant</strong></span> <span class='ocrx_word' id='word_1_69' title='bbox 602 1251 723 1293; x_wconf 88' lang='lat' dir='ltr'><strong>esse</strong></span> <span class='ocrx_word' id='word_1_70' title='bbox 750 1236 957 1304; x_wconf 85' lang='lat' dir='ltr'><strong>signum</strong></span> <span class='ocrx_word' id='word_1_71' title='bbox 988 1232 1099 1289; x_wconf 89' lang='lat' dir='ltr'><strong>veri</strong></span> <span class='ocrx_word' id='word_1_72' title='bbox 1134 1229 1446 1295; x_wconf 81' lang='lat' dir='ltr'><strong>Christiani,</strong></span> <span class='ocrx_word' id='word_1_73' title='bbox 1473 1229 1516 1284; x_wconf 88' lang='lat' dir='ltr'><strong>si</strong></span> <span class='ocrx_word' id='word_1_74' title='bbox 1548 1242 1733 1298; x_wconf 87' lang='lat' dir='ltr'><strong>persc-</strong></span> 
     </span>
    </p>
   </div>
   <div class='ocr_carea' id='block_1_11' title="bbox 177 1320 1731 1393">
    <p class='ocr_par' dir='ltr' id='par_1_11' title="bbox 177 1320 1731 1393">
     <span class='ocr_line' id='line_1_11' title="bbox 177 1320 1731 1393; baseline -0.008 -7"><span class='ocrx_word' id='word_1_75' title='bbox 177 1330 408 1386; x_wconf 84' lang='lat' dir='ltr'><strong>cutionem</strong></span> <span class='ocrx_word' id='word_1_76' title='bbox 435 1343 542 1383; x_wconf 93' lang='lat' dir='ltr'><strong>non</strong></span> <span class='ocrx_word' id='word_1_77' title='bbox 573 1326 745 1389; x_wconf 78' lang='lat' dir='ltr'><strong>faciat,</strong></span> <span class='ocrx_word' id='word_1_78' title='bbox 786 1325 880 1381; x_wconf 87' lang='lat' dir='ltr'><strong>sed</strong></span> <span class='ocrx_word' id='word_1_79' title='bbox 931 1324 1196 1393; x_wconf 88' lang='lat' dir='ltr'><strong>patiatur;</strong></span> <span class='ocrx_word' id='word_1_80' title='bbox 1228 1322 1346 1376; x_wconf 85' lang='lat' dir='ltr'><strong>sine</strong></span> <span class='ocrx_word' id='word_1_81' title='bbox 1373 1320 1533 1377; x_wconf 87' lang='lat' dir='ltr'><strong>dubio</strong></span> <span class='ocrx_word' id='word_1_82' title='bbox 1561 1320 1731 1374; x_wconf 69' lang='grc' dir='ltr'><strong>(ἰωεί-</strong></span> 
     </span>
    </p>
   </div>
   <div class='ocr_carea' id='block_1_12' title="bbox 177 1411 1728 1483">
    <p class='ocr_par' dir='ltr' id='par_1_12' title="bbox 177 1411 1728 1483">
     <span class='ocr_line' id='line_1_12' title="bbox 177 1411 1728 1483; baseline -0.009 -4"><span class='ocrx_word' id='word_1_83' title='bbox 177 1424 343 1480; x_wconf 86' lang='lat' dir='ltr'><strong>lianutn</strong></span> <span class='ocrx_word' id='word_1_84' title='bbox 372 1420 425 1475; x_wconf 90' lang='lat' dir='ltr'><strong>in</strong></span> <span class='ocrx_word' id='word_1_85' title='bbox 453 1434 517 1474; x_wconf 85' lang='lat' dir='ltr'><strong>ea</strong></span> <span class='ocrx_word' id='word_1_86' title='bbox 540 1418 851 1474; x_wconf 86' lang='lat' dir='ltr'><strong>deﬁnitione</strong></span> <span class='ocrx_word' id='word_1_87' title='bbox 871 1415 1222 1478; x_wconf 87' lang='lat' dir='ltr'><strong>constituunt,</strong></span> <span class='ocrx_word' id='word_1_88' title='bbox 1240 1413 1329 1483; x_wconf 87' lang='lat' dir='ltr'><strong>qui</strong></span> <span class='ocrx_word' id='word_1_89' title='bbox 1354 1428 1459 1467; x_wconf 91' lang='lat' dir='ltr'><strong>non</strong></span> <span class='ocrx_word' id='word_1_90' title='bbox 1484 1411 1728 1478; x_wconf 81' lang='lat' dir='ltr'><strong>faciebat,</strong></span> 
     </span>
    </p>
   </div>
   <div class='ocr_carea' id='block_1_13' title="bbox 177 1503 1731 1583">
    <p class='ocr_par' dir='ltr' id='par_1_13' title="bbox 177 1503 1731 1583">
     <span class='ocr_line' id='line_1_13' title="bbox 177 1503 1731 1583; baseline -0.009 -12"><span class='ocrx_word' id='word_1_91' title='bbox 177 1512 251 1571; x_wconf 80' lang='lat' dir='ltr'><strong>sed</strong></span> <span class='ocrx_word' id='word_1_92' title='bbox 274 1512 562 1583; x_wconf 79' lang='lat' dir='ltr'><strong>patiebatur</strong></span> <span class='ocrx_word' id='word_1_93' title='bbox 594 1529 608 1566; x_wconf 91' lang='lat'><strong>:</strong></span> <span class='ocrx_word' id='word_1_94' title='bbox 641 1510 874 1580; x_wconf 78' lang='lat' dir='ltr'><strong>majores</strong></span> <span class='ocrx_word' id='word_1_95' title='bbox 893 1517 1069 1563; x_wconf 85' lang='lat' dir='ltr'><strong>autem</strong></span> <span class='ocrx_word' id='word_1_96' title='bbox 1101 1521 1227 1562; x_wconf 91' lang='lat' dir='ltr'><strong>suos</strong></span> <span class='ocrx_word' id='word_1_97' title='bbox 1247 1506 1315 1560; x_wconf 87' lang='lat' dir='ltr'><strong>ab</strong></span> <span class='ocrx_word' id='word_1_98' title='bbox 1333 1519 1396 1560; x_wconf 92' lang='lat' dir='ltr'><strong>ea</strong></span> <span class='ocrx_word' id='word_1_99' title='bbox 1422 1503 1731 1560; x_wconf 87' lang='lat' dir='ltr'><strong>deﬁnitione</strong></span> 
     </span>
    </p>
   </div>
   <div class='ocr_carea' id='block_1_14' title="bbox 178 1596 1503 1672">
    <p class='ocr_par' dir='ltr' id='par_1_14' title="bbox 178 1596 1503 1672">
     <span class='ocr_line' id='line_1_14' title="bbox 178 1596 1503 1672; baseline -0.008 -11"><span class='ocrx_word' id='word_1_100' title='bbox 178 1607 293 1661; x_wconf 74' lang='lat' dir='ltr'><strong>fosz</strong></span> <span class='ocrx_word' id='word_1_101' title='bbox 315 1605 545 1668; x_wconf 89' lang='lat' dir='ltr'><strong>miunnt,</strong></span> <span class='ocrx_word' id='word_1_102' title='bbox 577 1603 667 1672; x_wconf 88' lang='lat' dir='ltr'><strong>qui</strong></span> <span class='ocrx_word' id='word_1_103' title='bbox 692 1601 972 1664; x_wconf 77' lang='lat' dir='ltr'><strong>faciebant,</strong></span> <span class='ocrx_word' id='word_1_104' title='bbox 1005 1613 1111 1654; x_wconf 89' lang='lat' dir='ltr'><strong>non</strong></span> <span class='ocrx_word' id='word_1_105' title='bbox 1141 1596 1503 1668; x_wconf 88' lang='lat' dir='ltr'><strong>patiebantur.</strong></span> 
     </span>
    </p>
   </div>
   <div class='ocr_carea' id='block_1_15' title="bbox 234 1683 1734 1758">
    <p class='ocr_par' dir='ltr' id='par_1_15' title="bbox 234 1683 1734 1758">
     <span class='ocr_line' id='line_1_15' title="bbox 234 1683 1734 1758; baseline -0.01 -5"><span class='ocrx_word' id='word_1_106' title='bbox 234 1696 307 1753; x_wconf 83' lang='lat' dir='ltr'><strong>ll.</strong></span> <span class='ocrx_word' id='word_1_107' title='bbox 332 1694 432 1751; x_wconf 90' lang='lat' dir='ltr'><strong>Sed</strong></span> <span class='ocrx_word' id='word_1_108' title='bbox 465 1695 589 1757; x_wconf 88' lang='lat' dir='ltr'><strong>hoc,</strong></span> <span class='ocrx_word' id='word_1_109' title='bbox 624 1701 681 1749; x_wconf 87' lang='lat' dir='ltr'><strong>ut</strong></span> <span class='ocrx_word' id='word_1_110' title='bbox 705 1692 834 1758; x_wconf 85' lang='lat' dir='ltr'><strong>dixi,</strong></span> <span class='ocrx_word' id='word_1_111' title='bbox 855 1690 1077 1756; x_wconf 88' lang='lat' dir='ltr'><strong>omitto;</strong></span> <span class='ocrx_word' id='word_1_112' title='bbox 1110 1687 1238 1745; x_wconf 92' lang='lat' dir='ltr'><strong>illud</strong></span> <span class='ocrx_word' id='word_1_113' title='bbox 1274 1686 1393 1742; x_wconf 93' lang='lat' dir='ltr'><strong>dico</strong></span> <span class='ocrx_word' id='word_1_114' title='bbox 1432 1703 1445 1738; x_wconf 90' lang='lat'>:</span> <span class='ocrx_word' id='word_1_115' title='bbox 1478 1685 1522 1739; x_wconf 89' lang='lat' dir='ltr'><strong>si</strong></span> <span class='ocrx_word' id='word_1_116' title='bbox 1551 1683 1734 1740; x_wconf 81' lang='lat' dir='ltr'><strong>Eccle-</strong></span> 
     </span>
    </p>
   </div>
   <div class='ocr_carea' id='block_1_16' title="bbox 177 1784 1734 1858">
    <p class='ocr_par' dir='ltr' id='par_1_16' title="bbox 177 1784 1734 1858">
     <span class='ocr_line' id='line_1_16' title="bbox 177 1784 1734 1858; baseline -0.011 -10"><span class='ocrx_word' id='word_1_117' title='bbox 177 1791 239 1848; x_wconf 85' lang='lat' dir='ltr'><strong>sia</strong></span> <span class='ocrx_word' id='word_1_118' title='bbox 263 1804 373 1844; x_wconf 85' lang='lat' dir='ltr'><strong>vera</strong></span> <span class='ocrx_word' id='word_1_119' title='bbox 395 1788 507 1858; x_wconf 85' lang='lat' dir='ltr'><strong>ipsa</strong></span> <span class='ocrx_word' id='word_1_120' title='bbox 539 1794 624 1845; x_wconf 86' lang='lat' dir='ltr'><strong>est</strong></span> <span class='ocrx_word' id='word_1_121' title='bbox 648 1801 768 1856; x_wconf 66' lang='lat' dir='ltr'><strong>qua:</strong></span> <span class='ocrx_word' id='word_1_122' title='bbox 799 1784 1220 1854; x_wconf 81' lang='lat' dir='ltr'><strong>persecutionem</strong></span> <span class='ocrx_word' id='word_1_123' title='bbox 1244 1784 1460 1849; x_wconf 89' lang='lat' dir='ltr'><strong>patitur,</strong></span> <span class='ocrx_word' id='word_1_124' title='bbox 1487 1794 1590 1832; x_wconf 89' lang='lat' dir='ltr'><strong>non</strong></span> <span class='ocrx_word' id='word_1_125' title='bbox 1617 1793 1734 1845; x_wconf 78' lang='lat' dir='ltr'><strong>quae</strong></span> 
     </span>
    </p>
   </div>
   <div class='ocr_carea' id='block_1_17' title="bbox 179 1869 1733 1949">
    <p class='ocr_par' dir='ltr' id='par_1_17' title="bbox 179 1869 1733 1949">
     <span class='ocr_line' id='line_1_17' title="bbox 179 1869 1733 1949; baseline -0.012 -11"><span class='ocrx_word' id='word_1_126' title='bbox 179 1881 309 1943; x_wconf 77' lang='lat' dir='ltr'><strong>facit;</strong></span> <span class='ocrx_word' id='word_1_127' title='bbox 337 1886 579 1949; x_wconf 60' lang='lat' dir='ltr'><strong>quierant</strong></span> <span class='ocrx_word' id='word_1_128' title='bbox 620 1876 689 1931; x_wconf 90' lang='lat' dir='ltr'><strong>ab</strong></span> <span class='ocrx_word' id='word_1_129' title='bbox 730 1874 984 1945; x_wconf 85' lang='lat' dir='ltr'><strong>Apostolo</strong></span> <span class='ocrx_word' id='word_1_130' title='bbox 1011 1888 1170 1943; x_wconf 89' lang='lat' dir='ltr'><strong>quam</strong></span> <span class='ocrx_word' id='word_1_131' title='bbox 1200 1871 1495 1927; x_wconf 76' lang='lat' dir='ltr'><strong>Ecclesium</strong></span> <span class='ocrx_word' id='word_1_132' title='bbox 1526 1869 1733 1937; x_wconf 85' lang='lat' dir='ltr'><strong>signiti-</strong></span> 
     </span>
    </p>
   </div>
   <div class='ocr_carea' id='block_1_18' title="bbox 178 1959 1732 2036">
    <p class='ocr_par' dir='ltr' id='par_1_18' title="bbox 178 1959 1732 2036">
     <span class='ocr_line' id='line_1_18' title="bbox 178 1959 1732 2036; baseline -0.01 -9"><span class='ocrx_word' id='word_1_133' title='bbox 178 1972 302 2027; x_wconf 82' lang='lat' dir='ltr'><strong>cabat</strong></span> <span class='ocrx_word' id='word_1_134' title='bbox 329 1970 475 2035; x_wconf 85' lang='lat' dir='ltr'><strong>Sara,</strong></span> <span class='ocrx_word' id='word_1_135' title='bbox 521 1967 738 2036; x_wconf 81' lang='lat' dir='ltr'><strong>quando</strong></span> <span class='ocrx_word' id='word_1_136' title='bbox 788 1966 1211 2036; x_wconf 83' lang='lat' dir='ltr'><strong>persecutionem</strong></span> <span class='ocrx_word' id='word_1_137' title='bbox 1260 1959 1732 2018; x_wconf 81' lang='lat' dir='ltr'><strong>laciebataneillae.</strong></span> 
     </span>
    </p>
   </div>
   <div class='ocr_carea' id='block_1_19' title="bbox 181 2053 1735 2131">
    <p class='ocr_par' dir='ltr' id='par_1_19' title="bbox 181 2053 1735 2131">
     <span class='ocr_line' id='line_1_19' title="bbox 181 2053 1735 2131; baseline -0.008 -14"><span class='ocrx_word' id='word_1_138' title='bbox 181 2062 387 2117; x_wconf 81' lang='lat' dir='ltr'><strong>Liberam</strong></span> <span class='ocrx_word' id='word_1_139' title='bbox 421 2061 625 2131; x_wconf 84' lang='lat' dir='ltr'><strong>quippe</strong></span> <span class='ocrx_word' id='word_1_140' title='bbox 671 2068 894 2115; x_wconf 86' lang='lat' dir='ltr'><strong>matrem</strong></span> <span class='ocrx_word' id='word_1_141' title='bbox 927 2065 1185 2119; x_wconf 88' lang='lat' dir='ltr'><strong>nostram,</strong></span> <span class='ocrx_word' id='word_1_142' title='bbox 1219 2056 1495 2111; x_wconf 63' lang='lat' dir='ltr'><strong>caelestem</strong></span> <span class='ocrx_word' id='word_1_143' title='bbox 1521 2053 1735 2108; x_wconf 86' lang='lat' dir='ltr'><strong>Jerusa-</strong></span> 
     </span>
    </p>
   </div>
   <div class='ocr_carea' id='block_1_20' title="bbox 181 2146 1738 2223">
    <p class='ocr_par' dir='ltr' id='par_1_20' title="bbox 181 2146 1738 2223">
     <span class='ocr_line' id='line_1_20' title="bbox 181 2146 1738 2223; baseline -0.008 -13"><span class='ocrx_word' id='word_1_144' title='bbox 181 2156 279 2223; x_wconf 83' lang='lat' dir='ltr'><strong>lem,</strong></span> <span class='ocrx_word' id='word_1_145' title='bbox 304 2154 349 2208; x_wconf 91' lang='lat' dir='ltr'><strong>id</strong></span> <span class='ocrx_word' id='word_1_146' title='bbox 377 2164 459 2210; x_wconf 88' lang='lat' dir='ltr'><strong>est</strong></span> <span class='ocrx_word' id='word_1_147' title='bbox 487 2167 670 2209; x_wconf 86' lang='lat' dir='ltr'><strong>veram</strong></span> <span class='ocrx_word' id='word_1_148' title='bbox 702 2152 790 2205; x_wconf 88' lang='lat' dir='ltr'><strong>Dei</strong></span> <span class='ocrx_word' id='word_1_149' title='bbox 828 2150 1143 2213; x_wconf 82' lang='lat' dir='ltr'><strong>Ecclesiam,</strong></span> <span class='ocrx_word' id='word_1_150' title='bbox 1175 2150 1226 2203; x_wconf 91' lang='lat' dir='ltr'><strong>in</strong></span> <span class='ocrx_word' id='word_1_151' title='bbox 1256 2148 1343 2202; x_wconf 88' lang='lat' dir='ltr'><strong>illa</strong></span> <span class='ocrx_word' id='word_1_152' title='bbox 1368 2148 1587 2202; x_wconf 87' lang='lat' dir='ltr'><strong>muliere</strong></span> <span class='ocrx_word' id='word_1_153' title='bbox 1607 2146 1738 2200; x_wconf 86' lang='lat' dir='ltr'><strong>dicit</strong></span> 
     </span>
    </p>
   </div>
   <div class='ocr_carea' id='block_1_21' title="bbox 179 2238 1730 2317">
    <p class='ocr_par' dir='ltr' id='par_1_21' title="bbox 179 2238 1730 2317">
     <span class='ocr_line' id='line_1_21' title="bbox 179 2238 1730 2317; baseline -0.007 -14"><span class='ocrx_word' id='word_1_154' title='bbox 179 2249 312 2304; x_wconf 76' lang='lat' dir='ltr'><strong>fuisse</strong></span> <span class='ocrx_word' id='word_1_155' title='bbox 360 2250 658 2317; x_wconf 83' lang='lat' dir='ltr'><strong>ﬁguratam,</strong></span> <span class='ocrx_word' id='word_1_156' title='bbox 701 2259 820 2315; x_wconf 73' lang='lat' dir='ltr'><strong>qum</strong></span> <span class='ocrx_word' id='word_1_157' title='bbox 850 2243 1125 2313; x_wconf 81' lang='lat' dir='ltr'><strong>afﬂigebat</strong></span> <span class='ocrx_word' id='word_1_158' title='bbox 1151 2240 1431 2310; x_wconf 87' lang='lat' dir='ltr'><strong>ancillam(</strong></span> <span class='ocrx_word' id='word_1_159' title='bbox 1456 2238 1628 2293; x_wconf 78' lang='lat' dir='ltr'><strong>Colat.</strong></span> <span class='ocrx_word' id='word_1_160' title='bbox 1660 2254 1730 2304; x_wconf 87' lang='lat' dir='ltr'><strong>tv,</strong></span> 
     </span>
    </p>
   </div>
   <div class='ocr_carea' id='block_1_22' title="bbox 181 2329 1736 2410">
    <p class='ocr_par' dir='ltr' id='par_1_22' title="bbox 181 2329 1736 2410">
     <span class='ocr_line' id='line_1_22' title="bbox 181 2329 1736 2410; baseline -0.006 -17"><span class='ocrx_word' id='word_1_161' title='bbox 181 2340 311 2395; x_wconf 68' lang='lat' dir='ltr'><strong>22-5l</strong></span> <span class='ocrx_word' id='word_1_162' title='bbox 334 2341 371 2410; x_wconf 92' lang='lat'><strong>).</strong></span> <span class='ocrx_word' id='word_1_163' title='bbox 398 2338 452 2393; x_wconf 89' lang='lat' dir='ltr'><strong>Si</strong></span> <span class='ocrx_word' id='word_1_164' title='bbox 477 2347 660 2393; x_wconf 88' lang='lat' dir='ltr'><strong>autem</strong></span> <span class='ocrx_word' id='word_1_165' title='bbox 694 2336 884 2391; x_wconf 90' lang='lat' dir='ltr'><strong>melius</strong></span> <span class='ocrx_word' id='word_1_166' title='bbox 911 2335 1277 2399; x_wconf 85' lang='lat' dir='ltr'><strong>discutiamus,</strong></span> <span class='ocrx_word' id='word_1_167' title='bbox 1308 2331 1475 2401; x_wconf 89' lang='lat' dir='ltr'><strong>magis</strong></span> <span class='ocrx_word' id='word_1_168' title='bbox 1503 2329 1589 2385; x_wconf 90' lang='lat' dir='ltr'><strong>illa</strong></span> <span class='ocrx_word' id='word_1_169' title='bbox 1617 2345 1736 2400; x_wconf 87' lang='lat' dir='ltr'><strong>per-</strong></span> 
     </span>
    </p>
   </div>
   <div class='ocr_carea' id='block_1_23' title="bbox 181 2421 1733 2499">
    <p class='ocr_par' dir='ltr' id='par_1_23' title="bbox 181 2421 1733 2499">
     <span class='ocr_line' id='line_1_23' title="bbox 181 2421 1733 2499; baseline -0.006 -15"><span class='ocrx_word' id='word_1_170' title='bbox 181 2429 481 2499; x_wconf 78' lang='lat' dir='ltr'><strong>sequebatur</strong></span> <span class='ocrx_word' id='word_1_171' title='bbox 512 2429 708 2484; x_wconf 86' lang='lat' dir='ltr'><strong>Saram</strong></span> <span class='ocrx_word' id='word_1_172' title='bbox 761 2425 1141 2497; x_wconf 86' lang='lat' dir='ltr'><strong>superbiendo,</strong></span> <span class='ocrx_word' id='word_1_173' title='bbox 1193 2439 1351 2494; x_wconf 90' lang='lat' dir='ltr'><strong>quam</strong></span> <span class='ocrx_word' id='word_1_174' title='bbox 1404 2423 1550 2477; x_wconf 87' lang='lat' dir='ltr'><strong>illam</strong></span> <span class='ocrx_word' id='word_1_175' title='bbox 1601 2421 1733 2475; x_wconf 88' lang='lat' dir='ltr'><strong>Sara</strong></span> 
     </span>
    </p>
   </div>
   <div class='ocr_carea' id='block_1_24' title="bbox 181 2512 1732 2583">
    <p class='ocr_par' dir='ltr' id='par_1_24' title="bbox 181 2512 1732 2583">
     <span class='ocr_line' id='line_1_24' title="bbox 181 2512 1732 2583; baseline -0.006 -7"><span class='ocrx_word' id='word_1_176' title='bbox 181 2520 435 2576; x_wconf 85' lang='lat' dir='ltr'><strong>coercendo</strong></span> <span class='ocrx_word' id='word_1_177' title='bbox 463 2538 477 2574; x_wconf 87' lang='lat'><strong>:</strong></span> <span class='ocrx_word' id='word_1_178' title='bbox 507 2520 603 2575; x_wconf 88' lang='lat' dir='ltr'><strong>illa</strong></span> <span class='ocrx_word' id='word_1_179' title='bbox 626 2519 767 2575; x_wconf 88' lang='lat' dir='ltr'><strong>enim</strong></span> <span class='ocrx_word' id='word_1_180' title='bbox 809 2516 1040 2571; x_wconf 85' lang='lat' dir='ltr'><strong>dominae</strong></span> <span class='ocrx_word' id='word_1_181' title='bbox 1082 2515 1305 2570; x_wconf 77' lang='lat' dir='ltr'><strong>faciebat</strong></span> <span class='ocrx_word' id='word_1_182' title='bbox 1334 2513 1600 2583; x_wconf 87' lang='lat' dir='ltr'><strong>injuriam,</strong></span> <span class='ocrx_word' id='word_1_183' title='bbox 1634 2512 1732 2566; x_wconf 90' lang='lat' dir='ltr'><strong>ista</strong></span> 
     </span>
    </p>
   </div>
   <div class='ocr_carea' id='block_1_25' title="bbox 182 2604 1736 2682">
    <p class='ocr_par' dir='ltr' id='par_1_25' title="bbox 182 2604 1736 2682">
     <span class='ocr_line' id='line_1_25' title="bbox 182 2604 1736 2682; baseline -0.006 -15"><span class='ocrx_word' id='word_1_184' title='bbox 182 2613 441 2681; x_wconf 88' lang='lat' dir='ltr'><strong>imponebat</strong></span> <span class='ocrx_word' id='word_1_185' title='bbox 463 2611 713 2682; x_wconf 68' lang='lat' dir='ltr'><strong>superbm</strong></span> <span class='ocrx_word' id='word_1_186' title='bbox 738 2609 1091 2679; x_wconf 87' lang='lat' dir='ltr'><strong>disciplinain.</strong></span> <span class='ocrx_word' id='word_1_187' title='bbox 1122 2606 1320 2662; x_wconf 85' lang='lat' dir='ltr'><strong>Deinde</strong></span> <span class='ocrx_word' id='word_1_188' title='bbox 1345 2620 1546 2677; x_wconf 76' lang='lat' dir='ltr'><strong>quaero,</strong></span> <span class='ocrx_word' id='word_1_189' title='bbox 1579 2605 1623 2659; x_wconf 90' lang='lat' dir='ltr'><strong>si</strong></span> <span class='ocrx_word' id='word_1_190' title='bbox 1640 2604 1736 2658; x_wconf 88' lang='lat' dir='ltr'><strong>bo-</strong></span> 
     </span>
    </p>
   </div>
   <div class='ocr_carea' id='block_1_26' title="bbox 183 2696 1737 2771">
    <p class='ocr_par' dir='ltr' id='par_1_26' title="bbox 183 2696 1737 2771">
     <span class='ocr_line' id='line_1_26' title="bbox 183 2696 1737 2771; baseline -0.006 -12"><span class='ocrx_word' id='word_1_191' title='bbox 183 2706 223 2759; x_wconf 92' lang='lat' dir='ltr'><strong>ni</strong></span> <span class='ocrx_word' id='word_1_192' title='bbox 246 2715 291 2760; x_wconf 88' lang='lat' dir='ltr'><strong>et</strong></span> <span class='ocrx_word' id='word_1_193' title='bbox 317 2705 475 2762; x_wconf 78' lang='lat' dir='ltr'><strong>sancti</strong></span> <span class='ocrx_word' id='word_1_194' title='bbox 507 2703 714 2759; x_wconf 87' lang='lat' dir='ltr'><strong>nemini</strong></span> <span class='ocrx_word' id='word_1_195' title='bbox 757 2702 954 2757; x_wconf 82' lang='lat' dir='ltr'><strong>l&#39;aciunt</strong></span> <span class='ocrx_word' id='word_1_196' title='bbox 1009 2700 1453 2771; x_wconf 85' lang='lat' dir='ltr'><strong>persecutionem,</strong></span> <span class='ocrx_word' id='word_1_197' title='bbox 1498 2696 1591 2750; x_wconf 90' lang='lat' dir='ltr'><strong>sed</strong></span> <span class='ocrx_word' id='word_1_198' title='bbox 1622 2705 1737 2750; x_wconf 89' lang='lat' dir='ltr'><strong>tan-</strong></span> 
     </span>
    </p>
   </div>
   <div class='ocr_carea' id='block_1_27' title="bbox 183 2788 1733 2865">
    <p class='ocr_par' dir='ltr' id='par_1_27' title="bbox 183 2788 1733 2865">
     <span class='ocr_line' id='line_1_27' title="bbox 183 2788 1733 2865; baseline -0.004 -17"><span class='ocrx_word' id='word_1_199' title='bbox 183 2796 413 2851; x_wconf 86' lang='lat' dir='ltr'><strong>tummodo</strong></span> <span class='ocrx_word' id='word_1_200' title='bbox 441 2796 739 2865; x_wconf 87' lang='lat' dir='ltr'><strong>patiuntur,</strong></span> <span class='ocrx_word' id='word_1_201' title='bbox 771 2793 922 2863; x_wconf 91' lang='lat' dir='ltr'><strong>cujus</strong></span> <span class='ocrx_word' id='word_1_202' title='bbox 953 2799 1141 2861; x_wconf 89' lang='lat' dir='ltr'><strong>putant</strong></span> <span class='ocrx_word' id='word_1_203' title='bbox 1178 2805 1299 2845; x_wconf 90' lang='lat' dir='ltr'><strong>csse</strong></span> <span class='ocrx_word' id='word_1_204' title='bbox 1326 2790 1377 2845; x_wconf 88' lang='lat' dir='ltr'><strong>in</strong></span> <span class='ocrx_word' id='word_1_205' title='bbox 1402 2788 1614 2845; x_wconf 75' lang='lat' dir='ltr'><strong>Psnlmo</strong></span> <span class='ocrx_word' id='word_1_206' title='bbox 1636 2803 1733 2843; x_wconf 88' lang='lat' dir='ltr'><strong>vo-</strong></span> 
     </span>
    </p>
   </div>
   <div class='ocr_carea' id='block_1_28' title="bbox 180 2885 1729 2959">
    <p class='ocr_par' dir='ltr' id='par_1_28' title="bbox 180 2885 1729 2959">
     <span class='ocr_line' id='line_1_28' title="bbox 180 2885 1729 2959; baseline -0.007 -16"><span class='ocrx_word' id='word_1_207' title='bbox 180 2902 291 2954; x_wconf 85' lang='lat' dir='ltr'><strong>cem,</strong></span> <span class='ocrx_word' id='word_1_208' title='bbox 313 2888 392 2944; x_wconf 90' lang='lat' dir='ltr'><strong>ubi</strong></span> <span class='ocrx_word' id='word_1_209' title='bbox 416 2890 632 2959; x_wconf 78' lang='lat' dir='ltr'><strong>legitur,</strong></span> <span class='ocrx_word' id='word_1_210' title='bbox 658 2885 943 2956; x_wconf 77' lang='lat' dir='ltr'><strong>Persequar</strong></span> <span class='ocrx_word' id='word_1_211' title='bbox 964 2885 1195 2938; x_wconf 77' lang='lat' dir='ltr'><strong>inimicos</strong></span> <span class='ocrx_word' id='word_1_212' title='bbox 1232 2900 1387 2947; x_wconf 79' lang='lat' dir='ltr'><strong>meas,</strong></span> <span class='ocrx_word' id='word_1_213' title='bbox 1421 2890 1467 2937; x_wconf 80' lang='lat' dir='ltr'><strong>et</strong></span> <span class='ocrx_word' id='word_1_214' title='bbox 1497 2898 1729 2953; x_wconf 84' lang='lat' dir='ltr'><strong>compre-</strong></span> 
     </span>
    </p>
   </div>
   <div class='ocr_carea' id='block_1_29' title="bbox 180 2972 1728 3044">
    <p class='ocr_par' dir='ltr' id='par_1_29' title="bbox 180 2972 1728 3044">
     <span class='ocr_line' id='line_1_29' title="bbox 180 2972 1728 3044; baseline -0.002 -14"><span class='ocrx_word' id='word_1_215' title='bbox 180 2979 506 3043; x_wconf 67' lang='lat' dir='ltr'><strong>liendamiﬂos,</strong></span> <span class='ocrx_word' id='word_1_216' title='bbox 551 2988 606 3033; x_wconf 73' lang='lat' dir='ltr'><strong>et</strong></span> <span class='ocrx_word' id='word_1_217' title='bbox 635 2995 736 3033; x_wconf 85' lang='lat' dir='ltr'><strong>non</strong></span> <span class='ocrx_word' id='word_1_218' title='bbox 776 2987 1036 3033; x_wconf 79' lang='lat' dir='ltr'><strong>convertar</strong></span> <span class='ocrx_word' id='word_1_219' title='bbox 1075 2976 1233 3030; x_wconf 88' lang='lat' dir='ltr'><strong>donec</strong></span> <span class='ocrx_word' id='word_1_220' title='bbox 1275 2975 1513 3044; x_wconf 72' lang='lat' dir='ltr'><strong>deficiant</strong></span> <span class='ocrx_word' id='word_1_221' title='bbox 1540 2974 1557 3043; x_wconf 91' lang='lat'>(</span> <span class='ocrx_word' id='word_1_222' title='bbox 1580 2972 1728 3029; x_wconf 81' lang='lat' dir='ltr'><strong>Psal.</strong></span> 
     </span>
    </p>
   </div>
   <div class='ocr_carea' id='block_1_30' title="bbox 183 3068 1736 3145">
    <p class='ocr_par' dir='ltr' id='par_1_30' title="bbox 183 3068 1736 3145">
     <span class='ocr_line' id='line_1_30' title="bbox 183 3068 1736 3145; baseline -0.003 -19"><span class='ocrx_word' id='word_1_223' title='bbox 183 3088 285 3140; x_wconf 77' lang='lat' dir='ltr'><strong>nn,</strong></span> <span class='ocrx_word' id='word_1_224' title='bbox 306 3074 367 3129; x_wconf 73' lang='lat'><strong>58</strong></span> <span class='ocrx_word' id='word_1_225' title='bbox 391 3074 429 3145; x_wconf 92' lang='lat'><strong>).</strong></span> <span class='ocrx_word' id='word_1_226' title='bbox 461 3073 517 3129; x_wconf 90' lang='lat' dir='ltr'><strong>Si</strong></span> <span class='ocrx_word' id='word_1_227' title='bbox 556 3086 689 3141; x_wconf 83' lang='lat' dir='ltr'><strong>ergo</strong></span> <span class='ocrx_word' id='word_1_228' title='bbox 719 3087 903 3127; x_wconf 88' lang='lat' dir='ltr'><strong>verum</strong></span> <span class='ocrx_word' id='word_1_229' title='bbox 941 3070 1120 3124; x_wconf 87' lang='lat' dir='ltr'><strong>dicere</strong></span> <span class='ocrx_word' id='word_1_230' title='bbox 1145 3069 1229 3123; x_wconf 88' lang='lat' dir='ltr'><strong>vel</strong></span> <span class='ocrx_word' id='word_1_231' title='bbox 1258 3083 1547 3139; x_wconf 84' lang='lat' dir='ltr'><strong>agnoscere</strong></span> <span class='ocrx_word' id='word_1_232' title='bbox 1586 3068 1736 3121; x_wconf 83' lang='lat' dir='ltr'><strong>volu-</strong></span> 
     </span>
    </p>
   </div>
   <div class='ocr_carea' id='block_1_31' title="bbox 180 3160 1733 3235">
    <p class='ocr_par' dir='ltr' id='par_1_31' title="bbox 180 3160 1733 3235">
     <span class='ocr_line' id='line_1_31' title="bbox 180 3160 1733 3235; baseline -0.001 -19"><span class='ocrx_word' id='word_1_233' title='bbox 180 3180 289 3230; x_wconf 85' lang='lat' dir='ltr'><strong>mus,</strong></span> <span class='ocrx_word' id='word_1_234' title='bbox 314 3172 390 3220; x_wconf 85' lang='lat' dir='ltr'><strong>est</strong></span> <span class='ocrx_word' id='word_1_235' title='bbox 409 3164 715 3235; x_wconf 84' lang='lat' dir='ltr'><strong>persecutio</strong></span> <span class='ocrx_word' id='word_1_236' title='bbox 736 3162 952 3233; x_wconf 88' lang='lat' dir='ltr'><strong>injusta,</strong></span> <span class='ocrx_word' id='word_1_237' title='bbox 978 3178 1135 3231; x_wconf 86' lang='lat' dir='ltr'><strong>quam</strong></span> <span class='ocrx_word' id='word_1_238' title='bbox 1162 3160 1364 3216; x_wconf 86' lang='lat' dir='ltr'><strong>faciunt</strong></span> <span class='ocrx_word' id='word_1_239' title='bbox 1392 3160 1538 3231; x_wconf 86' lang='lat' dir='ltr'><strong>impii</strong></span> <span class='ocrx_word' id='word_1_240' title='bbox 1558 3161 1733 3215; x_wconf 84' lang='lat' dir='ltr'><strong>Eccle-</strong></span> 
     </span>
    </p>
   </div>
   <div class='ocr_carea' id='block_1_32' title="bbox 181 3254 1733 3326">
    <p class='ocr_par' dir='ltr' id='par_1_32' title="bbox 181 3254 1733 3326">
     <span class='ocr_line' id='line_1_32' title="bbox 181 3254 1733 3326; baseline 0 -17"><span class='ocrx_word' id='word_1_241' title='bbox 181 3254 252 3310; x_wconf 74' lang='lat' dir='ltr'><strong>sia:</strong></span> <span class='ocrx_word' id='word_1_242' title='bbox 274 3255 488 3324; x_wconf 86' lang='lat' dir='ltr'><strong>Christi;</strong></span> <span class='ocrx_word' id='word_1_243' title='bbox 517 3267 577 3314; x_wconf 90' lang='lat' dir='ltr'><strong>et</strong></span> <span class='ocrx_word' id='word_1_244' title='bbox 610 3266 691 3312; x_wconf 90' lang='lat' dir='ltr'><strong>est</strong></span> <span class='ocrx_word' id='word_1_245' title='bbox 713 3258 861 3326; x_wconf 81' lang='lat' dir='ltr'><strong>justa</strong></span> <span class='ocrx_word' id='word_1_246' title='bbox 886 3254 1206 3325; x_wconf 87' lang='lat' dir='ltr'><strong>persecutio,</strong></span> <span class='ocrx_word' id='word_1_247' title='bbox 1238 3270 1395 3323; x_wconf 85' lang='lat' dir='ltr'><strong>quam</strong></span> <span class='ocrx_word' id='word_1_248' title='bbox 1424 3254 1621 3310; x_wconf 83' lang='lat' dir='ltr'><strong>faciunt</strong></span> <span class='ocrx_word' id='word_1_249' title='bbox 1644 3255 1733 3309; x_wconf 89' lang='lat' dir='ltr'><strong>im-</strong></span> 
     </span>
    </p>
   </div>
   <div class='ocr_carea' id='block_1_33' title="bbox 182 3345 1733 3416">
    <p class='ocr_par' dir='ltr' id='par_1_33' title="bbox 182 3345 1733 3416">
     <span class='ocr_line' id='line_1_33' title="bbox 182 3345 1733 3416; baseline 0.001 -17"><span class='ocrx_word' id='word_1_250' title='bbox 182 3348 258 3415; x_wconf 82' lang='lat' dir='ltr'><strong>piis</strong></span> <span class='ocrx_word' id='word_1_251' title='bbox 281 3348 521 3406; x_wconf 68' lang='lat' dir='ltr'><strong>Ecclesite</strong></span> <span class='ocrx_word' id='word_1_252' title='bbox 553 3348 778 3403; x_wconf 81' lang='lat' dir='ltr'><strong>Christi.</strong></span> <span class='ocrx_word' id='word_1_253' title='bbox 810 3346 911 3402; x_wconf 89' lang='lat' dir='ltr'><strong>Ista</strong></span> <span class='ocrx_word' id='word_1_254' title='bbox 939 3346 1115 3416; x_wconf 86' lang='lat' dir='ltr'><strong>itaque</strong></span> <span class='ocrx_word' id='word_1_255' title='bbox 1142 3345 1294 3401; x_wconf 86' lang='lat' dir='ltr'><strong>beata</strong></span> <span class='ocrx_word' id='word_1_256' title='bbox 1323 3354 1536 3416; x_wconf 64' lang='lat' dir='ltr'><strong>estque:</strong></span> <span class='ocrx_word' id='word_1_257' title='bbox 1559 3361 1733 3415; x_wconf 87' lang='lat' dir='ltr'><strong>perse-</strong></span> 
     </span>
    </p>
   </div>
   <div class='ocr_carea' id='block_1_34' title="bbox 180 3440 1731 3516">
    <p class='ocr_par' dir='ltr' id='par_1_34' title="bbox 180 3440 1731 3516">
     <span class='ocr_line' id='line_1_34' title="bbox 180 3440 1731 3516; baseline -0.001 -19"><span class='ocrx_word' id='word_1_258' title='bbox 180 3442 403 3499; x_wconf 84' lang='lat' dir='ltr'><strong>cutionem</strong></span> <span class='ocrx_word' id='word_1_259' title='bbox 447 3444 654 3516; x_wconf 89' lang='lat' dir='ltr'><strong>patitur</strong></span> <span class='ocrx_word' id='word_1_260' title='bbox 695 3454 913 3515; x_wconf 84' lang='lat' dir='ltr'><strong>propter</strong></span> <span class='ocrx_word' id='word_1_261' title='bbox 956 3440 1253 3511; x_wconf 82' lang='lat' dir='ltr'><strong>justitiam;</strong></span> <span class='ocrx_word' id='word_1_262' title='bbox 1287 3441 1363 3497; x_wconf 89' lang='lat' dir='ltr'><strong>illi</strong></span> <span class='ocrx_word' id='word_1_263' title='bbox 1388 3458 1512 3495; x_wconf 89' lang='lat' dir='ltr'><strong>vero</strong></span> <span class='ocrx_word' id='word_1_264' title='bbox 1552 3442 1731 3496; x_wconf 80' lang='lat' dir='ltr'><strong>miseri</strong></span> 
     </span>
    </p>
   </div>
   <div class='ocr_carea' id='block_1_35' title="bbox 182 3530 1728 3606">
    <p class='ocr_par' dir='ltr' id='par_1_35' title="bbox 182 3530 1728 3606">
     <span class='ocr_line' id='line_1_35' title="bbox 182 3530 1728 3606; baseline -0.005 -18"><span class='ocrx_word' id='word_1_265' title='bbox 182 3532 249 3602; x_wconf 75' lang='lat' dir='ltr'><strong>qui</strong></span> <span class='ocrx_word' id='word_1_266' title='bbox 264 3534 675 3606; x_wconf 85' lang='lat' dir='ltr'><strong>persecutionem</strong></span> <span class='ocrx_word' id='word_1_267' title='bbox 708 3533 978 3602; x_wconf 88' lang='lat' dir='ltr'><strong>patiuntur</strong></span> <span class='ocrx_word' id='word_1_268' title='bbox 995 3540 1210 3602; x_wconf 84' lang='lat' dir='ltr'><strong>propter</strong></span> <span class='ocrx_word' id='word_1_269' title='bbox 1233 3530 1565 3601; x_wconf 89' lang='lat' dir='ltr'><strong>injustitiam.</strong></span> <span class='ocrx_word' id='word_1_270' title='bbox 1594 3533 1728 3587; x_wconf 78' lang='lat' dir='ltr'><strong>Pro-</strong></span> 
     </span>
    </p>
   </div>
   <div class='ocr_carea' id='block_1_36' title="bbox 182 3622 1731 3696">
    <p class='ocr_par' dir='ltr' id='par_1_36' title="bbox 182 3622 1731 3696">
     <span class='ocr_line' id='line_1_36' title="bbox 182 3622 1731 3696; baseline 0.001 -19"><span class='ocrx_word' id='word_1_271' title='bbox 182 3622 277 3679; x_wconf 87' lang='lat' dir='ltr'><strong>inde</strong></span> <span class='ocrx_word' id='word_1_272' title='bbox 299 3625 388 3683; x_wconf 84' lang='lat' dir='ltr'><strong>ista</strong></span> <span class='ocrx_word' id='word_1_273' title='bbox 420 3627 761 3695; x_wconf 78' lang='lat' dir='ltr'><strong>persequitur</strong></span> <span class='ocrx_word' id='word_1_274' title='bbox 784 3624 1075 3696; x_wconf 86' lang='lat' dir='ltr'><strong>diligendo,</strong></span> <span class='ocrx_word' id='word_1_275' title='bbox 1108 3623 1181 3681; x_wconf 84' lang='lat' dir='ltr'><strong>illi</strong></span> <span class='ocrx_word' id='word_1_276' title='bbox 1214 3622 1520 3690; x_wconf 72' lang='lat' dir='ltr'><strong>saeviendo;</strong></span> <span class='ocrx_word' id='word_1_277' title='bbox 1555 3624 1652 3678; x_wconf 86' lang='lat' dir='ltr'><strong>ista</strong></span> <span class='ocrx_word' id='word_1_278' title='bbox 1675 3631 1731 3679; x_wconf 86' lang='lat' dir='ltr'><strong>ut</strong></span> 
     </span>
    </p>
   </div>
   <div class='ocr_carea' id='block_1_37' title="bbox 182 3714 1727 3786">
    <p class='ocr_par' dir='ltr' id='par_1_37' title="bbox 182 3714 1727 3786">
     <span class='ocr_line' id='line_1_37' title="bbox 182 3714 1727 3786; baseline 0.002 -18"><span class='ocrx_word' id='word_1_279' title='bbox 182 3716 387 3786; x_wconf 87' lang='lat' dir='ltr'><strong>corrigat,</strong></span> <span class='ocrx_word' id='word_1_280' title='bbox 409 3717 482 3772; x_wconf 91' lang='lat' dir='ltr'><strong>illi</strong></span> <span class='ocrx_word' id='word_1_281' title='bbox 530 3724 899 3782; x_wconf 84' lang='lat' dir='ltr'><strong>uteverlant;</strong></span> <span class='ocrx_word' id='word_1_282' title='bbox 944 3716 1042 3772; x_wconf 86' lang='lat' dir='ltr'><strong>ista</strong></span> <span class='ocrx_word' id='word_1_283' title='bbox 1084 3724 1141 3770; x_wconf 89' lang='lat' dir='ltr'><strong>ut</strong></span> <span class='ocrx_word' id='word_1_284' title='bbox 1170 3722 1385 3769; x_wconf 85' lang='lat' dir='ltr'><strong>revocet</strong></span> <span class='ocrx_word' id='word_1_285' title='bbox 1430 3714 1497 3768; x_wconf 89' lang='lat' dir='ltr'><strong>ab</strong></span> <span class='ocrx_word' id='word_1_286' title='bbox 1524 3732 1727 3781; x_wconf 86' lang='lat' dir='ltr'><strong>errore,</strong></span> 
     </span>
    </p>
   </div>
   <div class='ocr_carea' id='block_1_38' title="bbox 184 3804 1732 3879">
    <p class='ocr_par' dir='ltr' id='par_1_38' title="bbox 184 3804 1732 3879">
     <span class='ocr_line' id='line_1_38' title="bbox 184 3804 1732 3879; baseline 0.003 -20"><span class='ocrx_word' id='word_1_287' title='bbox 184 3804 309 3862; x_wconf 90' lang='lat' dir='ltr'><strong>illiut</strong></span> <span class='ocrx_word' id='word_1_288' title='bbox 333 3810 661 3879; x_wconf 60' lang='lat' dir='ltr'><strong>prascipitent</strong></span> <span class='ocrx_word' id='word_1_289' title='bbox 691 3810 743 3863; x_wconf 94' lang='lat' dir='ltr'><strong>in</strong></span> <span class='ocrx_word' id='word_1_290' title='bbox 771 3823 1008 3865; x_wconf 84' lang='lat' dir='ltr'><strong>errorem</strong></span> <span class='ocrx_word' id='word_1_291' title='bbox 1039 3826 1051 3863; x_wconf 90' lang='lat'>:</span> <span class='ocrx_word' id='word_1_292' title='bbox 1080 3807 1310 3879; x_wconf 89' lang='lat' dir='ltr'><strong>denique</strong></span> <span class='ocrx_word' id='word_1_293' title='bbox 1338 3807 1436 3862; x_wconf 90' lang='lat' dir='ltr'><strong>ista</strong></span> <span class='ocrx_word' id='word_1_294' title='bbox 1460 3809 1732 3878; x_wconf 89' lang='lat' dir='ltr'><strong>persequi-</strong></span> 
     </span>
    </p>
   </div>
   <div class='ocr_carea' id='block_1_39' title="bbox 185 3899 1731 3975">
    <p class='ocr_par' dir='ltr' id='par_1_39' title="bbox 185 3899 1731 3975">
     <span class='ocr_line' id='line_1_39' title="bbox 185 3899 1731 3975; baseline 0.004 -26"><span class='ocrx_word' id='word_1_295' title='bbox 185 3907 247 3952; x_wconf 92' lang='lat' dir='ltr'><strong>tur</strong></span> <span class='ocrx_word' id='word_1_296' title='bbox 266 3899 487 3957; x_wconf 88' lang='lat' dir='ltr'><strong>inimicos</strong></span> <span class='ocrx_word' id='word_1_297' title='bbox 512 3911 576 3958; x_wconf 89' lang='lat' dir='ltr'><strong>ct</strong></span> <span class='ocrx_word' id='word_1_298' title='bbox 595 3900 1018 3975; x_wconf 88' lang='lat' dir='ltr'><strong>comprehendit,</strong></span> <span class='ocrx_word' id='word_1_299' title='bbox 1042 3901 1211 3956; x_wconf 89' lang='lat' dir='ltr'><strong>donec</strong></span> <span class='ocrx_word' id='word_1_300' title='bbox 1228 3900 1476 3956; x_wconf 86' lang='lat' dir='ltr'><strong>deﬁciant</strong></span> <span class='ocrx_word' id='word_1_301' title='bbox 1505 3902 1556 3956; x_wconf 90' lang='lat' dir='ltr'><strong>in</strong></span> <span class='ocrx_word' id='word_1_302' title='bbox 1586 3902 1731 3955; x_wconf 88' lang='lat' dir='ltr'><strong>vani—</strong></span> 
     </span>
    </p>
   </div>
   <div class='ocr_carea' id='block_1_40' title="bbox 184 3992 1729 4065">
    <p class='ocr_par' dir='ltr' id='par_1_40' title="bbox 184 3992 1729 4065">
     <span class='ocr_line' id='line_1_40' title="bbox 184 3992 1729 4065; baseline 0.003 -22"><span class='ocrx_word' id='word_1_303' title='bbox 184 3996 283 4057; x_wconf 80' lang='lat' dir='ltr'><strong>tate,</strong></span> <span class='ocrx_word' id='word_1_304' title='bbox 304 4002 353 4047; x_wconf 93' lang='lat' dir='ltr'><strong>ut</strong></span> <span class='ocrx_word' id='word_1_305' title='bbox 374 3996 420 4050; x_wconf 90' lang='lat' dir='ltr'><strong>in</strong></span> <span class='ocrx_word' id='word_1_306' title='bbox 451 3995 680 4053; x_wconf 78' lang='lat' dir='ltr'><strong>veritate</strong></span> <span class='ocrx_word' id='word_1_307' title='bbox 705 3993 1012 4065; x_wconf 84' lang='lat' dir='ltr'><strong>proﬁciant;</strong></span> <span class='ocrx_word' id='word_1_308' title='bbox 1043 3994 1116 4048; x_wconf 90' lang='lat' dir='ltr'><strong>illi</strong></span> <span class='ocrx_word' id='word_1_309' title='bbox 1158 4001 1337 4051; x_wconf 83' lang='lat' dir='ltr'><strong>autem</strong></span> <span class='ocrx_word' id='word_1_310' title='bbox 1370 3992 1729 4049; x_wconf 89' lang='lat' dir='ltr'><strong>retribuentes</strong></span> 
     </span>
    </p>
   </div>
   <div class='ocr_carea' id='block_1_41' title="bbox 185 4082 1728 4156">
    <p class='ocr_par' dir='ltr' id='par_1_41' title="bbox 185 4082 1728 4156">
     <span class='ocr_line' id='line_1_41' title="bbox 185 4082 1728 4156; baseline 0.006 -25"><span class='ocrx_word' id='word_1_311' title='bbox 185 4082 287 4136; x_wconf 71' lang='grc' dir='ltr'>ιιιίιιξι</span> <span class='ocrx_word' id='word_1_312' title='bbox 322 4101 408 4155; x_wconf 89' lang='lat' dir='ltr'><strong>pro</strong></span> <span class='ocrx_word' id='word_1_313' title='bbox 434 4087 612 4150; x_wconf 88' lang='lat' dir='ltr'><strong>bonis,</strong></span> <span class='ocrx_word' id='word_1_314' title='bbox 647 4086 768 4156; x_wconf 88' lang='lat' dir='ltr'><strong>quia</strong></span> <span class='ocrx_word' id='word_1_315' title='bbox 798 4085 876 4142; x_wconf 88' lang='lat' dir='ltr'><strong>eis</strong></span> <span class='ocrx_word' id='word_1_316' title='bbox 905 4084 1235 4142; x_wconf 89' lang='lat' dir='ltr'><strong>consulimus</strong></span> <span class='ocrx_word' id='word_1_317' title='bbox 1265 4082 1331 4138; x_wconf 90' lang='lat' dir='ltr'><strong>ad</strong></span> <span class='ocrx_word' id='word_1_318' title='bbox 1356 4092 1611 4140; x_wconf 83' lang='lat' dir='ltr'><strong>aeternam</strong></span> <span class='ocrx_word' id='word_1_319' title='bbox 1637 4099 1728 4140; x_wconf 85' lang='lat' dir='ltr'><strong>sa—</strong></span> 
     </span>
    </p>
   </div>
   <div class='ocr_carea' id='block_1_42' title="bbox 185 4171 1731 4246">
    <p class='ocr_par' dir='ltr' id='par_1_42' title="bbox 185 4171 1731 4246">
     <span class='ocr_line' id='line_1_42' title="bbox 185 4171 1731 4246; baseline 0.003 -22"><span class='ocrx_word' id='word_1_320' title='bbox 185 4171 329 4237; x_wconf 63' lang='lat' dir='ltr'><strong>lutem,</strong></span> <span class='ocrx_word' id='word_1_321' title='bbox 364 4178 515 4235; x_wconf 87' lang='lat' dir='ltr'><strong>etiam</strong></span> <span class='ocrx_word' id='word_1_322' title='bbox 551 4177 899 4246; x_wconf 84' lang='lat' dir='ltr'><strong>temporalem</strong></span> <span class='ocrx_word' id='word_1_323' title='bbox 927 4175 1080 4233; x_wconf 89' lang='lat' dir='ltr'><strong>nobis</strong></span> <span class='ocrx_word' id='word_1_324' title='bbox 1105 4181 1366 4229; x_wconf 85' lang='lat' dir='ltr'><strong>conantur</strong></span> <span class='ocrx_word' id='word_1_325' title='bbox 1389 4175 1619 4239; x_wconf 77' lang='lat' dir='ltr'><strong>auferre,</strong></span> <span class='ocrx_word' id='word_1_326' title='bbox 1652 4175 1731 4229; x_wconf 90' lang='lat' dir='ltr'><strong>sic</strong></span> 
     </span>
    </p>
   </div>
   <div class='ocr_carea' id='block_1_43' title="bbox 186 4267 1732 4338">
    <p class='ocr_par' dir='ltr' id='par_1_43' title="bbox 186 4267 1732 4338">
     <span class='ocr_line' id='line_1_43' title="bbox 186 4267 1732 4338; baseline 0.005 -24"><span class='ocrx_word' id='word_1_327' title='bbox 186 4275 382 4325; x_wconf 83' lang='lat' dir='ltr'><strong>amantes</strong></span> <span class='ocrx_word' id='word_1_328' title='bbox 404 4268 714 4336; x_wconf 88' lang='lat' dir='ltr'><strong>homicidia,</strong></span> <span class='ocrx_word' id='word_1_329' title='bbox 746 4278 805 4325; x_wconf 88' lang='lat' dir='ltr'><strong>ut</strong></span> <span class='ocrx_word' id='word_1_330' title='bbox 837 4268 890 4323; x_wconf 89' lang='lat' dir='ltr'><strong>in</strong></span> <span class='ocrx_word' id='word_1_331' title='bbox 930 4267 1121 4338; x_wconf 86' lang='lat' dir='ltr'><strong>scipsis</strong></span> <span class='ocrx_word' id='word_1_332' title='bbox 1147 4281 1209 4323; x_wconf 86' lang='lat' dir='ltr'><strong>ea</strong></span> <span class='ocrx_word' id='word_1_333' title='bbox 1240 4267 1534 4337; x_wconf 87' lang='lat' dir='ltr'><strong>perﬁciant,</strong></span> <span class='ocrx_word' id='word_1_334' title='bbox 1562 4283 1732 4337; x_wconf 78' lang='lat' dir='ltr'><strong>quan-</strong></span> 
     </span>
    </p>
   </div>
   <div class='ocr_carea' id='block_1_44' title="bbox 186 4352 1732 4433">
    <p class='ocr_par' dir='ltr' id='par_1_44' title="bbox 186 4352 1732 4433">
     <span class='ocr_line' id='line_1_44' title="bbox 186 4352 1732 4433; baseline 0.004 -26"><span class='ocrx_word' id='word_1_335' title='bbox 186 4352 237 4406; x_wconf 87' lang='lat' dir='ltr'><strong>do</strong></span> <span class='ocrx_word' id='word_1_336' title='bbox 262 4356 303 4411; x_wconf 91' lang='lat' dir='ltr'><strong>in</strong></span> <span class='ocrx_word' id='word_1_337' title='bbox 323 4360 432 4416; x_wconf 85' lang='lat' dir='ltr'><strong>aliis</strong></span> <span class='ocrx_word' id='word_1_338' title='bbox 456 4370 772 4433; x_wconf 86' lang='lat' dir='ltr'><strong>perpetrare</strong></span> <span class='ocrx_word' id='word_1_339' title='bbox 796 4375 902 4417; x_wconf 89' lang='lat' dir='ltr'><strong>non</strong></span> <span class='ocrx_word' id='word_1_340' title='bbox 938 4368 1177 4429; x_wconf 91' lang='lat' dir='ltr'><strong>possunt.</strong></span> <span class='ocrx_word' id='word_1_341' title='bbox 1206 4358 1355 4414; x_wconf 87' lang='lat' dir='ltr'><strong>Sicut</strong></span> <span class='ocrx_word' id='word_1_342' title='bbox 1387 4360 1530 4414; x_wconf 89' lang='lat' dir='ltr'><strong>enim</strong></span> <span class='ocrx_word' id='word_1_343' title='bbox 1557 4357 1732 4413; x_wconf 85' lang='lat' dir='ltr'><strong>chari-</strong></span> 
     </span>
    </p>
   </div>
   <div class='ocr_carea' id='block_1_45' title="bbox 190 4447 1733 4521">
    <p class='ocr_par' dir='ltr' id='par_1_45' title="bbox 190 4447 1733 4521">
     <span class='ocr_line' id='line_1_45' title="bbox 190 4447 1733 4521; baseline 0.003 -21"><span class='ocrx_word' id='word_1_344' title='bbox 190 4453 249 4500; x_wconf 72' lang='grc' dir='ltr'><strong>ωδ</strong></span> <span class='ocrx_word' id='word_1_345' title='bbox 272 4447 456 4507; x_wconf 83' lang='lat' dir='ltr'><strong>laborat</strong></span> <span class='ocrx_word' id='word_1_346' title='bbox 485 4452 744 4508; x_wconf 72' lang='lat' dir='ltr'><strong>Ecclesia:</strong></span> <span class='ocrx_word' id='word_1_347' title='bbox 765 4452 843 4507; x_wconf 89' lang='lat' dir='ltr'><strong>sic</strong></span> <span class='ocrx_word' id='word_1_348' title='bbox 874 4466 968 4509; x_wconf 86' lang='lat' dir='ltr'><strong>eos</strong></span> <span class='ocrx_word' id='word_1_349' title='bbox 997 4452 1064 4509; x_wconf 89' lang='lat' dir='ltr'><strong>ab</strong></span> <span class='ocrx_word' id='word_1_350' title='bbox 1091 4451 1176 4506; x_wconf 83' lang='lat' dir='ltr'><strong>illa</strong></span> <span class='ocrx_word' id='word_1_351' title='bbox 1202 4450 1501 4521; x_wconf 83' lang='lat' dir='ltr'><strong>perditione</strong></span> <span class='ocrx_word' id='word_1_352' title='bbox 1534 4450 1733 4505; x_wconf 84' lang='lat' dir='ltr'><strong>libera-</strong></span> 
     </span>
    </p>
   </div>
   <div class='ocr_carea' id='block_1_46' title="bbox 190 4543 1730 4610">
    <p class='ocr_par' dir='ltr' id='par_1_46' title="bbox 190 4543 1730 4610">
     <span class='ocr_line' id='line_1_46' title="bbox 190 4543 1730 4610; baseline -0.002 -7"><span class='ocrx_word' id='word_1_353' title='bbox 190 4550 312 4603; x_wconf 70' lang='grc' dir='ltr'><strong>τονυῑ</strong></span> <span class='ocrx_word' id='word_1_354' title='bbox 332 4557 505 4600; x_wconf 84' lang='lat' dir='ltr'><strong>eorum</strong></span> <span class='ocrx_word' id='word_1_355' title='bbox 534 4560 696 4603; x_wconf 88' lang='lat' dir='ltr'><strong>nemo</strong></span> <span class='ocrx_word' id='word_1_356' title='bbox 722 4544 1112 4610; x_wconf 87' lang='lat' dir='ltr'><strong>moriatur;sic</strong></span> <span class='ocrx_word' id='word_1_357' title='bbox 1140 4560 1324 4599; x_wconf 90' lang='lat' dir='ltr'><strong>eorum</strong></span> <span class='ocrx_word' id='word_1_358' title='bbox 1350 4543 1557 4597; x_wconf 86' lang='lat' dir='ltr'><strong>laborat</strong></span> <span class='ocrx_word' id='word_1_359' title='bbox 1582 4544 1730 4600; x_wconf 83' lang='lat' dir='ltr'><strong>furor</strong></span> 
     </span>
    </p>
   </div>
   <div class='ocr_carea' id='block_1_47' title="bbox 189 4634 1728 4706">
    <p class='ocr_par' dir='ltr' id='par_1_47' title="bbox 189 4634 1728 4706">
     <span class='ocr_line' id='line_1_47' title="bbox 189 4634 1728 4706; baseline 0.006 -25"><span class='ocrx_word' id='word_1_360' title='bbox 189 4639 257 4685; x_wconf 84' lang='lat' dir='ltr'><strong>aut</strong></span> <span class='ocrx_word' id='word_1_361' title='bbox 276 4648 359 4687; x_wconf 73' lang='lat' dir='ltr'><strong>nas</strong></span> <span class='ocrx_word' id='word_1_362' title='bbox 388 4637 652 4703; x_wconf 88' lang='lat' dir='ltr'><strong>occidere,</strong></span> <span class='ocrx_word' id='word_1_363' title='bbox 684 4647 741 4691; x_wconf 93' lang='lat' dir='ltr'><strong>ut</strong></span> <span class='ocrx_word' id='word_1_364' title='bbox 790 4651 901 4693; x_wconf 70' lang='lat' dir='ltr'><strong>sure</strong></span> <span class='ocrx_word' id='word_1_365' title='bbox 944 4635 1272 4691; x_wconf 87' lang='lat' dir='ltr'><strong>crudelitatis</strong></span> <span class='ocrx_word' id='word_1_366' title='bbox 1301 4642 1521 4706; x_wconf 87' lang='lat' dir='ltr'><strong>pascant</strong></span> <span class='ocrx_word' id='word_1_367' title='bbox 1553 4634 1728 4690; x_wconf 89' lang='lat' dir='ltr'><strong>libidi-</strong></span> 
     </span>
    </p>
   </div>
   <div class='ocr_carea' id='block_1_48' title="bbox 192 4726 1731 4798">
    <p class='ocr_par' dir='ltr' id='par_1_48' title="bbox 192 4726 1731 4798">
     <span class='ocr_line' id='line_1_48' title="bbox 192 4726 1731 4798; baseline 0.005 -22"><span class='ocrx_word' id='word_1_368' title='bbox 192 4733 301 4788; x_wconf 84' lang='lat' dir='ltr'><strong>nem,</strong></span> <span class='ocrx_word' id='word_1_369' title='bbox 318 4736 399 4782; x_wconf 89' lang='lat' dir='ltr'><strong>aut</strong></span> <span class='ocrx_word' id='word_1_370' title='bbox 425 4729 583 4783; x_wconf 87' lang='lat' dir='ltr'><strong>etiam</strong></span> <span class='ocrx_word' id='word_1_371' title='bbox 612 4728 840 4797; x_wconf 88' lang='lat' dir='ltr'><strong>seipsos,</strong></span> <span class='ocrx_word' id='word_1_372' title='bbox 859 4742 927 4782; x_wconf 88' lang='lat' dir='ltr'><strong>ne</strong></span> <span class='ocrx_word' id='word_1_373' title='bbox 952 4726 1245 4798; x_wconf 79' lang='lat' dir='ltr'><strong>perdidisse</strong></span> <span class='ocrx_word' id='word_1_374' title='bbox 1282 4726 1561 4783; x_wconf 88' lang='lat' dir='ltr'><strong>videantur</strong></span> <span class='ocrx_word' id='word_1_375' title='bbox 1584 4728 1731 4783; x_wconf 86' lang='lat' dir='ltr'><strong>occi-</strong></span> 
     </span>
    </p>
   </div>
   <div class='ocr_carea' id='block_1_49' title="bbox 190 4810 1106 4891">
    <p class='ocr_par' dir='ltr' id='par_1_49' title="bbox 190 4810 1106 4891">
     <span class='ocr_line' id='line_1_49' title="bbox 190 4810 1106 4891; baseline 0.005 -24"><span class='ocrx_word' id='word_1_376' title='bbox 190 4810 437 4875; x_wconf 82' lang='lat' dir='ltr'><strong>dendorum</strong></span> <span class='ocrx_word' id='word_1_377' title='bbox 465 4822 739 4881; x_wconf 85' lang='lat' dir='ltr'><strong>hominum</strong></span> <span class='ocrx_word' id='word_1_378' title='bbox 770 4828 1106 4891; x_wconf 87' lang='lat' dir='ltr'><strong>potestatem.</strong></span> 
     </span>
    </p>
   </div>
   <div class='ocr_carea' id='block_1_50' title="bbox 244 4908 1730 4984">
    <p class='ocr_par' dir='ltr' id='par_1_50' title="bbox 244 4908 1730 4984">
     <span class='ocr_line' id='line_1_50' title="bbox 244 4908 1730 4984; baseline 0.001 -20"><span class='ocrx_word' id='word_1_379' title='bbox 244 4908 439 4972; x_wconf 81' lang='lat' dir='ltr'><strong>CAPUT</strong></span> <span class='ocrx_word' id='word_1_380' title='bbox 478 4915 561 4971; x_wconf 85' lang='grc' dir='ltr'>ιιι.</span> <span class='ocrx_word' id='word_1_381' title='bbox 596 4914 777 4971; x_wconf 72' lang='grc'><strong>-12.</strong></span> <span class='ocrx_word' id='word_1_382' title='bbox 825 4914 924 4984; x_wconf 85' lang='lat' dir='ltr'><strong>Qui</strong></span> <span class='ocrx_word' id='word_1_383' title='bbox 954 4922 1133 4971; x_wconf 86' lang='lat' dir='ltr'><strong>autem</strong></span> <span class='ocrx_word' id='word_1_384' title='bbox 1168 4912 1417 4968; x_wconf 89' lang='lat' dir='ltr'><strong>nesciunt</strong></span> <span class='ocrx_word' id='word_1_385' title='bbox 1440 4921 1730 4969; x_wconf 89' lang='lat' dir='ltr'><strong>consuetu-</strong></span> 
     </span>
    </p>
   </div>
   <div class='ocr_carea' id='block_1_51' title="bbox 193 4997 1752 5080">
    <p class='ocr_par' dir='ltr' id='par_1_51' title="bbox 193 4997 1752 5080">
     <span class='ocr_line' id='line_1_51' title="bbox 193 4997 1752 5080; baseline 0.006 -26"><span class='ocrx_word' id='word_1_386' title='bbox 193 4997 335 5061; x_wconf 84' lang='lat' dir='ltr'><strong>dinem</strong></span> <span class='ocrx_word' id='word_1_387' title='bbox 371 5008 595 5076; x_wconf 87' lang='lat' dir='ltr'><strong>illoruin,</strong></span> <span class='ocrx_word' id='word_1_388' title='bbox 642 5017 826 5080; x_wconf 88' lang='lat' dir='ltr'><strong>putant</strong></span> <span class='ocrx_word' id='word_1_389' title='bbox 862 5023 954 5062; x_wconf 85' lang='lat' dir='ltr'><strong>eos</strong></span> <span class='ocrx_word' id='word_1_390' title='bbox 1011 5006 1168 5063; x_wconf 91' lang='lat' dir='ltr'><strong>modo</strong></span> <span class='ocrx_word' id='word_1_391' title='bbox 1207 5006 1412 5076; x_wconf 79' lang='lat' dir='ltr'><strong>seipsos</strong></span> <span class='ocrx_word' id='word_1_392' title='bbox 1464 5003 1752 5071; x_wconf 82' lang='lat' dir='ltr'><strong>oceidcre,.</strong></span> 
     </span>
    </p>
   </div>
   <div class='ocr_carea' id='block_1_52' title="bbox 193 5095 1733 5169">
    <p class='ocr_par' dir='ltr' id='par_1_52' title="bbox 193 5095 1733 5169">
     <span class='ocr_line' id='line_1_52' title="bbox 193 5095 1733 5169; baseline 0.004 -24"><span class='ocrx_word' id='word_1_393' title='bbox 193 5095 366 5158; x_wconf 82' lang='lat' dir='ltr'><strong>quando</strong></span> <span class='ocrx_word' id='word_1_394' title='bbox 390 5099 452 5155; x_wconf 89' lang='lat' dir='ltr'><strong>ab</strong></span> <span class='ocrx_word' id='word_1_395' title='bbox 466 5116 648 5157; x_wconf 86' lang='lat' dir='ltr'><strong>eorum</strong></span> <span class='ocrx_word' id='word_1_396' title='bbox 686 5098 1023 5157; x_wconf 81' lang='lat' dir='ltr'><strong>insanissima</strong></span> <span class='ocrx_word' id='word_1_397' title='bbox 1050 5097 1431 5163; x_wconf 86' lang='lat' dir='ltr'><strong>dominatione,</strong></span> <span class='ocrx_word' id='word_1_398' title='bbox 1456 5113 1553 5169; x_wconf 87' lang='lat' dir='ltr'><strong>per</strong></span> <span class='ocrx_word' id='word_1_399' title='bbox 1577 5112 1733 5153; x_wconf 89' lang='lat' dir='ltr'><strong>occa-</strong></span> 
     </span>
    </p>
   </div>
   <div class='ocr_carea' id='block_1_53' title="bbox 196 5179 1732 5262">
    <p class='ocr_par' dir='ltr' id='par_1_53' title="bbox 196 5179 1732 5262">
     <span class='ocr_line' id='line_1_53' title="bbox 196 5179 1732 5262; baseline 0.008 -31"><span class='ocrx_word' id='word_1_400' title='bbox 196 5179 360 5242; x_wconf 79' lang='lat' dir='ltr'><strong>tionem</strong></span> <span class='ocrx_word' id='word_1_401' title='bbox 381 5190 546 5261; x_wconf 82' lang='lat' dir='ltr'><strong>legum</strong></span> <span class='ocrx_word' id='word_1_402' title='bbox 573 5192 791 5249; x_wconf 85' lang='lat' dir='ltr'><strong>istarum</strong></span> <span class='ocrx_word' id='word_1_403' title='bbox 823 5206 940 5262; x_wconf 75' lang='lat' dir='ltr'><strong>qua:</strong></span> <span class='ocrx_word' id='word_1_404' title='bbox 967 5206 1060 5261; x_wconf 88' lang='lat' dir='ltr'><strong>pro</strong></span> <span class='ocrx_word' id='word_1_405' title='bbox 1093 5190 1294 5244; x_wconf 89' lang='lat' dir='ltr'><strong>unitate</strong></span> <span class='ocrx_word' id='word_1_406' title='bbox 1323 5196 1446 5243; x_wconf 89' lang='lat' dir='ltr'><strong>sunt</strong></span> <span class='ocrx_word' id='word_1_407' title='bbox 1470 5190 1732 5244; x_wconf 90' lang='lat' dir='ltr'><strong>constitu-</strong></span> 
     </span>
    </p>
   </div>
   <div class='ocr_carea' id='block_1_54' title="bbox 198 5278 1731 5356">
    <p class='ocr_par' dir='ltr' id='par_1_54' title="bbox 198 5278 1731 5356">
     <span class='ocr_line' id='line_1_54' title="bbox 198 5278 1731 5356; baseline -0.001 -20"><span class='ocrx_word' id='word_1_408' title='bbox 198 5278 262 5338; x_wconf 58' lang='grc' dir='ltr'><strong>ιω,</strong></span> <span class='ocrx_word' id='word_1_409' title='bbox 289 5281 402 5335; x_wconf 72' lang='lat' dir='ltr'><strong>tanti</strong></span> <span class='ocrx_word' id='word_1_410' title='bbox 428 5284 599 5356; x_wconf 83' lang='lat' dir='ltr'><strong>pepuli</strong></span> <span class='ocrx_word' id='word_1_411' title='bbox 634 5283 952 5339; x_wconf 82' lang='lat' dir='ltr'><strong>liberantur.</strong></span> <span class='ocrx_word' id='word_1_412' title='bbox 981 5280 1077 5346; x_wconf 90' lang='lat' dir='ltr'><strong>Qui</strong></span> <span class='ocrx_word' id='word_1_413' title='bbox 1105 5288 1281 5334; x_wconf 89' lang='lat' dir='ltr'><strong>autem</strong></span> <span class='ocrx_word' id='word_1_414' title='bbox 1327 5281 1505 5334; x_wconf 86' lang='lat' dir='ltr'><strong>sciunt</strong></span> <span class='ocrx_word' id='word_1_415' title='bbox 1528 5286 1581 5333; x_wconf 89' lang='lat' dir='ltr'><strong>et</strong></span> <span class='ocrx_word' id='word_1_416' title='bbox 1609 5287 1731 5334; x_wconf 86' lang='lat' dir='ltr'><strong>ante</strong></span> 
     </span>
    </p>
   </div>
   <div class='ocr_carea' id='block_1_55' title="bbox 197 5362 1729 5451">
    <p class='ocr_par' dir='ltr' id='par_1_55' title="bbox 197 5362 1729 5451">
     <span class='ocr_line' id='line_1_55' title="bbox 197 5362 1729 5451; baseline -0.006 -16"><span class='ocrx_word' id='word_1_417' title='bbox 197 5362 311 5435; x_wconf 67' lang='lat' dir='ltr'><strong>ipsas</strong></span> <span class='ocrx_word' id='word_1_418' title='bbox 333 5372 466 5446; x_wconf 82' lang='lat' dir='ltr'><strong>leges</strong></span> <span class='ocrx_word' id='word_1_419' title='bbox 505 5377 628 5451; x_wconf 89' lang='lat' dir='ltr'><strong>quid</strong></span> <span class='ocrx_word' id='word_1_420' title='bbox 655 5378 831 5432; x_wconf 82' lang='lat' dir='ltr'><strong>facere</strong></span> <span class='ocrx_word' id='word_1_421' title='bbox 859 5374 1086 5439; x_wconf 79' lang='lat' dir='ltr'><strong>soleant,</strong></span> <span class='ocrx_word' id='word_1_422' title='bbox 1118 5389 1221 5427; x_wconf 91' lang='lat' dir='ltr'><strong>non</strong></span> <span class='ocrx_word' id='word_1_423' title='bbox 1250 5387 1437 5426; x_wconf 88' lang='lat' dir='ltr'><strong>eorum</strong></span> <span class='ocrx_word' id='word_1_424' title='bbox 1469 5371 1729 5426; x_wconf 85' lang='lat' dir='ltr'><strong>mirantur</strong></span> 
     </span>
    </p>
   </div>
   <div class='ocr_carea' id='block_1_56' title="bbox 198 5463 1729 5533">
    <p class='ocr_par' dir='ltr' id='par_1_56' title="bbox 198 5463 1729 5533">
     <span class='ocr_line' id='line_1_56' title="bbox 198 5463 1729 5533; baseline 0.003 -20"><span class='ocrx_word' id='word_1_425' title='bbox 198 5471 378 5531; x_wconf 86' lang='lat' dir='ltr'><strong>mortes,</strong></span> <span class='ocrx_word' id='word_1_426' title='bbox 406 5468 492 5524; x_wconf 88' lang='lat' dir='ltr'><strong>sed</strong></span> <span class='ocrx_word' id='word_1_427' title='bbox 519 5468 863 5527; x_wconf 77' lang='lat' dir='ltr'><strong>recordentur</strong></span> <span class='ocrx_word' id='word_1_428' title='bbox 892 5480 1098 5532; x_wconf 87' lang='lat' dir='ltr'><strong>mores;</strong></span> <span class='ocrx_word' id='word_1_429' title='bbox 1139 5465 1370 5523; x_wconf 73' lang='lat' dir='ltr'><strong>maxime</strong></span> <span class='ocrx_word' id='word_1_430' title='bbox 1394 5463 1604 5533; x_wconf 86' lang='lat' dir='ltr'><strong>quando</strong></span> <span class='ocrx_word' id='word_1_431' title='bbox 1633 5463 1729 5517; x_wconf 88' lang='lat' dir='ltr'><strong>ad-</strong></span> 
     </span>
    </p>
   </div>
   <div class='ocr_carea' id='block_1_57' title="bbox 199 5545 1726 5630">
    <p class='ocr_par' dir='ltr' id='par_1_57' title="bbox 199 5545 1726 5630">
     <span class='ocr_line' id='line_1_57' title="bbox 199 5545 1726 5630; baseline 0.003 -22"><span class='ocrx_word' id='word_1_432' title='bbox 199 5545 281 5608; x_wconf 74' lang='lat' dir='ltr'><strong>huc</strong></span> <span class='ocrx_word' id='word_1_433' title='bbox 301 5559 453 5617; x_wconf 86' lang='lat' dir='ltr'><strong>cultus</strong></span> <span class='ocrx_word' id='word_1_434' title='bbox 478 5562 644 5620; x_wconf 80' lang='lat' dir='ltr'><strong>fuerat</strong></span> <span class='ocrx_word' id='word_1_435' title='bbox 671 5562 952 5626; x_wconf 86' lang='lat' dir='ltr'><strong>idolorum,</strong></span> <span class='ocrx_word' id='word_1_436' title='bbox 988 5559 1053 5614; x_wconf 89' lang='lat' dir='ltr'><strong>ad</strong></span> <span class='ocrx_word' id='word_1_437' title='bbox 1080 5561 1409 5630; x_wconf 74' lang='lat' dir='ltr'><strong>Pagatwt&#39;um</strong></span> <span class='ocrx_word' id='word_1_438' title='bbox 1436 5558 1726 5614; x_wconf 78' lang='lat' dir='ltr'><strong>celeberri-</strong></span> 
     </span>
    </p>
   </div>
   <div class='ocr_carea' id='block_1_58' title="bbox 200 5651 1729 5727">
    <p class='ocr_par' dir='ltr' id='par_1_58' title="bbox 200 5651 1729 5727">
     <span class='ocr_line' id='line_1_58' title="bbox 200 5651 1729 5727; baseline 0.005 -28"><span class='ocrx_word' id='word_1_439' title='bbox 200 5656 291 5701; x_wconf 79' lang='lat' dir='ltr'><strong>mas</strong></span> <span class='ocrx_word' id='word_1_440' title='bbox 306 5651 639 5712; x_wconf 85' lang='lat' dir='ltr'><strong>solemnitates</strong></span> <span class='ocrx_word' id='word_1_441' title='bbox 661 5655 891 5727; x_wconf 87' lang='lat' dir='ltr'><strong>ingentia</strong></span> <span class='ocrx_word' id='word_1_442' title='bbox 912 5654 1179 5709; x_wconf 88' lang='lat' dir='ltr'><strong>turbarum</strong></span> <span class='ocrx_word' id='word_1_443' title='bbox 1199 5654 1407 5723; x_wconf 78' lang='lat' dir='ltr'><strong>agmina</strong></span> <span class='ocrx_word' id='word_1_444' title='bbox 1429 5653 1729 5721; x_wconf 73' lang='lat' dir='ltr'><strong>veniebant,</strong></span> 
     </span>
    </p>
   </div>
   <div class='ocr_carea' id='block_1_59' title="bbox 203 5746 1732 5823">
    <p class='ocr_par' dir='ltr' id='par_1_59' title="bbox 203 5746 1732 5823">
     <span class='ocr_line' id='line_1_59' title="bbox 203 5746 1732 5823; baseline 0.007 -31"><span class='ocrx_word' id='word_1_445' title='bbox 203 5751 287 5795; x_wconf 89' lang='lat' dir='ltr'><strong>non</strong></span> <span class='ocrx_word' id='word_1_446' title='bbox 313 5753 363 5799; x_wconf 90' lang='lat' dir='ltr'><strong>ut</strong></span> <span class='ocrx_word' id='word_1_447' title='bbox 385 5746 513 5805; x_wconf 88' lang='lat' dir='ltr'><strong>idola</strong></span> <span class='ocrx_word' id='word_1_448' title='bbox 543 5751 866 5823; x_wconf 79' lang='lat' dir='ltr'><strong>frangerent,</strong></span> <span class='ocrx_word' id='word_1_449' title='bbox 896 5748 993 5804; x_wconf 86' lang='lat' dir='ltr'><strong>sed</strong></span> <span class='ocrx_word' id='word_1_450' title='bbox 1022 5756 1078 5803; x_wconf 88' lang='grc' dir='ltr'><strong>ιιι</strong></span> <span class='ocrx_word' id='word_1_451' title='bbox 1108 5747 1540 5805; x_wconf 87' lang='lat' dir='ltr'><strong>interﬁcerentur</strong></span> <span class='ocrx_word' id='word_1_452' title='bbox 1565 5762 1591 5799; x_wconf 88' lang='lat' dir='ltr'><strong>a</strong></span> <span class='ocrx_word' id='word_1_453' title='bbox 1620 5747 1732 5802; x_wconf 89' lang='lat' dir='ltr'><strong>cul-</strong></span> 
     </span>
    </p>
   </div>
   <div class='ocr_carea' id='block_1_60' title="bbox 204 5832 1731 5913">
    <p class='ocr_par' dir='ltr' id='par_1_60' title="bbox 204 5832 1731 5913">
     <span class='ocr_line' id='line_1_60' title="bbox 204 5832 1731 5913; baseline 0.001 -20"><span class='ocrx_word' id='word_1_454' title='bbox 204 5832 370 5893; x_wconf 68' lang='lat' dir='ltr'><strong>Wribus</strong></span> <span class='ocrx_word' id='word_1_455' title='bbox 392 5838 660 5911; x_wconf 89' lang='lat' dir='ltr'><strong>idolorum.</strong></span> <span class='ocrx_word' id='word_1_456' title='bbox 698 5842 830 5901; x_wconf 85' lang='lat' dir='ltr'><strong>Nam</strong></span> <span class='ocrx_word' id='word_1_457' title='bbox 848 5840 977 5899; x_wconf 92' lang='lat' dir='ltr'><strong>illud</strong></span> <span class='ocrx_word' id='word_1_458' title='bbox 1006 5840 1051 5899; x_wconf 92' lang='lat' dir='ltr'><strong>si</strong></span> <span class='ocrx_word' id='word_1_459' title='bbox 1076 5848 1292 5913; x_wconf 86' lang='lat' dir='ltr'><strong>accepta</strong></span> <span class='ocrx_word' id='word_1_460' title='bbox 1318 5838 1551 5911; x_wconf 85' lang='lat' dir='ltr'><strong>legitima</strong></span> <span class='ocrx_word' id='word_1_461' title='bbox 1581 5848 1731 5910; x_wconf 87' lang='lat' dir='ltr'><strong>pote-</strong></span> 
     </span>
    </p>
   </div>
   <div class='ocr_carea' id='block_1_61' title="bbox 3323 384 3429 443">
    <p class='ocr_par' dir='ltr' id='par_1_61' title="bbox 3323 384 3429 443">
     <span class='ocr_line' id='line_1_61' title="bbox 3323 384 3429 443; baseline -0.009 0"><span class='ocrx_word' id='word_1_462' title='bbox 3323 384 3429 443; x_wconf 83' lang='lat'><strong>798</strong></span> 
     </span>
    </p>
   </div>
   <div class='ocr_carea' id='block_1_62' title="bbox 1842 482 3428 565">
    <p class='ocr_par' dir='ltr' id='par_1_62' title="bbox 1842 482 3428 565">
     <span class='ocr_line' id='line_1_62' title="bbox 1842 482 3428 565; baseline 0.014 -31"><span class='ocrx_word' id='word_1_463' title='bbox 1842 489 1976 535; x_wconf 88' lang='lat' dir='ltr'><strong>state</strong></span> <span class='ocrx_word' id='word_1_464' title='bbox 2000 482 2172 538; x_wconf 82' lang='lat' dir='ltr'><strong>facere</strong></span> <span class='ocrx_word' id='word_1_465' title='bbox 2192 485 2409 555; x_wconf 86' lang='lat' dir='ltr'><strong>vellent,</strong></span> <span class='ocrx_word' id='word_1_466' title='bbox 2431 489 2474 543; x_wconf 93' lang='lat' dir='ltr'><strong>si</strong></span> <span class='ocrx_word' id='word_1_467' title='bbox 2501 489 2627 561; x_wconf 91' lang='lat' dir='ltr'><strong>quid</strong></span> <span class='ocrx_word' id='word_1_468' title='bbox 2647 490 2726 548; x_wconf 90' lang='lat' dir='ltr'><strong>eis</strong></span> <span class='ocrx_word' id='word_1_469' title='bbox 2746 493 3045 559; x_wconf 86' lang='lat' dir='ltr'><strong>accidisset,</strong></span> <span class='ocrx_word' id='word_1_470' title='bbox 3076 506 3296 565; x_wconf 87' lang='lat' dir='ltr'><strong>possent</strong></span> <span class='ocrx_word' id='word_1_471' title='bbox 3325 498 3428 556; x_wconf 85' lang='lat' dir='ltr'><strong>ha-</strong></span> 
     </span>
    </p>
   </div>
   <div class='ocr_carea' id='block_1_63' title="bbox 1841 571 3427 660">
    <p class='ocr_par' dir='ltr' id='par_1_63' title="bbox 1841 571 3427 660">
     <span class='ocr_line' id='line_1_63' title="bbox 1841 571 3427 660; baseline 0.015 -32"><span class='ocrx_word' id='word_1_472' title='bbox 1841 571 1968 629; x_wconf 88' lang='lat' dir='ltr'><strong>bere</strong></span> <span class='ocrx_word' id='word_1_473' title='bbox 1990 575 2428 649; x_wconf 87' lang='lat' dir='ltr'><strong>qualemcumque</strong></span> <span class='ocrx_word' id='word_1_474' title='bbox 2454 583 2695 639; x_wconf 89' lang='lat' dir='ltr'><strong>umbram</strong></span> <span class='ocrx_word' id='word_1_475' title='bbox 2725 585 2954 641; x_wconf 92' lang='lat' dir='ltr'><strong>nominis</strong></span> <span class='ocrx_word' id='word_1_476' title='bbox 2972 580 3298 660; x_wconf 86' lang='lat' dir='ltr'><strong>martyrum;</strong></span> <span class='ocrx_word' id='word_1_477' title='bbox 3331 594 3427 651; x_wconf 84' lang='lat' dir='ltr'><strong>sed</strong></span> 
     </span>
    </p>
   </div>
   <div class='ocr_carea' id='block_1_64' title="bbox 1841 665 3429 753">
    <p class='ocr_par' dir='ltr' id='par_1_64' title="bbox 1841 665 3429 753">
     <span class='ocr_line' id='line_1_64' title="bbox 1841 665 3429 753; baseline 0.014 -35"><span class='ocrx_word' id='word_1_478' title='bbox 1841 665 1907 720; x_wconf 88' lang='lat' dir='ltr'><strong>ad</strong></span> <span class='ocrx_word' id='word_1_479' title='bbox 1942 666 2039 723; x_wconf 92' lang='lat' dir='ltr'><strong>hoc</strong></span> <span class='ocrx_word' id='word_1_480' title='bbox 2060 669 2232 724; x_wconf 89' lang='lat' dir='ltr'><strong>solum</strong></span> <span class='ocrx_word' id='word_1_481' title='bbox 2254 672 2556 734; x_wconf 80' lang='lat' dir='ltr'><strong>veniebant.</strong></span> <span class='ocrx_word' id='word_1_482' title='bbox 2584 684 2641 729; x_wconf 92' lang='lat' dir='ltr'><strong>ut</strong></span> <span class='ocrx_word' id='word_1_483' title='bbox 2666 675 2885 748; x_wconf 83' lang='lat' dir='ltr'><strong>integris</strong></span> <span class='ocrx_word' id='word_1_484' title='bbox 2904 677 3058 735; x_wconf 88' lang='lat' dir='ltr'><strong>idolis</strong></span> <span class='ocrx_word' id='word_1_485' title='bbox 3080 681 3178 751; x_wconf 86' lang='lat' dir='ltr'><strong>ipsi</strong></span> <span class='ocrx_word' id='word_1_486' title='bbox 3201 685 3429 753; x_wconf 79' lang='lat' dir='ltr'><strong>perime-</strong></span> 
     </span>
    </p>
   </div>
   <div class='ocr_carea' id='block_1_65' title="bbox 1841 761 3421 842">
    <p class='ocr_par' dir='ltr' id='par_1_65' title="bbox 1841 761 3421 842">
     <span class='ocr_line' id='line_1_65' title="bbox 1841 761 3421 842; baseline 0.011 -29"><span class='ocrx_word' id='word_1_487' title='bbox 1841 768 2025 814; x_wconf 88' lang='lat' dir='ltr'><strong>rentur</strong></span> <span class='ocrx_word' id='word_1_488' title='bbox 2056 780 2067 817; x_wconf 93' lang='lat'>:</span> <span class='ocrx_word' id='word_1_489' title='bbox 2104 778 2223 816; x_wconf 88' lang='lat' dir='ltr'><strong>nam</strong></span> <span class='ocrx_word' id='word_1_490' title='bbox 2250 761 2442 835; x_wconf 81' lang='lat' dir='ltr'><strong>singuli</strong></span> <span class='ocrx_word' id='word_1_491' title='bbox 2470 767 2666 836; x_wconf 86' lang='lat' dir='ltr'><strong>quique</strong></span> <span class='ocrx_word' id='word_1_492' title='bbox 2694 770 3039 827; x_wconf 77' lang='lat' dir='ltr'><strong>valentiSsimi</strong></span> <span class='ocrx_word' id='word_1_493' title='bbox 3058 772 3281 842; x_wconf 84' lang='lat' dir='ltr'><strong>juvenes</strong></span> <span class='ocrx_word' id='word_1_494' title='bbox 3304 778 3421 833; x_wconf 88' lang='lat' dir='ltr'><strong>cul-</strong></span> 
     </span>
    </p>
   </div>
   <div class='ocr_carea' id='block_1_66' title="bbox 1842 851 3422 931">
    <p class='ocr_par' dir='ltr' id='par_1_66' title="bbox 1842 851 3422 931">
     <span class='ocr_line' id='line_1_66' title="bbox 1842 851 3422 931; baseline 0.013 -27"><span class='ocrx_word' id='word_1_495' title='bbox 1842 858 1984 905; x_wconf 87' lang='lat' dir='ltr'><strong>tores</strong></span> <span class='ocrx_word' id='word_1_496' title='bbox 2011 851 2292 918; x_wconf 87' lang='lat' dir='ltr'><strong>idolorum,</strong></span> <span class='ocrx_word' id='word_1_497' title='bbox 2322 857 2439 925; x_wconf 87' lang='lat' dir='ltr'><strong>quis</strong></span> <span class='ocrx_word' id='word_1_498' title='bbox 2459 867 2586 927; x_wconf 90' lang='lat' dir='ltr'><strong>quot</strong></span> <span class='ocrx_word' id='word_1_499' title='bbox 2604 859 2869 917; x_wconf 86' lang='lat' dir='ltr'><strong>occideret</strong></span> <span class='ocrx_word' id='word_1_500' title='bbox 2898 863 3026 931; x_wconf 79' lang='lat' dir='ltr'><strong>ipsis</strong></span> <span class='ocrx_word' id='word_1_501' title='bbox 3054 864 3209 920; x_wconf 88' lang='lat' dir='ltr'><strong>idolis</strong></span> <span class='ocrx_word' id='word_1_502' title='bbox 3230 881 3422 925; x_wconf 76' lang='lat' dir='ltr'><strong>vovere</strong></span> 
     </span>
    </p>
   </div>
   <div class='ocr_carea' id='block_1_67' title="bbox 1842 946 3433 1017">
    <p class='ocr_par' dir='ltr' id='par_1_67' title="bbox 1842 946 3433 1017">
     <span class='ocr_line' id='line_1_67' title="bbox 1842 946 3433 1017; baseline 0.013 -21"><span class='ocrx_word' id='word_1_503' title='bbox 1842 954 2247 1002; x_wconf 78' lang='lat' dir='ltr'><strong>Consueverant.</strong></span> <span class='ocrx_word' id='word_1_504' title='bbox 2280 946 2505 1014; x_wconf 85' lang='lat' dir='ltr'><strong>Quidam</strong></span> <span class='ocrx_word' id='word_1_505' title='bbox 2551 950 2711 1006; x_wconf 86' lang='lat' dir='ltr'><strong>etiam</strong></span> <span class='ocrx_word' id='word_1_506' title='bbox 2754 966 2814 1008; x_wconf 88' lang='lat' dir='ltr'><strong>se</strong></span> <span class='ocrx_word' id='word_1_507' title='bbox 2841 954 3184 1015; x_wconf 87' lang='lat' dir='ltr'><strong>trucidandos</strong></span> <span class='ocrx_word' id='word_1_508' title='bbox 3208 961 3433 1017; x_wconf 83' lang='lat' dir='ltr'><strong>armatis</strong></span> 
     </span>
    </p>
   </div>
   <div class='ocr_carea' id='block_1_68' title="bbox 1841 1038 3432 1115">
    <p class='ocr_par' dir='ltr' id='par_1_68' title="bbox 1841 1038 3432 1115">
     <span class='ocr_line' id='line_1_68' title="bbox 1841 1038 3432 1115; baseline 0.012 -23"><span class='ocrx_word' id='word_1_509' title='bbox 1841 1038 2131 1096; x_wconf 87' lang='lat' dir='ltr'><strong>viatoribus</strong></span> <span class='ocrx_word' id='word_1_510' title='bbox 2156 1038 2487 1111; x_wconf 84' lang='lat' dir='ltr'><strong>ingerebant,</strong></span> <span class='ocrx_word' id='word_1_511' title='bbox 2538 1059 2883 1115; x_wconf 83' lang='lat' dir='ltr'><strong>percussurus</strong></span> <span class='ocrx_word' id='word_1_512' title='bbox 2909 1063 3001 1105; x_wconf 90' lang='lat' dir='ltr'><strong>eos</strong></span> <span class='ocrx_word' id='word_1_513' title='bbox 3028 1064 3109 1114; x_wconf 88' lang='lat' dir='ltr'><strong>se,</strong></span> <span class='ocrx_word' id='word_1_514' title='bbox 3131 1052 3231 1107; x_wconf 87' lang='lat' dir='ltr'><strong>nisi</strong></span> <span class='ocrx_word' id='word_1_515' title='bbox 3259 1052 3328 1109; x_wconf 87' lang='lat' dir='ltr'><strong>ab</strong></span> <span class='ocrx_word' id='word_1_516' title='bbox 3353 1055 3432 1110; x_wconf 87' lang='lat' dir='ltr'><strong>eis</strong></span> 
     </span>
    </p>
   </div>
   <div class='ocr_carea' id='block_1_69' title="bbox 1844 1131 3425 1215">
    <p class='ocr_par' dir='ltr' id='par_1_69' title="bbox 1844 1131 3425 1215">
     <span class='ocr_line' id='line_1_69' title="bbox 1844 1131 3425 1215; baseline 0.011 -32"><span class='ocrx_word' id='word_1_517' title='bbox 1844 1131 2250 1201; x_wconf 86' lang='lat' dir='ltr'><strong>perimercntur,</strong></span> <span class='ocrx_word' id='word_1_518' title='bbox 2278 1135 2582 1193; x_wconf 84' lang='lat' dir='ltr'><strong>terribiliter</strong></span> <span class='ocrx_word' id='word_1_519' title='bbox 2600 1139 3008 1198; x_wconf 82' lang='lat' dir='ltr'><strong>comminantes.</strong></span> <span class='ocrx_word' id='word_1_520' title='bbox 3036 1142 3425 1215; x_wconf 85' lang='lat' dir='ltr'><strong>Nonnunquam</strong></span> 
     </span>
    </p>
   </div>
   <div class='ocr_carea' id='block_1_70' title="bbox 1842 1223 3426 1302">
    <p class='ocr_par' dir='ltr' id='par_1_70' title="bbox 1842 1223 3426 1302">
     <span class='ocr_line' id='line_1_70' title="bbox 1842 1223 3426 1302; baseline 0.009 -25"><span class='ocrx_word' id='word_1_521' title='bbox 1842 1230 1896 1277; x_wconf 90' lang='lat' dir='ltr'><strong>et</strong></span> <span class='ocrx_word' id='word_1_522' title='bbox 1911 1239 1938 1275; x_wconf 89' lang='lat' dir='ltr'><strong>a</strong></span> <span class='ocrx_word' id='word_1_523' title='bbox 1956 1223 2221 1293; x_wconf 90' lang='lat' dir='ltr'><strong>judicibus</strong></span> <span class='ocrx_word' id='word_1_524' title='bbox 2242 1227 2635 1285; x_wconf 88' lang='lat' dir='ltr'><strong>transeuntibus</strong></span> <span class='ocrx_word' id='word_1_525' title='bbox 2658 1233 3046 1301; x_wconf 82' lang='lat' dir='ltr'><strong>extorquebant</strong></span> <span class='ocrx_word' id='word_1_526' title='bbox 3063 1235 3342 1302; x_wconf 88' lang='lat' dir='ltr'><strong>violenter,</strong></span> <span class='ocrx_word' id='word_1_527' title='bbox 3370 1249 3426 1292; x_wconf 87' lang='lat' dir='ltr'><strong>ut</strong></span> 
     </span>
    </p>
   </div>
   <div class='ocr_carea' id='block_1_71' title="bbox 1846 1317 3431 1398">
    <p class='ocr_par' dir='ltr' id='par_1_71' title="bbox 1846 1317 3431 1398">
     <span class='ocr_line' id='line_1_71' title="bbox 1846 1317 3431 1398; baseline 0.01 -29"><span class='ocrx_word' id='word_1_528' title='bbox 1846 1331 1876 1369; x_wconf 88' lang='lat' dir='ltr'><strong>a</strong></span> <span class='ocrx_word' id='word_1_529' title='bbox 1904 1317 2240 1373; x_wconf 87' lang='lat' dir='ltr'><strong>carniﬁcibus</strong></span> <span class='ocrx_word' id='word_1_530' title='bbox 2268 1317 2350 1374; x_wconf 90' lang='lat' dir='ltr'><strong>vel</strong></span> <span class='ocrx_word' id='word_1_531' title='bbox 2370 1318 2439 1374; x_wconf 92' lang='lat' dir='ltr'><strong>ab</strong></span> <span class='ocrx_word' id='word_1_532' title='bbox 2468 1320 2648 1377; x_wconf 82' lang='lat' dir='ltr'><strong>ofﬁcio</strong></span> <span class='ocrx_word' id='word_1_533' title='bbox 2678 1321 2985 1379; x_wconf 79' lang='lat' dir='ltr'><strong>ferireutur.</strong></span> <span class='ocrx_word' id='word_1_534' title='bbox 3016 1324 3172 1382; x_wconf 86' lang='lat' dir='ltr'><strong>Unde</strong></span> <span class='ocrx_word' id='word_1_535' title='bbox 3215 1328 3431 1398; x_wconf 85' lang='lat' dir='ltr'><strong>quidam</strong></span> 
     </span>
    </p>
   </div>
   <div class='ocr_carea' id='block_1_72' title="bbox 1845 1409 3434 1491">
    <p class='ocr_par' dir='ltr' id='par_1_72' title="bbox 1845 1409 3434 1491">
     <span class='ocr_line' id='line_1_72' title="bbox 1845 1409 3434 1491; baseline 0.008 -28"><span class='ocrx_word' id='word_1_536' title='bbox 1845 1409 1965 1465; x_wconf 89' lang='lat' dir='ltr'><strong>illos</strong></span> <span class='ocrx_word' id='word_1_537' title='bbox 1991 1410 2069 1466; x_wconf 91' lang='lat' dir='ltr'><strong>sic</strong></span> <span class='ocrx_word' id='word_1_538' title='bbox 2095 1410 2327 1469; x_wconf 87' lang='lat' dir='ltr'><strong>illusisse</strong></span> <span class='ocrx_word' id='word_1_539' title='bbox 2354 1414 2684 1483; x_wconf 88' lang='lat' dir='ltr'><strong>perhibetur,</strong></span> <span class='ocrx_word' id='word_1_540' title='bbox 2719 1424 2777 1471; x_wconf 92' lang='lat' dir='ltr'><strong>ut</strong></span> <span class='ocrx_word' id='word_1_541' title='bbox 2822 1432 2917 1474; x_wconf 90' lang='lat' dir='ltr'><strong>eos</strong></span> <span class='ocrx_word' id='word_1_542' title='bbox 2959 1426 3209 1488; x_wconf 86' lang='lat' dir='ltr'><strong>tanquam</strong></span> <span class='ocrx_word' id='word_1_543' title='bbox 3239 1435 3434 1491; x_wconf 84' lang='lat' dir='ltr'><strong>porcu-</strong></span> 
     </span>
    </p>
   </div>
   <div class='ocr_carea' id='block_1_73' title="bbox 1847 1503 3433 1579">
    <p class='ocr_par' dir='ltr' id='par_1_73' title="bbox 1847 1503 3433 1579">
     <span class='ocr_line' id='line_1_73' title="bbox 1847 1503 3433 1579; baseline 0.007 -21"><span class='ocrx_word' id='word_1_544' title='bbox 1847 1503 2055 1559; x_wconf 86' lang='lat' dir='ltr'><strong>tiendos</strong></span> <span class='ocrx_word' id='word_1_545' title='bbox 2088 1504 2239 1576; x_wconf 87' lang='lat' dir='ltr'><strong>ligari</strong></span> <span class='ocrx_word' id='word_1_546' title='bbox 2265 1515 2321 1562; x_wconf 86' lang='lat' dir='ltr'><strong>et</strong></span> <span class='ocrx_word' id='word_1_547' title='bbox 2357 1506 2546 1562; x_wconf 92' lang='lat' dir='ltr'><strong>dimitti</strong></span> <span class='ocrx_word' id='word_1_548' title='bbox 2574 1509 2805 1577; x_wconf 87' lang='lat' dir='ltr'><strong>juberet,</strong></span> <span class='ocrx_word' id='word_1_549' title='bbox 2836 1519 2994 1579; x_wconf 87' lang='lat' dir='ltr'><strong>atque</strong></span> <span class='ocrx_word' id='word_1_550' title='bbox 3019 1511 3090 1566; x_wconf 89' lang='lat' dir='ltr'><strong>ita</strong></span> <span class='ocrx_word' id='word_1_551' title='bbox 3116 1527 3299 1568; x_wconf 88' lang='lat' dir='ltr'><strong>eorum</strong></span> <span class='ocrx_word' id='word_1_552' title='bbox 3328 1512 3433 1571; x_wconf 88' lang='lat' dir='ltr'><strong>im-</strong></span> 
     </span>
    </p>
   </div>
   <div class='ocr_carea' id='block_1_74' title="bbox 1847 1596 3435 1675">
    <p class='ocr_par' dir='ltr' id='par_1_74' title="bbox 1847 1596 3435 1675">
     <span class='ocr_line' id='line_1_74' title="bbox 1847 1596 3435 1675; baseline 0.008 -25"><span class='ocrx_word' id='word_1_553' title='bbox 1847 1604 2026 1665; x_wconf 88' lang='lat' dir='ltr'><strong>petum</strong></span> <span class='ocrx_word' id='word_1_554' title='bbox 2061 1596 2372 1652; x_wconf 89' lang='lat' dir='ltr'><strong>incrueutus</strong></span> <span class='ocrx_word' id='word_1_555' title='bbox 2416 1607 2472 1655; x_wconf 87' lang='lat' dir='ltr'><strong>et</strong></span> <span class='ocrx_word' id='word_1_556' title='bbox 2516 1598 2716 1656; x_wconf 74' lang='lat' dir='ltr'><strong>illzcsus</strong></span> <span class='ocrx_word' id='word_1_557' title='bbox 2744 1601 3013 1657; x_wconf 86' lang='lat' dir='ltr'><strong>evaderet.</strong></span> <span class='ocrx_word' id='word_1_558' title='bbox 3063 1603 3312 1660; x_wconf 85' lang='lat' dir='ltr'><strong>Jamvero</strong></span> <span class='ocrx_word' id='word_1_559' title='bbox 3337 1621 3435 1675; x_wconf 90' lang='lat' dir='ltr'><strong>per</strong></span> 
     </span>
    </p>
   </div>
   <div class='ocr_carea' id='block_1_75' title="bbox 1845 1688 3435 1762">
    <p class='ocr_par' dir='ltr' id='par_1_75' title="bbox 1845 1688 3435 1762">
     <span class='ocr_line' id='line_1_75' title="bbox 1845 1688 3435 1762; baseline 0.008 -21"><span class='ocrx_word' id='word_1_560' title='bbox 1845 1688 2069 1757; x_wconf 88' lang='lat' dir='ltr'><strong>abrupta</strong></span> <span class='ocrx_word' id='word_1_561' title='bbox 2122 1690 2434 1759; x_wconf 73' lang='lat' dir='ltr'><strong>praecipitia,</strong></span> <span class='ocrx_word' id='word_1_562' title='bbox 2482 1705 2580 1760; x_wconf 89' lang='lat' dir='ltr'><strong>per</strong></span> <span class='ocrx_word' id='word_1_563' title='bbox 2622 1706 2786 1762; x_wconf 87' lang='lat' dir='ltr'><strong>aquas</strong></span> <span class='ocrx_word' id='word_1_564' title='bbox 2824 1700 2878 1748; x_wconf 90' lang='lat' dir='ltr'><strong>et</strong></span> <span class='ocrx_word' id='word_1_565' title='bbox 2906 1692 3149 1749; x_wconf 82' lang='lat' dir='ltr'><strong>ﬂammas</strong></span> <span class='ocrx_word' id='word_1_566' title='bbox 3188 1696 3435 1753; x_wconf 85' lang='lat' dir='ltr'><strong>occidere</strong></span> 
     </span>
    </p>
   </div>
   <div class='ocr_carea' id='block_1_76' title="bbox 1847 1779 3434 1850">
    <p class='ocr_par' dir='ltr' id='par_1_76' title="bbox 1847 1779 3434 1850">
     <span class='ocr_line' id='line_1_76' title="bbox 1847 1779 3434 1850; baseline 0.009 -17"><span class='ocrx_word' id='word_1_567' title='bbox 1847 1779 2075 1848; x_wconf 85' lang='lat' dir='ltr'><strong>seipsos,</strong></span> <span class='ocrx_word' id='word_1_568' title='bbox 2101 1781 2443 1850; x_wconf 87' lang='lat' dir='ltr'><strong>quotidianus</strong></span> <span class='ocrx_word' id='word_1_569' title='bbox 2464 1783 2567 1839; x_wconf 86' lang='lat' dir='ltr'><strong>illis</strong></span> <span class='ocrx_word' id='word_1_570' title='bbox 2597 1783 2750 1840; x_wconf 91' lang='lat' dir='ltr'><strong>ludus</strong></span> <span class='ocrx_word' id='word_1_571' title='bbox 2767 1782 2884 1840; x_wconf 80' lang='lat' dir='ltr'><strong>fuit.</strong></span> <span class='ocrx_word' id='word_1_572' title='bbox 2911 1786 3038 1841; x_wconf 64' lang='lat' dir='ltr'><strong>llaec</strong></span> <span class='ocrx_word' id='word_1_573' title='bbox 3063 1789 3205 1842; x_wconf 91' lang='lat' dir='ltr'><strong>enim</strong></span> <span class='ocrx_word' id='word_1_574' title='bbox 3225 1804 3317 1844; x_wconf 88' lang='lat' dir='ltr'><strong>eos</strong></span> <span class='ocrx_word' id='word_1_575' title='bbox 3334 1790 3434 1847; x_wconf 89' lang='lat' dir='ltr'><strong>tria</strong></span> 
     </span>
    </p>
   </div>
   <div class='ocr_carea' id='block_1_77' title="bbox 1847 1874 3436 1953">
    <p class='ocr_par' dir='ltr' id='par_1_77' title="bbox 1847 1874 3436 1953">
     <span class='ocr_line' id='line_1_77' title="bbox 1847 1874 3436 1953; baseline 0.005 -22"><span class='ocrx_word' id='word_1_576' title='bbox 1847 1874 2035 1931; x_wconf 89' lang='lat' dir='ltr'><strong>mortis</strong></span> <span class='ocrx_word' id='word_1_577' title='bbox 2056 1891 2249 1946; x_wconf 86' lang='lat' dir='ltr'><strong>genera</strong></span> <span class='ocrx_word' id='word_1_578' title='bbox 2264 1875 2510 1932; x_wconf 88' lang='lat' dir='ltr'><strong>diabolus</strong></span> <span class='ocrx_word' id='word_1_579' title='bbox 2528 1877 2726 1942; x_wconf 90' lang='lat' dir='ltr'><strong>docuit,</strong></span> <span class='ocrx_word' id='word_1_580' title='bbox 2753 1887 2805 1932; x_wconf 93' lang='lat' dir='ltr'><strong>ut</strong></span> <span class='ocrx_word' id='word_1_581' title='bbox 2824 1880 2959 1934; x_wconf 91' lang='lat' dir='ltr'><strong>mori</strong></span> <span class='ocrx_word' id='word_1_582' title='bbox 2983 1880 3241 1948; x_wconf 84' lang='lat' dir='ltr'><strong>volentes,</strong></span> <span class='ocrx_word' id='word_1_583' title='bbox 3265 1898 3436 1953; x_wconf 87' lang='lat' dir='ltr'><strong>quan-</strong></span> 
     </span>
    </p>
   </div>
   <div class='ocr_carea' id='block_1_78' title="bbox 1846 1967 3433 2044">
    <p class='ocr_par' dir='ltr' id='par_1_78' title="bbox 1846 1967 3433 2044">
     <span class='ocr_line' id='line_1_78' title="bbox 1846 1967 3433 2044; baseline 0.006 -23"><span class='ocrx_word' id='word_1_584' title='bbox 1846 1967 1914 2021; x_wconf 89' lang='lat' dir='ltr'><strong>do</strong></span> <span class='ocrx_word' id='word_1_585' title='bbox 1931 1982 2036 2022; x_wconf 88' lang='lat' dir='ltr'><strong>non</strong></span> <span class='ocrx_word' id='word_1_586' title='bbox 2060 1968 2401 2024; x_wconf 86' lang='lat' dir='ltr'><strong>inveniebant</strong></span> <span class='ocrx_word' id='word_1_587' title='bbox 2421 1986 2577 2038; x_wconf 89' lang='lat' dir='ltr'><strong>quem</strong></span> <span class='ocrx_word' id='word_1_588' title='bbox 2597 1979 2879 2037; x_wconf 89' lang='lat' dir='ltr'><strong>terrerent,</strong></span> <span class='ocrx_word' id='word_1_589' title='bbox 2896 1982 2953 2027; x_wconf 90' lang='lat' dir='ltr'><strong>nt</strong></span> <span class='ocrx_word' id='word_1_590' title='bbox 2975 1973 3090 2043; x_wconf 88' lang='lat' dir='ltr'><strong>ejus</strong></span> <span class='ocrx_word' id='word_1_591' title='bbox 3108 1975 3284 2044; x_wconf 83' lang='lat' dir='ltr'><strong>gladio</strong></span> <span class='ocrx_word' id='word_1_592' title='bbox 3304 1975 3433 2032; x_wconf 78' lang='lat' dir='ltr'><strong>feri-</strong></span> 
     </span>
    </p>
   </div>
   <div class='ocr_carea' id='block_1_79' title="bbox 1844 2061 3432 2135">
    <p class='ocr_par' dir='ltr' id='par_1_79' title="bbox 1844 2061 3432 2135">
     <span class='ocr_line' id='line_1_79' title="bbox 1844 2061 3432 2135; baseline 0.006 -23"><span class='ocrx_word' id='word_1_593' title='bbox 1844 2066 2049 2124; x_wconf 80' lang='lat' dir='ltr'><strong>rentur,</strong></span> <span class='ocrx_word' id='word_1_594' title='bbox 2083 2076 2175 2128; x_wconf 89' lang='lat' dir='ltr'><strong>per</strong></span> <span class='ocrx_word' id='word_1_595' title='bbox 2199 2075 2324 2115; x_wconf 74' lang='lat' dir='ltr'><strong>saxa</strong></span> <span class='ocrx_word' id='word_1_596' title='bbox 2342 2076 2401 2117; x_wconf 91' lang='lat' dir='ltr'><strong>se</strong></span> <span class='ocrx_word' id='word_1_597' title='bbox 2426 2061 2713 2129; x_wconf 86' lang='lat' dir='ltr'><strong>mitterent,</strong></span> <span class='ocrx_word' id='word_1_598' title='bbox 2746 2073 2835 2118; x_wconf 87' lang='lat' dir='ltr'><strong>aut</strong></span> <span class='ocrx_word' id='word_1_599' title='bbox 2866 2064 3076 2134; x_wconf 82' lang='lat' dir='ltr'><strong>ignibus</strong></span> <span class='ocrx_word' id='word_1_600' title='bbox 3104 2067 3432 2135; x_wconf 82' lang='lat' dir='ltr'><strong>gurgitibus-</strong></span> 
     </span>
    </p>
   </div>
   <div class='ocr_carea' id='block_1_80' title="bbox 1846 2150 3434 2220">
    <p class='ocr_par' dir='ltr' id='par_1_80' title="bbox 1846 2150 3434 2220">
     <span class='ocr_line' id='line_1_80' title="bbox 1846 2150 3434 2220; baseline 0.006 -17"><span class='ocrx_word' id='word_1_601' title='bbox 1846 2166 1951 2220; x_wconf 91' lang='lat' dir='ltr'><strong>que</strong></span> <span class='ocrx_word' id='word_1_602' title='bbox 1973 2150 2254 2206; x_wconf 88' lang='lat' dir='ltr'><strong>donarent.</strong></span> <span class='ocrx_word' id='word_1_603' title='bbox 2284 2152 2414 2218; x_wconf 87' lang='lat' dir='ltr'><strong>Quis</strong></span> <span class='ocrx_word' id='word_1_604' title='bbox 2440 2164 2615 2208; x_wconf 84' lang='lat' dir='ltr'><strong>autem</strong></span> <span class='ocrx_word' id='word_1_605' title='bbox 2646 2154 2764 2209; x_wconf 91' lang='lat' dir='ltr'><strong>illos</strong></span> <span class='ocrx_word' id='word_1_606' title='bbox 2795 2154 2910 2209; x_wconf 69' lang='lat' dir='ltr'><strong>huc</strong></span> <span class='ocrx_word' id='word_1_607' title='bbox 2936 2156 3182 2212; x_wconf 83' lang='lat' dir='ltr'><strong>docuisse</strong></span> <span class='ocrx_word' id='word_1_608' title='bbox 3207 2158 3434 2214; x_wconf 87' lang='lat' dir='ltr'><strong>creden-</strong></span> 
     </span>
    </p>
   </div>
   <div class='ocr_carea' id='block_1_81' title="bbox 1846 2243 3434 2316">
    <p class='ocr_par' dir='ltr' id='par_1_81' title="bbox 1846 2243 3434 2316">
     <span class='ocr_line' id='line_1_81' title="bbox 1846 2243 3434 2316; baseline 0.004 -18"><span class='ocrx_word' id='word_1_609' title='bbox 1846 2243 1947 2299; x_wconf 89' lang='lat' dir='ltr'><strong>dus</strong></span> <span class='ocrx_word' id='word_1_610' title='bbox 1962 2251 2062 2306; x_wconf 83' lang='lat' dir='ltr'><strong>est,</strong></span> <span class='ocrx_word' id='word_1_611' title='bbox 2085 2243 2365 2314; x_wconf 89' lang='lat' dir='ltr'><strong>possidens</strong></span> <span class='ocrx_word' id='word_1_612' title='bbox 2381 2259 2477 2300; x_wconf 91' lang='lat' dir='ltr'><strong>cor</strong></span> <span class='ocrx_word' id='word_1_613' title='bbox 2508 2260 2717 2309; x_wconf 87' lang='lat' dir='ltr'><strong>eorum,</strong></span> <span class='ocrx_word' id='word_1_614' title='bbox 2737 2246 2835 2301; x_wconf 90' lang='lat' dir='ltr'><strong>nisi</strong></span> <span class='ocrx_word' id='word_1_615' title='bbox 2862 2247 2952 2302; x_wconf 89' lang='lat' dir='ltr'><strong>ille</strong></span> <span class='ocrx_word' id='word_1_616' title='bbox 2980 2247 3066 2316; x_wconf 91' lang='lat' dir='ltr'><strong>qui</strong></span> <span class='ocrx_word' id='word_1_617' title='bbox 3095 2255 3149 2305; x_wconf 90' lang='lat' dir='ltr'><strong>et</strong></span> <span class='ocrx_word' id='word_1_618' title='bbox 3171 2246 3434 2304; x_wconf 87' lang='lat' dir='ltr'><strong>Salvatori</strong></span> 
     </span>
    </p>
   </div>
   <div class='ocr_carea' id='block_1_82' title="bbox 1847 2335 3432 2408">
    <p class='ocr_par' dir='ltr' id='par_1_82' title="bbox 1847 2335 3432 2408">
     <span class='ocr_line' id='line_1_82' title="bbox 1847 2335 3432 2408; baseline 0.004 -20"><span class='ocrx_word' id='word_1_619' title='bbox 1847 2343 2050 2400; x_wconf 88' lang='lat' dir='ltr'><strong>nostro,</strong></span> <span class='ocrx_word' id='word_1_620' title='bbox 2096 2346 2149 2389; x_wconf 91' lang='lat' dir='ltr'><strong>ut</strong></span> <span class='ocrx_word' id='word_1_621' title='bbox 2172 2351 2230 2392; x_wconf 91' lang='lat' dir='ltr'><strong>se</strong></span> <span class='ocrx_word' id='word_1_622' title='bbox 2256 2335 2321 2391; x_wconf 91' lang='lat' dir='ltr'><strong>de</strong></span> <span class='ocrx_word' id='word_1_623' title='bbox 2366 2336 2528 2407; x_wconf 89' lang='lat' dir='ltr'><strong>pinna</strong></span> <span class='ocrx_word' id='word_1_624' title='bbox 2571 2337 2754 2406; x_wconf 88' lang='lat' dir='ltr'><strong>templi</strong></span> <span class='ocrx_word' id='word_1_625' title='bbox 2781 2339 3155 2407; x_wconf 77' lang='lat' dir='ltr'><strong>praecipitaret,</strong></span> <span class='ocrx_word' id='word_1_626' title='bbox 3182 2347 3432 2408; x_wconf 86' lang='lat' dir='ltr'><strong>tanquam</strong></span> 
     </span>
    </p>
   </div>
   <div class='ocr_carea' id='block_1_83' title="bbox 1845 2426 3429 2499">
    <p class='ocr_par' dir='ltr' id='par_1_83' title="bbox 1845 2426 3429 2499">
     <span class='ocr_line' id='line_1_83' title="bbox 1845 2426 3429 2499; baseline 0.003 -18"><span class='ocrx_word' id='word_1_627' title='bbox 1845 2426 1912 2481; x_wconf 89' lang='lat' dir='ltr'><strong>de</strong></span> <span class='ocrx_word' id='word_1_628' title='bbox 1940 2426 2080 2497; x_wconf 83' lang='lat' dir='ltr'><strong>Lege</strong></span> <span class='ocrx_word' id='word_1_629' title='bbox 2109 2426 2405 2498; x_wconf 88' lang='lat' dir='ltr'><strong>suggessit(</strong></span> <span class='ocrx_word' id='word_1_630' title='bbox 2427 2426 2555 2482; x_wconf 85' lang='lat' dir='ltr'><strong>Luc.</strong></span> <span class='ocrx_word' id='word_1_631' title='bbox 2589 2442 2666 2493; x_wconf 85' lang='lat' dir='ltr'><strong>tv,</strong></span> <span class='ocrx_word' id='word_1_632' title='bbox 2695 2427 2807 2498; x_wconf 82' lang='lat'><strong>9)?</strong></span> <span class='ocrx_word' id='word_1_633' title='bbox 2835 2427 3000 2498; x_wconf 85' lang='lat' dir='ltr'><strong>Cujus</strong></span> <span class='ocrx_word' id='word_1_634' title='bbox 3032 2432 3429 2499; x_wconf 72' lang='lat' dir='ltr'><strong>suggestionem</strong></span> 
     </span>
    </p>
   </div>
   <div class='ocr_carea' id='block_1_84' title="bbox 1845 2520 3436 2590">
    <p class='ocr_par' dir='ltr' id='par_1_84' title="bbox 1845 2520 3436 2590">
     <span class='ocr_line' id='line_1_84' title="bbox 1845 2520 3436 2590; baseline 0.003 -17"><span class='ocrx_word' id='word_1_635' title='bbox 1845 2534 1876 2573; x_wconf 89' lang='lat' dir='ltr'><strong>a</strong></span> <span class='ocrx_word' id='word_1_636' title='bbox 1919 2534 1977 2573; x_wconf 91' lang='lat' dir='ltr'><strong>se</strong></span> <span class='ocrx_word' id='word_1_637' title='bbox 2025 2520 2207 2589; x_wconf 84' lang='lat' dir='ltr'><strong>utique</strong></span> <span class='ocrx_word' id='word_1_638' title='bbox 2236 2520 2605 2588; x_wconf 87' lang='lat' dir='ltr'><strong>prohiberent,</strong></span> <span class='ocrx_word' id='word_1_639' title='bbox 2634 2521 2677 2576; x_wconf 87' lang='lat' dir='ltr'><strong>si</strong></span> <span class='ocrx_word' id='word_1_640' title='bbox 2728 2521 3041 2590; x_wconf 85' lang='lat' dir='ltr'><strong>magistrum</strong></span> <span class='ocrx_word' id='word_1_641' title='bbox 3065 2522 3335 2577; x_wconf 78' lang='lat' dir='ltr'><strong>Christum</strong></span> <span class='ocrx_word' id='word_1_642' title='bbox 3382 2522 3436 2578; x_wconf 90' lang='lat' dir='ltr'><strong>iu</strong></span> 
     </span>
    </p>
   </div>
   <div class='ocr_carea' id='block_1_85' title="bbox 1845 2610 3435 2682">
    <p class='ocr_par' dir='ltr' id='par_1_85' title="bbox 1845 2610 3435 2682">
     <span class='ocr_line' id='line_1_85' title="bbox 1845 2610 3435 2682; baseline 0.004 -19"><span class='ocrx_word' id='word_1_643' title='bbox 1845 2610 2007 2664; x_wconf 88' lang='lat' dir='ltr'><strong>corde</strong></span> <span class='ocrx_word' id='word_1_644' title='bbox 2036 2619 2325 2679; x_wconf 85' lang='lat' dir='ltr'><strong>portarent.</strong></span> <span class='ocrx_word' id='word_1_645' title='bbox 2377 2611 2479 2667; x_wconf 90' lang='lat' dir='ltr'><strong>Sed</strong></span> <span class='ocrx_word' id='word_1_646' title='bbox 2506 2612 2627 2682; x_wconf 84' lang='lat' dir='ltr'><strong>quia</strong></span> <span class='ocrx_word' id='word_1_647' title='bbox 2656 2612 2709 2667; x_wconf 91' lang='lat' dir='ltr'><strong>in</strong></span> <span class='ocrx_word' id='word_1_648' title='bbox 2744 2627 2801 2666; x_wconf 85' lang='lat' dir='ltr'><strong>se</strong></span> <span class='ocrx_word' id='word_1_649' title='bbox 2831 2612 3042 2667; x_wconf 83' lang='lat' dir='ltr'><strong>diabolo</strong></span> <span class='ocrx_word' id='word_1_650' title='bbox 3070 2613 3244 2681; x_wconf 90' lang='lat' dir='ltr'><strong>potius</strong></span> <span class='ocrx_word' id='word_1_651' title='bbox 3268 2613 3435 2670; x_wconf 88' lang='lat' dir='ltr'><strong>dede-</strong></span> 
     </span>
    </p>
   </div>
   <div class='ocr_carea' id='block_1_86' title="bbox 1846 2703 3438 2775">
    <p class='ocr_par' dir='ltr' id='par_1_86' title="bbox 1846 2703 3438 2775">
     <span class='ocr_line' id='line_1_86' title="bbox 1846 2703 3438 2775; baseline 0.004 -20"><span class='ocrx_word' id='word_1_652' title='bbox 1846 2711 1969 2756; x_wconf 89' lang='lat' dir='ltr'><strong>runt</strong></span> <span class='ocrx_word' id='word_1_653' title='bbox 2001 2703 2196 2767; x_wconf 90' lang='lat' dir='ltr'><strong>locum,</strong></span> <span class='ocrx_word' id='word_1_654' title='bbox 2224 2712 2315 2758; x_wconf 89' lang='lat' dir='ltr'><strong>aut</strong></span> <span class='ocrx_word' id='word_1_655' title='bbox 2362 2703 2440 2758; x_wconf 90' lang='lat' dir='ltr'><strong>sic</strong></span> <span class='ocrx_word' id='word_1_656' title='bbox 2467 2712 2690 2771; x_wconf 89' lang='lat' dir='ltr'><strong>pereunt</strong></span> <span class='ocrx_word' id='word_1_657' title='bbox 2713 2703 3163 2774; x_wconf 90' lang='lat' dir='ltr'><strong>quemadmodum</strong></span> <span class='ocrx_word' id='word_1_658' title='bbox 3192 2720 3319 2775; x_wconf 82' lang='lat' dir='ltr'><strong>grex</strong></span> <span class='ocrx_word' id='word_1_659' title='bbox 3348 2705 3438 2761; x_wconf 88' lang='lat' dir='ltr'><strong>ille</strong></span> 
     </span>
    </p>
   </div>
   <div class='ocr_carea' id='block_1_87' title="bbox 1846 2794 3424 2866">
    <p class='ocr_par' dir='ltr' id='par_1_87' title="bbox 1846 2794 3424 2866">
     <span class='ocr_line' id='line_1_87' title="bbox 1846 2794 3424 2866; baseline 0.003 -17"><span class='ocrx_word' id='word_1_660' title='bbox 1846 2810 2151 2864; x_wconf 87' lang='lat' dir='ltr'><strong>porcorum,</strong></span> <span class='ocrx_word' id='word_1_661' title='bbox 2184 2811 2342 2866; x_wconf 90' lang='lat' dir='ltr'><strong>quem</strong></span> <span class='ocrx_word' id='word_1_662' title='bbox 2372 2794 2440 2851; x_wconf 88' lang='lat' dir='ltr'><strong>de</strong></span> <span class='ocrx_word' id='word_1_663' title='bbox 2471 2807 2650 2851; x_wconf 89' lang='lat' dir='ltr'><strong>monte</strong></span> <span class='ocrx_word' id='word_1_664' title='bbox 2679 2797 2730 2851; x_wconf 92' lang='lat' dir='ltr'><strong>in</strong></span> <span class='ocrx_word' id='word_1_665' title='bbox 2764 2812 2911 2854; x_wconf 87' lang='lat' dir='ltr'><strong>mare</strong></span> <span class='ocrx_word' id='word_1_666' title='bbox 2936 2797 3089 2853; x_wconf 90' lang='lat' dir='ltr'><strong>turba</strong></span> <span class='ocrx_word' id='word_1_667' title='bbox 3120 2798 3424 2857; x_wconf 81' lang='lat' dir='ltr'><strong>daemonum</strong></span> 
     </span>
    </p>
   </div>
   <div class='ocr_carea' id='block_1_88' title="bbox 1844 2886 3431 2962">
    <p class='ocr_par' dir='ltr' id='par_1_88' title="bbox 1844 2886 3431 2962">
     <span class='ocr_line' id='line_1_88' title="bbox 1844 2886 3431 2962; baseline 0.003 -20"><span class='ocrx_word' id='word_1_668' title='bbox 1844 2887 2033 2958; x_wconf 88' lang='lat' dir='ltr'><strong>dejeeit</strong></span> <span class='ocrx_word' id='word_1_669' title='bbox 2065 2887 2082 2958; x_wconf 69' lang='grc' dir='ltr'><strong><em>ί</em></strong></span> <span class='ocrx_word' id='word_1_670' title='bbox 2106 2886 2269 2942; x_wconf 81' lang='lat' dir='ltr'><strong>Marc.</strong></span> <span class='ocrx_word' id='word_1_671' title='bbox 2304 2905 2360 2956; x_wconf 89' lang='lat' dir='ltr'><strong>v,</strong></span> <span class='ocrx_word' id='word_1_672' title='bbox 2410 2887 2555 2962; x_wconf 78' lang='lat' dir='ltr'><strong>l5);</strong></span> <span class='ocrx_word' id='word_1_673' title='bbox 2588 2897 2678 2944; x_wconf 89' lang='lat' dir='ltr'><strong>aut</strong></span> <span class='ocrx_word' id='word_1_674' title='bbox 2704 2890 2810 2945; x_wconf 89' lang='lat' dir='ltr'><strong>illis</strong></span> <span class='ocrx_word' id='word_1_675' title='bbox 2837 2889 3096 2948; x_wconf 89' lang='lat' dir='ltr'><strong>mortibus</strong></span> <span class='ocrx_word' id='word_1_676' title='bbox 3128 2891 3316 2961; x_wconf 85' lang='lat' dir='ltr'><strong>erepti,</strong></span> <span class='ocrx_word' id='word_1_677' title='bbox 3373 2899 3431 2948; x_wconf 88' lang='lat' dir='ltr'><strong>et</strong></span> 
     </span>
    </p>
   </div>
   <div class='ocr_carea' id='block_1_89' title="bbox 1847 2979 3434 3055">
    <p class='ocr_par' dir='ltr' id='par_1_89' title="bbox 1847 2979 3434 3055">
     <span class='ocr_line' id='line_1_89' title="bbox 1847 2979 3434 3055; baseline 0.005 -22"><span class='ocrx_word' id='word_1_678' title='bbox 1847 2980 1933 3050; x_wconf 90' lang='lat' dir='ltr'><strong>pio</strong></span> <span class='ocrx_word' id='word_1_679' title='bbox 1976 2980 2160 3036; x_wconf 89' lang='lat' dir='ltr'><strong>matris</strong></span> <span class='ocrx_word' id='word_1_680' title='bbox 2185 2979 2476 3037; x_wconf 71' lang='lat' dir='ltr'><strong>Catholica:</strong></span> <span class='ocrx_word' id='word_1_681' title='bbox 2524 2982 2729 3052; x_wconf 87' lang='lat' dir='ltr'><strong>gremio</strong></span> <span class='ocrx_word' id='word_1_682' title='bbox 2757 2982 2989 3051; x_wconf 89' lang='lat' dir='ltr'><strong>collecti,</strong></span> <span class='ocrx_word' id='word_1_683' title='bbox 3018 2985 3088 3038; x_wconf 91' lang='lat' dir='ltr'><strong>ita</strong></span> <span class='ocrx_word' id='word_1_684' title='bbox 3118 2984 3434 3055; x_wconf 79' lang='lat' dir='ltr'><strong>liberantur,</strong></span> 
     </span>
    </p>
   </div>
   <div class='ocr_carea' id='block_1_90' title="bbox 1843 3072 3439 3149">
    <p class='ocr_par' dir='ltr' id='par_1_90' title="bbox 1843 3072 3439 3149">
     <span class='ocr_line' id='line_1_90' title="bbox 1843 3072 3439 3149; baseline 0.005 -23"><span class='ocrx_word' id='word_1_685' title='bbox 1843 3072 2289 3142; x_wconf 88' lang='lat' dir='ltr'><strong>quemadmodum</strong></span> <span class='ocrx_word' id='word_1_686' title='bbox 2338 3081 2423 3130; x_wconf 89' lang='lat' dir='ltr'><strong>est</strong></span> <span class='ocrx_word' id='word_1_687' title='bbox 2448 3090 2479 3129; x_wconf 90' lang='lat' dir='ltr'><strong>a</strong></span> <span class='ocrx_word' id='word_1_688' title='bbox 2506 3075 2728 3129; x_wconf 90' lang='lat' dir='ltr'><strong>Domino</strong></span> <span class='ocrx_word' id='word_1_689' title='bbox 2758 3076 3032 3145; x_wconf 85' lang='lat' dir='ltr'><strong>liberatus,</strong></span> <span class='ocrx_word' id='word_1_690' title='bbox 3078 3094 3237 3149; x_wconf 89' lang='lat' dir='ltr'><strong>quem</strong></span> <span class='ocrx_word' id='word_1_691' title='bbox 3287 3090 3439 3149; x_wconf 91' lang='lat' dir='ltr'><strong>pater</strong></span> 
     </span>
    </p>
   </div>
   <div class='ocr_carea' id='block_1_91' title="bbox 1843 3164 3440 3241">
    <p class='ocr_par' dir='ltr' id='par_1_91' title="bbox 1843 3164 3440 3241">
     <span class='ocr_line' id='line_1_91' title="bbox 1843 3164 3440 3241; baseline 0.005 -23"><span class='ocrx_word' id='word_1_692' title='bbox 1843 3164 1959 3232; x_wconf 89' lang='lat' dir='ltr'><strong>ejus</strong></span> <span class='ocrx_word' id='word_1_693' title='bbox 1999 3180 2028 3218; x_wconf 90' lang='lat' dir='ltr'><strong>a</strong></span> <span class='ocrx_word' id='word_1_694' title='bbox 2058 3164 2321 3220; x_wconf 85' lang='lat' dir='ltr'><strong>daemonio</strong></span> <span class='ocrx_word' id='word_1_695' title='bbox 2356 3167 2651 3224; x_wconf 89' lang='lat' dir='ltr'><strong>sanandum</strong></span> <span class='ocrx_word' id='word_1_696' title='bbox 2696 3168 2906 3235; x_wconf 90' lang='lat' dir='ltr'><strong>obtulit,</strong></span> <span class='ocrx_word' id='word_1_697' title='bbox 2953 3170 3137 3229; x_wconf 88' lang='lat' dir='ltr'><strong>dicens</strong></span> <span class='ocrx_word' id='word_1_698' title='bbox 3162 3170 3305 3241; x_wconf 90' lang='lat' dir='ltr'><strong>quod</strong></span> <span class='ocrx_word' id='word_1_699' title='bbox 3342 3173 3440 3227; x_wconf 85' lang='lat' dir='ltr'><strong>ali-</strong></span> 
     </span>
    </p>
   </div>
   <div class='ocr_carea' id='block_1_92' title="bbox 1841 3248 3439 3325">
    <p class='ocr_par' dir='ltr' id='par_1_92' title="bbox 1841 3248 3439 3325">
     <span class='ocr_line' id='line_1_92' title="bbox 1841 3248 3439 3325; baseline 0.006 -22"><span class='ocrx_word' id='word_1_700' title='bbox 1841 3248 2052 3319; x_wconf 89' lang='lat' dir='ltr'><strong>quando</strong></span> <span class='ocrx_word' id='word_1_701' title='bbox 2091 3249 2283 3305; x_wconf 87' lang='lat' dir='ltr'><strong>cadere</strong></span> <span class='ocrx_word' id='word_1_702' title='bbox 2312 3250 2364 3305; x_wconf 90' lang='lat' dir='ltr'><strong>in</strong></span> <span class='ocrx_word' id='word_1_703' title='bbox 2387 3266 2598 3322; x_wconf 88' lang='lat' dir='ltr'><strong>aquam,</strong></span> <span class='ocrx_word' id='word_1_704' title='bbox 2627 3252 2912 3324; x_wconf 86' lang='lat' dir='ltr'><strong>aliquando</strong></span> <span class='ocrx_word' id='word_1_705' title='bbox 2938 3254 2991 3310; x_wconf 92' lang='lat' dir='ltr'><strong>in</strong></span> <span class='ocrx_word' id='word_1_706' title='bbox 3035 3254 3212 3325; x_wconf 84' lang='lat' dir='ltr'><strong>ignem</strong></span> <span class='ocrx_word' id='word_1_707' title='bbox 3239 3255 3439 3313; x_wconf 88' lang='lat' dir='ltr'><strong>soleret</strong></span> 
     </span>
    </p>
   </div>
   <div class='ocr_carea' id='block_1_93' title="bbox 1845 3336 2393 3414">
    <p class='ocr_par' dir='ltr' id='par_1_93' title="bbox 1845 3336 2393 3414">
     <span class='ocr_line' id='line_1_93' title="bbox 1845 3336 2393 3414; baseline 0.007 -21"><span class='ocrx_word' id='word_1_708' title='bbox 1845 3336 2067 3411; x_wconf 78' lang='lat' dir='ltr'><strong>(Matth.</strong></span> <span class='ocrx_word' id='word_1_709' title='bbox 2098 3356 2230 3407; x_wconf 72' lang='lat' dir='ltr'><strong>XVII,</strong></span> <span class='ocrx_word' id='word_1_710' title='bbox 2266 3340 2393 3414; x_wconf 71' lang='grc' dir='ltr'><strong>Ν).</strong></span> 
     </span>
    </p>
   </div>
   <div class='ocr_carea' id='block_1_94' title="bbox 1913 3433 3435 3506">
    <p class='ocr_par' dir='ltr' id='par_1_94' title="bbox 1913 3433 3435 3506">
     <span class='ocr_line' id='line_1_94' title="bbox 1913 3433 3435 3506; baseline 0.006 -18"><span class='ocrx_word' id='word_1_711' title='bbox 1913 3435 1999 3490; x_wconf 78' lang='grc'><strong>15.</strong></span> <span class='ocrx_word' id='word_1_712' title='bbox 2032 3433 2185 3491; x_wconf 80' lang='lat' dir='ltr'><strong>Unde</strong></span> <span class='ocrx_word' id='word_1_713' title='bbox 2214 3451 2398 3506; x_wconf 80' lang='lat' dir='ltr'><strong>magna</strong></span> <span class='ocrx_word' id='word_1_714' title='bbox 2426 3435 2479 3491; x_wconf 92' lang='lat' dir='ltr'><strong>in</strong></span> <span class='ocrx_word' id='word_1_715' title='bbox 2506 3451 2599 3492; x_wconf 89' lang='lat' dir='ltr'><strong>eos</strong></span> <span class='ocrx_word' id='word_1_716' title='bbox 2626 3436 2684 3491; x_wconf 87' lang='lat' dir='ltr'><strong>ﬁt</strong></span> <span class='ocrx_word' id='word_1_717' title='bbox 2712 3437 3099 3506; x_wconf 78' lang='lat' dir='ltr'><strong>misericordia,</strong></span> <span class='ocrx_word' id='word_1_718' title='bbox 3128 3454 3246 3496; x_wconf 89' lang='lat' dir='ltr'><strong>eum</strong></span> <span class='ocrx_word' id='word_1_719' title='bbox 3276 3441 3435 3497; x_wconf 86' lang='lat' dir='ltr'><strong>etiam</strong></span> 
     </span>
    </p>
   </div>
   <div class='ocr_carea' id='block_1_95' title="bbox 1841 3526 3441 3603">
    <p class='ocr_par' dir='ltr' id='par_1_95' title="bbox 1841 3526 3441 3603">
     <span class='ocr_line' id='line_1_95' title="bbox 1841 3526 3441 3603; baseline 0.004 -20"><span class='ocrx_word' id='word_1_720' title='bbox 1841 3543 1937 3598; x_wconf 90' lang='lat' dir='ltr'><strong>per</strong></span> <span class='ocrx_word' id='word_1_721' title='bbox 1964 3526 2095 3584; x_wconf 91' lang='lat' dir='ltr'><strong>istas</strong></span> <span class='ocrx_word' id='word_1_722' title='bbox 2124 3527 2505 3599; x_wconf 88' lang='lat' dir='ltr'><strong>imperatorum</strong></span> <span class='ocrx_word' id='word_1_723' title='bbox 2538 3529 2718 3600; x_wconf 84' lang='lat' dir='ltr'><strong>leges,</strong></span> <span class='ocrx_word' id='word_1_724' title='bbox 2762 3530 2830 3586; x_wconf 88' lang='lat' dir='ltr'><strong>ab</strong></span> <span class='ocrx_word' id='word_1_725' title='bbox 2875 3531 2959 3585; x_wconf 88' lang='lat' dir='ltr'><strong>illa</strong></span> <span class='ocrx_word' id='word_1_726' title='bbox 2998 3540 3175 3597; x_wconf 89' lang='lat' dir='ltr'><strong>secta,</strong></span> <span class='ocrx_word' id='word_1_727' title='bbox 3212 3531 3299 3589; x_wconf 88' lang='lat' dir='ltr'><strong>ubi</strong></span> <span class='ocrx_word' id='word_1_728' title='bbox 3342 3548 3441 3603; x_wconf 88' lang='lat' dir='ltr'><strong>per</strong></span> 
     </span>
    </p>
   </div>
   <div class='ocr_carea' id='block_1_96' title="bbox 1839 3620 3437 3693">
    <p class='ocr_par' dir='ltr' id='par_1_96' title="bbox 1839 3620 3437 3693">
     <span class='ocr_line' id='line_1_96' title="bbox 1839 3620 3437 3693; baseline 0.001 -16"><span class='ocrx_word' id='word_1_729' title='bbox 1839 3620 2109 3677; x_wconf 88' lang='lat' dir='ltr'><strong>doctrinas</strong></span> <span class='ocrx_word' id='word_1_730' title='bbox 2152 3621 2537 3678; x_wconf 68' lang='lat' dir='ltr'><strong>dromoniorum</strong></span> <span class='ocrx_word' id='word_1_731' title='bbox 2587 3622 3114 3693; x_wconf 88' lang='lat' dir='ltr'><strong>mendaciloquorum</strong></span> <span class='ocrx_word' id='word_1_732' title='bbox 3156 3624 3292 3680; x_wconf 87' lang='lat' dir='ltr'><strong>mala</strong></span> <span class='ocrx_word' id='word_1_733' title='bbox 3339 3626 3437 3679; x_wconf 91' lang='lat' dir='ltr'><strong>ista</strong></span> 
     </span>
    </p>
   </div>
   <div class='ocr_carea' id='block_1_97' title="bbox 1840 3713 3438 3785">
    <p class='ocr_par' dir='ltr' id='par_1_97' title="bbox 1840 3713 3438 3785">
     <span class='ocr_line' id='line_1_97' title="bbox 1840 3713 3438 3785; baseline 0.004 -18"><span class='ocrx_word' id='word_1_734' title='bbox 1840 3713 2171 3781; x_wconf 88' lang='lat' dir='ltr'><strong>didicerunt,</strong></span> <span class='ocrx_word' id='word_1_735' title='bbox 2222 3716 2367 3784; x_wconf 87' lang='lat' dir='ltr'><strong>prius</strong></span> <span class='ocrx_word' id='word_1_736' title='bbox 2412 3715 2708 3785; x_wconf 88' lang='lat' dir='ltr'><strong>eripiuntur</strong></span> <span class='ocrx_word' id='word_1_737' title='bbox 2754 3715 2933 3781; x_wconf 88' lang='lat' dir='ltr'><strong>inviti,</strong></span> <span class='ocrx_word' id='word_1_738' title='bbox 2978 3724 3035 3771; x_wconf 92' lang='lat' dir='ltr'><strong>ut</strong></span> <span class='ocrx_word' id='word_1_739' title='bbox 3077 3717 3128 3775; x_wconf 89' lang='lat' dir='ltr'><strong>in</strong></span> <span class='ocrx_word' id='word_1_740' title='bbox 3164 3716 3438 3773; x_wconf 82' lang='lat' dir='ltr'><strong>Catholica</strong></span> 
     </span>
    </p>
   </div>
   <div class='ocr_carea' id='block_1_98' title="bbox 1841 3807 3434 3878">
    <p class='ocr_par' dir='ltr' id='par_1_98' title="bbox 1841 3807 3434 3878">
     <span class='ocr_line' id='line_1_98' title="bbox 1841 3807 3434 3878; baseline 0.001 -18"><span class='ocrx_word' id='word_1_741' title='bbox 1841 3818 2025 3877; x_wconf 89' lang='lat' dir='ltr'><strong>postea</strong></span> <span class='ocrx_word' id='word_1_742' title='bbox 2058 3807 2211 3861; x_wconf 86' lang='lat' dir='ltr'><strong>benis</strong></span> <span class='ocrx_word' id='word_1_743' title='bbox 2254 3808 2535 3878; x_wconf 73' lang='lat' dir='ltr'><strong>prmrcptis</strong></span> <span class='ocrx_word' id='word_1_744' title='bbox 2572 3816 2628 3863; x_wconf 88' lang='lat' dir='ltr'><strong>et</strong></span> <span class='ocrx_word' id='word_1_745' title='bbox 2667 3809 2904 3863; x_wconf 89' lang='lat' dir='ltr'><strong>moribus</strong></span> <span class='ocrx_word' id='word_1_746' title='bbox 2935 3818 3190 3863; x_wconf 86' lang='lat' dir='ltr'><strong>sanentur</strong></span> <span class='ocrx_word' id='word_1_747' title='bbox 3217 3809 3434 3864; x_wconf 77' lang='lat' dir='ltr'><strong>assueti.</strong></span> 
     </span>
    </p>
   </div>
   <div class='ocr_carea' id='block_1_99' title="bbox 1840 3897 3437 3970">
    <p class='ocr_par' dir='ltr' id='par_1_99' title="bbox 1840 3897 3437 3970">
     <span class='ocr_line' id='line_1_99' title="bbox 1840 3897 3437 3970; baseline 0.003 -19"><span class='ocrx_word' id='word_1_748' title='bbox 1840 3897 1969 3951; x_wconf 87' lang='lat' dir='ltr'><strong>Nam</strong></span> <span class='ocrx_word' id='word_1_749' title='bbox 1996 3899 2146 3952; x_wconf 89' lang='lat' dir='ltr'><strong>multi</strong></span> <span class='ocrx_word' id='word_1_750' title='bbox 2170 3914 2354 3954; x_wconf 87' lang='lat' dir='ltr'><strong>eorum</strong></span> <span class='ocrx_word' id='word_1_751' title='bbox 2378 3915 2603 3969; x_wconf 87' lang='lat' dir='ltr'><strong>quorum</strong></span> <span class='ocrx_word' id='word_1_752' title='bbox 2624 3899 2731 3970; x_wconf 87' lang='lat' dir='ltr'><strong>jam</strong></span> <span class='ocrx_word' id='word_1_753' title='bbox 2757 3900 2807 3955; x_wconf 88' lang='lat' dir='ltr'><strong>in</strong></span> <span class='ocrx_word' id='word_1_754' title='bbox 2834 3901 3033 3954; x_wconf 81' lang='lat' dir='ltr'><strong>unitate</strong></span> <span class='ocrx_word' id='word_1_755' title='bbox 3051 3899 3267 3965; x_wconf 86' lang='lat' dir='ltr'><strong>Christi,</strong></span> <span class='ocrx_word' id='word_1_756' title='bbox 3295 3900 3437 3969; x_wconf 82' lang='lat' dir='ltr'><strong>pium</strong></span> 
     </span>
    </p>
   </div>
   <div class='ocr_carea' id='block_1_100' title="bbox 1840 3987 3437 4059">
    <p class='ocr_par' dir='ltr' id='par_1_100' title="bbox 1840 3987 3437 4059">
     <span class='ocr_line' id='line_1_100' title="bbox 1840 3987 3437 4059; baseline 0.003 -18"><span class='ocrx_word' id='word_1_757' title='bbox 1840 3988 1959 4042; x_wconf 82' lang='lat' dir='ltr'><strong>ﬁdei</strong></span> <span class='ocrx_word' id='word_1_758' title='bbox 1990 3987 2254 4042; x_wconf 79' lang='lat' dir='ltr'><strong>fervorem</strong></span> <span class='ocrx_word' id='word_1_759' title='bbox 2290 3990 2710 4058; x_wconf 80' lang='lat' dir='ltr'><strong>charitatemque</strong></span> <span class='ocrx_word' id='word_1_760' title='bbox 2748 3989 3035 4051; x_wconf 84' lang='lat' dir='ltr'><strong>miramur,</strong></span> <span class='ocrx_word' id='word_1_761' title='bbox 3078 4006 3201 4044; x_wconf 91' lang='lat' dir='ltr'><strong>cum</strong></span> <span class='ocrx_word' id='word_1_762' title='bbox 3246 4007 3437 4059; x_wconf 81' lang='lat' dir='ltr'><strong>magna</strong></span> 
     </span>
    </p>
   </div>
   <div class='ocr_carea' id='block_1_101' title="bbox 1841 4079 3433 4153">
    <p class='ocr_par' dir='ltr' id='par_1_101' title="bbox 1841 4079 3433 4153">
     <span class='ocr_line' id='line_1_101' title="bbox 1841 4079 3433 4153; baseline -0.001 -19"><span class='ocrx_word' id='word_1_763' title='bbox 1841 4079 2020 4134; x_wconf 64' lang='lat' dir='ltr'><strong>laetitia</strong></span> <span class='ocrx_word' id='word_1_764' title='bbox 2054 4080 2163 4134; x_wconf 85' lang='lat' dir='ltr'><strong>Deo</strong></span> <span class='ocrx_word' id='word_1_765' title='bbox 2201 4080 2397 4149; x_wconf 82' lang='lat' dir='ltr'><strong>gratias</strong></span> <span class='ocrx_word' id='word_1_766' title='bbox 2435 4088 2601 4153; x_wconf 80' lang='lat' dir='ltr'><strong>agunt</strong></span> <span class='ocrx_word' id='word_1_767' title='bbox 2628 4080 2767 4150; x_wconf 89' lang='lat' dir='ltr'><strong>quod</strong></span> <span class='ocrx_word' id='word_1_768' title='bbox 2802 4081 2892 4136; x_wconf 90' lang='lat' dir='ltr'><strong>illo</strong></span> <span class='ocrx_word' id='word_1_769' title='bbox 2917 4097 3100 4135; x_wconf 87' lang='lat' dir='ltr'><strong>errore</strong></span> <span class='ocrx_word' id='word_1_770' title='bbox 3126 4090 3433 4148; x_wconf 81' lang='lat' dir='ltr'><strong>earuerunt,</strong></span> 
     </span>
    </p>
   </div>
   <div class='ocr_carea' id='block_1_102' title="bbox 1839 4170 3433 4241">
    <p class='ocr_par' dir='ltr' id='par_1_102' title="bbox 1839 4170 3433 4241">
     <span class='ocr_line' id='line_1_102' title="bbox 1839 4170 3433 4241; baseline -0.001 -15"><span class='ocrx_word' id='word_1_771' title='bbox 1839 4171 1927 4226; x_wconf 89' lang='lat' dir='ltr'><strong>ubi</strong></span> <span class='ocrx_word' id='word_1_772' title='bbox 1959 4173 2094 4226; x_wconf 87' lang='lat' dir='ltr'><strong>mala</strong></span> <span class='ocrx_word' id='word_1_773' title='bbox 2136 4170 2235 4224; x_wconf 87' lang='lat' dir='ltr'><strong>ista</strong></span> <span class='ocrx_word' id='word_1_774' title='bbox 2282 4172 2417 4225; x_wconf 87' lang='lat' dir='ltr'><strong>bona</strong></span> <span class='ocrx_word' id='word_1_775' title='bbox 2461 4179 2777 4240; x_wconf 86' lang='lat' dir='ltr'><strong>putaverunt</strong></span> <span class='ocrx_word' id='word_1_776' title='bbox 2811 4188 2823 4223; x_wconf 88' lang='lat'><strong>:</strong></span> <span class='ocrx_word' id='word_1_777' title='bbox 2854 4186 2987 4241; x_wconf 84' lang='lat' dir='ltr'><strong>quas</strong></span> <span class='ocrx_word' id='word_1_778' title='bbox 3028 4171 3225 4239; x_wconf 80' lang='lat' dir='ltr'><strong>gratias</strong></span> <span class='ocrx_word' id='word_1_779' title='bbox 3272 4170 3433 4226; x_wconf 85' lang='lat' dir='ltr'><strong>modo</strong></span> 
     </span>
    </p>
   </div>
   <div class='ocr_carea' id='block_1_103' title="bbox 1841 4264 3436 4335">
    <p class='ocr_par' dir='ltr' id='par_1_103' title="bbox 1841 4264 3436 4335">
     <span class='ocr_line' id='line_1_103' title="bbox 1841 4264 3436 4335; baseline 0.001 -15"><span class='ocrx_word' id='word_1_780' title='bbox 1841 4265 2077 4321; x_wconf 81' lang='lat' dir='ltr'><strong>volentes</strong></span> <span class='ocrx_word' id='word_1_781' title='bbox 2110 4280 2210 4321; x_wconf 92' lang='lat' dir='ltr'><strong>non</strong></span> <span class='ocrx_word' id='word_1_782' title='bbox 2239 4272 2480 4335; x_wconf 85' lang='lat' dir='ltr'><strong>agerent,</strong></span> <span class='ocrx_word' id='word_1_783' title='bbox 2510 4264 2611 4318; x_wconf 89' lang='lat' dir='ltr'><strong>nisi</strong></span> <span class='ocrx_word' id='word_1_784' title='bbox 2636 4264 2780 4333; x_wconf 84' lang='lat' dir='ltr'><strong>prius</strong></span> <span class='ocrx_word' id='word_1_785' title='bbox 2800 4265 2960 4319; x_wconf 88' lang='lat' dir='ltr'><strong>etiam</strong></span> <span class='ocrx_word' id='word_1_786' title='bbox 2990 4264 3233 4320; x_wconf 88' lang='lat' dir='ltr'><strong>nolentes</strong></span> <span class='ocrx_word' id='word_1_787' title='bbox 3259 4264 3325 4321; x_wconf 91' lang='lat' dir='ltr'><strong>ab</strong></span> <span class='ocrx_word' id='word_1_788' title='bbox 3348 4265 3436 4330; x_wconf 85' lang='lat' dir='ltr'><strong>illa</strong></span> 
     </span>
    </p>
   </div>
   <div class='ocr_carea' id='block_1_104' title="bbox 1841 4357 3435 4429">
    <p class='ocr_par' dir='ltr' id='par_1_104' title="bbox 1841 4357 3435 4429">
     <span class='ocr_line' id='line_1_104' title="bbox 1841 4357 3435 4429; baseline 0.001 -17"><span class='ocrx_word' id='word_1_789' title='bbox 1841 4357 2041 4412; x_wconf 82' lang='lat' dir='ltr'><strong>nefaria</strong></span> <span class='ocrx_word' id='word_1_790' title='bbox 2082 4357 2338 4414; x_wconf 86' lang='lat' dir='ltr'><strong>societate</strong></span> <span class='ocrx_word' id='word_1_791' title='bbox 2382 4357 2737 4413; x_wconf 88' lang='lat' dir='ltr'><strong>discederent.</strong></span> <span class='ocrx_word' id='word_1_792' title='bbox 2782 4358 2917 4427; x_wconf 84' lang='lat' dir='ltr'><strong>Quid</strong></span> <span class='ocrx_word' id='word_1_793' title='bbox 2945 4359 3014 4414; x_wconf 88' lang='lat' dir='ltr'><strong>de</strong></span> <span class='ocrx_word' id='word_1_794' title='bbox 3044 4359 3145 4414; x_wconf 87' lang='lat' dir='ltr'><strong>illis</strong></span> <span class='ocrx_word' id='word_1_795' title='bbox 3173 4359 3435 4429; x_wconf 87' lang='lat' dir='ltr'><strong>dicamus,</strong></span> 
     </span>
    </p>
   </div>
   <div class='ocr_carea' id='block_1_105' title="bbox 1839 4447 3436 4520">
    <p class='ocr_par' dir='ltr' id='par_1_105' title="bbox 1839 4447 3436 4520">
     <span class='ocr_line' id='line_1_105' title="bbox 1839 4447 3436 4520; baseline 0.005 -20"><span class='ocrx_word' id='word_1_796' title='bbox 1839 4448 1928 4520; x_wconf 90' lang='lat' dir='ltr'><strong>qui</strong></span> <span class='ocrx_word' id='word_1_797' title='bbox 1957 4448 2113 4504; x_wconf 88' lang='lat' dir='ltr'><strong>nobis</strong></span> <span class='ocrx_word' id='word_1_798' title='bbox 2138 4447 2374 4520; x_wconf 87' lang='lat' dir='ltr'><strong>quotidie</strong></span> <span class='ocrx_word' id='word_1_799' title='bbox 2400 4448 2723 4505; x_wconf 83' lang='lat' dir='ltr'><strong>conﬁtentur</strong></span> <span class='ocrx_word' id='word_1_800' title='bbox 2747 4450 2887 4520; x_wconf 92' lang='lat' dir='ltr'><strong>quod</strong></span> <span class='ocrx_word' id='word_1_801' title='bbox 2911 4451 3021 4520; x_wconf 85' lang='lat' dir='ltr'><strong>jam</strong></span> <span class='ocrx_word' id='word_1_802' title='bbox 3042 4451 3166 4506; x_wconf 88' lang='lat' dir='ltr'><strong>olim</strong></span> <span class='ocrx_word' id='word_1_803' title='bbox 3191 4452 3436 4508; x_wconf 85' lang='lat' dir='ltr'><strong>volebant</strong></span> 
     </span>
    </p>
   </div>
   <div class='ocr_carea' id='block_1_106' title="bbox 1839 4543 3435 4614">
    <p class='ocr_par' dir='ltr' id='par_1_106' title="bbox 1839 4543 3435 4614">
     <span class='ocr_line' id='line_1_106' title="bbox 1839 4543 3435 4614; baseline -0.001 -13"><span class='ocrx_word' id='word_1_804' title='bbox 1839 4559 1959 4601; x_wconf 87' lang='lat' dir='ltr'><strong>esse</strong></span> <span class='ocrx_word' id='word_1_805' title='bbox 1984 4543 2268 4608; x_wconf 90' lang='lat' dir='ltr'><strong>catholici;</strong></span> <span class='ocrx_word' id='word_1_806' title='bbox 2295 4543 2389 4598; x_wconf 85' lang='lat' dir='ltr'><strong>sed</strong></span> <span class='ocrx_word' id='word_1_807' title='bbox 2418 4544 2554 4598; x_wconf 87' lang='lat' dir='ltr'><strong>inter</strong></span> <span class='ocrx_word' id='word_1_808' title='bbox 2580 4557 2675 4599; x_wconf 87' lang='lat' dir='ltr'><strong>eos</strong></span> <span class='ocrx_word' id='word_1_809' title='bbox 2701 4543 3031 4610; x_wconf 87' lang='lat' dir='ltr'><strong>habitabant,</strong></span> <span class='ocrx_word' id='word_1_810' title='bbox 3065 4544 3201 4600; x_wconf 85' lang='lat' dir='ltr'><strong>inter</strong></span> <span class='ocrx_word' id='word_1_811' title='bbox 3224 4559 3355 4614; x_wconf 91' lang='lat' dir='ltr'><strong>quos</strong></span> <span class='ocrx_word' id='word_1_812' title='bbox 3383 4544 3435 4599; x_wconf 92' lang='lat' dir='ltr'><strong>id</strong></span> 
     </span>
    </p>
   </div>
   <div class='ocr_carea' id='block_1_107' title="bbox 1839 4634 3435 4710">
    <p class='ocr_par' dir='ltr' id='par_1_107' title="bbox 1839 4634 3435 4710">
     <span class='ocr_line' id='line_1_107' title="bbox 1839 4634 3435 4710; baseline -0.002 -18"><span class='ocrx_word' id='word_1_813' title='bbox 1839 4637 1982 4710; x_wconf 91' lang='lat' dir='ltr'><strong>quod</strong></span> <span class='ocrx_word' id='word_1_814' title='bbox 2012 4635 2266 4693; x_wconf 85' lang='lat' dir='ltr'><strong>volebant</strong></span> <span class='ocrx_word' id='word_1_815' title='bbox 2295 4650 2413 4693; x_wconf 88' lang='lat' dir='ltr'><strong>esse</strong></span> <span class='ocrx_word' id='word_1_816' title='bbox 2438 4651 2544 4691; x_wconf 90' lang='lat' dir='ltr'><strong>non</strong></span> <span class='ocrx_word' id='word_1_817' title='bbox 2582 4644 2825 4706; x_wconf 89' lang='lat' dir='ltr'><strong>poterant</strong></span> <span class='ocrx_word' id='word_1_818' title='bbox 2852 4650 2948 4705; x_wconf 88' lang='lat' dir='ltr'><strong>per</strong></span> <span class='ocrx_word' id='word_1_819' title='bbox 2980 4634 3337 4689; x_wconf 85' lang='lat' dir='ltr'><strong>inﬁrmitatem</strong></span> <span class='ocrx_word' id='word_1_820' title='bbox 3366 4635 3435 4689; x_wconf 84' lang='lat' dir='ltr'><strong>ti-</strong></span> 
     </span>
    </p>
   </div>
   <div class='ocr_carea' id='block_1_108' title="bbox 1841 4723 3431 4796">
    <p class='ocr_par' dir='ltr' id='par_1_108' title="bbox 1841 4723 3431 4796">
     <span class='ocr_line' id='line_1_108' title="bbox 1841 4723 3431 4796; baseline -0.003 -13"><span class='ocrx_word' id='word_1_821' title='bbox 1841 4728 2039 4795; x_wconf 91' lang='lat' dir='ltr'><strong>moris,</strong></span> <span class='ocrx_word' id='word_1_822' title='bbox 2074 4727 2161 4783; x_wconf 91' lang='lat' dir='ltr'><strong>ubi</strong></span> <span class='ocrx_word' id='word_1_823' title='bbox 2196 4728 2240 4783; x_wconf 86' lang='lat' dir='ltr'><strong>si</strong></span> <span class='ocrx_word' id='word_1_824' title='bbox 2280 4742 2441 4781; x_wconf 91' lang='lat' dir='ltr'><strong>unum</strong></span> <span class='ocrx_word' id='word_1_825' title='bbox 2483 4726 2703 4781; x_wconf 88' lang='lat' dir='ltr'><strong>verbum</strong></span> <span class='ocrx_word' id='word_1_826' title='bbox 2748 4741 2841 4796; x_wconf 87' lang='lat' dir='ltr'><strong>pro</strong></span> <span class='ocrx_word' id='word_1_827' title='bbox 2866 4724 3139 4779; x_wconf 87' lang='lat' dir='ltr'><strong>Catholica</strong></span> <span class='ocrx_word' id='word_1_828' title='bbox 3168 4723 3431 4793; x_wconf 86' lang='lat' dir='ltr'><strong>dicerent,</strong></span> 
     </span>
    </p>
   </div>
   <div class='ocr_carea' id='block_1_109' title="bbox 1839 4815 3436 4889">
    <p class='ocr_par' dir='ltr' id='par_1_109' title="bbox 1839 4815 3436 4889">
     <span class='ocr_line' id='line_1_109' title="bbox 1839 4815 3436 4889; baseline -0.001 -15"><span class='ocrx_word' id='word_1_829' title='bbox 1839 4828 1894 4874; x_wconf 89' lang='lat' dir='ltr'><strong>et</strong></span> <span class='ocrx_word' id='word_1_830' title='bbox 1932 4818 2033 4889; x_wconf 91' lang='lat' dir='ltr'><strong>ipsi</strong></span> <span class='ocrx_word' id='word_1_831' title='bbox 2071 4825 2126 4873; x_wconf 90' lang='lat' dir='ltr'><strong>et</strong></span> <span class='ocrx_word' id='word_1_832' title='bbox 2160 4817 2353 4872; x_wconf 89' lang='lat' dir='ltr'><strong>domus</strong></span> <span class='ocrx_word' id='word_1_833' title='bbox 2386 4832 2572 4872; x_wconf 90' lang='lat' dir='ltr'><strong>eorum</strong></span> <span class='ocrx_word' id='word_1_834' title='bbox 2603 4816 2841 4874; x_wconf 81' lang='lat' dir='ltr'><strong>funditus</strong></span> <span class='ocrx_word' id='word_1_835' title='bbox 2870 4816 3276 4871; x_wconf 84' lang='lat' dir='ltr'><strong>everterentur?</strong></span> <span class='ocrx_word' id='word_1_836' title='bbox 3304 4815 3436 4883; x_wconf 85' lang='lat' dir='ltr'><strong>Quis</strong></span> 
     </span>
    </p>
   </div>
   <div class='ocr_carea' id='block_1_110' title="bbox 1841 4908 3434 4981">
    <p class='ocr_par' dir='ltr' id='par_1_110' title="bbox 1841 4908 3434 4981">
     <span class='ocr_line' id='line_1_110' title="bbox 1841 4908 3434 4981; baseline 0.001 -16"><span class='ocrx_word' id='word_1_837' title='bbox 1841 4919 1921 4966; x_wconf 88' lang='lat' dir='ltr'><strong>est</strong></span> <span class='ocrx_word' id='word_1_838' title='bbox 1960 4921 2065 4964; x_wconf 89' lang='lat' dir='ltr'><strong>tam</strong></span> <span class='ocrx_word' id='word_1_839' title='bbox 2105 4909 2361 4977; x_wconf 91' lang='lat' dir='ltr'><strong>demens,</strong></span> <span class='ocrx_word' id='word_1_840' title='bbox 2394 4910 2481 4981; x_wconf 89' lang='lat' dir='ltr'><strong>qui</strong></span> <span class='ocrx_word' id='word_1_841' title='bbox 2524 4920 2681 4979; x_wconf 83' lang='lat' dir='ltr'><strong>neget</strong></span> <span class='ocrx_word' id='word_1_842' title='bbox 2721 4911 2838 4965; x_wconf 89' lang='lat' dir='ltr'><strong>istis</strong></span> <span class='ocrx_word' id='word_1_843' title='bbox 2878 4908 3126 4964; x_wconf 83' lang='lat' dir='ltr'><strong>debuisse</strong></span> <span class='ocrx_word' id='word_1_844' title='bbox 3167 4925 3262 4979; x_wconf 86' lang='lat' dir='ltr'><strong>per</strong></span> <span class='ocrx_word' id='word_1_845' title='bbox 3285 4910 3434 4981; x_wconf 87' lang='lat' dir='ltr'><strong>jussa</strong></span> 
     </span>
    </p>
   </div>
   <div class='ocr_carea' id='block_1_111' title="bbox 1839 5002 3430 5074">
    <p class='ocr_par' dir='ltr' id='par_1_111' title="bbox 1839 5002 3430 5074">
     <span class='ocr_line' id='line_1_111' title="bbox 1839 5002 3430 5074; baseline -0.001 -15"><span class='ocrx_word' id='word_1_846' title='bbox 1839 5003 2132 5074; x_wconf 87' lang='lat' dir='ltr'><strong>imperialia</strong></span> <span class='ocrx_word' id='word_1_847' title='bbox 2175 5002 2483 5069; x_wconf 84' lang='lat' dir='ltr'><strong>subveniri,</strong></span> <span class='ocrx_word' id='word_1_848' title='bbox 2531 5014 2587 5057; x_wconf 93' lang='lat' dir='ltr'><strong>ut</strong></span> <span class='ocrx_word' id='word_1_849' title='bbox 2626 5003 2693 5059; x_wconf 88' lang='lat' dir='ltr'><strong>de</strong></span> <span class='ocrx_word' id='word_1_850' title='bbox 2737 5012 2883 5058; x_wconf 86' lang='lat' dir='ltr'><strong>tanto</strong></span> <span class='ocrx_word' id='word_1_851' title='bbox 2922 5012 3238 5057; x_wconf 87' lang='lat' dir='ltr'><strong>eruerentur</strong></span> <span class='ocrx_word' id='word_1_852' title='bbox 3266 5005 3430 5073; x_wconf 87' lang='lat' dir='ltr'><strong>malo,</strong></span> 
     </span>
    </p>
   </div>
   <div class='ocr_carea' id='block_1_112' title="bbox 1838 5095 3433 5166">
    <p class='ocr_par' dir='ltr' id='par_1_112' title="bbox 1838 5095 3433 5166">
     <span class='ocr_line' id='line_1_112' title="bbox 1838 5095 3433 5166; baseline 0.001 -15"><span class='ocrx_word' id='word_1_853' title='bbox 1838 5096 1964 5151; x_wconf 91' lang='lat' dir='ltr'><strong>dum</strong></span> <span class='ocrx_word' id='word_1_854' title='bbox 1998 5095 2075 5151; x_wconf 89' lang='lat' dir='ltr'><strong>illi</strong></span> <span class='ocrx_word' id='word_1_855' title='bbox 2097 5110 2239 5166; x_wconf 88' lang='lat' dir='ltr'><strong>quos</strong></span> <span class='ocrx_word' id='word_1_856' title='bbox 2279 5095 2537 5153; x_wconf 87' lang='lat' dir='ltr'><strong>timebant</strong></span> <span class='ocrx_word' id='word_1_857' title='bbox 2583 5096 2772 5150; x_wconf 89' lang='lat' dir='ltr'><strong>timere</strong></span> <span class='ocrx_word' id='word_1_858' title='bbox 2815 5103 3104 5164; x_wconf 86' lang='lat' dir='ltr'><strong>coguntur,</strong></span> <span class='ocrx_word' id='word_1_859' title='bbox 3151 5103 3207 5151; x_wconf 92' lang='lat' dir='ltr'><strong>et</strong></span> <span class='ocrx_word' id='word_1_860' title='bbox 3243 5095 3433 5152; x_wconf 87' lang='lat' dir='ltr'><strong>eodem</strong></span> 
     </span>
    </p>
   </div>
   <div class='ocr_carea' id='block_1_113' title="bbox 1842 5186 3435 5259">
    <p class='ocr_par' dir='ltr' id='par_1_113' title="bbox 1842 5186 3435 5259">
     <span class='ocr_line' id='line_1_113' title="bbox 1842 5186 3435 5259; baseline -0.001 -16"><span class='ocrx_word' id='word_1_861' title='bbox 1842 5188 2033 5243; x_wconf 89' lang='lat' dir='ltr'><strong>timore</strong></span> <span class='ocrx_word' id='word_1_862' title='bbox 2060 5196 2151 5243; x_wconf 87' lang='lat' dir='ltr'><strong>aut</strong></span> <span class='ocrx_word' id='word_1_863' title='bbox 2178 5187 2337 5243; x_wconf 88' lang='lat' dir='ltr'><strong>etiam</strong></span> <span class='ocrx_word' id='word_1_864' title='bbox 2379 5187 2478 5259; x_wconf 88' lang='lat' dir='ltr'><strong>ipsi</strong></span> <span class='ocrx_word' id='word_1_865' title='bbox 2519 5186 2887 5255; x_wconf 86' lang='lat' dir='ltr'><strong>corriguntur,</strong></span> <span class='ocrx_word' id='word_1_866' title='bbox 2918 5194 3010 5241; x_wconf 87' lang='lat' dir='ltr'><strong>aut</strong></span> <span class='ocrx_word' id='word_1_867' title='bbox 3039 5194 3185 5243; x_wconf 84' lang='lat' dir='ltr'><strong>certe</strong></span> <span class='ocrx_word' id='word_1_868' title='bbox 3223 5202 3344 5242; x_wconf 91' lang='lat' dir='ltr'><strong>cum</strong></span> <span class='ocrx_word' id='word_1_869' title='bbox 3375 5201 3435 5242; x_wconf 91' lang='lat' dir='ltr'><strong>se</strong></span> 
     </span>
    </p>
   </div>
   <div class='ocr_carea' id='block_1_114' title="bbox 1839 5276 3434 5348">
    <p class='ocr_par' dir='ltr' id='par_1_114' title="bbox 1839 5276 3434 5348">
     <span class='ocr_line' id='line_1_114' title="bbox 1839 5276 3434 5348; baseline -0.003 -13"><span class='ocrx_word' id='word_1_870' title='bbox 1839 5288 2111 5335; x_wconf 89' lang='lat' dir='ltr'><strong>correctos</strong></span> <span class='ocrx_word' id='word_1_871' title='bbox 2136 5293 2255 5334; x_wconf 89' lang='lat' dir='ltr'><strong>esse</strong></span> <span class='ocrx_word' id='word_1_872' title='bbox 2278 5278 2609 5348; x_wconf 85' lang='lat' dir='ltr'><strong>conﬁngunt,</strong></span> <span class='ocrx_word' id='word_1_873' title='bbox 2638 5276 2892 5332; x_wconf 87' lang='lat' dir='ltr'><strong>correctis</strong></span> <span class='ocrx_word' id='word_1_874' title='bbox 2920 5287 3162 5347; x_wconf 89' lang='lat' dir='ltr'><strong>parcunt,</strong></span> <span class='ocrx_word' id='word_1_875' title='bbox 3187 5292 3218 5330; x_wconf 87' lang='lat' dir='ltr'><strong>a</strong></span> <span class='ocrx_word' id='word_1_876' title='bbox 3242 5276 3434 5346; x_wconf 87' lang='lat' dir='ltr'><strong>quibus</strong></span> 
     </span>
    </p>
   </div>
   <div class='ocr_carea' id='block_1_115' title="bbox 1839 5372 2389 5430">
    <p class='ocr_par' dir='ltr' id='par_1_115' title="bbox 1839 5372 2389 5430">
     <span class='ocr_line' id='line_1_115' title="bbox 1839 5372 2389 5430; baseline -0.011 0"><span class='ocrx_word' id='word_1_877' title='bbox 1839 5384 1995 5430; x_wconf 86' lang='lat' dir='ltr'><strong>antea</strong></span> <span class='ocrx_word' id='word_1_878' title='bbox 2028 5372 2389 5429; x_wconf 85' lang='lat' dir='ltr'><strong>timebantur?</strong></span> 
     </span>
    </p>
   </div>
   <div class='ocr_carea' id='block_1_116' title="bbox 1914 5458 3432 5533">
    <p class='ocr_par' dir='ltr' id='par_1_116' title="bbox 1914 5458 3432 5533">
     <span class='ocr_line' id='line_1_116' title="bbox 1914 5458 3432 5533; baseline -0.005 -10"><span class='ocrx_word' id='word_1_879' title='bbox 1914 5469 2000 5523; x_wconf 72' lang='grc' dir='ltr'><strong>Η.</strong></span> <span class='ocrx_word' id='word_1_880' title='bbox 2042 5466 2097 5524; x_wconf 90' lang='lat' dir='ltr'><strong>Si</strong></span> <span class='ocrx_word' id='word_1_881' title='bbox 2123 5476 2301 5523; x_wconf 90' lang='lat' dir='ltr'><strong>autem</strong></span> <span class='ocrx_word' id='word_1_882' title='bbox 2332 5463 2535 5533; x_wconf 87' lang='lat' dir='ltr'><strong>seipsos</strong></span> <span class='ocrx_word' id='word_1_883' title='bbox 2562 5462 2810 5520; x_wconf 88' lang='lat' dir='ltr'><strong>occidere</strong></span> <span class='ocrx_word' id='word_1_884' title='bbox 2838 5463 3121 5526; x_wconf 80' lang='lat' dir='ltr'><strong>voluerint,</strong></span> <span class='ocrx_word' id='word_1_885' title='bbox 3151 5474 3216 5514; x_wconf 89' lang='lat' dir='ltr'><strong>ne</strong></span> <span class='ocrx_word' id='word_1_886' title='bbox 3240 5458 3316 5514; x_wconf 90' lang='lat' dir='ltr'><strong>illi</strong></span> <span class='ocrx_word' id='word_1_887' title='bbox 3342 5459 3432 5529; x_wconf 92' lang='lat' dir='ltr'><strong>qui</strong></span> 
     </span>
    </p>
   </div>
   <div class='ocr_carea' id='block_1_117' title="bbox 1840 5551 3430 5621">
    <p class='ocr_par' dir='ltr' id='par_1_117' title="bbox 1840 5551 3430 5621">
     <span class='ocr_line' id='line_1_117' title="bbox 1840 5551 3430 5621; baseline -0.006 -7"><span class='ocrx_word' id='word_1_888' title='bbox 1840 5559 2099 5615; x_wconf 88' lang='lat' dir='ltr'><strong>liberandi</strong></span> <span class='ocrx_word' id='word_1_889' title='bbox 2146 5566 2270 5613; x_wconf 87' lang='lat' dir='ltr'><strong>sunt</strong></span> <span class='ocrx_word' id='word_1_890' title='bbox 2316 5554 2643 5621; x_wconf 89' lang='lat' dir='ltr'><strong>liberentur,</strong></span> <span class='ocrx_word' id='word_1_891' title='bbox 2685 5564 2740 5609; x_wconf 89' lang='lat' dir='ltr'><strong>et</strong></span> <span class='ocrx_word' id='word_1_892' title='bbox 2781 5570 2846 5609; x_wconf 91' lang='lat' dir='ltr'><strong>eo</strong></span> <span class='ocrx_word' id='word_1_893' title='bbox 2890 5554 3048 5609; x_wconf 87' lang='lat' dir='ltr'><strong>modo</strong></span> <span class='ocrx_word' id='word_1_894' title='bbox 3095 5551 3430 5605; x_wconf 87' lang='lat' dir='ltr'><strong>liberantium</strong></span> 
     </span>
    </p>
   </div>
   <div class='ocr_carea' id='block_1_118' title="bbox 1840 5644 3431 5721">
    <p class='ocr_par' dir='ltr' id='par_1_118' title="bbox 1840 5644 3431 5721">
     <span class='ocr_line' id='line_1_118' title="bbox 1840 5644 3431 5721; baseline -0.004 -15"><span class='ocrx_word' id='word_1_895' title='bbox 1840 5662 2042 5707; x_wconf 86' lang='lat' dir='ltr'><strong>terrere</strong></span> <span class='ocrx_word' id='word_1_896' title='bbox 2070 5652 2316 5721; x_wconf 89' lang='lat' dir='ltr'><strong>pietatem</strong></span> <span class='ocrx_word' id='word_1_897' title='bbox 2337 5689 2351 5713; x_wconf 92' lang='lat'><strong>,</strong></span> <span class='ocrx_word' id='word_1_898' title='bbox 2382 5655 2442 5701; x_wconf 89' lang='lat' dir='ltr'><strong>ut</strong></span> <span class='ocrx_word' id='word_1_899' title='bbox 2468 5647 2593 5701; x_wconf 88' lang='lat' dir='ltr'><strong>dum</strong></span> <span class='ocrx_word' id='word_1_900' title='bbox 2627 5648 2840 5702; x_wconf 85' lang='lat' dir='ltr'><strong>timetur</strong></span> <span class='ocrx_word' id='word_1_901' title='bbox 2871 5662 2939 5702; x_wconf 91' lang='lat' dir='ltr'><strong>nc</strong></span> <span class='ocrx_word' id='word_1_902' title='bbox 2979 5646 3192 5717; x_wconf 88' lang='lat' dir='ltr'><strong>quidam</strong></span> <span class='ocrx_word' id='word_1_903' title='bbox 3236 5644 3431 5715; x_wconf 87' lang='lat' dir='ltr'><strong>perditi</strong></span> 
     </span>
    </p>
   </div>
   <div class='ocr_carea' id='block_1_119' title="bbox 1837 5737 3433 5815">
    <p class='ocr_par' dir='ltr' id='par_1_119' title="bbox 1837 5737 3433 5815">
     <span class='ocr_line' id='line_1_119' title="bbox 1837 5737 3433 5815; baseline -0.003 -19"><span class='ocrx_word' id='word_1_904' title='bbox 1837 5750 2093 5815; x_wconf 84' lang='lat' dir='ltr'><strong>pereant,</strong></span> <span class='ocrx_word' id='word_1_905' title='bbox 2126 5757 2229 5798; x_wconf 88' lang='lat' dir='ltr'><strong>non</strong></span> <span class='ocrx_word' id='word_1_906' title='bbox 2260 5747 2515 5795; x_wconf 88' lang='lat' dir='ltr'><strong>eruantur</strong></span> <span class='ocrx_word' id='word_1_907' title='bbox 2559 5739 2870 5809; x_wconf 86' lang='lat' dir='ltr'><strong>perditioni,</strong></span> <span class='ocrx_word' id='word_1_908' title='bbox 2902 5737 2992 5808; x_wconf 89' lang='lat' dir='ltr'><strong>qui</strong></span> <span class='ocrx_word' id='word_1_909' title='bbox 3027 5738 3107 5793; x_wconf 89' lang='lat' dir='ltr'><strong>vel</strong></span> <span class='ocrx_word' id='word_1_910' title='bbox 3142 5739 3251 5807; x_wconf 89' lang='lat' dir='ltr'><strong>jam</strong></span> <span class='ocrx_word' id='word_1_911' title='bbox 3280 5737 3433 5792; x_wconf 82' lang='lat' dir='ltr'><strong>nole-</strong></span> 
     </span>
    </p>
   </div>
   <div class='ocr_carea' id='block_1_120' title="bbox 1838 5829 3432 5905">
    <p class='ocr_par' dir='ltr' id='par_1_120' title="bbox 1838 5829 3432 5905">
     <span class='ocr_line' id='line_1_120' title="bbox 1838 5829 3432 5905; baseline -0.003 -14"><span class='ocrx_word' id='word_1_912' title='bbox 1838 5835 1965 5891; x_wconf 88' lang='lat' dir='ltr'><strong>bant</strong></span> <span class='ocrx_word' id='word_1_913' title='bbox 2007 5835 2210 5905; x_wconf 88' lang='lat' dir='ltr'><strong>perire,</strong></span> <span class='ocrx_word' id='word_1_914' title='bbox 2255 5832 2338 5889; x_wconf 91' lang='lat' dir='ltr'><strong>vel</strong></span> <span class='ocrx_word' id='word_1_915' title='bbox 2380 5830 2599 5887; x_wconf 85' lang='lat' dir='ltr'><strong>coerciti</strong></span> <span class='ocrx_word' id='word_1_916' title='bbox 2633 5839 2879 5903; x_wconf 89' lang='lat' dir='ltr'><strong>poterant</strong></span> <span class='ocrx_word' id='word_1_917' title='bbox 2908 5846 3014 5888; x_wconf 86' lang='lat' dir='ltr'><strong>non</strong></span> <span class='ocrx_word' id='word_1_918' title='bbox 3057 5830 3263 5904; x_wconf 87' lang='lat' dir='ltr'><strong>perire;</strong></span> <span class='ocrx_word' id='word_1_919' title='bbox 3303 5829 3432 5904; x_wconf 87' lang='lat' dir='ltr'><strong>quid</strong></span> 
     </span>
    </p>
   </div>
  </div>
