3990 6410
637 394 742 451 799

638 510 727 566 hic
755 509 861 580 agit
898 506 1130 564 cbaritas
1174 503 1458 561 christiana
1481 544 1495 568 ,
1535 497 1832 572 praesertim
1867 511 1986 553 cum
2029 494 2102 549 illi
2139 491 2227 563 qui

638 619 765 660 suas
790 608 990 657 mortes
1027 597 1351 653 voluntarias
1380 602 1433 649 et
1462 591 1689 648 furiosos
1718 590 1987 645 minantur
2007 630 2020 653 ,
2055 588 2107 641 in
2137 600 2233 655 po—

639 696 883 767 pulorum
926 688 1319 746 liberandorum
1359 682 1756 755 comparatione
1799 679 2049 752 perpauci
2089 676 2232 733 sint?

638 784 778 856 Quid
816 783 925 854 agit
962 796 1089 851 ergo
1130 778 1359 833 fraterna
1401 774 1654 831 dilectio?
1683 782 1859 828 utrum
1893 771 2018 827 dum
2052 769 2235 840 paucis

635 874 976 933 transitorios
1006 872 1156 942 ignes
1183 867 1371 923 metuit
1394 866 1724 922 caminorum
1748 906 1762 930 ,
1791 864 2009 918 dimittit
2048 876 2235 916 onines

639 967 856 1027 mternis
893 965 1103 1037 iguibus
1129 961 1528 1033 gehennarum;
1560 969 1614 1014 et
1639 968 1743 1013 tam
1784 957 1982 1012 multos
2012 956 2094 1010 vel
2125 954 2235 1024 jam

640 1062 901 1122 volentes,
936 1057 1021 1112 vel
1048 1064 1232 1127 postea
1262 1068 1369 1108 non
1397 1051 1636 1106 valentes
1675 1065 1768 1120 per
1795 1048 2112 1104 catholicam
2146 1062 2238 1118 pa-

641 1169 760 1210 cem
782 1150 849 1207 ad
871 1150 1033 1205 vitam
1059 1148 1240 1201 venire
1260 1154 1594 1217 perpetuam,
1620 1143 1869 1214 relinquit
1891 1141 1941 1196 iu
1966 1141 2236 1196 interitum

642 1243 1049 1314 sempiternum,
1079 1237 1316 1294 cavendo
1344 1252 1410 1292 ne
1436 1234 1648 1307 quidam
1677 1233 1980 1289 voluntario
2003 1233 2239 1287 morian-

643 1346 730 1393 tur
785 1334 1034 1398 interitu,
1086 1331 1176 1402 qui
1227 1331 1411 1383 vivunt
1453 1328 1521 1383 ad
1572 1326 2006 1397 impedimentum
2053 1324 2241 1379 salutis

642 1433 901 1497 aliorum,
934 1444 1070 1501 quos
1095 1444 1200 1481 non
1232 1425 1544 1497 permittunt
1573 1422 1863 1478 secundum
1903 1420 2102 1475 Christi
2140 1419 2240 1474 do-

645 1524 874 1582 ctrinam
913 1523 1125 1584 vivere,
1161 1528 1216 1573 ut
1244 1532 1338 1573 eos
1366 1516 1593 1570 doceant
1629 1529 1965 1585 quocumque
2002 1521 2242 1582 tempore

644 1614 938 1674 secundum
970 1609 1408 1669 consuetudinem
1439 1607 1695 1663 doctrina:
1718 1606 1994 1661 diabolicm
2035 1604 2099 1660 ad
2128 1620 2240 1669 eas,

646 1724 769 1779 quae
796 1707 847 1761 in
878 1706 980 1760 illis
1007 1703 1168 1758 modo
1197 1703 1451 1757 timentur
1471 1742 1485 1765 ,
1518 1709 1718 1754 mortes
1750 1698 2072 1751 voluntarias
2094 1696 2244 1751 festi-

648 1801 818 1857 nare?
857 1814 922 1852 an
966 1798 1142 1868 potius
1179 1802 1461 1851 conservat
1497 1808 1631 1863 quos
1674 1800 1882 1862 potest,
1911 1791 2009 1845 etsi
2053 1799 2244 1861 sponte

649 1901 872 1965 pereant
900 1906 1035 1961 quos
1061 1901 1381 1943 conservare
1409 1901 1513 1938 non
1545 1883 1758 1953 potest?
1792 1881 1860 1938 Ut
1887 1883 2028 1936 enim
2057 1897 2245 1937 omnes

646 1984 843 2047 vivant,
875 1980 1125 2035 ardenter
1150 1983 1399 2046 exoptat;
1431 1974 1524 2030 sed
1552 1988 1740 2029 oumes
1767 1988 1833 2028 ne
1862 1981 2100 2043 pereant.
2127 1973 2246 2043 plus

648 2074 871 2131 laborat.
914 2071 1126 2128 Gratias
1164 2078 1341 2124 autem
1380 2066 1637 2129 Domino,
1680 2065 1821 2137 quod
1862 2074 1915 2120 et
1952 2065 2088 2136 apud
2125 2081 2243 2131 nos,

646 2184 756 2225 non
782 2166 997 2239 quidem
1031 2165 1082 2218 in
1113 2162 1363 2218 omnibus
1385 2203 1399 2225 ,
1427 2160 1520 2215 sed
1552 2159 1705 2213 valde
1732 2159 1783 2217 iu
1819 2157 2059 2229 pluribus
2090 2160 2242 2224 locis,

647 2270 703 2317 et
735 2274 832 2330 per
857 2257 990 2311 alias
1018 2254 1211 2311 Africa:
1241 2263 1451 2323 partes,
1481 2250 1598 2306 sine
1628 2251 1748 2304 ullis
1776 2250 1998 2304 istorum
2030 2250 2248 2303 insano-

647 2368 765 2409 rum
798 2349 1094 2415 mortibus,
1128 2363 1225 2418 pax
1254 2345 1512 2401 catholica
1543 2344 1807 2408 cucurrit,
1854 2354 1908 2397 et
1946 2344 2131 2398 currit.
2172 2342 2245 2397 lbi

648 2454 826 2499 autem
856 2442 946 2498 illa
992 2440 1195 2495 funesta
1238 2437 1553 2507 contingunt
1575 2478 1587 2499 .
1617 2434 1707 2490 tibi
1734 2443 1816 2490 est
1854 2443 1961 2488 tam
1992 2433 2248 2489 furiosum

650 2547 705 2592 et
749 2534 933 2591 inutile
971 2532 1246 2587 hominum
1294 2545 1498 2600 genus,
1543 2528 1631 2598 qui
1675 2537 1729 2582 et
1772 2526 1893 2582 aliis
1922 2526 2250 2597 temporibus

649 2628 842 2685 eadem
883 2625 1059 2680 facere
1086 2629 1501 2679 consueverunt.

722 2719 947 2778 CAPUT
973 2717 1061 2773 IV.
1082 2745 1155 2757 —-
1176 2717 1262 2772 15.
1293 2714 1361 2769 Ει
1382 2714 1530 2785 prius
1554 2711 1767 2782 quidem
1788 2725 1947 2780 quam
1971 2710 2084 2764 istte
2105 2708 2251 2778 leges

653 2832 683 2871 a
714 2810 992 2869 catholicis
1036 2807 1448 2880 imperatoribus
1495 2806 1864 2869 mitterentur,
1911 2802 2055 2873 pacis
2093 2811 2253 2871 atque

650 2904 870 2962 unitatis
888 2902 1086 2958 Christi
1116 2899 1369 2972 paulatim
1395 2897 1637 2954 doetriua
1662 2896 1960 2961 crescebat,
1984 2905 2036 2950 et
2060 2894 2110 2949 in
2131 2908 2251 2950 eam

650 3001 875 3071 quisque
900 2996 1039 3052 sicut
1061 2993 1330 3059 discebat,
1360 3000 1417 3047 et
1441 2990 1679 3055 volebat,
1711 2997 1766 3045 et
1794 2996 2020 3059 poterat,
2048 3004 2111 3043 ex
2140 2987 2253 3057 ipsa

654 3100 802 3163 parte
848 3088 1141 3154 transibat;
1187 3101 1309 3143 cum
1354 3094 1530 3139 tamen
1574 3083 1714 3154 apud
1758 3083 1876 3137 illos
1924 3080 2253 3152 perditorum

656 3184 931 3239 hominum
957 3178 1348 3236 dementissimi
1370 3191 1560 3248 greges
1583 3178 1637 3230 in
1660 3175 1885 3231 diversis
1907 3174 2081 3231 causis
2102 3174 2253 3245 quie-

657 3283 764 3330 tem
817 3270 1179 3327 innocentium
1233 3268 1627 3340 perturbarent.
1674 3267 1804 3333 Quis
1853 3282 1957 3321 non
2005 3266 2254 3322 dominus

655 3379 871 3420 servum
902 3378 1057 3419 suum
1104 3362 1295 3416 timere
1333 3360 1642 3430 compulsus
1685 3367 1797 3424 est,
1843 3359 1887 3413 si
1927 3357 1995 3412 ad
2040 3359 2253 3413 illorum

657 3456 1006 3529 patrocinium
1035 3451 1398 3524 confugisset?
1423 3451 1545 3522 quis
1573 3450 1807 3506 eversori
1837 3450 2028 3503 minari
2057 3449 2249 3504 saltem

654 3552 886 3609 audebat
921 3550 980 3604 η
1025 3550 1144 3619 quis
1188 3556 1624 3619 consumptorem
1674 3546 2051 3617 apothecarum
2078 3588 2092 3613 ,
2136 3546 2256 3618 quis

655 3645 946 3719 quemlibet
973 3651 1182 3715 poterat
1206 3643 1419 3713 exigere
1439 3641 1756 3705 debitorem,
1787 3640 2042 3695 auxilium
2069 3656 2255 3697 eorum

656 3739 1133 3808 defensionemque
1160 3735 1505 3807 poscentem?
1526 3735 1743 3790 Timore
1765 3734 1981 3790 fustium
2006 3742 2063 3789 et
2082 3734 2258 3790 incen-

657 3831 868 3887 diorum
907 3830 1201 3899 mortisque
1231 3828 1539 3899 praesentis,
1571 3826 1922 3897 pessimorum
1952 3842 2250 3893 servorum,

658 3932 717 3979 ut
733 3923 885 3979 liberi
903 3922 1273 3989 abscederent,
1292 3920 1485 3976 tabula:
1502 3918 1899 3991 frangebantur.
1921 3920 2141 3976 Extorta
2161 3920 2257 3977 de-

658 4016 917 4071 bitorlbus
944 4011 1295 4084 chirographa
1336 4010 1717 4067 reddebantur.
1762 4010 2096 4083 Quicumque
2121 4011 2254 4069 dura

659 4107 869 4164 illorum
898 4105 1061 4162 verba
1090 4114 1558 4174 contempserant,
1590 4103 1893 4160 durioribus
1920 4104 2251 4169 verberibus,

657 4197 800 4270 quod
833 4197 1123 4267 jubebaut,
1157 4195 1333 4251 facere
1369 4194 1715 4267 cogebantur.
1759 4193 2123 4252 Innocentium
2162 4195 2255 4266 qui

660 4304 757 4346 eos
780 4287 1143 4354 offenderant,
1184 4288 1377 4343 domus
1402 4296 1494 4343 aut
1522 4287 1928 4359 deponebantnr
1962 4289 2027 4343 ad
2058 4290 2252 4356 solum,

662 4389 754 4435 aut
778 4380 986 4450 ignibus
1014 4380 1408 4435 cremabantur.
1451 4380 1677 4447 Quidam
1715 4381 2124 4450 patresfamilias
2157 4382 2254 4438 ho-

665 4482 815 4528 nesto
856 4473 970 4528 loco
1000 4473 1137 4536 nati,
1183 4481 1239 4527 et
1277 4488 1539 4545 generoso
1575 4474 1721 4529 cultu
1751 4474 1996 4540 educati,
2027 4476 2113 4530 vix
2148 4476 2256 4531 vivi

667 4573 785 4635 post
824 4579 1007 4619 eorum
1036 4562 1212 4618 caedes
1236 4564 1398 4619 ablati
1425 4572 1582 4632 sunt,
1624 4564 1708 4619 vel
1740 4566 1900 4621 vincti
1931 4566 1997 4620 ad
2035 4567 2249 4631 molam,

662 4667 717 4714 et
741 4671 858 4711 eam
887 4655 938 4709 in
958 4670 1146 4727 gyrum
1168 4654 1384 4719 ducere,
1408 4664 1656 4726 tanquam
1677 4654 1917 4727 iumenta
1939 4659 2257 4728 contempti-

665 4748 788 4804 bilia
810 4788 825 4811 ,
854 4745 1079 4801 verbere
1104 4744 1277 4800 adacti
1306 4754 1451 4801 sunt.
1480 4746 1633 4815 Quod
1660 4748 1802 4803 enim
1832 4748 1899 4803 de
1934 4750 2134 4820 legibus
2157 4766 2254 4804 au-

666 4840 846 4895 xilium
885 4855 914 4893 a
955 4839 1204 4894 civilibus
1243 4838 1592 4908 potestatibus
1630 4838 1888 4895 adversus
1926 4855 2018 4895 eos
2057 4840 2253 4909 aliquid

666 4932 869 4987 valuit?
907 4932 1027 5003 quis
1058 4932 1109 4987 in
1140 4932 1422 5002 praesentia
1447 4946 1631 4986 eorum
1670 4931 1914 4989 officialis
1954 4934 2257 4989 auhelavit?

666 5024 816 5093 quis,
844 5024 984 5094 quod
1015 5024 1093 5080 illi
1133 5024 1457 5090 noluissent,
1503 5034 1722 5080 exactor
1759 5027 1972 5097 exegit?
2010 5028 2127 5097 quis
2164 5043 2259 5084 eos

671 5115 757 5185 qui
788 5130 971 5169 eorum
1000 5117 1235 5171 czedihus
1259 5115 1507 5171 exstincti
1532 5124 1691 5181 sunt,
1720 5116 1988 5173 vindicare
2014 5119 2255 5186 tentavit,

669 5210 772 5265 nisi
793 5209 932 5281 quod
956 5212 1167 5280 prepria
1188 5210 1254 5267 de
1275 5210 1379 5265 illis
1402 5224 1588 5281 poenas
1607 5210 1863 5282 poscebat
1887 5211 2111 5279 insania,
2134 5228 2259 5268 cum

668 5300 756 5355 alii
800 5300 1151 5370 provocandis
1188 5301 1242 5356 in
1281 5316 1340 5357 se
1371 5300 1560 5373 gladiis
1587 5300 1890 5368 hominum,
1918 5316 2080 5372 quos,
2112 5311 2168 5357 ut
2190 5302 2259 5358 ab

670 5397 748 5452 eis
776 5397 1093 5461 ferirentur,
1123 5403 1294 5451 morte
1322 5394 1625 5459 terrebant,
1654 5394 1743 5449 alii
1770 5409 1868 5465 per
1896 5394 2039 5449 varia
2071 5394 2261 5465 praeci-

671 5490 829 5562 pitia,
863 5489 951 5545 alii
987 5504 1085 5562 per
1110 5503 1305 5560 aquas,
1337 5488 1425 5543 alii
1456 5504 1551 5559 per
1576 5489 1725 5560 ignes
1752 5503 1811 5543 se
1851 5489 1902 5543 in
1944 5500 2141 5543 mortes
2166 5504 2263 5543 vo-

670 5581 925 5637 luntarias
966 5595 1343 5652 usquequaque
1384 5580 1693 5643 mittebant,
1733 5588 1786 5635 et
1824 5580 2021 5635 animat
2070 5580 2260 5636 ferales

734 5765 752 5797 ι
777 5769 878 5811 Am.
901 5762 1011 5813 Bad.
1036 5768 1110 5812 Er.
1136 5768 1189 5812 et
1210 5769 1313 5811 Mss.
1340 5757 1508 5824 plures
1531 5772 1544 5807 :
1570 5758 1782 5824 .mdelgat
1814 5760 2002 5824 auctori
2021 5759 2127 5824 quia
2147 5773 2260 5813 con-

671 5828 977 5888 cumptqrem.
993 5829 1135 5875 Forte
1150 5837 1255 5888 pro,
1268 5820 1472 5874 audebat
1488 5825 1573 5888 aut
1588 5820 1832 5888 prohiberi
1847 5820 2261 5888 σαωιιγήρωγεπιε

676 5891 729 5935 ot
747 5880 890 5947 paulo
910 5890 1020 5946 post
1042 5880 1368 5945 Mss'habent,
1392 5880 1767 5947 apothecort'um.

1873 382 1927 437 S.
1976 370 2340 436 AUGUSTINI
2378 370 2687 430 EPISCOPI
3561 365 3573 386 ³
3786 379 3865 440 800

2339 505 2368 545 a
2398 504 2457 546 se
2483 489 2585 546 sibi
2616 488 2775 544 illatis
2803 488 3081 561 suppliciis
3119 487 3506 560 projiciebaut?

2411 580 2497 636 l6.
2540 580 2837 637 Horrebam
2883 582 2983 636 ista
3032 581 3241 652 plurimi
3289 582 3342 637 in
3389 581 3503 652 ipsa
3552 586 3867 655 superstitione

2341 673 2592 730 lireretica
2620 675 2926 741 constituti;
2954 684 3008 730 et
3034 690 3155 732 cum
3193 675 3509 732 innocentiae
3546 694 3650 734 sua:
3674 680 3871 741 sufficere

2340 768 2728 823 arbitrarentur
2758 767 2896 837 quod
2926 768 3027 823 sibi
3072 768 3194 823 talia
3237 768 3610 839 displicerent,
3647 770 3869 833 dicebatur

2342 863 2421 917 eis
2440 877 2469 915 a
2490 861 2768 916 catholicis
2794 877 2805 913 :
2829 860 2885 915 Si
2916 860 3269 916 innocentiam
3293 869 3525 916 vestram
3548 861 3675 916 mala
3697 864 3778 920 ista
3794 884 3872 924 non

2345 956 2587 1027 polluunt
2605 996 2620 1020 ,
2655 954 2924 1025 quomodo
2953 954 3130 1010 dicitis
3152 954 3339 1009 orbem
3369 954 3700 1012 christianum
3722 959 3789 1015 vel
3806 959 3875 1019 ῐιΙι

2344 1050 2439 1115 sis,
2463 1049 2544 1104 vel
2565 1060 2711 1105 certe
2733 1049 2924 1119 ignotis
2950 1048 3217 1104 Carciliaui
3244 1048 3479 1119 peccatis
3497 1063 3613 1104 esse
3636 1050 3873 1119 pollutum?

2344 1142 2612 1213 quomodo
2641 1158 2736 1197 vos
2776 1141 2979 1197 nefario
3014 1142 3252 1208 scelere,
3296 1141 3368 1197 ab
3413 1141 3609 1197 unitate
3646 1143 3869 1213 catholica,

2346 1245 2597 1307 tanquam
2641 1238 2711 1291 ab
2746 1252 2870 1292 area
2910 1236 3177 1292 dominica
3214 1236 3507 1307 separatis,
3533 1252 3645 1307 quae
3670 1254 3812 1311 usque
3828 1243 3875 1297 ad

2349 1340 2559 1402 tempus
2587 1331 2941 1386 ventilationis
2970 1344 3193 1386 necesse
3216 1338 3301 1386 est
3327 1340 3387 1384 ut
3418 1327 3606 1385 habeat
3625 1341 3673 1386 et
3693 1330 3875 1389 frumen-

2350 1433 2461 1479 tum
2492 1422 2543 1478 in
2571 1422 2764 1478 horreo
2793 1420 3187 1478 recondendum
3206 1464 3222 1486 ,
3250 1431 3306 1477 et
3334 1422 3541 1491 paleam
3578 1422 3761 1492 ignibus
3781 1440 3875 1479 con-

2348 1517 2663 1573 sumendam
2689 1515 2899 1588 (Matth.
2914 1531 2992 1582 nt,
3013 1515 3081 1571 12
3106 1515 3167 1587 )‘i
3187 1515 3364 1585 Atque
3386 1515 3457 1569 ita
3478 1514 3762 1585 quibusdam
3778 1518 3876 1573 ratio

2348 1610 2702 1676 reddebatur,
2732 1617 2793 1663 ut
2821 1608 2985 1679 aliqui
3014 1606 3081 1662 ad
3112 1607 3371 1663 unitatem
3402 1606 3729 1670 catholicam.
3758 1609 3875 1663 etiam

2351 1700 2655 1757 inimicitias
2695 1700 3019 1770 perditorum
3060 1698 3229 1769 parati
3278 1698 3576 1764 sustinere,
3620 1699 3874 1763 transirent;

2350 1796 2442 1852 sed
2480 1797 2659 1867 plures
2678 1836 2693 1861 ,
2723 1794 2965 1865 quamvis
2995 1791 3047 1848 id
3076 1793 3311 1857 vellent,
3341 1806 3440 1847 eos
3465 1800 3635 1849 tamen
3668 1791 3874 1860 homines,

2349 1889 2542 1959 quibus
2573 1896 2713 1941 tanta
2746 1886 2918 1941 fuerat
2946 1885 3159 1941 licentia
3189 1883 3472 1951 saeviendi,
3505 1883 3726 1939 inimicos
3750 1882 3877 1939 facere

2351 1970 2456 2038 non
2501 1980 2813 2036 audebant:
2856 1977 3099 2033 nonnulli
3140 1979 3341 2048 quippe
3385 1976 3536 2042 illos,
3576 1990 3686 2031 cum
3724 1974 3779 2031 ad
3810 1992 3877 2031 nos

2354 2074 2688 2135 transissent,
2720 2070 3118 2127 crudelissimos
3149 2069 3289 2140 passi
3318 2078 3463 2126 sunt.

2425 2168 2510 2221 l7.
2552 2163 2759 2221 Accidit
2798 2163 2959 2218 etiam
2990 2170 3047 2217 ut
3075 2161 3212 2232 apud
3254 2161 3625 2232 Carthaginem
3658 2160 3876 2232 quemdam

2351 2260 2634 2316 diaconum
2662 2273 2838 2319 suum,
2868 2255 3084 2310 nomine
3107 2255 3508 2317 Maximianum,
3535 2263 3705 2309 contra
3725 2255 3878 2326 episoov

2354 2367 2478 2422 pum
2505 2365 2658 2405 suum
2684 2347 3080 2419 superbientem
3097 2388 3111 2411 ,
3142 2346 3364 2417 quidam
3405 2347 3752 2417 episcoporum
3775 2347 3877 2415 ejus.

2354 2444 2475 2499 dem
2507 2443 2705 2513 partis,
2747 2440 2886 2497 facto
2925 2438 3213 2493 schismate
3248 2446 3301 2493 et
3345 2438 3397 2493 in
3442 2436 3591 2508 plebe
3616 2435 3878 2507 Carthaginis

2355 2538 2521 2592 divisa
2549 2541 2699 2609 parte
2729 2534 2918 2590 Donati
2950 2532 3260 2588 ordinarent
3284 2531 3594 2602 episcopum
3623 2539 3777 2586 contra
3800 2530 3877 2597 epi-

2356 2644 2597 2700 sc0pum.
2630 2627 2780 2697 Quod
2812 2642 2935 2682 eum
2964 2639 3148 2680 eorum
3178 2623 3428 2697 pluribus
3453 2622 3750 2693 displiceret,
3774 2637 3879 2676 eum-

2356 2721 2477 2777 dem
2506 2720 2878 2775 Maximiauum
2907 2734 3028 2774 cum
3058 2717 3175 2773 aliis
3204 2716 3493 2773 duodecim
3532 2715 3614 2786 qui
3650 2714 3748 2786 ejus
3776 2715 3875 2769 ordi-

2359 2816 2559 2869 uatioui
2604 2824 2895 2885 praesentes
2936 2813 3232 2876 affuerant,
3276 2811 3686 2874 damnaverunt,
3723 2810 3875 2866 caeteris

2358 2915 2533 2962 autem
2580 2906 2647 2961 ad
2688 2905 2929 2961 eamdem
2961 2905 3270 2960 societatem
3308 2903 3612 2959 schismatis
3637 2902 3875 2973 pertinenti.

2358 3002 2491 3065 bus,
2528 3000 2616 3056 die
2651 3000 2977 3065 constituto,
3025 2999 3331 3053 facultatem
3378 2996 3625 3052 redeundi
3662 2994 3872 3051 dederunt

2356 3095 2461 3153 Sed
2506 3104 2688 3165 postea
2738 3111 2801 3149 ex
2849 3094 2980 3165 ipsis
3018 3092 3300 3147 duodecim
3351 3090 3637 3163 quosdam,
3664 3099 3711 3145 et
3730 3104 3781 3145 ex
3804 3088 3877 3142 illis

2358 3187 2552 3259 quibus
2582 3186 2766 3241 dilatio
2789 3185 2909 3240 data
2942 3184 3131 3249 fuerat,
3158 3192 3275 3253 post
3303 3184 3451 3237 diem
3483 3182 3690 3253 positum
3710 3178 3877 3235 reticuit.

2361 3288 2463 3346 tes,
2496 3287 2713 3349 propter
2741 3292 2922 3348 pacem
2966 3291 3117 3332 suam
3162 3277 3215 3331 in
3250 3275 3369 3330 suis
3400 3274 3671 3329 honoribus
3690 3285 3878 3340 suscepe-

2358 3381 2516 3434 runt;
2565 3379 2619 3426 et
2656 3383 3020 3440 quoscumque
3056 3377 3207 3423 extra
3246 3368 3488 3439 ipsorum
3527 3363 3873 3421 communionem

2360 3462 2592 3517 damnati
2639 3461 3069 3531 haptizavcrant,
3120 3458 3457 3529 rebaptizare
3496 3473 3596 3514 non
3637 3456 3733 3510 ausi
3769 3460 3871 3508 sunt.

2357 3554 2532 3626 Coepit
2564 3554 2666 3609 hoc
2695 3569 2879 3610 eorum
2922 3553 3117 3610 factum
3154 3562 3346 3608 contra
3394 3553 3512 3607 illos
3550 3566 3638 3622 pro
3667 3544 3871 3604 Catholica

2360 3649 2581 3703 multum
2628 3648 2835 3712 valere,
2880 3657 2939 3702 ut
2975 3661 3068 3701 ora
3106 3661 3290 3701 eorum
3323 3646 3536 3717 penitus
3560 3641 3867 3699 clauderentur.

2359 3741 2490 3809 Qua:
2514 3756 2601 3796 res
2626 3755 2745 3794 cum
2778 3740 2951 3810 (sicut
2975 3738 3292 3810 Oportebat)
3322 3738 3396 3793 ad
3424 3734 3671 3792 sanandos
3693 3731 3747 3786 ab
3767 3727 3867 3785 schi-

2361 3843 2531 3889 smate
2573 3833 2778 3887 animos
2821 3832 3093 3886 hominum
3147 3839 3491 3901 spargeretur
3536 3825 3798 3885 instantius,
3832 3829 3869 3873 et

2360 3939 2781 3996 quaquaversum
2814 3929 3057 3993 poterat,
3099 3920 3488 3976 catholicorum
3528 3914 3870 3975 sermonibustc

2360 4016 2805 4087 disputationibus
2832 4022 3220 4070 monstraretur
3245 4029 3342 4069 eos
3384 4029 3481 4085 pro
3517 4025 3637 4083 pace
3670 4003 3811 4062 Donati
3832 4008 3869 4055 ει

2360 4111 2641 4166 damnatos
2665 4125 2791 4165 suos
2818 4109 2869 4164 in
2893 4109 3148 4163 honorem
3170 4123 3323 4162 suum
3351 4108 3603 4178 integrum
3622 4096 3865 4168 suscepisse.

2361 4211 2416 4258 et
2442 4204 2765 4272 baptismum
2796 4216 2953 4272 quem
2980 4199 3216 4256 damnati
3248 4200 3333 4255 vel
3359 4200 3517 4255 etiam
3537 4194 3686 4259 dilati,
3711 4187 3805 4243 foris
3822 4184 3867 4235 ab

2363 4295 2605 4351 Ecclesia
2626 4310 2809 4351 eorum
2830 4294 3105 4357 dederant,
3126 4308 3230 4348 non
3253 4307 3415 4347 ausos
3436 4290 3593 4346 fuisse
3610 4281 3862 4341 rescindent

2361 4394 2415 4442 et
2440 4386 2556 4442 orbi
2587 4394 2849 4442 terrarum
2880 4393 3067 4440 contra
3098 4399 3282 4455 pacem
3309 4381 3507 4438 Christi
3541 4367 3862 4435 contaminatio-

2363 4494 2483 4535 nem
2505 4520 2520 4543 .
2553 4478 2733 4534 nescio
2763 4492 2986 4549 quorum
3006 4519 3019 4539 ,
3051 4475 3284 4546 objicerc
3327 4483 3678 4544 peccatorum,
3712 4472 3755 4518 et
3780 4472 3864 4549 era-

2362 4587 2522 4627 cuare
2541 4548 2860 4641 baptismum
2888 4570 2937 4623 in
2960 4569 3066 4624 illis
3086 4582 3298 4639 quoque
3315 4566 3563 4622 Ecclesiis
3581 4562 3749 4622 datum,
3766 4548 3861 4608 unde

2364 4665 2415 4718 in
2444 4663 2675 4718 Africam
2705 4663 2851 4718 venit
2877 4660 3050 4732 ipsum
3079 4658 3420 4729 Evangelium
3452 4674 3464 4710 :
3493 4651 3681 4727 plurimi
3701 4642 3858 4732 confult-

2363 4756 2658 4821 dehantur,
2698 4763 2753 4808 et
2792 4731 3069 4808 manifesta
3112 4752 3337 4806 veritate
3375 4750 3718 4805 erubescentes
3745 4731 3861 4792 corti-

2362 4847 2650 4918 gebantur,
2680 4845 2838 4900 solito
2863 4845 3105 4899 crebrius
3123 4885 3137 4908 ,
3165 4851 3217 4898 et
3243 4842 3412 4897 multo
3441 4838 3596 4908 magis
3622 4832 3859 4893 ubicumque

2363 4941 2431 4995 ab
2451 4955 2636 4994 eorum
2661 4939 2859 4993 smvitia
2889 4936 3181 5006 reSpirabat
3208 4935 3470 5005 aliquanta
3496 4931 3704 4985 libertas.

2438 5033 2524 5088 18.
2569 5033 2703 5086 Tum
2744 5046 2871 5085 vero
2914 5030 2987 5084 illi
3031 5029 3108 5083 sic
3149 5032 3487 5091 exarserunt,
3528 5029 3579 5078 et
3615 5014 3745 5073 tantis
3772 5012 3855 5063 Sun!

2365 5128 2608 5184 odiorum
2651 5124 2877 5181 stimulis
2920 5121 3156 5185 incitati,
3196 5128 3254 5173 ut
3282 5126 3460 5174 contra
3500 5124 3664 5169 eorum
3698 5098 3854 5160 insidias

2366 5231 2523 5292 atque
2562 5218 2841 5275 violentias
2887 5225 2941 5271 et
2986 5212 3319 5284 apertissima
3364 5204 3647 5267 latrocinia,
3682 5197 3750 5250 vix
3771 5189 3853 5245 ulla!

2368 5326 2564 5372 nostrm
2607 5309 2994 5368 communionis
3033 5305 3284 5362 Ecclesia:
3315 5308 3521 5376 possent
3549 5307 3657 5352 esse
3688 5294 3851 5344 secum

2367 5408 2452 5464 vix
2480 5406 2587 5462 ulla
2614 5406 2693 5459 via
2721 5413 2831 5459 tuta
2856 5416 2960 5473 qua
2985 5400 3087 5455 iter
3112 5406 3331 5469 agerent
3355 5394 3645 5467 quicumque
3664 5380 3851 5436 adversus

2366 5514 2551 5557 eorum
2590 5494 2791 5552 rabiem
2838 5507 3022 5565 pacem
3069 5488 3380 5546 catholicam
3428 5478 3758 5555 praedicarent.

2370 5606 2591 5662 rumque
2617 5587 2937 5646 dementiam
2969 5582 3243 5656 perspicua
3286 5579 3500 5636 veritate
3536 5558 3847 5662 φηνίξξοεξῗξξς

2370 5644 2547 5757 Usqu'e
2566 5683 2700 5738 adeo
2736 5694 2955 5750 prorsus
2986 5692 3091 5731 non
3120 5674 3289 5729 solum
3318 5668 3489 5733 laicis,
3514 5660 3589 5718 vel
3606 5644 3849 5757 quibuslibfl

2369 5740 2599 5841 cleiicis,
2624 5774 2719 5831 sed
2740 5740 2874 5843 ipsis
2893 5785 3101 5842 quoque
3121 5766 3384 5837 episcopis
3403 5752 3649 5816 catholicis
3662 5740 3848 5843 quod”?

2969 5825 3097 5917 dtira
3122 5825 3375 5915 conditio.
3414 5853 3513 5908 Aut
3544 5843 3664 5903 enim
3684 5825 3847 5893 ttlct'ltda
