3990 6414
168 326 244 381 θοι
1322 305 1798 365 EPISTOLARUM
1835 306 2114 367 CLASSIS
2155 308 2241 365 lll.

167 447 257 497 erat
280 434 478 499 veritas,
504 439 599 486 aut
623 442 805 485 eorum
832 425 1136 482 immanitas
1166 422 1501 494 perferenda.
1533 422 1635 479 Sed
1662 422 1710 478 si

165 530 325 587 vei-itas
350 533 636 587 taceretur,
668 535 772 575 non
801 519 975 573 solum
1007 533 1163 572 nemo
1193 516 1363 572 fuerat
1396 516 1513 586 ejus
1541 516 1711 571 silen-

104 638 105 641 ‘
166 624 221 678 tio
246 614 555 676 liberandus,
606 610 701 667 sed
745 610 893 665 multi
940 609 1100 664 etiam
1146 607 1358 663 illorum
1402 606 1714 662 seductione

164 709 378 786 perdendi
402 727 415 762 :
436 706 480 761 si
504 714 685 760 autem
703 701 939 758 veritatis
962 700 1339 772 praedicatione
1358 697 1508 755 furor
1525 712 1712 754 eorum

163 805 211 861 ad
244 798 548 859 smviendum
591 804 996 868 provocaretur,
1032 793 1300 863 aliquibus
1344 791 1579 847 liberatis
1618 804 1715 845 no-

163 896 351 965 strisque
380 890 624 953 ﬁrmatis,
654 903 838 962 rursus
865 902 896 942 a
924 885 1195 957 sequenda
1227 884 1451 940 veritate
1486 881 1714 938 formido

164 988 398 1059 impediret
427 984 687 1040 infirmos.
717 981 851 1038 Cum
875 982 1036 1051 igitur
1063 980 1144 1034 his
1169 978 1428 1050 angustiis
1454 976 1714 1048 afﬂigere-

163 1091 227 1135 tur
246 1076 491 1141 Ecclesia,
522 1075 764 1144 quisquis
795 1074 1064 1128 existimat
1104 1072 1283 1128 omnia
1330 1070 1509 1141 potius
1548 1068 1708 1123 sustic

163 1170 326 1235 nenda,
352 1183 505 1239 quam
536 1167 631 1222 Dei
658 1166 945 1230 auxilium,
974 1174 1029 1219 nt
1064 1179 1157 1235 per
1189 1162 1507 1219 christianos
1542 1161 1713 1230 impe-

164 1275 325 1322 ratores
340 1260 587 1325 ferretur,
608 1258 773 1315 fuisse
792 1257 1139 1328 poscendum,
1163 1270 1345 1327 parum
1367 1252 1591 1310 attendit
1605 1267 1715 1307 non

165 1360 315 1415 bonam
335 1355 399 1410 de
423 1354 521 1408 hac
546 1352 870 1424 negligentia
902 1348 1053 1405 reddi
1088 1349 1324 1419 potuisse
1358 1346 1639 1401 rationem.

214 1448 341 1506 CAP.
370 1446 504 1501 ιη-
522 1445 611 1500 19.
632 1443 783 1511 Quod
803 1443 944 1497 enim
964 1441 1144 1496 dicunt
1160 1439 1248 1510 qui
1265 1447 1450 1494 contra
1465 1451 1592 1491 suas
1609 1434 1715 1489 im-

164 1545 345 1615 pietates
357 1540 498 1613 leges
512 1539 692 1611 justas
709 1535 913 1593 institui
935 1535 1141 1601 nolunt,
1162 1548 1266 1589 non
1291 1532 1506 1602 petiisse
1525 1545 1554 1584 a
1576 1527 1717 1596 regio

165 1634 238 1689 bus
255 1641 390 1687 teme
408 1629 698 1700 Apostolos
724 1627 871 1693 talia,
898 1642 1003 1681 non
1026 1623 1367 1680 considerant
1386 1619 1529 1676 aliud
1552 1618 1716 1674 fuisse

165 1739 260 1783 tunc
276 1735 492 1795 tempus,
521 1731 579 1777 ct
597 1721 779 1777 omnia
803 1720 916 1774 suis
939 1716 1265 1787 temporibus
1287 1714 1393 1785 agi.
1418 1713 1549 1781 Quis
1568 1710 1714 1767 enim

165 1831 258 1875 tunc
292 1819 338 1873 in
378 1816 651 1872 Christum
694 1811 995 1869 crediderat
1033 1810 1354 1880 imperator,
1398 1806 1484 1876 qui
1530 1804 1580 1859 ei
1621 1817 1718 1873 pro

165 1911 318 1981 pietate
359 1916 541 1963 contra
596 1904 929 1975 impietatem
982 1902 1125 1971 leges
1185 1896 1404 1954 ferendo
1466 1894 1711 1960 serviret,

164 1999 333 2071 quando
357 1998 527 2053 adhuc
558 1996 696 2053 illud
725 1995 1090 2067 propheticum
1115 1990 1510 2060 complebatur,
1547 1987 1719 2053 Quare

166 2093 424 2160 fremuerunt
444 2099 643 2161 gentes,
670 2097 716 2143 et
745 2087 922 2159 pepuli
951 2084 1176 2139 meditati
1200 2092 1316 2136 sunt
1342 2080 1557 2135 inania?
1583 2078 1719 2133 Asti-

167 2191 291 2237 ιιι-χιιι
314 2198 445 2254 reges
473 2190 661 2248 terra,
708 2189 753 2232 et
793 2178 1045 2250 principes
1090 2182 1422 2229 converterunt
1465 2172 1519 2225 in
1561 2186 1719 2224 unum

166 2274 357 2329 aversus
374 2271 678 2340 Dominum,
706 2280 754 2325 et
777 2270 1015 2325 adversus
1038 2265 1294 2322 Christum
1313 2267 1420 2337 ejus
1444 2281 1461 2319 :
1483 2263 1717 2318 nondum

167 2375 304 2421 autem
335 2366 627 2437 agebatur,
656 2362 796 2435 quod
840 2361 996 2433 paulo
1034 2368 1152 2430 post
1195 2360 1247 2413 in
1292 2357 1481 2413 eodem
1512 2355 1719 2425 psalmo

167 2458 333 2525 dicitur,
356 2457 418 2513 Et
439 2475 574 2513 nunc
596 2474 743 2529 reges
765 2456 1062 2526 iutelligite;
1087 2452 1353 2508 erudimini
1373 2452 1459 2522 qui
1473 2449 1719 2522 judicatis

169 2561 352 2605 terr-ram.
384 2551 577 2607 Servite
611 2550 833 2605 Domino
858 2550 912 2604 in
938 2549 1145 2613 timore,
1175 2557 1222 2601 et
1257 2546 1501 2601 exsultate
1530 2544 1575 2599 ei
1605 2561 1719 2598 eum

170 2654 338 2699 tremore
358 2642 524 2716 (Ptol.
548 2660 618 2711 tt,
645 2644 699 2709 1,
723 2643 759 2697 2
777 2684 789 2705 .
829 2642 927 2710 10,
966 2642 1078 2711 11).
1108 2639 1387 2707 Quomodo
1411 2653 1538 2709 ergo
1566 2652 1719 2708 reges

170 2733 351 2790 Domino
384 2736 630 2790 serviunt
657 2735 709 2789 in
737 2734 929 2788 timore
951 2774 964 2797 ,
995 2731 1097 2787 nisi
1126 2746 1188 2786 ea
1213 2746 1333 2801 qua:
1361 2737 1546 2785 contra
1570 2728 1718 2797 jussa

170 2824 337 2882 Domini
379 2827 539 2893 ﬁunt,
584 2827 840 2898 religiosa
877 2825 1161 2881 severitate
1204 2822 1534 2894 prohibendo
1562 2832 1721 2891 atque

170 2917 433 2986 plectendo?
460 2919 639 2975 Aliter
662 2919 803 2974 enim
835 2919 1027 2983 servit,
1058 2917 1179 2987 quia
1209 2916 1369 2970 homo
1393 2924 1507 2981 est;
1540 2915 1717 2979 aliter,

168 3010 259 3077 quia
284 3011 428 3066 etiam
458 3027 551 3068 rex
576 3020 673 3067 est
697 3028 709 3064 :
740 3011 861 3081 quia
891 3009 1052 3065 homo
1081 3018 1181 3075 est,
1219 3008 1269 3063 ei
1303 3008 1468 3063 servit
1495 3006 1722 3061 vivendo

170 3102 382 3171 ﬁdeliter;
411 3105 529 3175 quia
559 3119 697 3159 vero
724 3104 883 3159 etiam
924 3120 1015 3158 rex
1054 3111 1172 3169 est,
1218 3102 1384 3156 servit
1411 3101 1555 3170 leges
1579 3100 1721 3171 justa

170 3195 485 3264 pmcipientes
509 3206 563 3251 et
596 3196 865 3250 contraria
892 3193 1238 3264 prohibentes
1269 3191 1606 3248 convenienti
1640 3192 1720 3246 vi-

170 3299 267 3351 gore
310 3286 615 3344 sanciendo.
676 3286 825 3343 Sicut
878 3286 1100 3341 servivit
1146 3284 1436 3349 Ezechias,
1485 3284 1631 3338 lucos
1669 3293 1723 3338 et

173 3377 323 3446 templa
347 3378 635 3444 idolorum,
666 3388 720 3433 et
746 3378 834 3433 illa
861 3377 1071 3432 excelsa
1098 3392 1218 3446 qua:
1247 3386 1430 3431 contra
1462 3383 1719 3445 praecepto

174 3467 244 3523 Dei
262 3467 452 3526 fuerant
475 3478 789 3527 constructa
817 3468 1141 3525 destruendo
1172 3466 1263 3540 (ιν
1286 3467 1414 3539 Reg.
1446 3482 1597 3533 xvtu,
1626 3465 1679 3538 4)
1706 3485 1718 3522 :

172 3559 275 3617 sicut
296 3563 498 3620 servivit
519 3563 723 3629 Josias,
741 3562 867 3616 talia
881 3570 934 3618 et
955 3563 1068 3631 ipse
1091 3560 1336 3617 faciendo
1363 3558 1547 3635 (Ibid.,
1567 3575 1717 3624 χχιιι,

173 3651 210 3713 4.
230 3651 273 3723 5)
300 3672 310 3706 :
339 3654 467 3709 sicut
488 3654 718 3711 servivit
742 3669 834 3709 rex
860 3653 1230 3719 Ninivitarum,
1255 3653 1555 3707 universam
1583 3652 1718 3706 civi-

174 3750 298 3797 tatem
317 3745 376 3800 ad
398 3746 718 3816 placandum
742 3746 1024 3800 Dominum
1049 3744 1422 3815 compellenda
1451 3744 1621 3817 (Jonw
1640 3759 1717 3811 ιιι,

174 3830 275 3904 6-9)
306 3854 319 3888 :
351 3836 482 3892 sicut
516 3837 744 3891 servivit
775 3836 995 3903 Darius,
1040 3835 1237 3891 idolum
1281 3835 1629 3905 frangendum
1668 3837 1722 3891 in

175 3932 443 3991 potestatem
477 3928 687 3983 Dasiieli
716 3927 925 3993 dando,
954 3937 1008 3982 et
1044 3927 1289 3982 inimicos
1327 3928 1442 3996 ejus
1482 3927 1724 3983 leonibus

176 4014 416 4084 ingerendo
437 4018 606 4092 (Dan.
634 4035 744 4085 xiv,
766 4019 857 4086 21,
882 4019 972 4088 41)
1000 4036 1012 4072 :
1043 4020 1179 4073 sicut
1201 4019 1417 4073 servivit
1444 4018 1723 4074 Nabucho-

176 4105 396 4181 donosor,
424 4113 490 4169 de
532 4129 643 4185 quo
679 4114 786 4184 jam
814 4113 1079 4179 diximus,
1112 4128 1301 4167 omnes
1341 4114 1392 4167 in
1435 4128 1599 4183 regno
1625 4128 1724 4168 suo

179 4201 339 4264 insitos
357 4219 384 4258 a
410 4204 833 4276 blasphemando
865 4205 973 4259 Deo
1001 4205 1117 4274 lege
1146 4205 1363 4258 terribili
1394 4204 1725 4274 prohibendo

181 4289 262 4356 (id.
280 4309 356 4359 ιιι,
382 4295 493 4367 96).
538 4298 597 4353 In
628 4297 729 4352 hoc
759 4312 887 4368 ergo
917 4296 1156 4351 serviunt
1185 4296 1408 4351 Domino
1446 4312 1631 4367 reges,
1670 4297 1724 4351 in

180 4396 387 4447 quantum
416 4400 537 4444 sunt
569 4403 752 4459 reges,
781 4404 900 4442 cum
942 4404 1007 4443 ea
1044 4388 1243 4444 faciunt
1280 4388 1347 4444 ad
1383 4388 1720 4445 serviendum

182 4472 252 4536 illi,
274 4491 380 4545 quze
403 4495 505 4534 non
534 4489 757 4550 possunt
788 4479 964 4535 facere
994 4480 1094 4535 nisi
1123 4495 1295 4550 reges.

233 4563 305 4620 ‘20.
335 4568 457 4624 Cmn
489 4571 667 4641 itaque
713 4569 947 4625 nondum
991 4586 1143 4641 reges
1190 4570 1413 4625 Domino
1461 4571 1726 4626 servirent

184 4661 464 4725 temporibus
507 4661 888 4731 Apostolorum
914 4702 928 4726 ,
985 4661 1080 4716 sed
1128 4660 1301 4715 adhuc
1344 4661 1727 4716 meditarentur

184 4748 325 4803 lautia
348 4753 596 4811 adversus
620 4753 903 4808 Dominum
932 4762 985 4807 et
1012 4751 1270 4808 adversus
1290 4752 1560 4808 Christum
1588 4754 1723 4823 ejus,

186 4849 229 4891 ul
263 4842 626 4914 Prophetarum
668 4846 917 4917 praedicta
957 4846 1132 4901 omnia
1166 4846 1585 4915 complerentur,
1618 4862 1725 4901 non

187 4932 332 5003 utilue
359 4947 477 4995 tunc
503 4949 718 5011 possent
748 4939 1049 5009 impietates
1078 4937 1283 5008 legibus
1312 4937 1600 5008 prohiberi,
1633 4937 1728 4993 sed

190 5026 331 5087 potius
354 5032 605 5087 exerceri.
638 5032 728 5087 Sic
748 5031 888 5086 enim
910 5030 1041 5085 ordo
1071 5039 1368 5098 temporum
1394 5029 1721 5095 volvebatur,

191 5124 233 5167 ut
266 5129 307 5172 et
343 5119 501 5177 Judaei
531 5121 1224 5211 oceiderentprmdicatorep
1238 5118 1455 5188 Christi,
1485 5130 1728 5190 putantes

191 5218 235 5260 se
278 5208 487 5269 ofﬁcium
540 5215 648 5269 Deo
696 5214 904 5280 facere,
948 5214 1085 5270 sicut
1125 5208 1444 5284 pnedixerat
1488 5214 1730 5270 Christus

192 5292 336 5361 Uttan.
359 5317 464 5369 xvi,
485 5304 559 5378 Ξ),
580 5315 635 5362 et
653 5305 853 5362 Gentes
880 5305 1166 5361 fremerent
1189 5304 1444 5360 adversus
1467 5304 1727 5361 Christia-

194 5399 289 5455 ¹¹¹ἐο
322 5402 368 5447 et
409 5411 588 5452 omnes
633 5397 881 5468 patientia
923 5409 1210 5469 martyrum
1252 5397 1505 5452 vinceret.
1540 5397 1727 5454 Postea

193 5489 297 5534 Vero
312 5498 456 5553 quam
483 5490 643 5559 erepit
682 5490 892 5559 impleri
915 5489 1056 5559 quod
1087 5489 1343 5555 scriptum
1371 5498 1472 5554 est,
1508 5487 1571 5541 Et
1597 5488 1727 5543 ado-

196 5568 344 5627 rabunt
365 5592 470 5630 eum
497 5596 663 5636 omnes
683 5597 823 5651 reges
848 5589 1016 5643 terrm;
1041 5596 1213 5633 omnes
1232 5589 1401 5650 gentes
1420 5580 1634 5633 servient
1650 5580 1732 5636 illi

198 5655 335 5727 (Ptol.
352 5681 484 5730 Lxxt,
501 5672 604 5743 ll);
622 5672 743 5743 quis
770 5681 950 5727 mente
973 5672 1183 5726 sobrius
1210 5669 1421 5740 regibus
1444 5671 1605 5737 dicat,
1621 5670 1728 5727 No-

200 5747 273 5808 lite
295 5769 461 5819 curare
488 5764 539 5820 in
568 5781 732 5839 regno
761 5776 939 5823 vestro
963 5780 995 5821 a
1022 5781 1125 5837 quo
1170 5772 1412 5821 teneatur
1437 5765 1523 5823 vel
1556 5782 1731 5839 oppu-

3304 308 3412 366 802

1814 434 2005 495 gnetur
2022 425 2260 482 Ecclesia
2276 424 2483 481 Domini
2507 432 2700 490 vestri;
2721 438 2825 480 non
2843 424 2911 480 ad
2934 440 3026 481 vos
3043 426 3326 495 pertineat,
3356 428 3407 482 in

1816 531 1981 587 regno
2010 525 2190 573 vestro
2218 516 2337 588 quis
2360 516 2483 572 verit
2500 531 2617 572 esse
2633 516 2745 571 sive
2765 516 3041 587 religiosus
3059 557 3075 583 ,
3111 519 3225 573 sive
3246 521 3412 574 sacri-

1816 605 1968 678 legus
1999 625 2012 662 :
2032 608 2224 679 quibus
2244 607 2349 663 dici
2378 623 2481 661 non
2503 616 2695 678 potest,
2714 605 2829 662 Non
2851 606 2916 662 ad
2940 622 3035 661 vos
3063 608 3339 678 pertineat,
3360 610 3413 665 in

1815 713 1983 770 regno
2002 708 2183 754 vestro
2209 700 2328 769 quis
2354 698 2481 754 velit
2509 697 2730 767 pudicus
2756 713 2895 762 esse,
2927 698 3046 768 quis
3074 698 3414 768 impudicus?

1817 790 1924 847 Cur
1940 794 2082 848 enim
2100 808 2222 848 cum
2239 792 2422 847 datum
2443 792 2512 847 sit
2529 790 2783 847 divinitus
2798 791 3000 846 homini
3026 792 3250 847 liberum
3271 793 3417 849 arbi-

1817 886 1999 951 trium,
2033 885 2291 941 adulteria
2320 886 2524 956 legibus
2553 885 2837 955 puniantur
2856 927 2870 949 ,
2903 893 2959 940 et
2992 885 3268 956 sacrilegia
3298 902 3417 955 per-

1818 976 2135 1031 mittantur?
2165 978 2243 1030 An
2277 976 2434 1031 [idem
2477 991 2580 1031 non
2610 991 2826 1031 servare
2857 976 3024 1032 levius
3063 987 3144 1032 est
3179 978 3414 1033 animant

1819 1068 1950 1135 Deo,
1982 1084 2140 1139 quam
2165 1068 2413 1123 feminam
2439 1068 2592 1123 viro?
2618 1078 2708 1122 aut
2733 1068 2776 1122 si
2804 1083 2867 1123 ea
2893 1084 3012 1137 qua:
3038 1084 3143 1121 non
3174 1082 3419 1125 contem—

1819 1169 1933 1231 ptu,
1981 1161 2075 1215 sed
2122 1160 2419 1230 ignorantia
2458 1160 2728 1231 religionis
2771 1160 3196 1225 committuntur,
3229 1162 3415 1217 mitius

1819 1251 2157 1318 vindicanda,
2193 1251 2447 1322 numquid
2479 1251 2598 1306 ideo
2626 1250 2943 1321 negligenda
2975 1251 3132 1305 sunt?

1889 1342 2117 1399 CAPUT
2146 1342 2229 1398 Vl.
2258 1373 2327 1383 —
2350 1342 2440 1397 2|.
2472 1342 2659 1398 Melius
2687 1351 2769 1398 est
2796 1343 3008 1413 quidem
3039 1342 3178 1413 (quis
3201 1342 3409 1399 dubita-

1820 1436 2036 1509 verit?)
2069 1436 2135 1491 ad
2180 1437 2348 1491 Deum
2400 1435 2683 1490 colendum
2720 1434 2961 1490 doctrina
2991 1434 3236 1490 homines
3255 1434 3375 1491 duci
3398 1476 3415 1503 ,

1820 1544 1978 1600 quam
2004 1543 2175 1599 paena":
2203 1529 2392 1583 timore
2415 1527 2498 1581 vel
2523 1527 2707 1582 dolore
2736 1527 2983 1596 compelli
3008 1544 3023 1582 :
3051 1527 3144 1581 sed
3173 1530 3418 1597 nonquia

1823 1622 1911 1677 iSti
1938 1621 2187 1676 meliores
2213 1629 2356 1685 sunt,
2387 1619 2509 1675 ideo
2536 1618 2610 1673 illi
2644 1619 2733 1689 qui
2770 1619 2902 1673 tales
2934 1635 3039 1673 non
3066 1630 3219 1681 sunt,
3248 1621 3417 1689 negli-

1820 1715 1976 1785 gendi
2022 1724 2163 1770 sunt.
2205 1714 2383 1768 Multis
2416 1714 2558 1769 enim
2590 1711 2787 1782 proluit
2828 1711 3006 1784 (quod
3040 1712 3419 1783 experimentis

1822 1805 2162 1876 probavimus
2212 1813 2269 1860 et
2318 1800 2638 1874 probamus)
2682 1803 2831 1872 prius
2876 1802 3065 1858 timore
3106 1802 3189 1856 vel
3232 1800 3421 1858 dolore

1822 1904 1960 1968 cogi,
1998 1906 2057 1952 ut
2094 1906 2277 1968 postea
2326 1906 2542 1966 possent
2574 1894 2777 1960 doceri,
2810 1903 2901 1948 aut
2925 1894 3066 1963 quod
3101 1894 3212 1963 jam
3240 1894 3418 1949 verbis

1820 1990 2137 2057 didicerant,
2185 2005 2349 2061 opere
2394 1988 2609 2044 sectari.
2660 1988 2975 2057 Proponunt
3014 1986 3165 2041 nobis
3202 1987 3418 2057 quidam

1823 2082 2145 2137 sententiam
2173 2079 2448 2151 cujusdam
2476 2078 2745 2134 saecularis
2765 2077 3020 2145 auctoris,
3040 2078 3129 2148 qui
3157 2076 3291 2132 dixit
3321 2095 3333 2131 :

2006 2192 2193 2243 Pudore
2217 2199 2270 2242 et
2290 2189 2584 2241 liberalitate
2601 2188 2785 2240 liberos

2009 2256 2257 2314 Retinere,
2280 2254 2434 2304 satius
2455 2266 2569 2315 esse
2592 2253 2759 2315 credo,
2781 2263 2929 2315 quam
2950 2259 3106 2301 metu.

2226 2312 2449 2379 (Terent.
2472 2313 2525 2366 in
2546 2312 2753 2379 Adelph.
2781 2312 2875 2364 det.
2896 2314 2943 2376 1,
2969 2325 3098 2365 scen.
3122 2313 3203 2378 1.)

1824 2421 1937 2477 lloc
1965 2421 2179 2492 quidem
2209 2435 2393 2477 verum
2414 2429 2529 2485 est;
2558 2419 2653 2475 sed
2682 2419 2819 2475 sicut
2846 2418 3099 2474 meliores
3137 2425 3261 2473 sunt
3283 2432 3420 2490 quos

1823 2513 2003 2584 dirigit
2029 2528 2200 2579 amor,
2226 2514 2297 2569 ita
2328 2514 2506 2584 plures
2532 2522 2656 2567 sunt
2679 2528 2813 2583 quos
2837 2512 3054 2582 corrigit
3081 2512 3257 2566 timor.
3285 2509 3421 2567 Nam

1823 2616 1882 2662 ut
1905 2607 1971 2662 de
1993 2608 2107 2677 ipso
2134 2616 2351 2663 auctore
2368 2606 2481 2662 istis
2502 2604 3062 2677 respondeatur,aputl
3086 2605 3236 2660 illum
3258 2604 3419 2660 etiam

1826 2699 2007 2770 legunt
2040 2715 2052 2752 :

2008 2817 2079 2860 1n
2098 2810 2191 2861 nisi
2214 2809 2342 2861 malo
2362 2816 2572 2871 coactus,
2591 2816 2730 2861 recte
2750 2810 2911 2861 facere
2928 2811 3109 2861 nescis.

1825 2917 1991 2971 Porro
2011 2928 2186 2972 autem
2207 2916 2477 2986 Scriptura
2499 2916 2693 2981 divina,
2715 2924 2768 2971 et
2788 2925 3007 2988 propter
3027 2915 3146 2970 illos
3165 2913 3421 2970 meliores

1824 3007 1975 3073 dixit,
2005 3006 2173 3060 Timor
2200 3017 2394 3061 nonest
2426 3007 2480 3061 in
2505 3006 2787 3072 charitate;
2815 3007 2904 3062 sed
2936 3010 3157 3079 perfecta
3198 3006 3423 3060 Charitas

1826 3102 1965 3171 foras
1990 3100 2139 3153 mittit
2168 3100 2397 3154 timorem
2424 3097 2653 3169 (lloan.
2707 3116 2781 3164 tv,
2830 3098 2949 3171 18);
2996 3108 3050 3155 et
3074 3105 3294 3169 propter
3320 3096 3419 3154 bos

1826 3189 2123 3257 inferiores,
2156 3192 2245 3261 qui
2275 3191 2455 3261 plures
2479 3200 2633 3257 sunt,
2664 3190 2772 3257 ait,
2824 3188 3000 3245 Verbis
3040 3207 3143 3245 non
3171 3191 3416 3244 emenda-

1825 3281 1957 3336 bitur
1994 3298 2165 3337 servus
2193 3282 2391 3348 durus;
2417 3284 2462 3337 si
2490 3284 2623 3338 enim
2645 3292 2690 3337 et
2714 3283 3038 3348 intellexerit,
3080 3299 3183 3337 non
3228 3282 3424 3339 obediet

1827 3374 2008 3449 (Prov.
2040 3390 2192 3441 χχιχ,
2226 3373 2339 3449 19).
2375 3374 2512 3431 Cum
2548 3374 2711 3442 dixit,
2742 3375 2919 3430 verbis
2948 3390 3070 3431 eum
3101 3389 3207 3430 non
3235 3390 3424 3431 emen-

1825 3469 1962 3536 dari,
1994 3484 2100 3524 non
2126 3484 2249 3524 eum
2268 3469 2429 3540 jussit
2451 3469 2652 3536 deseri,
2682 3469 2775 3525 sed
2804 3470 2964 3525 tacite
2988 3470 3264 3526 admonuit
3286 3469 3427 3528 unde

1825 3562 2019 3618 debeat
2059 3561 2334 3619 emendari
2369 3581 2383 3617 :
2414 3562 2648 3633 alioquin
2680 3579 2785 3617 non
2814 3562 3021 3618 diceret
3042 3603 3056 3625 ,
3110 3562 3283 3617 Verbis
3323 3578 3425 3617 non

1827 3654 2211 3720 emendabitur;
2237 3654 2332 3710 sed
2374 3654 2742 3711 tantummodo
2766 3654 2987 3722 diceret,
3018 3652 3135 3709 Non
3160 3653 3419 3711 emenda-

1826 3746 1989 3803 bitur.
2023 3747 2145 3802 Alio
2174 3746 2371 3817 quippe
2400 3747 2520 3802 loco
2547 3745 2679 3801 dicit
2709 3761 2813 3801 non
2844 3746 3017 3802 solum
3050 3761 3287 3813 servum,
3329 3745 3425 3802 sed

1826 3840 1986 3894 etiam
2017 3839 2182 3893 tilium
2214 3838 2658 3909 indiseiplinatum
2689 3838 2858 3909 plagis
2886 3853 3006 3895 esse
3025 3838 3378 3896 coercendum
3405 3856 3421 3906 ;

1826 3940 1883 3985 et
1912 3946 2102 4001 magno
2133 3931 2302 3986 fructu
2340 3950 2355 3987 :
2393 3947 2551 3998 nam,
2595 3930 2676 3985 Tu
2713 3931 2934 4000 quidem,
2974 3932 3165 4001 inquit,
3205 3932 3427 4003 percutis

1828 4038 1943 4076 eum
1967 4023 2131 4092 virga;
2144 4022 2366 4075 animam
2386 4037 2501 4075 vero
2519 4026 2628 4091 ejus
2648 4020 2886 4074 liberabis
2905 4038 2937 4075 a
2959 4032 3119 4075 morte
3138 4024 3155 4089 (
3167 4021 3247 4074 Id.
3273 4036 3421 4090 χχιιι,

1830 4113 1951 4181 ιι);
1977 4121 2032 4166 et
2054 4111 2177 4165 alibi
2210 4111 2358 4177 dicit,
2399 4112 2499 4177 Qui
2537 4110 2701 4180 parcit
2737 4111 2938 4175 baculo,
2963 4111 3069 4165 odit
3091 4111 3256 4179 ﬁlium
3276 4129 3426 4165 suum

1830 4202 1942 4274 (Id.
1977 4219 2090 4269 χιιι,
2120 4201 2233 4276 24).
2268 4203 2342 4259 Da
2369 4204 2508 4257 enim
2537 4203 2627 4272 qui
2667 4211 2809 4257 recta
2851 4202 2952 4257 [ide
2986 4217 3220 4273 vequue
3267 4203 3422 4259 intel-

1831 4295 1992 4359 lectu,
2023 4295 2147 4349 totis
2172 4296 2363 4349 animre
2386 4309 2499 4349 sua:
2519 4292 2721 4349 viribus
2744 4293 2906 4360 dicat,
2933 4293 3103 4350 Sitieit
3122 4295 3294 4350 animo
3308 4312 3423 4353 mea

1831 4387 1901 4441 ad
1943 4385 2110 4440 Deum
2148 4386 2348 4451 vivum;
2372 4386 2575 4456 quando
2604 4386 2819 4451 veniam,
2847 4396 2896 4441 et
2924 4388 3179 4457 apparebo
3205 4398 3322 4445 ante
3339 4394 3424 4462 fa-

1830 4481 1955 4535 ciem
1987 4478 2082 4534 Dei
2115 4478 2283 4550 (Psal.
2315 4495 2422 4545 xu,
2450 4478 2545 4552 3)?
2567 4488 2617 4533 et
2651 4478 2772 4534 huic
2797 4480 2911 4547 tali,
2944 4496 3049 4535 non
3077 4482 3250 4538 solum
3284 4492 3423 4539 tem-

1830 4575 2091 4646 poralium
2125 4589 2401 4645 poenarum
2421 4614 2437 4639 ,
2470 4573 2548 4627 vel
2580 4572 2931 4643 imperialium
2964 4573 3160 4646 legum.
3191 4575 3285 4631 sed
3328 4590 3428 4633 nec

1829 4666 2194 4737 gehennarum
2228 4665 2387 4721 timor
2411 4674 2493 4719 est
2525 4665 2881 4732 necessarius,
2913 4665 2997 4721 cui
3021 4675 3127 4720 tam
3150 4666 3425 4722 desidera-

1831 4758 1938 4814 bile
1965 4758 2160 4813 bonum
2188 4766 2272 4813 est
2301 4755 2576 4812 adhaerere
2601 4758 2728 4823 Deo,
2749 4768 2924 4813 utnon
2946 4758 3117 4812 solum
3139 4757 3207 4813 ah
3230 4759 3318 4815 illa
3348 4759 3425 4816 fe-

1832 4850 2029 4905 licitate
2047 4848 2290 4915 alienari,
2310 4855 2558 4919 tanquam
2587 4865 2833 4921 magnum
2856 4848 3169 4919 supplicium
3193 4849 3423 4921 perhor-

1833 4949 2024 5004 rescat,
2050 4955 2233 4995 verum
2263 4941 2423 4996 etiam
2451 4940 2650 4997 ditl‘erri
2676 4940 2898 4996 moleste
2925 4938 3079 4995 ferat.
3106 4939 3213 4997 Sed
3244 4952 3423 5001 tamen

1832 5041 2116 5101 antequam
2144 5030 2323 5087 dicant
2352 5031 2477 5087 boni
2509 5032 2620 5099 lilii,
2662 5030 3129 5101 Concupisceutiam
3166 5033 3425 5092 habemus

1832 5123 2058 5190 dissolvi,
2090 5133 2271 5178 etesse
2314 5141 2429 5178 cum
2466 5123 2663 5178 Christo
2703 5122 2962 5194 (Philipp.
3014 5139 3065 5191 ι,
3111 5124 3240 5198 25);
3273 5129 3424 5183 multi

1833 5218 1982 5288 prius
2003 5260 2016 5280 ,
2047 5226 2298 5287 tanquam
2329 5219 2450 5273 mali
2480 5217 2622 5273 servi
2660 5227 2715 5273 et
2757 5217 3153 5289 quodammodo
3197 5223 3423 5292 improbi

1832 5305 2063 5377 fugitivi,
2096 5307 2162 5361 ad
2197 5309 2474 5363 Dominum
2504 5322 2658 5362 suum
2692 5310 3066 5379 temporalium
3095 5311 3421 5383 ﬂagellorum

1833 5398 2059 5453 verbere
2083 5408 2421 5455 revocantur.

1905 5490 1996 5544 2‘2.
2014 5491 2144 5558 Quis
2165 5494 2305 5547 enim
2334 5507 2431 5546 nos
2457 5500 2633 5562 potest
2653 5494 2881 5563 amplius
2896 5509 3075 5549 amare
3094 5509 3253 5565 quam
3270 5496 3422 5553 Chri-

1832 5591 1969 5648 stus,
2000 5584 2087 5653 qui
2124 5583 2355 5638 animam
2381 5595 2531 5638 suam
2570 5586 2747 5655 posuit
2774 5600 2870 5654 pro
2897 5584 3083 5639 ovibus
3108 5587 3221 5641 suis
3240 5586 3419 5657 (Joan.

1834 5689 1889 5733 χ.
1918 5673 2046 5743 15)ἳ
2074 5675 2136 5729 Ει
2162 5684 2337 5730 ιιιιιιοιι
2362 5690 2482 5730 cum
2509 5674 2724 5731 Petrum
2750 5685 2806 5731 et
2832 5675 2967 5729 alios
2992 5678 3276 5746 Apostolus
3306 5681 3423 5737 solo

1833 5769 2002 5827 verbo
2032 5778 2298 5840 vocasset,
2325 5770 2549 5827 Paulum
2570 5771 2724 5840 prius
2752 5772 2998 5846 Saulum,
3023 5778 3276 5839 Ecclesiae
3314 5799 3422 5841 sine
