3990 6450
547 478 735 544 postea
762 480 1011 539 magnum
1041 460 1438 523 tediitcatorem,
1470 453 1563 511 sed
1609 448 1930 544 horrendum
1980 452 2136 544 antea

550 538 895 625 vastatorem,
915 574 1020 614 non
1043 556 1215 612 solum
1237 566 1366 608 voce
1394 539 1742 617 compescuit,
1771 556 1953 597 verum
1977 538 2140 594 etiam

552 664 816 730 potestate
841 649 1145 722 prostravit,
1174 655 1332 714 atque
1361 649 1415 696 ut
1444 633 2020 694 iniidelitatistencbris
2042 645 2145 730 sar-

552 723 783 805 vientem
805 745 869 799 ad
893 737 1302 798 desideraudum
1326 736 1503 788 lumen
1524 729 1703 785 cordis
1729 735 1941 798 urgeret
1963 726 1978 757 ¹
1997 723 2143 794 prius

555 837 796 910 corporis
812 836 1048 892 uecitate
1071 829 1350 901 percussit.
1371 825 1426 881 Si
1445 838 1598 895 paena
1619 821 1705 877 illa
1728 836 1831 875 non
1849 827 2010 880 esset,
2037 830 2143 910 non

554 932 623 988 ab
641 909 703 986 ea
724 926 1058 1000 postmodum
1087 929 1365 977 sanaretur
1392 937 1405 972 :
1433 928 1488 974 et
1517 915 1728 988 quando
1753 913 1950 983 apertis
1974 909 2144 966 oculis

555 1023 685 1080 nihil
707 1021 936 1087 videbat,
969 1019 1012 1072 si
1043 1033 1135 1073 eos
1164 1017 1340 1072 salvos
1371 1013 1610 1076 haberet,
1641 1025 1745 1064 non
1772 1007 1839 1062 ad
1859 1005 2147 1076 impositio-

558 1130 679 1172 nem
707 1128 896 1170 manus
926 1111 1142 1167 Ananize
1173 1153 1187 1173 ,
1229 1119 1286 1165 ut
1327 1122 1510 1163 eorum
1559 1103 1858 1176 aperiretur
1886 1101 2102 1156 obtutus
2125 1141 2140 1168 ,

554 1217 802 1276 tauquam
817 1218 1084 1274 squamas,
1100 1202 1292 1273 quibus
1307 1201 1520 1255 clausus
1539 1200 1731 1262 fuerat,
1747 1195 1871 1251 inde
1889 1193 2148 1249 cecidisse

554 1297 826 1368 Scriptura
858 1303 1099 1349 narraret
1118 1292 1252 1364 (Act.
1282 1307 1354 1357 ix,
1372 1289 1539 1360 1-18).
1555 1288 1654 1344 Ubi
1673 1297 1754 1343 est
1769 1286 1908 1358 quod
1927 1285 2011 1340 isti
2034 1285 2145 1340 cla-

555 1403 704 1446 mare
731 1394 1163 1444 consueverunt:
1196 1383 1444 1439 Liberum
1490 1389 1573 1436 est
1614 1380 1870 1443 credere,
1916 1377 2000 1432 vel
2041 1392 2144 1430 non

554 1481 815 1537 credere?
837 1480 920 1535 cui
942 1479 1048 1533 vim
1074 1476 1321 1533 Christus
1346 1473 1562 1530 intulit?
1583 1489 1738 1543 quem
1769 1470 1982 1542 coegit?
2011 1469 2148 1525 Ecce

557 1573 756 1629 habent
802 1572 1021 1628 Paulum
1066 1569 1404 1640 apostolum;
1454 1572 1747 1636 agnoscant
1791 1564 1842 1617 in
1889 1577 1954 1617 eo
2001 1561 2150 1632 prius

557 1673 838 1736 cogentem
867 1663 1162 1728 Christum,
1195 1670 1247 1714 et
1273 1669 1457 1730 postea
1487 1658 1764 1712 docentem
1779 1657 1930 1727 prius
1959 1652 2150 1708 ferien-

562 1768 701 1825 tem,
747 1766 801 1812 et
845 1764 1028 1826 postea
1065 1753 1449 1808 consolantem.
1487 1750 1672 1804 Mirum
1700 1756 1784 1804 est
1807 1755 1984 1802 autem
2015 1759 2150 1816 quo-

561 1851 721 1906 modo
749 1851 835 1904 ille
863 1849 951 1918 qui
996 1863 1151 1917 paena
1191 1845 1431 1916 corporis
1458 1844 1523 1898 ad
1552 1841 1895 1912 Evangelium
1936 1847 2152 1894 coactus

562 1944 796 2010 intravit,
827 1943 943 2013 plus
976 1941 1078 1994 illis
1103 1938 1347 1995 omnibus
1376 1937 1464 2007 qui
1491 1936 1605 1991 solo
1628 1934 1793 1990 verbo
1816 1933 1984 1987 vocati
2007 1939 2149 1999 sunt,

563 2037 616 2091 in
643 2034 928 2105 Evangelio
957 2031 1214 2088 laboravit
1240 2029 1293 2099 (l
1322 2027 1440 2084 Cor.
1470 2043 1557 2092 xv,
1584 2027 1696 2098 10);
1722 2033 1774 2079 et
1799 2039 1956 2095 quem
1984 2023 2154 2093 major

564 2129 725 2183 timor
747 2124 1004 2196 compulit
1032 2123 1096 2177 ad
1123 2123 1436 2178 charitatcm
1462 2163 1476 2187 ,
1509 2120 1621 2190 ejus
1650 2117 1883 2190 perfecta
1921 2117 2154 2173 charitas

565 2221 710 2277 foras
755 2221 898 2276 misit
947 2219 1214 2273 timorem.

635 2314 726 2367 25.
753 2313 858 2368 Cur
882 2326 1007 2382 ergo
1035 2324 1142 2364 non
1172 2315 1388 2378 cogeret
1410 2304 1648 2360 Ecclesia
1677 2303 1912 2374 perditos
1941 2302 2077 2357 ﬁlios
2099 2309 2158 2356 ut

566 2407 822 2474 redirent,
855 2405 899 2459 si
929 2403 1120 2475 perditi
1165 2401 1256 2455 lilii
1298 2409 1590 2470 coegerunt
1625 2399 1759 2452 alios
1789 2406 1846 2452 ut
1877 2396 2158 2467 perirent?

565 2500 817 2571 Quamvis
839 2499 997 2553 etiam
1029 2497 1143 2550 illos
1165 2511 1298 2565 quos
1329 2509 1433 2547 non
1459 2500 1770 2563 coegerunt,
1801 2489 1896 2545 sed
1926 2499 2158 2544 tantum-

568 2591 729 2648 modo
755 2589 1100 2656 seduxerunt,
1134 2587 1176 2640 si
1209 2602 1303 2656 per
1331 2584 1592 2639 terribiles
1623 2583 1715 2640 sed
1752 2582 1992 2637 salubres
2012 2581 2159 2652 leges

569 2685 619 2738 in
653 2682 767 2753 ejus
795 2679 1056 2752 gremium
1082 2686 1422 2742 revocentur,
1452 2675 1699 2730 blandius
1729 2675 1812 2745 pia
1845 2683 2014 2730 mater
2042 2689 2157 2728 am-

568 2776 834 2846 plectitur,
868 2781 920 2828 et
951 2773 1017 2826 de
1045 2772 1146 2826 illis
1177 2771 1341 2825 multo
1379 2769 1607 2839 amplius
1635 2783 1794 2839 quam
1828 2768 1896 2822 de
1922 2768 2004 2822 bis
2030 2782 2162 2837 quos

572 2883 840 2939 nunquam
884 2866 1189 2938 perdiderat
1217 2907 1229 2929 ,
1259 2864 1574 2935 gratulatur.
1608 2865 1798 2917 Annon
1829 2863 2059 2932 pertinet
2097 2861 2161 2915 ad

570 2959 897 3029 diligentiam
928 2956 1272 3026 pastoralem,
1300 2956 1456 3010 etiam
1485 2953 1604 3008 illas
1629 2969 1757 3008 oves
1777 2969 1897 3024 qum
1921 2969 2023 3007 non
2051 2953 2163 3007 vio-

572 3051 742 3105 lenter
761 3055 981 3118 erepta',
1009 3047 1102 3103 sed
1133 3046 1324 3101 blande
1349 3047 1644 3116 leniterque
1669 3045 1923 3109 scduetm,
1955 3061 1982 3097 a
2004 3059 2162 3115 grege

571 3141 959 3205 aberraverint,
994 3147 1045 3192 et
1075 3138 1142 3192 ab
1168 3139 1354 3192 alienis
1381 3137 1641 3207 emperint
1668 3136 1950 3208 possideri,
1979 3135 2165 3191 inven-

575 3245 655 3289 tas
676 3234 741 3289 ad
763 3233 900 3287 ovile
921 3233 1266 3298 dominicum,
1281 3234 1325 3288 si
1345 3232 1596 3287 resistere
1616 3232 1900 3301 voluerint,
1925 3230 2162 3303 ﬂagello-

577 3341 694 3380 rum
727 3324 1040 3387 terroribus,
1074 3324 1158 3377 vel
1187 3324 1347 3378 etiam
1379 3324 1650 3380 doloribus
1679 3339 1931 3380 revocare
1974 3343 1987 3380 :
2033 3341 2168 3395 prm-

578 3416 762 3471 sertim
790 3415 1039 3485 quoniam
1067 3417 1109 3468 si
1140 3413 1279 3484 apud
1304 3413 1550 3485 fugitivos
1580 3430 1766 3470 servos
1793 3425 1846 3470 et
1889 3415 2167 3486 praedones

574 3506 899 3563 fecunditate
946 3505 1394 3573 multiplicemur,
1430 3506 1545 3574 plus
1589 3504 1747 3561 habet
1783 3505 1920 3576 juris
1947 3505 2087 3576 quod
2115 3505 2166 3560 in

575 3601 656 3655 eis
692 3597 994 3652 dominicus
1028 3597 1307 3652 character
1333 3597 1669 3667 agnoscitur;
1702 3596 1790 3668 qui
1822 3598 1872 3650 in
1913 3597 1989 3652 eis
2035 3612 2169 3668 quos

578 3693 919 3761 suscipimus,
953 3705 1052 3744 nec
1079 3699 1254 3743 tamen
1284 3691 1674 3760 rchaptizamus
1696 3731 1710 3754 ,
1752 3689 1970 3744 minime
1996 3689 2162 3744 viola-

581 3785 702 3839 tur?
733 3785 822 3838 Sic
847 3782 988 3837 enim
1018 3797 1172 3837 error
1198 3782 1541 3850 Corrigendus
1570 3793 1651 3836 cst
1676 3782 1792 3836 ovis
1816 3823 1830 3846 ,
1877 3791 1934 3835 ut
1981 3798 2087 3835 non
2116 3782 2171 3836 in

580 3893 641 3933 ea
658 3884 1032 3947 corrumpatur
1048 3876 1377 3946 signaculum
1399 3875 1788 3945 Redemptoris.
1803 3875 1984 3946 Neque
2001 3875 2166 3943 enim,

581 3972 626 4027 si
655 3971 932 4042 quisquam
963 3969 1110 4040 regio
1139 3969 1445 4024 charactere
1487 3985 1514 4021 a
1562 3969 1770 4039 signato
1795 3968 2067 4024 desertore
2093 3969 2169 4023 si-

581 4073 793 4134 gnetur,
820 4070 875 4117 et
903 4061 1168 4131 accipiant
1191 4060 1213 4092 ⁸
1239 4060 1641 4131 indulgentiam,
1682 4071 1840 4131 atque
1872 4061 1959 4116 ille
1991 4060 2172 4116 redeat

581 4156 648 4210 ad
675 4154 933 4219 militiam,
956 4153 1044 4208 ille
1068 4163 1245 4208 autem
1268 4165 1386 4208 esse
1412 4154 1462 4207 in
1493 4154 1699 4220 militia,
1729 4152 1779 4208 in
1807 4168 1910 4224 qua
1938 4153 2170 4208 nondum

583 4256 718 4313 erat,
752 4246 1002 4316 incipiat;
1031 4245 1082 4300 in
1111 4246 1288 4316 aliquo
1318 4260 1502 4301 eorum
1531 4244 1811 4301 character
1846 4245 1936 4300 ille
1975 4246 2175 4300 rescin-

583 4339 756 4403 ditur,
780 4349 841 4390 ac
866 4350 972 4390 non
994 4337 1169 4405 potius
1196 4338 1246 4391 in
1268 4336 1528 4392 ambobus
1551 4338 1873 4408 agnoscitur,
1899 4345 1952 4392 et
1972 4337 2173 4391 honore

583 4428 786 4496 debito,
833 4426 1083 4496 quoniam
1134 4429 1311 4498 regius
1349 4435 1452 4494 est,
1494 4428 1830 4498 approbatur.
1885 4428 2016 4494 Quia
2047 4443 2174 4498 ergo

586 4536 690 4576 non
720 4535 940 4592 possunt
965 4527 1160 4580 malum
1188 4537 1308 4579 case
1329 4523 1613 4578 ostendere
1641 4538 1746 4592 quo
1772 4531 2052 4591 coguntur,
2079 4537 2176 4577 nec

585 4616 650 4671 ad
678 4616 873 4672 bonum
898 4629 956 4673 se
985 4619 1102 4689 cogi
1129 4626 1380 4687 oportere
1401 4616 1750 4672 Contendunt.
1781 4614 1887 4671 Sed
1909 4631 1937 4670 a
1959 4615 2175 4671 Christo

585 4719 825 4765 coactum
845 4710 1176 4766 ostendimus
1197 4708 1414 4762 Paulum
1441 4727 1456 4763 :
1479 4707 1717 4763 imitatur
1736 4707 1914 4778 itaque
1936 4707 2174 4763 Ecclesia

586 4805 637 4860 in
660 4801 776 4858 istis
796 4803 1050 4875 cogendis
1076 4803 1358 4858 Dominum
1398 4815 1576 4868 suum,
1607 4815 1726 4873 qua)
1757 4799 1903 4871 prius
1924 4809 1981 4856 ut
2002 4802 2176 4856 nemi-

585 4911 708 4951 nem
734 4905 948 4968 cogeret
975 4895 1324 4966 exspectavit,
1355 4903 1412 4949 ut
1437 4893 1504 4949 de
1534 4892 1633 4947 iide
1663 4907 1850 4964 regum
1871 4903 2028 4964 atque
2047 4908 2177 4965 gen-

586 4991 717 5044 tium
749 4990 1056 5060 praedicatio
1081 4989 1394 5061 prophetica
1421 4986 1800 5058 complcrctur.

657 5080 747 5135 2i.
794 5082 965 5137 Etiam
1011 5083 1137 5138 hinc
1176 5081 1316 5138 enim
1346 5097 1452 5136 non
1486 5079 1716 5136 absurde
1745 5078 2057 5152 intelligitur
2086 5081 2175 5136 illa

589 5173 878 5244 apostolica
908 5175 1198 5236 sententia,
1237 5173 1324 5228 ubi
1375 5173 1564 5228 Paulus
1593 5173 1774 5227 beatus
1795 5173 1924 5228 dicit
1956 5191 1968 5226 :
1997 5172 2178 5228 Parati

589 5265 768 5320 ulcisci
797 5281 994 5319 omnem
1021 5265 1428 5333 inobedientiam,
1451 5281 1564 5319 cum
1591 5264 1839 5336 complcta
1864 5266 2015 5335 fuerit
2039 5267 2179 5336 prior

589 5357 872 5412 obrdicntia
894 5366 1058 5412 vestra
1085 5357 1162 5429 (ll
1191 5357 1311 5414 Cor.
1343 5377 1392 5425 κ,
1423 5357 1501 5428 6).
1527 5357 1678 5414 Unde
1706 5367 1759 5411 et
1786 5357 1900 5426 ipse
1925 5358 2178 5414 Dominus

589 5449 656 5506 ad
680 5465 922 5521 magnam
940 5463 1148 5504 coenam
1171 5465 1320 5505 suam
1347 5451 1493 5520 prius
1518 5449 1705 5504 adduci
1731 5449 1882 5518 jubet
1905 5449 2174 5516 convivas,

654 5618 674 5682 ξ
699 5612 1002 5682 stss._decem
1026 5627 1039 5664 :
1067 5617 1217 5682 4mm
1244 5608 1546 5682 inﬁdelitatis
1571 5606 1780 5682 tenebris
1808 5604 2106 5669 satiatem,
2126 5607 2181 5659 ut

590 5677 1060 5749 ad‘ticsidermutupt
1080 5674 1237 5727 litium
1260 5674 1420 5749 cordis
1442 5679 1676 5749 stu-geret.
1921 5731 1998 5749 ﬂ.

625 5739 676 5854 ι’
701 5741 830 5812 rain,
859 5739 1080 5852 arfipt'at.
1107 5749 1212 5790 Mss.
1241 5743 1377 5799 vero,
1400 5730 1638 5802 accipiam
1654 5769 1669 5798 ,
1690 5733 1894 5797 scilicet,
1917 5731 2001 5799 qui
2021 5730 2182 5798 signat

595 5813 625 5851 α
669 5815 753 5865 qut
774 5816 912 5864 Signa
934 5814 1006 5851 ur.

1800 335 1858 392 S.
1900 323 2265 389 AUGUSTINI
2306 324 2610 384 EPISGOPI
3722 328 3811 386 804

2245 447 2430 513 postea
2474 439 2592 512 cogi
2625 455 2788 498 :nam
2825 454 2947 499 cum
2986 442 3038 500 ei
3085 443 3226 500 servi
3267 444 3355 501 sui
3400 446 3806 523 respondissent,

2250 534 2484 600 Domine,
2513 539 2702 607 factum
2732 545 2805 591 est
2832 536 2968 608 quod
2988 537 3210 609 iussisti,
3253 547 3302 594 et
3345 540 3518 594 adhuc
3553 553 3624 596 est
3655 545 3810 617 locus;

2249 626 2422 693 Exite,
2447 628 2633 699 inquit,
2665 630 2716 682 in
2743 630 2850 684 vias
2878 640 2925 684 et
2952 647 3113 700 sepes,
3143 641 3188 686 et
3227 642 3570 705 quoscumque
3591 637 3812 698 inveneri.

2249 718 2334 786 tis,
2358 719 2518 790 cogite
2543 721 2735 775 intrare
2763 721 2918 792 (Luc.
2955 738 3063 791 xw,
3109 723 3200 791 ΞΩ,
3230 723 3349 796 23).
3381 726 3440 782 in
3472 726 3575 784 illis
3602 744 3722 803 ergo
3739 738 3813 806 qui

2249 807 2440 865 leniter
2468 812 2641 881 primo
2687 812 2900 868 adducti
2950 825 3103 880 sunt,
3131 819 3401 888 completa
3432 829 3518 876 est
3544 821 3683 891 prior
3705 825 3813 884 ohe.
3849 855 3871 887 ,ι

2249 901 2483 968 dientia;
2531 905 2585 959 in
2633 903 2751 960 istis
2788 914 2969 962 autem
3004 908 3094 978 qui
3140 919 3441 981 coguntur,
3488 908 3860 976 inobedientiai

2249 1005 2530 1052 coercetur
2565 1015 2583 1051 ι
2623 1011 2746 1054 nam
2773 1000 2899 1071 quid
2927 1010 3028 1068 est,
3059 1004 3222 1076 cogite
3246 1005 3483 1073 intrare,
3527 1021 3646 1062 cum
3676 1012 3819 1079 primo
3855 1008 3857 1010 ’

2250 1087 2450 1143 dictum
2477 1097 2638 1156 esset,
2671 1093 2926 1161 adducite,
2973 1103 3026 1151 et
3067 1110 3393 1169 responsum
3425 1109 3591 1168 esset,
3632 1099 3822 1163 Factum

2250 1189 2324 1236 est
2348 1183 2484 1245 quod
2501 1182 2722 1253 jussisti,
2750 1194 2798 1238 et
2819 1185 2990 1240 adhuc
3027 1194 3099 1242 est
3137 1188 3324 1244 locus!
3368 1189 3428 1246 Si
3478 1189 3822 1256 miraculorum

2255 1273 2548 1328 terroribus
2575 1274 2846 1346 cogendos
2874 1278 3133 1334 voluisset
3159 1279 3389 1354 intelligi
3416 1299 3432 1348 ;
3464 1286 3632 1356 magis
3663 1287 3723 1344 ad
3746 1305 3822 1349 eos

2253 1367 2342 1436 qui
2391 1366 2540 1436 prius
2577 1368 2748 1422 vocati
2791 1377 2934 1437 sunt,
2971 1369 3152 1426 divina
3201 1374 3467 1432 miracula
3511 1379 3670 1434 multa
3712 1380 3822 1439 facta

2254 1472 2396 1528 sunt,
2441 1463 2671 1518 maxime
2698 1463 2764 1518 ad
2789 1463 3005 1520 Judmos
3029 1465 3096 1520 de
3122 1466 3318 1537 quibus
3342 1469 3552 1526 dictum
3582 1482 3661 1528 est
3681 1474 3824 1532 Judei

2255 1553 2400 1623 signa
2428 1563 2598 1620 petunt
2624 1554 2667 1626 (l
2689 1555 2808 1610 Cor.
2836 1572 2874 1624 ι,
2899 1556 2994 1630 εξ)
3024 1575 3039 1612 :
3065 1559 3116 1612 in
3146 1558 3272 1629 ipsis
3304 1576 3528 1634 quoque
3557 1560 3822 1623 Gentilibus

2258 1645 2378 1698 talia
2412 1647 2740 1716 temporibus
2776 1647 3152 1718 Apostolorum
3194 1653 3462 1706 miracula
3509 1650 3821 1727 Evangelium

2255 1737 2766 1792 commendaverunt
2786 1779 2800 1804 ,
2833 1741 2955 1794 utsi
2984 1742 3176 1796 talibus
3197 1743 3318 1815 cogi
3343 1743 3679 1814 juberentur,
3709 1753 3825 1820 prio-

2257 1842 2367 1893 res,
2391 1836 2448 1883 ut
2476 1828 2603 1893 dixi,
2629 1831 2804 1899 potius
2825 1833 3064 1886 convivae
3094 1834 3262 1888 coacti
3291 1849 3420 1891 esse
3449 1838 3639 1892 merito
3666 1841 3825 1897 crede-

2258 1929 2462 1978 rentur.
2491 1922 2845 1993 Quapmpter,
2869 1925 2912 1979 si
2940 1934 3204 1995 potestate
3228 1943 3393 1998 quam
3426 1945 3525 2001 per
3549 1931 3822 2004 religionem

2259 2025 2322 2067 ac
2351 2012 2506 2070 ﬁdem
2540 2029 2746 2086 regum,
2779 2025 3019 2088 tempore
3044 2033 3150 2090 quo
3179 2019 3403 2089 debuit,
3431 2022 3614 2079 divino
3640 2041 3827 2084 munere

2260 2109 2465 2177 accepit
2509 2109 2747 2165 Ecclesia
2767 2153 2783 2178 ,
2814 2109 2865 2165 hi
2897 2113 2985 2182 qui
3019 2112 3370 2170 inveniuntur
3395 2116 3450 2169 in
3483 2117 3580 2172 viis
3605 2126 3656 2174 et
3681 2117 3730 2174 in
3759 2134 3825 2176 se-

2261 2200 2437 2269 pibus,
2470 2200 2520 2254 id
2547 2212 2627 2257 est
2660 2203 2711 2257 in
2756 2202 3052 2260 ltzcresibns
3085 2215 3138 2261 et
3168 2207 3576 2277 schismatibus,
3602 2223 3826 2281 ceguntur

2262 2293 2497 2360 intrare;
2546 2310 2649 2350 non
2697 2297 2819 2368 quia
2849 2308 3110 2368 coguntur
3135 2299 3577 2369 reprehendant,
3619 2301 3705 2359 sed
3740 2321 3825 2376 quo

2263 2395 2541 2456 cogantur,
2581 2390 2876 2445 attendant.
2918 2391 3226 2448 Couvivium
3268 2393 3512 2460 Domini,
3566 2394 3728 2450 unitas
3764 2409 3838 2464 est,

2264 2479 2505 2547 corporis
2521 2479 2737 2546 Christi,
2760 2496 2863 2536 non
2893 2484 3063 2538 solum
3087 2485 3137 2538 in
3162 2485 3522 2542 Saoramcnto
3543 2487 3729 2554 altaris,
3749 2487 3823 2543 sed

2265 2572 2423 2625 etiam
2452 2572 2504 2625 in
2531 2573 2741 2628 vinculo
2771 2575 2934 2644 pacis.
2971 2576 3042 2630 De
3069 2576 3198 2646 ipsis
3229 2592 3364 2633 sane
3388 2567 3670 2649 pdssumus
3687 2581 3826 2635 veris-

2266 2665 2402 2721 sime
2439 2666 2620 2722 dicere
2656 2667 2795 2738 quod
2825 2669 3090 2725 neminem
3116 2681 3312 2742 cogant
3341 2673 3412 2727 ad
3439 2673 3631 2729 bonum
3660 2689 3822 2746 :quos-

2266 2774 2494 2830 cumque
2519 2761 2659 2813 enim
2683 2771 2897 2830 cogunt,
2929 2777 3034 2816 non
3064 2773 3262 2833 cegunt
3283 2766 3390 2820 nisi
3418 2764 3485 2820 ad
3510 2765 3715 2822 malum.

2337 2852 2563 2910 CAPUT
2607 2853 2714 2908 γη.
2746 2883 2818 2894 -
2851 2855 2940 2910 25.
2994 2857 3373 2913 Verumtamen
3420 2868 3690 2930 antequam
3732 2859 3823 2916 ista

2269 2950 2414 3018 leges
2441 2949 2634 3018 quibus
2659 2950 2723 3003 ad
2750 2948 3049 3004 convivium
3081 2959 3324 3005 sanctum
3357 2961 3616 3022 coguntur
3638 2952 3819 3018 intrare,

2269 3041 2322 3096 in
2348 3041 2576 3096 Africam
2608 3041 2965 3109 mitterentur,
2999 3043 3262 3097 nonnullis
3289 3043 3548 3100 fratribus
3570 3042 3818 3108 videbatur,

2270 3135 2322 3189 in
2352 3135 2544 3205 quibus
2579 3144 2632 3189 et
2669 3149 2768 3204 ego
2789 3150 2934 3189 cram
2955 3176 2969 3201 ,
2998 3135 3237 3206 quamvis
3267 3137 3658 3194 Donatistarum
3681 3136 3821 3192 rabies

2270 3242 2650 3298 usquequaque
2680 3228 2918 3295 saeviret,
2949 3242 3053 3283 non
3080 3232 3201 3284 esse
3231 3229 3522 3300 petendum
3547 3228 3611 3285 ab
3635 3229 3820 3298 impera-

2274 3323 2476 3377 toribus
2505 3331 2560 3376 ut
2591 3323 2758 3393 ipsam
2789 3322 3034 3377 lneresim
3057 3321 3308 3390 juberent
3338 3321 3560 3378 omnino
3587 3336 3681 3377 non
3706 3334 3816 3384 esse,

2273 3431 2483 3486 poenam
2513 3415 2883 3471 constituendo
2911 3414 2989 3470 cis
3023 3415 3109 3486 qui
3149 3415 3202 3470 in
3240 3416 3330 3470 illa
3382 3431 3502 3472 esse
3541 3415 3815 3478 voluissent;

2272 3506 2365 3562 sed
2401 3507 2499 3560 hoc
2528 3505 2703 3577 potius
2739 3507 3154 3572 constituerent,
3187 3515 3244 3561 ut
3265 3522 3460 3564 eorum
3500 3507 3706 3562 iuriosas
3726 3504 3815 3558 vio-

2273 3597 2462 3652 lentias
2489 3613 2592 3652 non
2626 3606 2937 3670 paterentur
2972 3599 3062 3671 qui
3103 3598 3384 3654 veritatem
3424 3595 3716 3653 catholicam
3753 3591 3816 3646 vel

2277 3691 2628 3763 pra'dicarent
2677 3691 2986 3762 loquendo,
3039 3693 3121 3748 vel
3175 3693 3417 3764 legerent
3476 3685 3813 3747 constituendo.

2275 3783 2425 3852 Quod
2467 3800 2532 3839 eo
2567 3783 2726 3840 modo
2761 3782 2875 3840 ﬁeri
2907 3784 3239 3854 aliquatenus
3267 3799 3430 3854 posse
3463 3779 3813 3840 arbitrabamur,

2277 3877 2320 3934 si
2352 3880 2519 3949 legem
2547 3879 2797 3950 piissimae
2823 3880 3095 3933 memoria:
3125 3878 3436 3945 Theodosii,
3469 3893 3617 3950 quam
3639 3885 3815 3946 genera-

2276 3972 2398 4027 liter
2442 3971 2496 4026 in
2547 3987 2734 4028 omnes
2783 3973 3060 4050 inereticos
3113 3974 3489 4045 promulgavit,
3541 3971 3604 4026 Ut
3641 3963 3816 4040 quisqui:

2277 4081 2448 4120 eorum
2477 4065 2742 4136 episcopus
2765 4067 2841 4120 vel
2865 4066 3075 4120 clericus
3105 4064 3309 4120 ubilibet
3341 4074 3468 4120 esset
3493 4065 3725 4122 inventus,
3750 4057 3813 4109 de-

2276 4174 2380 4212 cem
2426 4157 2567 4212 libris
2601 4159 2715 4213 auri
2753 4157 3071 4226 multaretur,
3114 4159 3424 4230 expressius
3462 4157 3511 4214 in
3544 4153 3811 4214 Donatistas,

2277 4251 2368 4320 qui
2407 4263 2467 4305 se
2503 4249 2769 4322 negabant
2795 4251 3072 4307 haereticos
3092 4294 3106 4318 ,
3136 4252 3205 4306 ita
3235 4254 3640 4315 conﬁrmarent,
3664 4253 3813 4299 utnon

2279 4356 2466 4400 omnes
2492 4357 2552 4398 ea
2580 4343 2739 4397 multa
2768 4341 3074 4410 ferirentur,
3106 4342 3201 4398 sed
3233 4344 3282 4397 in
3308 4358 3534 4414 quorum
3564 4333 3812 4408 regionibus

2279 4436 2486 4506 aliquas
2515 4433 2800 4490 violentias
2833 4449 2860 4487 a
2889 4433 3117 4501 clericis,
3147 4435 3231 4489 vel
3257 4451 3286 4488 a
3315 4424 3808 4492 Circumcellionibus,

2280 4528 2360 4580 vel
2393 4525 2601 4596 populis
2628 4541 2814 4580 eorum
2838 4567 2853 4593 ,
2897 4525 3133 4581 Ecclesia
3179 4525 3441 4581 catholica
3483 4522 3812 4595 patereturzut

2280 4618 2484 4674 scilicet
2512 4627 2632 4690 post
2657 4619 3095 4689 protestationem
3119 4617 3510 4672 Catholicm-um
3532 4613 3612 4684 qui
3632 4609 3810 4665 fuissent

2280 4714 2382 4770 ista
2426 4712 2697 4782 perpessi,
2743 4709 2854 4782 jam
2893 4726 3020 4766 cura
3068 4709 3313 4765 ordinum
3355 4710 3423 4766 ad
3465 4698 3807 4778 persolveudam

2281 4807 2504 4864 multam
2536 4805 2772 4876 episcopi
2814 4805 2925 4860 sive
2961 4804 3186 4858 ministri
3217 4804 3394 4858 ets-teri
3434 4805 3725 4857 tenerentur.
3752 4787 3805 4841 Ita

2281 4904 2422 4958 enim
2453 4897 2886 4956 existimabamus
2915 4898 2991 4952 eis
3023 4897 3254 4964 territis,
3302 4907 3356 4951 et
3392 4893 3516 4949 nihil
3555 4889 3649 4944 tale
3671 4883 3806 4939 facere

2282 4988 2634 5052 audentibus,
2681 4999 2838 5056 posse
2861 4983 3026 5038 libere
3054 4981 3232 5037 doceri
3272 4992 3325 5037 et
3367 4977 3527 5038 teneri
3547 4969 3798 5029 catholicam

2282 5085 2558 5138 veritatem
2578 5124 2592 5147 ,
2625 5089 2683 5135 ut
2710 5079 2777 5134 ad
2813 5093 2932 5132 eam
2969 5085 3248 5147 cogeretur
3286 5088 3474 5137 nemo,
3504 5064 3589 5124 sed
3615 5075 3711 5117 eam
3735 5057 3800 5124 ‘l'li

2283 5179 2398 5234 sine
2429 5174 2709 5232 formidine
2735 5173 2899 5230 vellet
2917 5215 2931 5238 ,
2957 5181 3300 5244 sequeretur,
3330 5189 3396 5228 ne
3425 5170 3573 5227 falsos
3596 5174 3642 5221 et
3664 5159 3793 5218 simu-

2284 5273 2479 5326 latores
2507 5266 2798 5324 catholicos
2823 5265 3162 5320 haberemus.
3194 5263 3258 5320 Et
3282 5265 3511 5336 quamvis
3537 5258 3640 5314 aliis
3661 5246 3794 5307 fratri-

2286 5366 2383 5420 bus
2409 5361 2549 5418 aliud
2577 5359 2869 5425 videretur,
2881 5358 2990 5429 jam
3003 5367 3158 5412 actate
3184 5357 3522 5428 gravioribus,
3549 5347 3622 5404 vel
3645 5341 3789 5436 multa:

2289 5475 2403 5514 rum
2430 5457 2697 5510 civitatum
2729 5463 2782 5508 et
2810 5453 3046 5507 locorum
3076 5451 3314 5520 exempla
3345 5438 3698 5507 cernentibus‘.
3727 5429 3790 5484 “bi

2288 5552 2496 5608 ﬁrmant
2531 5557 2586 5604 et
2612 5561 2793 5604 veram
2825 5544 3141 5600 catholicam
3169 5543 3469 5599 videbamus
3488 5579 3504 5609 ,
3527 5547 3628 5608 quae
3653 5535 3784 5582 tamen

2292 5800 2319 5845 c
2352 5729 2366 5763 ί
2392 5727 2611 5843 δέξώλὺῐέιιὶε
2640 5737 2670 5778 e
2692 5723 2838 5778 vatio.
2861 5729 2967 5775 ass.
2995 5720 3123 5774 Alter
3142 5755 3156 5784 ,
3187 5711 3498 5773 narrantibus.
3528 5701 3620 5761 εδδ·
3641 5701 3779 5756 δίκην

2322 5803 2408 5843 urr
2592 5819 2605 5837 .

2322 5803 2605 5843 υννεωιοω.
