3990 6438
142 324 222 383 ωδ
1286 304 1762 365 EPISTOLARUM
1800 302 2079 363 CLASSIS
2122 308 2215 364 lll.

143 440 196 495 ibi
226 432 399 490 talibus
425 428 706 486 beneficiis
731 427 823 484 Dei
849 426 1137 483 constituta
1164 431 1309 483 esset
1328 432 1487 494 atque
1512 422 1691 476 firma-

142 542 197 593 ta,
229 525 341 582 dum
382 537 477 593 per
502 519 745 592 priorum
772 519 1151 590 imperatorum
1181 517 1325 589 leges
1351 515 1416 571 ad
1447 530 1688 571 commu-

142 611 584 679 nionem'homines
613 611 929 666 catholicam
970 618 1331 680 cogerentur;
1364 607 1690 662 obtinuimus

143 726 281 771 tamen
309 717 364 765 ut
385 706 512 763 illud
546 706 723 777 potius
752 703 893 775 quod
917 702 1046 769 dixi,
1075 702 1141 758 ab
1171 703 1578 774 imperatoribus
1600 717 1691 771 pe-

142 817 302 863 teretur
326 821 339 857 :
368 801 645 856 decretum
674 806 753 853 est
778 800 830 851 in
860 796 1087 853 concilio
1114 805 1297 852 nostro
1318 794 1416 870 (a),
1441 795 1597 866 legati
1621 793 1689 849 ad

142 898 413 957 Comitatum
436 892 585 948 missi
613 902 758 946 sunt.

192 990 263 1045 26.
297 986 393 1042 Sed
426 985 519 1040 Dei
551 984 730 1053 major
759 981 1123 1039 misericordia
1146 1021 1163 1049 ,
1190 981 1283 1053 qui
1311 983 1475 1036 sciret
1498 978 1686 1034 harum

142 1082 274 1153 legum
302 1088 467 1134 terror
503 1086 559 1132 et
592 1075 841 1147 quaedam
888 1074 1219 1131 medicinalis
1245 1072 1489 1128 molestia
1527 1089 1686 1145 quam

144 1172 377 1230 multorum
413 1177 558 1224 esset
587 1169 765 1239 pravis
792 1167 875 1222 vel
908 1165 1112 1238 frigidis
1140 1165 1335 1222 animis
1365 1164 1685 1231 necessaria,

142 1265 267 1322 etilli
299 1263 499 1318 duritia:
537 1278 665 1333 qua:
701 1261 877 1317 verbis
916 1260 1188 1316 emendari
1228 1276 1333 1315 non
1364 1268 1559 1332 potest,
1588 1258 1683 1315 sed

144 1365 276 1413 tamen
296 1355 614 1426 aliquantula
647 1354 931 1409 severitate
956 1352 1253 1423 disciplinae
1277 1360 1471 1424 potest,
1503 1352 1552 1406 id
1579 1352 1689 1423 egit

145 1460 186 1506 ut
198 1450 324 1521 legati
342 1448 504 1504 nostri
517 1446 665 1518 quod
678 1457 1044 1520 susceperant,
1064 1446 1305 1502 obtinere
1323 1462 1424 1500 non
1444 1454 1685 1517 possent.

144 1542 228 1599 iam
251 1542 374 1598 enim
396 1556 496 1596 nos
521 1549 895 1611 praevenerunt
913 1555 978 1595 ex
1006 1539 1122 1594 aliis
1153 1539 1284 1594 locis
1303 1539 1547 1611 quaedam
1568 1537 1685 1609 epi-

142 1650 369 1706 scaporum
396 1634 635 1704 querela:
672 1634 1037 1705 gravissimae,
1076 1634 1165 1705 qui
1205 1634 1344 1690 mala
1380 1634 1591 1690 fuerant
1618 1634 1688 1691 ab

143 1727 238 1799 ipsis
258 1726 405 1782 multa
430 1728 700 1799 perpessi,
724 1734 779 1782 et
800 1743 829 1781 a
853 1727 966 1781 suis
986 1726 1206 1787 sedibus
1230 1728 1529 1796 exturbati;
1560 1743 1685 1798 prte-

142 1821 257 1891 cipue
287 1819 541 1875 horrenda
573 1828 632 1875 et
659 1819 986 1876 incredibilis
1029 1818 1206 1876 caedes
1234 1819 1539 1875 Maximiani
1566 1820 1685 1890 epi-

144 1916 253 1986 scopi
274 1914 507 1971 catholici
537 1913 801 1972 Ecclesia:
834 1915 1138 1986 Bagaiensis
1161 1915 1177 1947 ¹
1205 1915 1381 1972 elTecit
1421 1924 1477 1971 ut
1505 1922 1685 1970 nostra

144 2009 290 2079 legatio
312 2008 413 2079 jam
448 2008 579 2079 quid
608 2017 797 2080 ageret
827 2023 932 2064 non
979 2008 1219 2065 haberet.
1261 2008 1379 2064 Jam
1423 2008 1565 2064 enim
1596 2007 1680 2063 lex

146 2100 271 2157 fuerat
293 2102 614 2172 promulgata
632 2142 648 2168 ,
680 2112 737 2157 ut
766 2110 926 2157 tanta:
959 2100 1304 2156 immanitatis
1329 2100 1551 2156 haeresis
1577 2100 1682 2155 Do-

146 2195 429 2262 natistarum,
457 2193 543 2249 cui
573 2194 850 2250 crudelius
876 2193 1024 2265 parci
1062 2192 1342 2250 videbatur
1377 2208 1537 2265 quam
1571 2194 1684 2264 ipsa

146 2288 379 2356 taviebat,
429 2304 536 2346 non
588 2299 801 2346 tantum
852 2291 1085 2346 violenta
1133 2304 1274 2354 esse,
1324 2287 1416 2345 sed
1465 2289 1683 2343 omnino

144 2397 231 2438 esse
264 2397 355 2439 non
400 2384 672 2440 sineretur
733 2386 950 2454 impune
989 2400 1002 2437 :
1044 2398 1152 2438 non
1194 2393 1369 2438 tamen
1423 2382 1684 2452 supplicio

145 2476 326 2547 capitali,
343 2487 556 2548 propter
576 2477 897 2533 servandam
916 2476 1077 2532 etiam
1094 2476 1234 2531 circa
1262 2475 1507 2545 indignos
1533 2490 1683 2529 man-

145 2570 417 2626 suetudinem
436 2571 789 2627 christianam
807 2612 823 2638 ,
850 2569 943 2625 sed
970 2568 1291 2641 pecuniariis
1315 2567 1527 2623 damnis
1556 2581 1682 2637 pro-

145 2664 299 2731 positis
336 2672 388 2721 et
420 2665 472 2721 in
513 2666 803 2737 episcopos
843 2665 926 2720 vel
966 2664 1240 2720 ministros
1281 2677 1463 2718 eorum
1492 2660 1682 2717 exsilio

144 2755 391 2810 constituto.

191 2844 263 2899 υ.
296 2846 664 2919 Supradictnm
709 2850 906 2919 quippe
955 2849 1268 2919 episcopum
1307 2846 1673 2917 Bagaiensem,

48 2918 53 2921 ⁴
144 2938 340 3006 quoniam
364 2918 502 3010 apud
526 2918 861 2995 ordinarium
879 2918 1112 3009 judicem
1132 2918 1153 3005 ,ί
1177 2940 1317 2994 dicta
1344 2939 1481 2993 inter
1503 2946 1680 3007 partes

143 3032 390 3097 sententia,
425 3032 735 3087 obtinuerat
773 3032 1043 3088 basilicam
1082 3032 1191 3106 (ὁ),
1224 3047 1382 3101 quam
1421 3030 1519 3097 illi,
1557 3045 1679 3085 cum

144 3121 347 3178 catholica
374 3134 533 3192 esset,
559 3126 889 3191 invaserant,
920 3132 1149 3178 stantem
1179 3122 1246 3179 ad
1274 3124 1443 3178 altare
1472 3123 1679 3178 irruen-

144 3221 201 3266 tes
238 3215 477 3271 horrendo
519 3219 727 3289 impetu
774 3225 828 3274 et
876 3216 1056 3272 furore
1090 3216 1332 3283 crudeli,
1374 3215 1599 3270 fustibus
1627 3224 1681 3270 et

144 3302 444 3373 cuiuscemodi
479 3309 635 3374 telis,
672 3310 828 3380 lignis
868 3309 1098 3380 denique
1121 3308 1358 3379 ejusdem
1388 3309 1571 3363 altaris
1596 3306 1677 3363 ef-

145 3393 254 3452 fracti
274 3398 561 3459 immaniter
584 3403 926 3468 ceciderunt;
960 3400 1190 3474 pugione
1209 3404 1369 3459 etiam
1397 3418 1676 3474 percusse-

46 3532 49 3533 ν
145 3496 234 3543 runt
262 3491 306 3545 in
348 3493 593 3565 inguine;
628 3511 737 3566 quo
780 3495 1007 3552 vulnere
1044 3497 1261 3566 sanguis
1290 3494 1515 3552 effluens
1553 3511 1676 3552 cum

146 3583 384 3643 exanimem
412 3589 694 3656 redderet,
734 3591 834 3646 nisi
878 3592 928 3646 ei
966 3590 1033 3646 ad
1069 3590 1230 3647 vitam
1272 3591 1445 3661 major
1475 3591 1676 3646 saevitia

147 3686 284 3731 eorum
322 3681 618 3749 profuisset.
658 3681 790 3738 Nam
829 3698 949 3738 cum
988 3683 1220 3754 graviter
1252 3685 1541 3738 sauciatum
1582 3698 1679 3754 per

145 3773 289 3825 terram
314 3772 521 3847 insuper
549 3780 860 3843 traherent,
886 3778 1172 3833 exundanti
1200 3792 1349 3833 vente
1378 3780 1549 3849 pulvis
1576 3778 1674 3833 ob.

146 3862 301 3917 stratus
322 3868 627 3935 sanguinem
664 3869 920 3925 abstinuit
943 3870 984 3934 ί,
1018 3869 1168 3939 cujus
1191 3869 1449 3927 effusione
1486 3871 1593 3925 ibat
1623 3871 1674 3925 in

146 3956 336 4010 mortem.
369 3957 564 4017 Deinde
601 3975 725 4017 cum
755 3961 824 4016 ab
850 3962 931 4018 eis
967 3961 1179 4017 tandem
1208 3962 1480 4027 relictum.
1506 3964 1674 4018 nostri

148 4048 232 4095 Cum
257 4048 453 4113 psalmis
472 4052 684 4109 aufurre
712 4062 1009 4121 tentarent,
1033 4055 1104 4108 illi
1127 4056 1201 4109 ira
1229 4055 1532 4111 ardentiore
1553 4072 1676 4113 suc-

146 4134 269 4202 censi,
292 4154 400 4196 eum
424 4144 488 4199 de
514 4146 841 4216 portantium
872 4149 1120 4203 manibus
1148 4148 1506 4217 abstulerunt,
1537 4153 1675 4207 male

147 4224 328 4284 multatis
358 4232 647 4311 fugatisque
680 4239 1000 4305 Catholicis,
1030 4255 1165 4310 quos
1199 4241 1396 4311 ingenti
1433 4242 1672 4297 multitu-

146 4311 235 4372 dine
253 4328 582 4398 Supcntbant,
613 4340 666 4386 et
708 4331 860 4387 facile
897 4333 1172 4389 sreviendo
1212 4333 1503 4390 terrebant.
1547 4335 1673 4392 Inde

146 4403 183 4457 in
205 4416 448 4480 quamdam
470 4430 672 4481 torrent
703 4425 955 4495 levatum,
978 4426 1087 4495 jam
1123 4427 1383 4483 defecisse
1409 4426 1673 4484 arbitran-

148 4505 229 4569 ια,
252 4520 356 4565 cum
382 4512 464 4570 ille
486 4518 662 4574 adhuc
686 4520 919 4586 viveret,
946 4521 1272 4591 ahjecernnt.
1308 4521 1413 4578 Sed
1441 4522 1669 4594 quodam

148 4592 254 4683 tuolli
273 4614 442 4672 aggere
461 4621 731 4681 exceptus,
756 4623 807 4667 ct
833 4624 862 4667 a
885 4612 1199 4683 quibusdam
1224 4625 1379 4669 nocte
1402 4592 1672 4671 transeun-

148 4681 251 4742 ίίδυε
279 4705 361 4760 per
384 4695 650 4757 lucernam
694 4681 1010 4773 conspectus
1034 4746 1048 4770 ,
1077 4706 1285 4775 agnitus
1314 4715 1472 4777 atque
1499 4708 1669 4763 colle-

147 4780 249 4840 ctus.
286 4794 332 4837 et
369 4787 431 4843 ad
466 4792 765 4863 religiosam
809 4796 1025 4850 domum
1056 4806 1401 4866 apportatus,
1432 4797 1667 4854 adhibita

148 4874 290 4937 manu
315 4888 449 4947 cura,
482 4894 597 4952 post
626 4885 816 4940 mullos
840 4887 956 4942 dies
975 4887 1042 4941 ab
1069 4887 1156 4941 illa
1186 4889 1558 4958 desperatione
1584 4906 1670 4945 re-

148 4963 311 5019 creatus
339 4979 447 5027 est:
469 4977 703 5033 occisum
734 4993 853 5033 eum
887 4988 1059 5035 tamen
1088 4979 1227 5035 fama
1257 4982 1461 5037 scelere
1490 4982 1667 5038 Dona-

150 5043 338 5113 tittarum
367 5064 516 5140 etiam
551 5081 700 5126 trans
738 5086 883 5129 mare
910 5075 1275 5142 nuntiaverat;
1317 5090 1423 5147 quo
1450 5086 1666 5146 postea-

150 5150 271 5205 (ιιιαιιι
302 5156 461 5227 venit,
500 5173 553 5219 et
594 5164 699 5221 vita
744 5166 859 5237 ejus
912 5167 1333 5239 inopinatissima
1381 5175 1662 5243 apparuit,

152 5296 480 5408 ιιίῖιίῗέξὲἒξξ
509 5320 850 5408 simum
886 5331 989 5408 Ms.-
1026 5323 1665 5408 alienata/eamea

259 5365 517 5452 item.
538 5365 851 5452 ῧῧᾷἇῖεἷπδξῧ
876 5365 1060 5452 sciiiqei
1094 5365 1274 5438 ιὲιῖἷιέιὶο
1311 5365 1665 5452 ηῆιιἽῗῗέυἶὶἶ

152 5417 519 5533 fugatfugat
534 5417 820 5519 ὲὶἱὸἓξὲἦὲἑέ.
836 5417 1274 5533 xiiii???
1291 5417 1431 5514 c'fn'st".
1455 5417 1527 5503 ὁδ’
1540 5417 1662 5517 ιζ.υέ

201 5491 314 5572 35’2"
330 5507 445 5549 οοιιί·
467 5491 953 5572 άὲὲὲὂῆἰῐίὶιὶῗὸῖξὲἰ

230 5552 793 5634 quingenariae.
810 5552 1101 5634 narrem...
1117 5581 1211 5634 ειη,
1243 5573 1523 5634 sanguinem
1543 5575 1663 5632 obti-

288 5602 291 5603 ⁷
324 5602 334 5614 ¹
354 5602 561 5628 ν”ἻΙκυοο
578 5602 793 5621 III/Humi.
816 5602 923 5621 υαυ.
942 5602 1101 5623 nunc;
1117 5602 1161 5623 τ..
1178 5610 1211 5634 η
1243 5602 1342 5625 wn,

154 5602 307 5701 ῃ
326 5626 416 5672 Mss-
435 5640 576 5695 P'OPe
598 5647 786 5694 omnes:
809 5633 1087 5701 sanguinem
1109 5602 1353 5689 cbstinuiif

199 5686 1399 5845 iiiinhiaiaiﬂtﬂ’ﬂ133832ﬂmm...
1422 5786 1501 5837 43.

3287 319 3391 378 806

1797 419 2151 489 cicatricibus,
2195 422 2306 478 suis
2351 431 2458 478 tam
2505 424 2706 493 multis,
2754 433 2861 481 tam
2907 429 3230 498 ingentibus,
3280 440 3387 489 tam

1796 512 2121 581 recentibus,
2153 528 2260 569 non
2294 514 2486 572 frustra
2506 516 2702 572 famam
2730 524 2995 575 mortuum
3021 536 3080 577 se
3109 525 3384 583 nuntiasse

1797 606 2136 660 monstravit.

1864 696 1955 753 28.
1999 699 2266 753 Auxilium
2287 715 2413 771 ergo
2436 702 2620 772 petivit
2640 702 2708 757 ab
2729 703 3050 774 imperatore
3074 705 3388 779 christiano,

1795 801 1901 843 non
1932 798 2036 844 tam
2066 790 2148 845 sui
2175 790 2463 848 ulciscendi
2494 808 2674 858 causa,
2703 809 2859 867 quam
2893 796 3103 853 tuenda:
3136 798 3390 857 Ecclesia

1796 879 1896 936 sibi
1926 878 2162 939 creditze.
2191 884 2341 952 Quod
2367 885 2412 942 si
2440 888 2887 957 praetermisisset,
2913 906 3018 945 non
3052 891 3166 963 ejus
3204 892 3392 952 fuisset

1796 970 2058 1027 laudanda
2092 974 2373 1045 patientia,
2404 976 2498 1034 sed
2540 980 2856 1052 negligentia
2884 984 3077 1039 merito
3102 985 3386 1057 culpanda.

1794 1065 1977 1140 Neque
2005 1071 2149 1126 enim
2179 1080 2233 1127 et
2258 1071 2532 1141 apostolus
2561 1070 2757 1129 Paulus
2786 1075 2905 1130 vitm
2932 1091 3041 1131 suae
3069 1078 3390 1137 transitoria!

1794 1161 2129 1230 consulebat,
2160 1162 2254 1217 sed
2286 1161 2541 1219 Ecclesire
2570 1164 2686 1232 Dei,
2712 1165 2923 1236 quando
2942 1178 3125 1223 contra
3152 1170 3270 1226 illos
3298 1172 3390 1242 qui

1794 1268 1916 1308 eum
1947 1255 2191 1311 occidere
2233 1257 2671 1327 conspiraverant
2695 1301 2709 1323 ,
2739 1260 3017 1316 consilium
3050 1262 3259 1319 illorum
3289 1266 3388 1319 tri-

1792 1344 1935 1400 buno
1966 1354 2019 1401 ιιι
2064 1347 2381 1417 proderetur
2416 1349 2626 1406 elTecit:
2659 1351 2797 1407 unde
2827 1353 3017 1410 factum
3059 1364 3143 1414 est
3170 1367 3227 1413 ut
3264 1374 3388 1417 eum

1792 1432 1858 1491 ad
1888 1436 2060 1491 locum
2092 1453 2197 1509 quo
2235 1436 2406 1495 fuerat
2451 1442 2821 1512 perducendus
2846 1486 2861 1511 ,
2911 1445 3200 1505 deduceret
3235 1451 3387 1509 miles

1791 1539 2048 1596 armatus,
2081 1544 2147 1584 ne
2178 1530 2388 1586 illorum
2418 1543 2686 1602 pateretur
2707 1535 2925 1592 insidias
2947 1534 3081 1611 (Act.
3108 1554 3266 1610 χχιιι,
3297 1544 3392 1600 l7-

1793 1617 1907 1691 52).
1937 1621 2204 1676 Romanas
2219 1622 2378 1678 etiam
2402 1624 2545 1694 leges
2562 1625 2846 1696 implorare
2867 1629 3084 1686 minime
3103 1631 3381 1702 dubitavit,

1791 1712 1959 1767 civem
1984 1713 2282 1769 Romanum
2313 1730 2372 1771 se
2401 1730 2520 1771 esse
2542 1718 2896 1788 proclamans,
2920 1736 3055 1792 quos
3080 1732 3204 1781 tunc
3223 1725 3386 1798 afﬂigi

1794 1805 2103 1861 verberibus
2151 1821 2257 1862 non
2304 1809 2498 1864 licebat
2542 1808 2667 1881 (Id.
2704 1827 2839 1878 χχιι,
2870 1812 2975 1886 25)
3004 1831 3017 1867 :
3050 1815 3283 1888 itemque
3321 1835 3387 1875 ue

1790 1895 1991 1952 Judazis
2018 1913 2137 1953 eum
2170 1898 2477 1955 interimere
2500 1900 2834 1972 cupientibus
2860 1904 3181 1974 traderetur,
3209 1908 3386 1965 Caesa-

1791 1987 1866 2042 ris
1899 1989 2138 2058 poposcit
2163 1989 2417 2045 auxilium
2455 1988 2562 2063 (Id.
2591 2006 2734 2059 xxv,
2762 1992 2886 2062 ll),
2912 1994 3137 2052 Romani
3168 1999 3383 2070 quidem

1793 2079 2082 2149 principis,
2124 2080 2216 2135 sed
2258 2094 2366 2135 non
2395 2081 2689 2137 christiani.
2720 2082 2822 2141 Ubi
2848 2086 2975 2140 satis
3000 2089 3233 2144 ostendit
3256 2092 3384 2162 quid

1789 2167 1967 2225 facere
1997 2183 2179 2240 postea
2206 2171 2462 2228 deberent
2489 2174 2683 2231 Christi
2721 2176 3143 2247 dispensatores,
3163 2184 3377 2252 quando

1790 2262 2141 2335 imperatores
2174 2264 2495 2323 christianos
2530 2269 2861 2339 periclitante
2903 2271 3138 2329 Ecclesia
3176 2278 3381 2346 reperi-

1788 2364 1927 2409 rent.
1962 2356 2092 2409 llinc
2121 2369 2248 2428 ergo
2275 2356 2469 2413 factum
2500 2369 2584 2415 est
2610 2370 2670 2415 ut
2698 2360 2991 2432 Imperator
3019 2366 3298 2437 religiosus
3324 2382 3378 2426 et

1789 2446 1924 2515 pius,
1956 2447 2175 2517 perlatis
2203 2448 2255 2503 in
2288 2451 2528 2507 notitiam
2558 2468 2709 2507 snam
2742 2455 2933 2511 talibus
2956 2459 3166 2528 causis,
3202 2462 3383 2519 mallet

1788 2538 2041 2609 piissimis
2073 2542 2273 2613 legibus
2300 2543 2443 2601 illius
2466 2546 2751 2617 impietatis
2770 2566 3008 2607 errorem
3035 2555 3250 2610 omnino
3270 2572 3383 2612 cor-

1764 2632 1980 2701 .rigere,
2011 2642 2063 2687 ct
2085 2649 2179 2690 eos
2199 2636 2288 2705 qui
2309 2647 2492 2693 contra
2517 2636 2784 2696 Christum
2809 2641 3004 2699 Christi
3026 2648 3173 2718 signa
3197 2659 3381 2719 porta-

1786 2733 1925 2790 rent,
1958 2721 2024 2778 ad
2054 2724 2309 2782 unitatem
2341 2728 2656 2786 catholicam
2703 2736 2952 2808 terrendo
2988 2747 3041 2792 et
3082 2741 3381 2799 coercendo

1785 2814 2061 2885 redigere,
2092 2832 2248 2888 quam
2280 2821 2532 2876 saeviendi
2564 2826 2932 2881 tantummodo
2960 2827 3169 2886 auferre
3208 2831 3377 2889 licen-

1784 2906 1934 2973 tiam,
1968 2917 2020 2963 et
2050 2908 2263 2964 errandi
2289 2925 2351 2966 ac
2373 2914 2629 2981 pereundi
2661 2916 2981 2986 relinquere.

1854 2998 1943 3055 29.
1984 2999 2234 3058 Jamvero
2252 3018 2375 3060 cum
2404 3005 2533 3076 ipsa:
2563 3007 2705 3079 lcgcs
2729 3010 3003 3067 venissent
3036 3012 3088 3068 in
3116 3013 3373 3084 Africam,

1787 3093 2051 3163 pra-cipue
2080 3095 2151 3149 illi
2179 3096 2267 3166 qui
2291 3100 2601 3168 qumrebant
2622 3103 2977 3168 occasionem,
3005 3116 3097 3161 aut
3118 3109 3375 3167 saevitiam

1784 3181 2070 3241 furentium
2100 3190 2437 3256 metuebant,
2471 3203 2562 3247 aut
2599 3207 2725 3249 suos
2760 3198 3256 3258 verccundabantnr
3292 3203 3375 3257 of-

1783 3271 2039 3343 fendere,
2084 3278 2151 3333 ad
2201 3279 2497 3336 Ecclesiam
2544 3284 2796 3340 continuo
2841 3291 3182 3345 transierunt.
3229 3293 3376 3350 Multi

1783 3368 1939 3423 etiam
1968 3369 2056 3441 qui
2090 3372 2203 3429 sola
2246 3373 2353 3429 illic
2381 3391 2411 3428 a
2437 3378 2749 3447 parentibus
2775 3380 2963 3435 tradita
2992 3386 3375 3443 consuetudine

1782 3460 2119 3531 tenebantur,
2148 3465 2358 3535 qualem
2385 3482 2511 3523 vero
2532 3481 2743 3525 causam
2770 3471 2882 3542 ipsa
2914 3473 3130 3531 lncresis
3156 3476 3377 3537 haberet

1782 3568 2050 3627 nunquam
2094 3567 2248 3614 antea
2296 3562 2682 3632 cogitaverant,
2734 3580 3000 3637 nunquam
3040 3585 3282 3640 qumrere
3321 3583 3377 3630 Θι

1780 3647 2123 3706 censiderare
2154 3651 2459 3719 voluerant,
2494 3670 2616 3710 mox
2647 3655 2733 3711 ubi
2763 3670 3040 3730 cmperunt
3063 3663 3371 3733 advertere,

1780 3750 1834 3798 et
1853 3741 1984 3798 nihil
2017 3746 2067 3799 in
2090 3760 2152 3801 ea
2180 3745 2395 3817 dignum
2431 3749 2670 3807 invenire
2696 3761 2913 3822 prepler
2936 3756 3076 3825 quod
3109 3766 3250 3813 tanta
3273 3759 3373 3815 da-

1781 3849 1902 3889 mna
1944 3843 2253 3906 paterentur
2274 3878 2290 3907 ,
2338 3839 2453 3895 sine
2483 3839 2586 3896 ulla
2633 3841 2945 3900 difficultate
2974 3847 3220 3905 catholici
3249 3849 3375 3908 facti

1778 3934 1903 3980 Sunt
1932 3945 1944 3979 ε
1974 3926 2154 3982 docuit
2202 3930 2342 3984 enim
2384 3945 2477 3985 eos
2522 3930 2853 4001 sollicitudo,
2885 3952 3018 4006 quos
3048 3940 3375 4010 negligentes

1780 4018 2038 4071 securitas
2058 4016 2278 4074 fecerat.
2309 4020 2534 4076 Istorum
2565 4032 2740 4078 autem
2785 4027 3020 4082 omnium
3063 4032 3371 4100 praeceden-

1781 4106 1908 4163 tium
1936 4112 2307 4167 auctoritatem
2335 4121 2388 4167 et
2416 4115 2812 4183 persuasionem
2843 4119 3009 4173 secuti
3040 4131 3163 4175 sunt
3198 4125 3368 4193 multi,

1779 4201 1866 4272 qui
1903 4202 2080 4257 minus
2116 4203 2293 4259 idonei
2338 4215 2489 4260 erant
2528 4221 2624 4276 per
2660 4209 2865 4278 seipsos
2900 4211 3195 4283 intelligere
3242 4216 3371 4286 quid

1777 4293 1999 4351 distaret
2046 4296 2186 4353 inter
2228 4296 2618 4355 Donatistarum
2655 4314 2929 4374 errorem,
2969 4315 3023 4361 et
3052 4306 3368 4367 catholicam

1781 4390 2082 4444 veritatem.

1848 4481 1937 4536 '50.
1981 4481 2052 4536 Ita
2093 4496 2212 4537 cum
2241 4496 2428 4556 magna
2451 4484 2659 4557 agmina
2685 4488 3000 4561 populorum
3031 4504 3153 4548 vera
3196 4504 3364 4552 mater

1776 4574 1828 4628 in
1853 4575 2025 4629 sinum
2047 4576 2283 4646 gaudens
2303 4577 2585 4649 reciperet,
2609 4595 2981 4639 remanserunt
3006 4585 3173 4641 turbae
3198 4585 3365 4659 durm,

1775 4673 1830 4721 et
1869 4666 1922 4721 in
1963 4667 2049 4721 illa
2095 4678 2243 4737 peste
2282 4668 2476 4724 infelici
2507 4671 2843 4730 animositate
2876 4677 3145 4733 sistentes.
3180 4678 3254 4734 Ex
3284 4680 3368 4739 his

1775 4772 1985 4830 quoque
2008 4760 2219 4829 plurimi
2241 4760 2538 4818 simulando
2558 4768 3101 4834 contrttmticaverunt,
3128 4771 3214 4826 alii
3241 4790 3366 4843 pau-

1774 4848 1933 4905 citate
1961 4851 2244 4907 latuerunt.
2278 4853 2381 4908 Sed
2414 4854 2487 4908 illi
2514 4858 2601 4926 qui
2632 4860 2970 4927 simulabant,
3004 4864 3253 4932 paulatim
3281 4882 3368 4923 as-

1773 4944 2069 5000 suescendu
2091 4954 2143 5000 et
2169 4947 2597 5016 praedicationem
2624 4954 2859 5008 veritatis
2885 4953 3168 5022 audiendo,
3197 4960 3367 5014 maxi-

1774 5055 1860 5094 me
1884 5047 2003 5109 post
2021 5040 2356 5096 collationem
2385 5051 2438 5099 et
2457 5043 2863 5114 diSputationem
2888 5063 3003 5117 qua)
3026 5047 3163 5104 inter
3190 5066 3286 5106 nos
3311 5064 3367 5110 et

1773 5132 2052 5203 episc0pos
2098 5146 2284 5188 eorum
2322 5135 2459 5205 apud
2489 5132 2860 5207 Carthaginem
2906 5138 3034 5205 fuit,
3065 5154 3131 5197 ex
3178 5158 3365 5216 magna

1772 5232 1921 5296 parte
1948 5226 2170 5280 correcti
2202 5236 2344 5282 sunt.
2379 5224 2433 5282 In
2467 5228 2779 5298 quibusdam
2809 5246 2934 5286 vero
2959 5232 3110 5302 locis,
3136 5236 3222 5292 ubi
3248 5253 3365 5308 per-

1774 5321 1997 5377 tinacior
2037 5330 2090 5377 et
2120 5322 2428 5393 impacatior
2453 5323 2730 5392 prmvaluit
2756 5325 3041 5383 multitudo
3064 5371 3079 5396 ,
3108 5329 3192 5384 cui
3226 5330 3364 5385 resi-

1772 5423 1913 5468 stere
1941 5429 2046 5468 non
2095 5424 2342 5485 poterant
2385 5416 2660 5482 pauciores
2684 5434 2907 5487 quorum
2938 5428 3051 5476 erat
3081 5422 3268 5477 melior
3295 5423 3363 5481 de

1771 5506 2147 5562 communione
2172 5507 2465 5571 sententia,
2512 5516 2602 5562 ant
2629 5510 2798 5565 turbae
2824 5513 3122 5567 auctoritati
3163 5528 3361 5584 pauco-

1770 5613 1886 5653 rum
1915 5597 2269 5668 potentiorum
2301 5597 2525 5655 subdita:
2548 5599 2599 5655 in
2633 5604 2823 5658 malam
2859 5612 3058 5674 partem
3082 5606 3361 5677 obtempe-

1768 5700 1986 5759 rarnnt,
2016 5690 2284 5763 aliquanto
2312 5690 2507 5747 diutius
2532 5691 2824 5750 laboratum
2864 5703 2965 5752 est.
3000 5695 3078 5752 Ex
3117 5696 3199 5754 his
3235 5703 3359 5757 sunt

1770 5779 1823 5837 in
1849 5779 2039 5853 quibus
2057 5779 2230 5837 adhuc
2256 5778 2546 5855 laboratur,
2570 5785 2622 5841 in
2648 5802 2751 5859 quo
2775 5784 2953 5845 labore
2980 5789 3141 5847 mulla
3164 5789 3361 5851 Catho-
