3990 6374
696 304 797 363 807

696 421 784 476 lici
811 461 827 487 ,
855 429 910 478 et
941 420 1175 478 maxime
1215 422 1446 494 episcopi
1480 432 1533 478 et
1556 422 1733 477 clerici
1768 421 2031 477 horrenda
2058 432 2111 476 et
2139 422 2270 478 dura

697 514 937 585 perpessi
953 525 1092 579 sunt,
1117 530 1236 587 qure
1256 530 1675 571 commemorare
1694 516 1903 587 longqu
1925 528 2039 583 est;
2062 516 2273 586 quando

693 605 1043 677 quorumdam
1068 618 1123 663 et
1149 608 1285 663 oculi
1312 608 1557 665 exstincti
1585 619 1740 674 sunt,
1773 620 1826 665 et
1861 610 2135 679 cujusdam
2158 611 2271 679 cpi-

692 697 841 767 seopi
870 711 1060 753 manus
1095 706 1147 752 et
1191 697 1366 769 lingua
1412 700 1627 769 prmeisa
1676 709 1786 767 est;
1830 701 2067 755 nonnulli
2112 701 2270 756 etiam

691 787 932 843 trucidati
970 799 1110 844 sunt.
1140 790 1314 845 Taceo
1342 791 1734 847 crudelissimas
1765 792 1971 858 cades,
2002 802 2057 849 et
2082 793 2268 848 domo-

687 896 804 936 rum
837 882 1293 953 deprazdationes,
1342 901 1438 955 per
1480 896 1769 943 nocturnas
1804 887 2172 957 aggressioues
2218 895 2272 942 et

686 973 950 1041 incendia,
967 991 1070 1029 non
1092 975 1261 1029 solum
1287 977 1607 1045 privatorum
1624 977 2063 1043 hahitaculorum,
2081 992 2269 1031 verum

684 1067 842 1122 etiam
881 1067 1259 1134 ecclesiarum;
1298 1069 1352 1123 in
1391 1084 1522 1140 quas
1568 1068 1808 1125 ﬂammas
1857 1084 1961 1124 non
1988 1068 2271 1125 defuerunt

682 1157 769 1226 qui
797 1166 849 1212 et
878 1156 1104 1214 Codices
1131 1158 1428 1215 dominieos
1456 1161 1746 1216 mitterent.

750 1247 839 1303 5i.
878 1247 984 1305 Sed
1008 1265 1103 1305 nos
1126 1248 1428 1319 hujnsmodi
1455 1251 1681 1307 afllictos
1720 1251 1874 1308 malis
1895 1293 1908 1317 ,
1936 1267 2267 1324 consequens

677 1342 982 1397 consolatus
1014 1352 1098 1400 est
1136 1342 1356 1399 fructus.
1377 1343 1508 1400 Nam
1546 1346 1906 1417 ubicumquea
1930 1346 2147 1415 perditis
2168 1346 2266 1402 ista

677 1434 960 1495 commissa
1000 1444 1155 1500 sunt,
1185 1435 1255 1490 ibi
1283 1436 1573 1493 ferventius
1596 1445 1754 1508 atque
1781 1438 2066 1508 perfectius
2093 1439 2265 1495 unitas

677 1526 962 1579 christiana
994 1527 1237 1597 profecit,
1264 1536 1318 1582 et
1344 1528 1558 1583 uberius
1582 1529 1827 1585 laudatur
1855 1529 2106 1584 Dominus
2128 1572 2143 1597 ,
2174 1531 2262 1601 qui

677 1616 878 1673 donare
902 1617 1150 1688 dignatus
1178 1627 1256 1673 est
1288 1627 1341 1673 ut
1364 1621 1501 1675 servi
1533 1622 1649 1688 ejus
1688 1621 2023 1689 passionibus
2045 1621 2157 1677 suis
2180 1622 2261 1676 iu-

677 1717 956 1764 erarcutur
994 1709 1190 1763 fratres
1218 1724 1344 1764 suos
1363 1752 1379 1777 ,
1406 1718 1461 1766 et
1488 1725 1614 1766 oves
1641 1711 1755 1781 ejus
1782 1712 2056 1768 mortifero
2080 1695 2263 1769 errore

676 1800 946 1871 dispersas
976 1802 1027 1857 iu
1068 1818 1249 1872 pacem
1278 1806 1462 1861 salutis
1492 1816 1705 1863 ceterum
1730 1824 1827 1862 suo
1852 1808 2107 1879 sanguine
2134 1822 2261 1863 con-

674 1901 974 1961 gregareut.
1010 1892 1202 1949 Potens
1227 1905 1309 1951 est
1345 1896 1593 1952 Dominus
1634 1910 1687 1953 ct
1724 1900 2059 1965 misericors,
2102 1915 2257 1970 quem

674 1982 910 2051 quotidie
934 1999 1180 2054 rogamus
1206 1996 1262 2041 ut
1284 1989 1442 2043 etiam
1463 1989 1671 2044 caeteris
1690 1990 1780 2045 det
1800 1992 2181 2061 paenitentiam,
2206 2001 2255 2047 et

675 2071 990 2142 resipiscam
1016 2074 1084 2130 de
1111 2075 1305 2132 diaboli
1332 2079 1535 2151 laqueis
1557 2122 1571 2146 ,
1602 2096 1631 2135 a
1662 2098 1767 2151 quo
1789 2083 1982 2153 captivi
2010 2092 2258 2140 leuentur

671 2164 959 2219 secundum
991 2166 1157 2237 ipsius
1187 2171 1513 2226 voluntatem
1544 2170 1609 2243 (ll
1631 2170 1766 2227 Tim.
1791 2189 1849 2239 tt,
1880 2172 1971 2245 26)
1999 2176 2125 2246 :qui
2149 2193 2252 2230 non

670 2266 917 2325 quarunt
955 2259 1054 2313 nisi
1082 2260 1220 2316 unde
1251 2263 1403 2318 nobis
1440 2265 1847 2332 calumnicntur,
1879 2273 1933 2320 et
1960 2266 2255 2323 retribuant

670 2352 805 2405 tnala
835 2365 933 2421 pro
959 2352 1138 2416 bonis;
1167 2354 1288 2425 quia
1326 2369 1424 2410 nec
1450 2356 1739 2427 intelligere
1769 2365 2064 2422 noverunt,
2093 2374 2251 2428 quem

668 2443 805 2497 circa
834 2459 927 2499 eos
954 2446 1186 2500 aninuttu
1216 2445 1663 2520 dilectionemque
1692 2464 1967 2505 servemus
1986 2490 2001 2515 ,
2035 2460 2087 2504 et
2115 2465 2248 2521 quo-

666 2534 826 2589 modo
868 2551 961 2591 eos
1006 2536 1233 2593 velimus
1285 2539 1575 2595 secundum
1627 2540 1835 2595 Domini
1885 2550 2246 2611 praeceptum,

665 2626 804 2695 quod
829 2643 923 2697 per
947 2626 1278 2684 Ezechielem
1304 2630 1614 2701 pr0phetam
1648 2634 1944 2701 pastoribus
1970 2634 2133 2698 dedit,
2166 2651 2251 2690 re-

663 2732 852 2773 vocare
868 2729 1128 2787 errantes,
1155 2730 1209 2776 et
1224 2708 1712 2792 perditosiuvenire
1728 2725 1940 2795 (Ezeclt.
1957 2741 2142 2793 xxxw,
2164 2728 2243 2799 4).

750 2808 977 2868 CAPUT
1022 2811 1147 2868 \‘lll.
1169 2844 1238 2855 —
1264 2813 1353 2870 δί.
1395 2814 1470 2870 illi
1498 2827 1675 2872 autem
1702 2859 1716 2881 ,
1744 2817 1884 2888 quod
1912 2828 1965 2874 et
1991 2818 2117 2875 alibi
2142 2820 2245 2875 ali-

660 2903 872 2973 quando
922 2904 1173 2971 diximus,
1226 2917 1281 2962 et
1337 2908 1477 2979 quod
1520 2908 1675 2965 nobis
1724 2909 1941 2977 faciunt,
1998 2910 2099 2965 sibi
2139 2926 2242 2965 non

660 2994 950 3067 imputant;
1005 3007 1060 3053 et
1114 2998 1254 3069 quod
1310 3000 1410 3054 sibi
1460 2999 1692 3067 faciunt,
1752 3001 1906 3057 nobis
1960 3002 2240 3072 imputant.

660 3088 790 3156 Quis
837 3090 979 3144 enim
1027 3102 1266 3146 nostrum
1322 3093 1449 3147 velit
1490 3108 1596 3148 non
1632 3093 1803 3148 solum
1848 3094 2075 3164 aliquem
2122 3094 2242 3147 illo-

661 3195 777 3234 rum
814 3181 1020 3250 perire,
1064 3197 1250 3237 verum
1296 3184 1455 3239 etiam
1496 3185 1696 3257 aliquid
1742 3186 2002 3256 perdere?
2046 3186 2154 3243 Sed
2196 3187 2240 3242 si

658 3269 813 3327 aliter
850 3287 955 3327 nou
983 3274 1173 3328 meruit
1216 3290 1397 3345 pacem
1437 3276 1635 3333 habere
1677 3277 1864 3334 donms
1896 3280 2093 3345 David,
2139 3279 2241 3335 nisi

658 3361 893 3418 Absalon
927 3362 1064 3420 illius
1088 3364 1203 3435 ejus
1239 3366 1289 3420 in
1317 3366 1455 3422 bello
1479 3368 1618 3438 quod
1644 3380 1829 3424 contra
1859 3381 2059 3441 patrem
2088 3386 2242 3442 gere-

656 3454 766 3521 bat,
814 3456 1003 3512 fuisset
1039 3459 1351 3523 exstinctus,
1384 3460 1625 3531 quamvis
1651 3477 1838 3531 magna
1867 3478 1990 3518 cura
2024 3465 2243 3519 manda-

656 3548 791 3602 verit
816 3548 926 3603 suis
962 3557 1018 3603 ttt
1042 3564 1163 3605 eum
1203 3560 1455 3620 quantum
1487 3561 1704 3620 possent
1730 3553 1905 3607 vivum
1932 3554 2238 3627 salvumque

656 3650 962 3705 servarent,
997 3649 1055 3694 ut
1098 3650 1243 3696 esset
1284 3642 1368 3697 cui
1410 3643 1684 3712 pmuitenti
1724 3653 1976 3714 paternus
2018 3645 2238 3702 allectus

658 3732 983 3800 ignosceret;
1007 3732 1133 3801 quid
1159 3733 1207 3788 ei
1230 3734 1442 3801 restitit,
1472 3734 1573 3788 nisi
1602 3735 1864 3806 perditum
1898 3736 2045 3800 llere.
2073 3748 2128 3793 et
2157 3742 2237 3794 sui

649 3821 803 3890 regni
850 3835 979 3892 pace
1019 3822 1278 3894 acquisita
1328 3839 1475 3879 suam
1527 3827 1832 3881 mtestitiam
1876 3830 2140 3884 consolari
2167 3830 2236 3901 (Il

657 3914 781 3986 Reg.
804 3930 953 3983 xvm,
981 3914 1135 3990 χιιι).
1157 3916 1246 3973 Sic
1264 3934 1391 3989 ergo
1416 3919 1673 3975 catholica
1704 3930 1890 3986 mater,
1920 3922 2235 3981 bellantibus

652 4005 908 4061 adversus
931 4022 1049 4061 eam
1075 4008 1265 4079 quibus
1288 4009 1404 4077 aliis
1432 4025 1588 4081 quam
1615 4011 1735 4067 [iliis
1757 4013 1888 4080 suis,
1916 4015 2035 4085 quia
2057 4017 2234 4087 utique

650 4114 717 4153 ex
747 4100 860 4170 ipsa
904 4114 1094 4171 magna
1131 4101 1324 4157 arbore
1362 4119 1479 4173 quin
1508 4118 1773 4160 ramorum
1803 4121 2017 4161 suorum
2049 4123 2233 4178 porre-

650 4193 826 4248 etiune
847 4202 957 4249 loto
984 4194 1113 4249 urbe
1138 4194 1466 4264 diffunditur,
1500 4198 1599 4253 iste
1628 4198 1678 4252 in
1706 4198 1879 4254 Africa
1905 4203 2231 4257 ramusculus

652 4283 847 4340 fractus
874 4294 975 4351 est,
1004 4302 1126 4343 cum
1152 4303 1246 4343 eos
1267 4289 1525 4344 eharitate
1556 4293 1808 4360 parturiat
1839 4304 1893 4347 ut
1921 4294 2140 4350 redeant
2162 4294 2229 4351 ad

651 4374 881 4430 radicem
921 4377 1036 4433 sine
1066 4395 1168 4450 qua
1194 4396 1373 4436 veram
1416 4381 1575 4437 vitam
1606 4382 1801 4439 habere
1841 4402 1943 4439 nou
1976 4397 2226 4457 possunt;

649 4468 691 4522 si
716 4467 1014 4540 aliquorum
1048 4473 1345 4541 perditione
1385 4484 1609 4531 cmteros
1642 4489 1745 4531 tam
1778 4479 1970 4533 multos
1995 4480 2226 4552 colligit,

648 4561 945 4633 prmsertim
975 4564 1096 4633 quia
1122 4564 1243 4632 isti,
1275 4582 1378 4621 non
1407 4568 1543 4623 sicut
1577 4568 1806 4624 Absalon
1848 4585 1973 4624 casu
2014 4570 2223 4643 bellico,

646 4652 740 4710 sed
766 4665 1057 4725 spontaneo
1084 4658 1252 4727 magis
1278 4657 1491 4714 interitu
1540 4669 1800 4730 pereunt,
1837 4660 2076 4717 dolorem
2116 4679 2228 4719 ma-

647 4749 783 4805 terni
809 4748 987 4806 cordis
1016 4750 1149 4807 lenit
1177 4760 1230 4807 et
1256 4760 1407 4808 sanat
1433 4763 1697 4809 tantorum
1720 4754 2031 4812 liberatione
2060 4773 2227 4828 popu-

647 4841 838 4898 lorum.
870 4841 1105 4911 Quorum
1131 4844 1174 4901 si
1206 4845 1387 4902 videas
1406 4846 1458 4901 in
1484 4845 1679 4903 Christi
1708 4864 1835 4919 pace
1864 4849 2092 4916 laetitias,
2118 4850 2222 4907 fre-

644 4935 918 5001 queutias,
967 4937 1302 5006 alacritates,
1346 4948 1399 4994 ct
1440 4939 1506 4993 ad
1554 4940 1778 5012 hymnos
1823 4941 2116 4997 audiendos
2171 4951 2225 4999 et

645 5025 948 5095 canendos,
996 5037 1051 5085 et
1082 5030 1150 5086 ad
1179 5030 1398 5087 verbum
1433 5031 1524 5087 Dei
1566 5034 1957 5105 percipiendmn
1984 5036 2224 5093 celebres

646 5113 947 5187 hilaresque
965 5130 1277 5187 conventus,
1306 5123 1698 5195 multorumque
1723 5126 1773 5180 in
1801 5126 1877 5181 eis
1896 5141 2015 5182 cum
2037 5127 2222 5184 dolore

646 5222 840 5280 magno
859 5210 1280 5269 recordationem
1303 5215 1553 5285 praeteriti
1571 5218 1785 5281 erroris,
1804 5227 1856 5274 ct
1880 5234 1999 5273 cum
2028 5220 2221 5290 gaudio

638 5298 1119 5358 considerationem
1165 5306 1390 5376 cognita:
1422 5307 1681 5374 veritatis,
1720 5316 1771 5363 et
1808 5323 1928 5363 cum
1972 5309 2217 5382 indigna-

640 5395 782 5451 tione
806 5402 862 5452 et
886 5394 1239 5454 detestatione
1276 5400 1609 5457 mendacium
1644 5402 2013 5473 magistrorum
2034 5446 2048 5469 ,
2075 5405 2216 5475 quod

639 5489 797 5546 modo
821 5500 1147 5562 cognoscant
1175 5492 1242 5548 de
1272 5496 1465 5550 nostris
1489 5494 1845 5551 Sacramentis
1886 5513 2041 5568 quant
2087 5498 2215 5554 falsa

629 5584 981 5654 jactaverint;
1006 5585 1292 5641 multorum
1319 5587 1475 5641 etiam
1501 5587 1552 5641 in
1581 5588 1661 5642 eis
1687 5587 2049 5644 confessiones
2074 5591 2213 5662 qttod

634 5675 763 5730 olim
792 5677 987 5732 vellent
1010 5692 1131 5735 es$e
1156 5677 1424 5746 catholici,
1471 5693 1569 5733 nec
1612 5680 1752 5733 inter
1799 5682 2041 5736 homines
2085 5685 2215 5739 tanti

636 5764 831 5821 furoris
865 5767 1157 5825 auderent:
1188 5770 1375 5826 horum
1409 5784 1539 5837 ergo
1578 5770 1889 5841 populorum
1922 5787 2210 5845 congrega-

1922 308 1980 365 s.
2021 305 2383 364 AUGUSTlNl
2423 309 2722 369 EPISCOPI
3783 342 3858 403 ,ω

2381 421 2564 514 jioncs
2592 439 2687 494 per
2714 426 2967 496 plurimas
2992 428 3181 485 Africae
3201 432 3435 504 regiones
3457 439 3519 494 ab
3539 441 3615 497 illa
3634 447 3860 514 perditione

2376 509 2738 579 liberaturum.
2760 517 2805 573 si
2831 519 2928 574 sub
2954 534 3060 574 uno
3084 536 3363 593 conspectu
3383 527 3606 597 videres;
3632 509 3737 594 tunc
3756 509 3864 599 dice:

2376 617 2463 655 res
2492 604 2667 660 nimia:
2698 607 2861 664 fuisse
2885 611 3230 677 crudelitatis,
3257 616 3301 670 si
3320 616 3440 673 dum
3463 620 3705 682 timeretur
3726 646 3777 687 ne
3792 634 3859 689 lto.

2375 694 2547 749 mines
2572 696 2861 766 deSperati,
2893 710 2948 756 et
2978 702 3200 758 istorum
3234 705 3585 768 innumerabili
3610 718 3859 781 multitudini

2374 788 2516 842 nul-la
2572 792 2924 849 mstimatione
2969 802 3342 868 comparandi,
3389 804 3493 859 suis
3537 817 3585 863 et
3620 812 3863 875 voluntariis

2374 878 2583 947 ignibus
2598 894 2986 949 cremarentur,
3006 885 3091 941 isti
3115 889 3169 943 in
3185 900 3436 948 aeternum
3459 896 3688 964 perdendi
3704 913 3749 960 et
3762 922 3860 964 scm-

2374 970 2597 1040 piternis
2624 974 2832 1044 ignibus
2857 977 3129 1033 crueiandi
3160 981 3587 1052 relittqueteutur.

2443 1062 2529 1117 55.
2571 1063 2625 1119 Si
2671 1067 2811 1119 enim
2860 1066 2966 1122 duo
3005 1069 3166 1140 aliqui
3209 1072 3259 1127 in
3309 1089 3408 1129 una
3434 1076 3583 1132 domo
3610 1079 3860 1157 habitarent,

2370 1169 2527 1225 quam
2560 1157 2858 1214 certissime
2881 1160 3140 1216 sciremus
3167 1179 3285 1218 esse
3313 1165 3577 1237 ruituram,
3606 1174 3812 1245 nobisque
3827 1180 3863 1236 id

2369 1249 2851 1314 praenuntiantibus
2880 1254 3078 1308 nollent
3106 1255 3344 1325 credere,
3374 1267 3526 1330 atque
3556 1263 3601 1318 in
3625 1279 3678 1319 ea
3701 1282 3859 1327 manere

2371 1338 2741 1405 pcrsistereut;
2770 1341 2814 1395 si
2843 1355 2936 1396 eos
2964 1343 3088 1399 inde
3115 1360 3388 1415 possemus
3416 1366 3592 1408 eruere
3614 1356 3685 1410 vel
3704 1356 3860 1427 inviIOS,

2367 1428 2557 1497 quibus
2585 1429 2949 1488 innuincutem
2978 1433 3120 1488 illam
3150 1436 3355 1493 ruinam
3392 1451 3563 1509 postea
3599 1443 3861 1503 demonstra-

2367 1534 2566 1586 remus,
2596 1530 2652 1576 ut
2682 1522 2854 1577 redire
2884 1524 3107 1579 ulterius
3134 1527 3233 1581 sub
3258 1531 3377 1597 ejus
3407 1532 3673 1600 periculum
3695 1552 3780 1593 non
3799 1556 3863 1593 au-

2368 1609 2591 1675 derent,
2625 1623 2753 1682 puto
2792 1614 2893 1667 nisi
2926 1614 3242 1685 faceremus,
3290 1634 3394 1673 nou
3420 1621 3667 1679 immerito
3683 1629 3861 1684 cnnicles

2365 1701 2801 1772 dijudicarentttr.
2833 1705 2999 1760 Porro
3039 1708 3084 1763 si
3126 1724 3262 1764 unus
3300 1710 3508 1768 illorum
3535 1714 3670 1772 nobis
3693 1718 3860 1788 diceret,

2363 1792 2586 1861 Quando
2614 1795 2937 1851 intraveritis
2980 1813 3169 1856 eruere
3214 1817 3340 1867 nos,
3387 1806 3634 1875 meipsum
3673 1814 3862 1867 continuo
3940 1800 3941 1871 ἶ

2365 1885 2675 1953 trucidabo;
2721 1887 2859 1942 alter
2899 1898 3079 1944 autem
3121 1906 3221 1946 nec
3250 1893 3400 1949 exire
3425 1895 3624 1966 quidem
3650 1898 3863 1963 inde.ncc

2361 1976 2475 2030 erui
2507 1977 2688 2044 vellet,
2718 1979 2811 2033 sed
2839 1994 3010 2049 neque
3039 1996 3232 2037 necare
3254 1997 3315 2039 se
3337 1985 3582 2053 auderet;
3607 1990 3714 2059 quid
3739 1992 3860 2062 ebge-

2360 2081 2537 2121 remus
2556 2110 2569 2132 ,
2600 2077 2776 2123 utrum
2802 2070 2989 2125 ambos
3017 2072 3185 2126 ruium
3214 2074 3585 2146 opprimendos
3610 2078 3859 2150 relinquere.

2304 2170 2317 2180 '
2356 2173 2422 2212 an
2456 2176 2559 2213 uno
2583 2160 2772 2215 saltem
2799 2175 2895 2231 per
2926 2162 3326 2219 misericordem
3368 2176 3594 2222 nostram
3616 2184 3794 2238 operata
3816 2172 3861 2224 li-

2359 2250 2566 2318 berato,
2597 2254 2823 2308 alterum
2851 2269 2957 2310 non
2988 2264 3167 2310 nostra
3198 2257 3372 2326 culpa,
3404 2258 3498 2314 sed
3532 2274 3618 2314 sua
3646 2262 3861 2332 potiusin-

2358 2344 2557 2401 tcrire?
2600 2344 2771 2402 Nemo
2814 2355 2897 2401 est
2936 2356 3044 2402 tam
3086 2347 3268 2403 infelix
3308 2351 3399 2421 qui
3444 2367 3545 2407 non
3583 2352 3694 2423 quid
3719 2353 3860 2409 ﬁeriin

2356 2436 2549 2491 talibus
2576 2437 2751 2493 causis
2780 2446 3046 2510 oporteat,
3076 2436 3333 2495 facillime
3351 2440 3567 2510 judicet.
3598 2442 3658 2497 Et
3681 2442 3737 2497 de
3765 2444 3859 2499 dao-

2353 2525 2451 2580 bus
2482 2525 2819 2594 hominibus,
2853 2543 2959 2584 uno
2983 2529 3187 2586 scilicet
3214 2532 3458 2601 perdito,
3500 2541 3553 2586 et
3576 2549 3674 2588 uno
3695 2533 3861 2589 liberato

2352 2618 2755 2674 similitudinem
2786 2620 2938 2674 istam
2969 2622 3219 2691 praposui
3250 2640 3267 2676 :
3298 2622 3424 2693 quid
3444 2638 3566 2695 ergo
3592 2625 3859 2680 sentiendo

2351 2717 2432 2762 est
2474 2708 2542 2764 de
2592 2710 2904 2779 quibusdam
2952 2713 3133 2781 paucis
3173 2714 3416 2781 perditis,
3466 2725 3517 2769 et
3560 2714 3859 2771 innumerabili
3940 2724 3941 2781 ξ

2354 2798 2691 2855 multitudine
2713 2800 3025 2874 populorum
3049 2801 3427 2859 liberaturum?
3442 2802 3553 2860 Non
3575 2806 3701 2860 enim
3723 2806 3792 2860 vel
3807 2814 3856 2859 tot
3940 2876 3941 2897 χ

2353 2900 2481 2944 sunt
2520 2890 2593 2944 illi
2630 2890 2873 2946 homines
2907 2892 2997 2961 qui
3031 2907 3125 2948 sua
3148 2894 3420 2950 voluntate
3447 2905 3668 2966 pereunt,
3691 2907 3795 2966 quot
3814 2898 3857 2950 li-

2348 2980 2599 3037 berautur
2614 2998 2707 3052 per
2723 2985 2849 3039 istas
2865 2985 3006 3054 leges
3017 2984 3180 3040 abilla
3205 2987 3455 3055 pestifera
3475 2999 3746 3059 aeternaque
3770 3004 3855 3059 per-

2348 3074 2481 3128 nicie
2505 3073 2688 3142 fundi,
2716 3076 2865 3145 pagi,
2888 3075 3011 3143 vici,
3030 3078 3272 3146 castella,
3307 3080 3585 3151 municipia
3611 3122 3627 3148 ,
3653 3082 3854 3135 civitates.
3940 3104 3941 3151 ἦ

2417 3166 2506 3221 54.
2545 3166 2599 3222 Si
2628 3180 2808 3223 autem
2835 3169 3139 3239 diligentius
3168 3187 3285 3226 rem
3315 3174 3383 3228 de
3408 3188 3509 3244 qua
3536 3172 3766 3244 loquimur
3785 3187 3854 3227 co-
3940 3166 3941 3231 ἓ

2343 3258 2590 3328 gitemus,
2621 3271 2747 3330 puto
2774 3259 2913 3330 quod
2941 3262 2983 3314 si
3007 3261 3218 3331 plurimi
3246 3275 3428 3320 essent
3450 3265 3502 3320 in
3521 3264 3667 3320 domo
3683 3266 3853 3333 ruitura,
3940 3244 3941 3313 ἒ

2344 3359 2398 3405 ct
2425 3352 2545 3406 inde
2567 3352 2758 3407 saltem
2791 3367 2927 3407 unus
2956 3354 3168 3409 liberari
3191 3366 3397 3425 posset,
3426 3366 3579 3429 atque
3604 3357 3651 3413 id
3676 3374 3773 3414 Clllll
3793 3356 3853 3412 fa-
3940 3344 3941 3347 “

2343 3459 2468 3500 cere
2488 3460 2826 3512 conaremur,
2855 3446 2943 3500 alii
2969 3447 3174 3517 seipsos
3200 3451 3499 3521 praecipitio
3527 3460 3761 3508 necarent.
3784 3450 3851 3503 do-

2342 3536 2510 3591 lorem
2556 3536 2624 3592 de
2668 3538 2874 3593 caneris
2918 3548 3194 3605 nostrum,
3238 3540 3311 3596 de
3356 3543 3508 3598 unius
3534 3544 3700 3598 saltetu
3726 3541 3850 3596 salute

2341 3629 2769 3694 consolarentur;
2800 3644 2906 3683 non
2936 3638 3136 3698 tamen,
3168 3646 3233 3684 ne
3264 3633 3474 3703 seipsos
3502 3635 3583 3688 alii
3609 3634 3848 3705 perderent,

2343 3722 2516 3791 perire
2547 3722 2823 3777 universos
2861 3722 3006 3776 nullo
3036 3722 3261 3779 liberato
3292 3728 3713 3796 permitteremus.
3751 3722 3850 3792 Quid

2341 3813 2500 3882 igitur
2523 3811 2589 3867 de
2613 3828 2775 3884 opere
2808 3814 3218 3881 misericordiae,
3262 3817 3407 3887 quod
3447 3834 3541 3889 pro
3576 3818 3668 3873 vita
3700 3825 3848 3871 :ctema

2338 3904 2700 3976 adipiscenda,
2744 3917 2798 3962 et
2823 3922 2977 3977 pecua
3004 3918 3204 3963 interna
3228 3910 3469 3978 vitanda,
3500 3911 3761 3965 hominibus
3777 3905 3849 3961 de-

2339 3998 2525 4055 bemus
2555 3999 2882 4069 impendere,
2916 3999 3259 4070 judicandum
3290 4012 3406 4069 est;
3432 4003 3477 4058 si
3502 4019 3595 4074 pro
3618 4002 3759 4058 salute
3779 4000 3849 4053 ista

2337 4108 2443 4147 non
2472 4091 2643 4146 solum
2670 4093 2968 4163 temporali,
2995 4093 3086 4149 sed
3112 4094 3276 4149 etiam
3297 4096 3470 4162 brevi,
3496 4095 3559 4150 ad
3583 4096 3729 4165 ipsum
3750 4100 3847 4145 tem-

2336 4199 2437 4255 pus
2465 4185 2713 4257 cxiguum
2743 4185 3032 4250 liberanda,
3058 4186 3137 4241 sic
3156 4201 3257 4241 nos
3284 4188 3582 4243 hominibus
3605 4181 3845 4245 subvenire,

2332 4278 2471 4333 ratio
2497 4292 2624 4334 vera
2652 4288 2708 4335 et
2732 4278 2956 4349 benigna
2981 4278 3290 4348 compellit?

2403 4370 2628 4429 CAPUT
2665 4372 2756 4427 ΙΧ.
2782 4401 2856 4412 -
2878 4371 2965 4427 55.
2997 4369 3149 4438 Quod
3194 4379 3377 4426 autem
3426 4370 3574 4426 nobis
3612 4364 3842 4437 objiciunt.

2330 4465 2472 4539 quod
2497 4482 2582 4522 res
2602 4480 2787 4521 eorum
2810 4464 3248 4534 concupiscamus
3270 4473 3327 4519 et
3349 4463 3640 4519 auferamus
3657 4474 3670 4525 ;
3690 4459 3838 4512 utinam

2331 4558 2576 4614 catholici
2624 4557 2771 4624 fiant,
2818 4566 2874 4611 et
2916 4571 3022 4610 non
3068 4557 3239 4611 solum
3281 4572 3404 4627 qucc
3444 4556 3618 4613 dicunt
3647 4572 3749 4613 sua.
3775 4549 3841 4607 sed

2331 4652 2489 4708 etiam
2532 4658 2747 4718 nostra,
2789 4649 2842 4704 in
2882 4664 3011 4719 pace
3047 4649 3323 4706 nobiscum
3360 4659 3418 4705 et
3451 4650 3689 4706 charitate
3712 4645 3841 4719 possi-

2330 4740 2525 4796 deant!
2558 4739 2737 4811 Usque
2763 4739 2896 4794 adeo
2921 4749 3095 4793 autem
3122 4740 3479 4795 calumniandi
3497 4740 3749 4812 cupiditate
3766 4750 3842 4789 caro

2330 4840 2533 4897 cantur,
2566 4840 2626 4885 ut
2653 4845 2758 4885 non
2778 4830 3057 4885 attendant
3079 4846 3237 4901 quam
3263 4832 3373 4887 sint
3392 4832 3529 4887 inter
3553 4847 3607 4886 se
3631 4823 3835 4884 contraria

2329 4938 2448 4993 qure
2490 4923 2792 4990 loquuntur.
2840 4920 2943 4991 Ipsi
2980 4931 3128 4977 certe
3151 4920 3369 4990 dicunt,
3412 4930 3467 4978 et
3498 4916 3836 4977 invidiosissime

2328 5017 2429 5071 sibi
2456 5016 2711 5087 conqueri
2744 5014 2991 5071 videntur
3015 5015 3156 5086 quod
3182 5030 3276 5071 eos
3305 5015 3359 5070 iu
3392 5025 3619 5103 nostram
3644 5021 3833 5103 continu-

2328 5110 2541 5165 nionem
2571 5109 2801 5165 violento
2828 5109 3001 5179 legum
3032 5109 3255 5179 imperio
3281 5096 3639 5163 coarctam'us:
3662 5103 3746 5158 hoc
3761 5096 3833 5153 uli-

2327 5218 2432 5273 que
2473 5204 2617 5257 nullo
2657 5202 2814 5258 modo
2854 5202 3170 5268 faceremus,
3210 5201 3255 5257 si
3294 5217 3383 5257 res
3419 5217 3593 5258 eorum
3617 5193 3833 5269 possidere

2328 5296 2603 5349 vellemus.
2629 5295 2759 5361 Quis
2798 5309 2990 5349 avarus
3014 5296 3204 5364 quierit
3232 5288 3725 5364 compossessorem?
3747 5282 3834 5355 (Illi!

2325 5386 2631 5443 dominandi
2659 5386 2945 5457 cupiditate
2973 5385 3344 5451 inﬂammatus,
3375 5385 3459 5441 vel
3484 5384 3612 5439 fastu
3637 5378 3829 5437 domina-

2324 5482 2483 5536 tionis
2507 5481 2675 5534 elatus
2701 5479 2965 5534 desiderat
2986 5477 3182 5533 habere
3208 5476 3545 5535 causortem?
3572 5474 3701 5546 ipsos
3719 5475 3829 5523 certe

2323 5571 2598 5627 attendant
2637 5568 2899 5641 quondam
2939 5584 3083 5635 suos,
3118 5570 3229 5639 jam
3268 5580 3479 5623 nostros
3504 5556 3830 5621 sociosetlra'

2326 5675 2473 5719 terna
2501 5663 2650 5717 nobis
2669 5661 2952 5716 dilectione
2972 5661 3300 5730 conjunctos,
3329 5652 3740 5730 quemadmodum
3756 5661 3825 5700 sua

2326 5765 2558 5821 teneant,
2592 5772 2694 5809 non
2721 5754 2891 5809 solum
2916 5768 3032 5821 quae
3064 5752 3355 5819 habebant,
3389 5748 3478 5803 sed
3516 5748 3657 5801 etiam
3685 5749 3826 5796 nOSlﬂ
