3990 6402
204 341 296 400 809

203 470 307 525 quae
322 470 424 512 non
446 444 719 513 habebant
741 476 754 512 :
778 472 897 529 quae
923 468 1118 527 tamen,
1145 462 1189 515 si
1212 477 1499 534 pauperum
1516 481 1768 539 compan-

202 560 340 616 peres
363 559 564 611 sumus,
596 555 653 601 et
680 556 862 604 nostra
888 559 1013 605 sunt
1040 559 1095 606 et
1118 551 1361 621 illorum;
1395 557 1439 611 si
1460 567 1636 614 autem
1658 560 1765 631 pri-

202 638 343 693 vatim
369 652 486 707 quae
509 638 671 695 nobis
693 639 974 709 sufliciant,
1008 644 1363 716 possidemus,
1398 665 1503 705 non
1533 662 1657 708 sunt
1679 654 1771 711 illa

200 739 391 797 nostra,
433 730 528 787 sed
568 748 863 805 pauperum
902 752 1128 807 quorum
1165 742 1593 810 procurationem
1632 762 1769 819 quo-

199 821 460 877 dammodo
486 821 755 893 gerimus;
778 842 887 910 non
928 831 1306 900 proprietatem
1347 835 1503 891 nobis
1541 851 1767 910 usurpa-

201 914 323 969 tione
347 913 648 973 damnabili
676 899 1024 977 vindicaimus.

254 1004 333 1061 56.
370 1005 646 1078 Quidquid
674 1025 801 1081 ergo
829 1013 1046 1068 nomine
1074 1014 1430 1075 Ecclesiarum
1462 1022 1626 1092 partis
1658 1023 1765 1079 Do-

196 1097 287 1152 nati
314 1098 689 1167 possidebatur
707 1143 723 1171 ,
744 1103 1019 1161 christiani
1041 1107 1389 1179 imperatores
1410 1113 1620 1186 legibus
1644 1118 1769 1172 reli-

195 1188 336 1256 giosis
378 1204 502 1245 cum
562 1191 698 1262 ipsis
756 1195 1119 1254 Ecclesiisad
1162 1201 1485 1261 Catholicam
1542 1210 1768 1266 transire

191 1278 438 1347 jusserunt
469 1279 572 1353 (a).
595 1282 732 1339 Cum
756 1302 883 1357 ergo
910 1288 1183 1346 nobiscum
1205 1293 1311 1349 sint
1334 1298 1640 1354 earumdem
1669 1302 1766 1357 Ec-

194 1368 450 1425 clesiarum
478 1387 747 1444 pauperes
778 1378 868 1448 qui
903 1379 1105 1436 eisdem
1137 1384 1153 1414 ¹
1196 1388 1633 1454 possessiunculis
1658 1393 1767 1448 ale-

194 1460 379 1527 bantur,
406 1461 508 1531 ipsi
540 1466 720 1534 potius
758 1466 887 1524 foris
925 1471 1083 1540 positi
1120 1472 1365 1532 desinant
1385 1482 1765 1551 concupiscere

192 1553 371 1619 aliena;
417 1554 515 1610 sed
558 1556 763 1614 intrent
792 1559 843 1614 in
876 1563 1093 1619 unitatis
1119 1568 1462 1637 societatem,
1493 1584 1546 1627 ut
1569 1576 1766 1644 pariter

191 1642 548 1713 gubernemus,
581 1662 690 1703 non
718 1649 806 1705 illa
837 1660 1041 1710 tantum
1072 1672 1190 1726 qua:
1218 1658 1403 1717 dicunt
1429 1678 1545 1732 sua,
1570 1681 1759 1721 verum

192 1734 327 1789 etiam
376 1752 495 1806 quae
541 1738 800 1796 dicuntur
839 1751 894 1798 et
936 1755 1135 1803 nostra.
1163 1748 1428 1822 Scriptum
1465 1766 1547 1810 est
1577 1758 1759 1814 enim:

193 1819 354 1878 Omnia
381 1836 548 1881 vestra
574 1839 732 1895 sunt;
769 1848 853 1887 vos
880 1844 1047 1889 autem
1075 1819 1298 1905 Christi}
1328 1840 1556 1898 Christus
1596 1857 1761 1901 autem

191 1915 270 1969 Dei
292 1914 331 1989 (Ι
357 1914 477 1974 Cor.
507 1934 593 1987 ut,
626 1920 720 1989 22,
748 1922 860 1997 25).
901 1924 1012 1981 Sub
1055 1929 1147 1984 illo
1187 1933 1393 2003 capite,
1426 1935 1480 1989 in
1509 1952 1615 1991 uno
1645 1938 1759 2009 ejus

188 2023 388 2080 corpore
409 2027 577 2068 unum
607 2015 795 2084 simus,
824 2026 878 2073 et
898 2018 964 2075 de
980 2020 1095 2076 istis
1118 2024 1307 2080 talibus
1328 2028 1486 2083 rebus
1506 2028 1759 2088 faciamus

187 2101 307 2170 quod
335 2102 595 2173 scriptum
629 2116 712 2162 est
739 2108 793 2164 in
823 2112 1042 2167 Actibus
1062 2116 1440 2185 Apostolorum
1466 2140 1477 2175 :
1509 2121 1636 2178 Erat
1658 2126 1759 2181 illis

187 2192 333 2245 anima
356 2210 459 2248 una
483 2205 534 2250 et
566 2212 661 2251 cor
686 2216 875 2265 unum;
918 2212 964 2256 et
993 2221 1137 2260 nemo
1164 2207 1355 2264 dicebat
1396 2214 1591 2284 aliquid
1634 2234 1755 2287 pro-

188 2283 327 2352 prium
347 2324 363 2351 ,
403 2288 496 2341 sed
537 2298 689 2342 erant
730 2291 834 2345 illis
870 2294 1039 2348 omnia
1064 2300 1347 2353 communia
1377 2283 1509 2372 (Act.
1538 2283 1751 2378 ιγέόἰ).

188 2372 413 2430 Amemus
439 2378 592 2447 quod
623 2390 917 2449 cantamus,
948 2384 1080 2439 Ecce
1113 2404 1264 2459 quam
1300 2391 1481 2446 bonum
1519 2405 1566 2448 et
1604 2412 1755 2465 quam

188 2463 457 2533 iucundum,
488 2469 730 2525 habitare
754 2475 937 2544 fratres
959 2476 1013 2530 in
1038 2494 1195 2533 unum
1225 2479 1396 2552 (Psal.
1423 2463 1631 2553 cxxxn,
1660 2491 1749 2557 l)!

190 2564 234 2609 ut
268 2557 339 2612 sic
375 2563 733 2631 experiantur
776 2575 829 2622 et
877 2568 1047 2625 sciant
1088 2588 1246 2641 quam
1283 2578 1541 2633 veraciter
1566 2581 1629 2634 ad
1660 2598 1754 2637 eos

187 2646 355 2705 clamet
376 2662 551 2709 mater
578 2655 857 2714 Catholica
887 2662 1029 2731 quod
1051 2666 1233 2721 scribit
1258 2667 1443 2725 beatus
1466 2674 1752 2743 Apostolus

188 2738 239 2791 ad
274 2738 597 2811 Corinthios,
648 2748 768 2804 Non
809 2768 979 2822 quam
1021 2771 1136 2823 qua:
1172 2769 1289 2813 sunt
1327 2738 1623 2829 vestrm-sed
1668 2785 1753 2825 vos

188 2826 241 2896 (ll
267 2830 371 2885 Cor.
399 2850 499 2902 xu,
532 2826 651 2910 Η).

244 2922 319 2977 37.
358 2925 415 2983 Si
442 2912 630 2985 autem
663 2932 1060 2991 consideremus
1089 2940 1229 3008 quod
1255 2932 1455 3000 dictum
1483 2957 1565 3001 est
1600 2951 1652 3003 in
1682 2951 1747 3006 li-

189 3011 266 3064 ltm
301 3014 591 3086 Sapientia:
616 3063 632 3086 ,
678 3020 806 3077 Ideo
842 3026 975 3096 justi
1019 3030 1237 3084 tulerunt
1276 3036 1438 3103 spolia
1477 3039 1748 3107 impiorum

187 3102 315 3174 (Sep.
343 3123 396 3174 ι,
430 3110 560 3181 l9);
596 3111 721 3168 item
761 3116 902 3185 quod
944 3118 1137 3188 legitur
1165 3122 1217 3176 in
1246 3102 1575 3193 Proverbiis,
1611 3128 1745 3186 Theo

185 3199 478 3256 taurizautur
501 3213 681 3258 autem
711 3207 868 3278 justis
897 3210 1085 3265 divitiae
1117 3213 1388 3284 impiorum
1417 3218 1598 3288 (Prov.
1626 3238 1741 3291 xm,

185 3285 254 3353 22,
279 3306 372 3345 sec.
400 3292 610 3365 LXX);
644 3304 767 3352 tunc
791 3300 1084 3356 videbimus
1115 3321 1218 3358 non
1249 3321 1368 3362 esse
1398 3285 1742 3379 quaerendum

184 3378 255 3444 qui
281 3382 499 3439 habeant
525 3400 617 3441 res
644 3386 1037 3461 haereticorum,
1065 3395 1157 3449 sed
1184 3397 1271 3466 qui
1290 3398 1395 3452 sint
1415 3378 1465 3454 in
1488 3403 1742 3462 societate

182 3465 432 3533 justorum.
483 3476 703 3533 Scimus
744 3480 959 3551 quidem
987 3483 1105 3539 illos
1135 3494 1332 3543 tantam
1364 3490 1463 3546 sibi
1492 3509 1742 3565 arrogare

181 3557 434 3634 justitiam,
476 3577 539 3623 ut
577 3584 694 3624 eam
731 3586 790 3627 se
827 3572 1031 3642 jactent
1054 3592 1158 3632 non
1197 3580 1367 3635 solum
1395 3583 1609 3651 habere,
1642 3589 1737 3644 sed

185 3651 315 3707 etiam
338 3656 453 3712 aliis
477 3658 785 3719 hominibus
815 3663 960 3720 dare.
993 3668 1035 3719 Α
1061 3684 1120 3723 se
1148 3671 1340 3742 quippe
1370 3674 1551 3732 dicunt
1573 3677 1734 3747 justi-

184 3743 301 3797 limri
324 3762 440 3803 eum
463 3766 628 3822 quem
649 3752 1065 3826 baptizaverint;
1098 3761 1182 3815 ubi
1204 3764 1335 3820 nihil
1356 3768 1432 3821 eis
1453 3779 1612 3825 restat
1635 3772 1737 3826 nisi

184 3830 333 3911 dicere
358 3840 431 3895 illi
457 3843 552 3912 qui
592 3843 887 3915 baptizatur
914 3850 980 3906 ab
1006 3852 1118 3919 eis,
1162 3863 1218 3908 ut
1260 3856 1310 3909 in
1353 3858 1733 3929 baptizatorem

183 3935 309 3980 suum
334 3932 521 3987 credat
548 3951 562 3987 ε
591 3949 688 3990 cur
710 3939 851 3993 enim
879 3955 984 3995 non
1013 3942 1190 4010 faciat,
1214 3948 1425 4017 quando
1450 3952 1735 4021 Apostolus

182 4012 298 4085 dicit,
323 4018 560 4079 Credcnti
587 4027 639 4080 in
667 4046 781 4083 eum
807 4033 894 4102 qui
907 4034 1159 4104 justiﬁcat
1188 4012 1431 4109 impium,
1470 4043 1735 4114 deputatur

181 4106 284 4174 ﬁdes
299 4115 399 4185 ejus
424 4118 501 4171 ad
512 4120 765 4190 justitiam
786 4122 960 4194 (Rom.
989 4142 1060 4193 IV,
1091 4128 1180 4200 5)?
1202 4106 1267 4184 1n
1282 4106 1452 4202 ipsum
1473 4106 1600 4208 ergo
1619 4154 1734 4195 cre-

182 4198 270 4268 dat,
296 4208 334 4259 si
358 4224 484 4263 eum
515 4212 629 4279 ipse
648 4213 932 4284 justitlcat,
965 4226 1022 4273 ut
1055 4198 1337 4291 deputetur
1364 4226 1495 4281 lides
1522 4198 1636 4297 ejus
1666 4231 1732 4286 ad

181 4290 421 4358 justitiam.
459 4301 563 4356 Sed
596 4314 720 4373 puto
744 4306 887 4376 quod
915 4310 1074 4365 etiam
1104 4290 1200 4381 ipsi
1231 4314 1438 4385 seipsos
1459 4318 1727 4388 horreant,

184 4384 219 4435 Si
243 4394 401 4445 tamen
431 4393 534 4447 ista
562 4396 643 4449 vel
671 4397 906 4467 cogitare
947 4401 1251 4471 dignantur.
1282 4404 1463 4463 Justus
1500 4411 1642 4465 enim
1679 4422 1733 4467 et

182 4472 441 4539 justiticans
470 4502 571 4540 non
602 4496 702 4556 est,
732 4490 835 4546 nisi
858 4492 1015 4547 Deus.
1044 4494 1225 4551 Potest
1248 4507 1425 4555 autem
1446 4512 1500 4555 et
1527 4503 1593 4557 de
1616 4504 1731 4561 istis

186 4560 267 4619 dici
292 4573 423 4640 quod
457 4574 583 4630 dicit
614 4580 897 4647 Apostolus
931 4582 996 4638 de
1036 4584 1263 4653 Iudaeis,
1295 4591 1415 4659 quia
1444 4592 1730 4663 ignorantes

189 4651 263 4709 Dei
275 4662 536 4734 justitiam,
566 4678 611 4722 et
638 4687 784 4724 suam
808 4674 1025 4730 volentes
1049 4680 1368 4750 constituere,
1392 4686 1605 4754 justitia:
1635 4687 1731 4743 Πιθὶ

178 4761 381 4809 nousuut
408 4759 618 4831 subjecti
648 4761 820 4834 (Rom.
853 4782 907 4829 ι,
941 4768 1019 4837 5)-

243 4838 317 4895 38.
354 4847 503 4904 Absit
528 4860 703 4907 autem
732 4858 1080 4928 utquisquam
1099 4873 1337 4918 nostrum
1356 4866 1426 4921 ita
1453 4883 1513 4923 se
1526 4871 1725 4940 justum

187 4925 331 4999 dicat,
361 4946 419 4993 ut
445 4950 535 4995 aut
559 4957 709 4997 suam
735 4925 993 5015 justitiam
1025 4951 1152 5007 velit
1179 4925 1544 5023 constituere:
1569 4959 1622 5014 id
1647 4972 1729 5018 est

188 5024 310 5085 quasi
335 5042 362 5080 a
386 5030 561 5103 seipse
585 5034 683 5090 sibi
712 5035 909 5104 datam,
940 5056 1058 5096 cum
1086 5044 1291 5101 dicatur
1318 5049 1367 5103 ei
1386 5091 1402 5117 ,
1435 5050 1570 5117 Quid
1594 5056 1727 5110 enim

188 5108 311 5170 habes
329 5123 456 5190 quod
485 5142 586 5181 non
612 5131 875 5201 acccepisti
902 5130 943 5207 (Ι
976 5132 1096 5191 Cor.
1127 5153 1200 5206 tv,
1227 5139 1325 5213 7)?
1349 5108 1578 5203 autwsine

188 5212 285 5258 cato
308 5224 361 5266 se
396 5230 513 5273 esse
537 5220 744 5287 jactare
770 5224 961 5280 audeat
986 5228 1039 5283 in
1068 5227 1167 5285 hac
1196 5232 1299 5287 vita
1320 5275 1337 5300 ,
1382 5237 1518 5293 sicut
1542 5212 1642 5308 ipsi
1671 5242 1724 5296 in

188 5303 337 5355 nostra
369 5306 647 5367 collatione
672 5311 919 5371 dixerunt
944 5317 995 5372 in
1024 5334 1087 5374 ea
1114 5337 1173 5376 se
1196 5338 1314 5379 esse
1345 5325 1578 5383 Ecclesia
1606 5346 1725 5399 quae

186 5379 284 5489 iam.
296 5406 389 5450 non
416 5397 575 5456 habet
598 5404 857 5459 maculam
886 5417 975 5462 aut
1002 5426 1185 5480 rugam
1206 5422 1298 5469 aut

187 5476 303 5533 modi
328 5482 481 5557 (Eph.
514 5506 568 5557 ν,
593 5489 686 5563 27)
710 5510 723 5548 :
751 5496 1049 5554 nescientes
1069 5476 1179 5557 hoc
1203 5504 1363 5560 modo
1391 5476 1442 5561 in
1469 5508 1548 5563 eis
1573 5476 1722 5566 obm-

214 5590 667 5684 ίεξέἒηῖἱποθίδαίη
800 5608 961 5684 κείρω
981 5617 1261 5684 mm
1279 5620 1617 5684 Εςειεείαηαη,
1642 5638 1726 5676 no-

186 5643 1724 5770 gmwamussmmmsmﬁ

373 5736 433 5773 ςς.

236 5795 300 5858 (ιη
322 5810 405 5855 C00
438 5809 616 5862 Theod.
638 5813 671 5864 l.
689 5815 769 5876 5‘3,
787 5818 849 5866 dc
873 5825 1136 5873 llult'eticis.

424 5902 643 5959 bauer.
678 5901 951 5966 Αυθυετ.
981 5905 1061 5968 ll.

1355 352 1827 413 EPIS'I'OLABUM
1867 358 2143 419 CLASSIS
2181 365 2266 421 Ill.

1880 473 2037 543 pleri,
2058 479 2147 546 qui
2176 480 2260 535 vel
2289 493 2406 551 post
2434 484 2761 556 Baptismum
2790 496 3040 553 continuo
3059 542 3074 569 ,
3107 504 3185 559 vel
3215 507 3457 570 dimissis

1878 560 2091 631 debitis,
2120 584 2238 639 qua:
2265 572 2576 634 dimittenda
2604 580 2656 636 in
2686 586 2928 643 oratione
2944 560 3251 663 poscuntur,
3269 600 3334 655 de
3352 601 3457 660 hoc

1878 668 2075 715 exeunt
2098 675 2359 733 corpore;
2388 667 2441 723 in
2472 679 2577 725 tota
2607 690 2735 729 vero
2763 677 2998 737 Ecclesia
3029 694 3154 743 tunc
3179 688 3412 750 futurum
3434 738 3452 764 ,

1878 756 1936 803 ut
1963 749 2032 803 sit
2058 754 2275 811 omnino
2303 772 2409 813 non
2436 758 2635 817 habens
2665 768 2923 824 maculam
2966 785 3059 829 aut
3095 794 3277 849 rugam
3302 825 3316 849 ,
3366 795 3458 842 aut

1877 838 2075 910 aliquid
2098 843 2380 916 ejusmodi,
2399 853 2609 921 quando
2629 855 2908 916 dicendum
2931 855 3050 925 eli.
3073 838 3277 937 Ubi'est,
3298 838 3453 947 mors,

1875 930 2084 985 victoria
2108 935 2233 990 tua?
2254 939 2340 992 ubi
2372 952 2465 1009 est,
2496 960 2646 1013 mors,
2678 951 2879 1008 aculeus
2902 958 3057 1012 tuus?
3082 958 3299 1018 Aculeus
3318 930 3451 1025 enini

1876 1024 2051 1077 mortis
2077 1036 2151 1080 est
2174 1042 2435 1099 peccatum
2463 1035 2509 1107 (l
2534 1037 2651 1093 Cor.
2684 1057 2776 1110 xv,
2808 1046 2894 1111 55,
2929 1049 3043 1121 '56).

1944 1116 2033 1171 59.
2061 1117 2118 1173 In
2141 1118 2241 1177 hac
2263 1134 2439 1183 autem
2458 1130 2581 1199 vita,
2612 1133 2698 1187 ubi
2720 1151 2913 1208 corpus
2932 1116 3072 1212 quod
3098 1156 3457 1223 corrumpitur

1872 1219 2123 1277 aggravet
2160 1215 2390 1273 animam
2438 1218 2591 1293 (Sap.
2630 1240 2722 1293 ιχ,
2758 1228 2880 1302 l5),
2913 1232 2957 1287 si
2987 1234 3221 1295 Ecclesia
3267 1215 3453 1304 eorum

1866 1296 1978 1367 jam
2010 1301 2127 1356 talis
2149 1315 2249 1372 est,
2279 1323 2382 1363 non
2413 1325 2538 1383 ergo
2560 1314 2737 1371 dicant
2759 1296 2887 1388 Deo,
2917 1327 3057 1394 quod
3084 1329 3338 1390 Dominus
3355 1355 3453 1396 nos

1870 1402 2026 1446 orare
2045 1393 2243 1465 docuit,
2266 1398 2470 1457 Dimitte
2482 1406 2622 1460 nobis
2638 1408 2801 1463 debita
2813 1393 2983 1469 nostra
3000 1416 3211 1487 (Matth.
3240 1441 3313 1492 vr,
3334 1393 3449 1502 12):

1869 1478 2002 1535 Cum
2032 1486 2172 1540 enim
2213 1488 2265 1543 in
2306 1491 2577 1563 Baptismo
2620 1511 2807 1557 cuncta
2837 1478 3054 1563 dimissa
3085 1522 3235 1581 sunt,
3268 1478 3450 1590 utquid

1870 1574 1971 1629 hoc
1996 1580 2168 1645 poscit
2198 1580 2454 1651 Ecclesia,
2482 1589 2527 1642 si
2550 1589 2661 1659 jam
2686 1593 2846 1650 etiam
2875 1597 2927 1651 in
2955 1598 3054 1655 hac
3081 1604 3182 1658 vita
3209 1624 3313 1663 non
3341 1574 3440 1667 ha-

1869 1662 1958 1719 bet
1977 1669 2260 1739 maeulam,
2283 1686 2373 1730 aut
2397 1693 2599 1749 rugam,
2627 1693 2717 1738 aut
2735 1685 2933 1757 aliquid
2962 1691 3294 1763 hujusmudi?
3314 1700 3451 1757 Con-

3352 398 3468 456 810-

1871 1764 2176 1817 temnantet
2198 1769 2496 1834 apostolum
2514 1770 2774 1832 Joannem
2800 1779 3116 1840 clamantem
3140 1787 3190 1842 in
3217 1790 3447 1860 Epistola
3506 1828 3525 1869 ς,

3264 1849 3276 1860 .
3439 1849 3446 1851 -
3506 1849 3521 1869 ιι

1867 1860 1961 1901 sua
1996 1867 2009 1903 :
2044 1849 2106 1905 Si
2146 1855 2421 1913 dixerimus
2460 1863 2577 1930 quia
2616 1879 2873 1935 peccatum
2919 1890 3018 1927 non
3046 1877 3318 1950 habemus,
3358 1903 3449 1942 uos
3500 1873 3521 1945 ,δ

1864 1936 2003 2007 ipsos
2028 1943 2326 2014 decipimus,
2355 1961 2403 2004 et
2428 1954 2608 2009 veritas
2632 1957 2685 2011 in
2716 1962 2856 2015 nobis
2892 1981 2991 2019 non
3032 1980 3121 2023 est.
3174 1975 3235 2028 Si
3281 1989 3445 2034 autem

1864 2034 2084 2102 confessi
2101 2036 2347 2105 fuerimus
2372 2056 2575 2113 peccata
2591 2059 2782 2118 nostra,
2805 2052 2971 2122 ﬁdelis
2990 2069 3060 2114 est
3085 2072 3130 2115 et
3142 2065 3334 2133 justus,
3358 2078 3447 2142 qui

2072 2136 2082 2142 _
2179 2129 2191 2142 .
2211 2131 2223 2141 .

1863 2121 2082 2179 dimittat
2106 2129 2247 2184 nobis
2269 2146 2495 2201 peccata,
2524 2148 2569 2191 et
2591 2121 2905 2200 mandetuos
2929 2150 2992 2201 ab
3020 2155 3159 2206 omni
3186 2121 3447 2227 iniquitizte

1863 2211 1907 2311 ρ
1928 2212 2083 2270 Joan.
2116 2234 2153 2286 ι,
2186 2220 2249 2287 8,
2285 2223 2363 2295 9).
2408 2226 2633 2299 Propter
2672 2232 2807 2290 hanc
2848 2254 2996 2308 spem
3032 2242 3160 2300 dicit
3200 2211 3443 2311 universa

1860 2300 2119 2373 Ecclesia,
2154 2309 2363 2369 Dimitte
2386 2319 2528 2372 uobis
2570 2322 2736 2378 debita
2772 2340 2978 2397 nostra,
3025 2344 3080 2390 ut
3113 2353 3218 2395 non
3250 2359 3441 2413 super-

1860 2390 1909 2413 l.2
1921 2409 1973 2413 -.Α
1988 2404 1999 2413 -
2016 2411 2027 2413 ς
2045 2411 2055 2413 ~
2208 2402 2219 2413 '
2363 2406 2385 2413 “

1859 2390 2063 2451 bientes
2083 2440 2098 2464 ,
2128 2402 2220 2455 sed
2248 2406 2566 2491 conﬁtentes
2594 2416 2811 2473 mundet
2839 2436 2937 2476 nos
2963 2424 3030 2479 ab
3067 2434 3209 2485 omni
3251 2390 3443 2506 ἰιιίἷιιιὶ-

1861 2491 1967 2540 tato
1986 2526 2001 2548 ,
2033 2499 2193 2561 atque
2221 2475 2291 2550 ita
2316 2498 2414 2553 sibi
2446 2501 2700 2560 Dominus
2729 2509 2970 2569 Christus
2998 2518 3245 2578 exhibeat
3273 2527 3326 2581 in
3341 2475 3439 2585 lilla

1857 2575 1944 2631 die
1970 2579 2256 2650 gloriosam
2281 2588 2574 2648 Ecclesium
2602 2613 2707 2651 non
2735 2599 3018 2661 habentem
3044 2615 3327 2683 maculam,
3349 2630 3440 2675 aut

1856 2684 2061 2739 rugam,
2095 2686 2185 2730 aut
2210 2679 2405 2750 aliquid
2435 2685 2728 2757 ejusmodi;
2756 2709 2912 2763 quam
2942 2703 3100 2755 modo
3127 2679 3333 2764 mandat
3362 2714 3439 2767 la-

1854 2774 2003 2815 vacro
2050 2782 2196 2836 aqua:
2235 2771 2287 2824 in
2328 2777 2473 2829 verbo
2498 2793 2517 2831 :
2542 2781 2662 2848 quia
2693 2799 2863 2855 neque
2890 2790 3086 2862 aliquid
3114 2813 3349 2858 remanet
3381 2806 3434 2860 in

1854 2849 2145 2925 Baptismo,
2169 2862 2308 2929 quod
2336 2880 2443 2919 non
2470 2867 2762 2927 dimittatur
2777 2849 3016 2937 omnium
3045 2891 3434 2954 prmteritorum

1853 2954 2192 3011 peccatorum
2221 2952 2290 3021 (si
2315 2963 2488 3012 tamen
2511 2959 2623 3030 ipse
2641 2963 2940 3034 llaptismus
2970 2952 3074 3029 non
3096 2977 3288 3039 frustra
3308 2984 3437 3043 foris

1852 3031 2142 3105 habeatur,
2174 3044 2266 3098 sed
2298 3056 2388 3101 aut
2431 3050 2575 3107 intus
2599 3031 2772 3127 detur,
2804 3073 2892 3117 aut
2917 3066 2960 3119 si
2982 3067 3092 3136 jam
3119 3072 3246 3129 foris
3272 3077 3423 3136 datus

1851 3136 1952 3194 est,
1988 3146 2092 3185 non
2126 3133 2253 3191 foris
2288 3153 2407 3193 cum
2440 3142 2529 3199 illo
2552 3154 2947 3227 remaneatur);
2984 3133 3048 3215 vet
3086 3166 3339 3237 quidquid
3366 3173 3433 3227 ab

1850 3220 1928 3274 eis
1953 3224 2043 3292 qui
2070 3237 2191 3294 post
2215 3243 2488 3301 acceptum
2518 3237 2844 3309 Baptismum
2876 3246 2961 3303 hic
2987 3252 3186 3322 vivunt,
3220 3259 3431 3318 infirmi-

1850 3318 1956 3367 tate
1994 3313 2226 3373 humana
2269 3326 2599 3382 contrahitur
2641 3347 3094 3411 quarumcumque
3132 3347 3428 3422 culparum,

1847 3413 2062 3473 propter
2091 3406 2263 3477 ipsum
2299 3414 2316 3444 ¹
2345 3415 2611 3474 lavacrum
2641 3423 2941 3486 dimittitur.
2966 3406 3148 3505 Neque
3165 3406 3305 3495 enim
3326 3406 3428 3498 ali:

1845 3492 1972 3563 quid
2003 3497 2220 3565 prodest
2236 3518 2340 3559 non
2364 3506 2626 3578 haptizato
2646 3513 2843 3585 dicere,
2872 3492 3081 3580 Dimitte
3100 3492 3425 3589 uobis—debita

1846 3594 2017 3639 nostra
2027 3629 2036 3639 .

1915 3675 2004 3731 40.
2028 3677 2102 3732 Ita
2132 3683 2291 3739 modo
2317 3688 2536 3745 mundat
2556 3692 2847 3753 Ecclesiam
2874 3716 3022 3759 suam
3045 3706 3259 3765 lavacro
3275 3728 3427 3786 aqua:

1844 3765 1896 3819 in
1929 3770 2123 3838 verbo,
2154 3783 2210 3828 ut
2239 3784 2363 3832 tunc
2397 3794 2514 3835 eam
2552 3784 2652 3840 sibi
2699 3789 2947 3849 exhibeat
2993 3812 3097 3853 non
3140 3765 3423 3864 habeniem

1842 3859 2103 3916 maculam
2131 3874 2222 3920 aut
2251 3884 2455 3939 rugam,
2481 3884 2571 3929 aut
2598 3878 2795 3950 aliquid
2826 3884 3108 3957 ejusmodi,
3134 3900 3295 3950 totam
3323 3901 3424 3953 sci-

1843 3947 1968 4004 licet
1997 3954 2270 4023 pulchram
2301 3971 2461 4032 atque
2489 3947 2796 4039 perfectam,
2822 3947 3033 4044 quando
3054 3947 3424 4046 absorbebiuir

1841 4055 1985 4095 mors
2026 4043 2077 4097 in
2125 4047 2396 4105 victoriam
2442 4054 2483 4125 (Ι
2524 4055 2639 4111 Cor.
2690 4077 2761 4114 xv
2786 4105 2801 4127 ,
2841 4043 2958 4135 754).
3005 4069 3157 4126 Nunc
3195 4094 3321 4146 ergo
3365 4083 3418 4136 in

1841 4142 2093 4198 quantum
2122 4134 2262 4205 viget
2291 4140 2340 4194 in
2371 4144 2524 4198 nobis
2552 4148 2693 4215 quod
2722 4167 2785 4205 ex
2830 4134 2938 4208 Deo
2976 4162 3081 4213 nati
3109 4134 3319 4233 sumus,
3353 4187 3417 4225 ex

1843 4218 1946 4275 [ide
1976 4223 2247 4295 viventes,
2282 4231 2410 4294 justi
2441 4252 2660 4292 sumus:
2693 4240 2745 4294 in
2787 4255 3039 4312 quantum
3078 4262 3255 4310 autem
3290 4261 3418 4316 reli-

1838 4312 1989 4379 quias
2009 4318 2340 4376 mortalitatis
2364 4338 2427 4378 ex
2451 4326 2620 4383 Adam
2638 4332 2913 4403 trahimus,
2943 4339 3057 4397 sine
3073 4358 3290 4412 peccato
3310 4367 3417 4408 non

1838 4416 2038 4459 sumus.
2073 4406 2139 4462 Et
2165 4408 2293 4466 illud
2323 4415 2465 4471 enim
2496 4434 2678 4477 verum
2702 4434 2800 4491 est,
2826 4426 2924 4493 Qui
2944 4406 3091 4489 natus
3108 4448 3179 4492 est
3204 4457 3267 4496 ea:
3289 4444 3413 4514 Deo,

1837 4511 1936 4548 non
1962 4510 2131 4567 peccat
2160 4502 2200 4574 (Ι
2221 4501 2377 4561 Joau.
2408 4524 2488 4579 ut,
2516 4511 2679 4584 9);et
2703 4518 2827 4574 illud
2855 4537 3039 4581 verum
3065 4542 3164 4598 est,
3193 4533 3255 4587 Si
3274 4537 3390 4592 dixe

1834 4588 1991 4644 rimus
2014 4593 2129 4661 quia
2148 4607 2407 4665 peccatum
2437 4618 2537 4657 non
2557 4606 2810 4677 habemus,
2842 4630 2932 4669 nos
2957 4617 3092 4687 ipsos
3115 4622 3411 4693 decipimus,

1834 4687 1878 4733 et
1916 4683 2097 4738 veritas
2137 4687 2190 4739 in
2230 4690 2370 4744 nobis
2400 4709 2500 4748 non
2526 4706 2598 4751 est
2625 4698 2732 4771 (Id.
2763 4719 2801 4768 ι,
2836 4704 2914 4776 8).
2952 4683 3203 4766 Dominus
3225 4683 3409 4787 itaque

1832 4770 2075 4829 Christus
2101 4787 2150 4830 et
2177 4778 2351 4848 justus
2379 4795 2477 4852 est,
2507 4798 2561 4841 et
2580 4789 2873 4859 justiﬁcans
2897 4816 2911 4863 ;
2942 4815 3038 4854 nos
3064 4813 3237 4860 autem
3254 4770 3411 4877 justi-

1834 4861 1972 4918 licati
2016 4869 2180 4935 gratis
2220 4887 2315 4940 per
2358 4878 2580 4945 gratiam
2625 4883 2787 4952 ipsius
2832 4861 3008 4957 (Rom.
3038 4908 3116 4961 ιιι,
3144 4861 3409 4969 2λὶ).⁶

1832 4966 2008 5012 autem
2030 4958 2283 5029 justilicat
2310 4967 2411 5025 nisi
2438 4987 2630 5043 corpus
2656 4992 2829 5043 suum,
2862 4983 3001 5051 quod
3025 4958 3110 5041 est.
3136 4958 3371 5049 Ecclesia
3400 5043 3403 5047 .

1832 5056 1887 5102 et
1916 5048 2035 5105 ideo
2059 5053 2101 5106 si
2128 5069 2320 5127 corpus
2335 5060 2531 5119 Christi
2558 5067 2691 5122 tollit
2708 5048 3199 5148 spolia—impiorum,
3223 5095 3277 5140 et
3291 5103 3405 5143 cor-

1832 5143 1944 5210 pori
1970 5142 2167 5202 Christi
2191 5150 2615 5213 thesaurizantur
2637 5160 2830 5217 divitia:
2862 5165 3162 5240 impiarum,
3193 5194 3296 5233 non
3320 5180 3403 5236 de-

1832 5232 1958 5289 bent
1975 5234 2121 5306 impii
2136 5238 2263 5297 foris
2280 5259 2577 5315 remanere,
2603 5259 2658 5305 ut
2672 5254 3079 5331 calumnientur,
3098 5267 3191 5321 sed
3208 5268 3407 5325 intrare

1832 5325 2004 5392 potius
2034 5338 2090 5382 ut
2108 5329 2486 5399 justificentur.

1901 5416 1990 5470 41.
2022 5417 2176 5475 Unde
2205 5432 2257 5477 et
2284 5424 2414 5481 illud
2449 5430 2587 5499 quod
2616 5430 2684 5487 de
2707 5433 2793 5491 die
2811 5436 2997 5507 judicii
3023 5443 3273 5512 scriptum
3302 5459 3404 5516 est,

1829 5505 1973 5562 Tunc
2009 5512 2210 5568 stabunt
2242 5517 2372 5586 justi
2416 5520 2470 5574 in
2516 5538 2702 5595 magna
2729 5505 3012 5586 constantia
3046 5535 3284 5593 adversus
3321 5558 3405 5596 eos

1827 5601 1915 5670 qui
1933 5618 1986 5656 se
2003 5608 2430 5678 angustiaverunt,
2452 5621 2499 5666 et
2519 5614 2829 5673 abstulerunt
2853 5623 3045 5679 labores
3063 5642 3233 5681 eorum
3251 5630 3403 5704 (Sap.

1828 5706 1881 5758 v,
1915 5692 2006 5762 1),
2044 5710 2147 5749 non
2189 5698 2368 5769 utique
2409 5703 2487 5759 sic
2526 5706 2921 5779 intelligendum
2967 5729 3081 5782 est,
3130 5722 3249 5790 quia
3298 5736 3404 5779 sta-

1890 5800 1907 5830 ⁸
1934 5808 2036 5852 Mss.
2076 5804 2296 5868 plerique
2321 5823 2333 5859 :
2360 5814 2662 5865 contrahitur

2701 5832 2995 5887 quarumque
3018 5828 3296 5895 culparum,
3320 5850 3409 5898 per

1828 5871 2001 5923 Ιρεααο

2688 5943 3128 6024 {'l"t'ngl---si.c.)

3500 1952 3524 1999 ἰ

3496 2046 3517 2119 't
