3990 6374
596 300 694 372 811

595 413 671 468 bit
717 408 1051 464 Chananaeus
1079 401 1335 456 adversus
1373 394 1554 457 Israel,
1597 406 1716 450 cum
1758 384 2186 443 Chananmiabs-

599 502 782 559 tulerit
843 498 1055 552 labores
1105 490 1310 555 Israel;
1370 485 1463 543 sed
1521 482 1682 538 stabit
1728 477 2052 536 Nabuthzeus
2094 473 2187 534 ad-

604 608 794 650 versus
835 589 1058 651 Achab,
1119 584 1366 660 quoniam
1426 577 1640 632 labores
1689 571 1963 629 Nabuthmi
2010 569 2188 623 abstu—

599 687 664 752 lit
708 680 896 741 Achab
942 701 953 735 :
997 680 1328 737 Chananacus
1366 667 1562 744 quippe
1601 668 1832 738 impius,
1868 661 2188 721 Nabuthaeus

601 755 793 852 justus.
850 774 1052 832 Eodem
1080 767 1279 833 modo,
1320 779 1423 820 non
1455 761 1613 818 stabit
1654 773 1890 852 paganus
1929 753 2189 852 adversus

604 845 950 927 christianum
973 861 1062 932 qui
1081 858 1295 916 abstulit
1316 855 1528 909 labores
1543 854 1678 921 ejus,
1698 847 1908 921 quando
1929 845 2189 900 idolorum

607 959 899 1028 exspoliata
929 953 1012 1008 vel
1039 951 1213 1008 diruta
1243 949 1258 980 ¹
1289 956 1412 1002 sunt
1435 944 1667 1020 templa;
1716 940 1810 996 sed
1844 937 2004 993 stabit
2045 935 2188 1000 chri-

606 1051 810 1108 stianus
851 1045 1103 1100 adversus
1133 1054 1396 1116 paganum
1427 1036 1516 1107 qui
1555 1033 1770 1091 abstulit
1817 1031 2029 1092 labores
2054 1028 2189 1098 ejus,

610 1140 825 1218 quando
852 1146 1146 1208 martyrum
1174 1139 1338 1188 strata
1363 1137 1488 1185 sunt
1507 1140 1751 1198 corpora.
1793 1123 1884 1180 Sic
1907 1136 2056 1218 ergo,
2085 1136 2194 1218 non

603 1209 765 1290 stabit
813 1227 1098 1286 haereticus
1150 1222 1405 1280 adversus
1462 1218 1783 1274 catholicum
1835 1215 1925 1288 qui
1978 1209 2196 1268 abstulit

599 1323 814 1390 labores
831 1323 970 1390 ejus,
993 1317 1204 1388 quando
1231 1313 1624 1387 prmvaluerunt
1642 1310 1788 1382 leges
1813 1305 2194 1362 catholicorum

601 1418 984 1496 imperatorum
1013 1434 1026 1480 -,
1075 1411 1164 1466 sta?
1198 1407 1357 1461 stabit
1383 1403 1675 1460 catholicus
1704 1400 1958 1464 adversus
1988 1394 2200 1451 haereti-

601 1487 726 1564 Icur‘n
753 1505 845 1577 qui
874 1502 1091 1566 abstulit
1135 1500 1343 1556 labores
1372 1495 1486 1568 ejus
1507 1537 1523 1562 ,
1568 1491 1780 1565 quando
1827 1488 2036 1548 furores
2060 1502 2196 1557 prae-

606 1599 855 1654 valebant
912 1593 1195 1665 impiorum
1247 1587 1770 1646 Circumcellionum.
1840 1582 1958 1654 Ipsa
2003 1580 2197 1660 quippe

609 1694 880 1764 Scriptura
906 1688 1061 1744 solvit
1090 1685 1437 1758 qumstionem
1460 1723 1474 1744 ,
1501 1696 1619 1751 qua:
1644 1694 1749 1740 non
1773 1677 1877 1740 ait,
1919 1675 2068 1731 Tunc
2094 1683 2201 1728 sta-

609 1785 743 1841 bunt
782 1780 1028 1836 homines
1051 1818 1067 1845 ,
1115 1776 1209 1832 scd
1230 1817 1245 1843 ,
1294 1773 1434 1828 Tunc
1475 1771 1676 1826 stabunt
1709 1769 1838 1841 justi
1867 1783 1885 1822 :
1914 1776 1968 1822 et
1997 1765 2118 1820 ideo
2145 1764 2199 1817 iis

612 1891 798 1948 magna
825 1869 1104 1930 constantia
1128 1908 1143 1935 ,
1174 1867 1294 1938 quia
1323 1864 1374 1918 in
1405 1864 1544 1928 bona
1573 1859 1918 1918 conscientia.

682 1946 772 2022 42.
811 1965 992 2020 Justus
1019 1970 1194 2015 autem
1222 1957 1306 2012 hic
1341 1971 1498 2010 nemo
1536 1962 1618 2008 est
1638 1951 1838 2030 justitia
1867 1965 1982 2016 sua,
2016 1946 2066 2005 id
2095 1955 2196 2013 est,

613 2069 862 2130 tanquam
888 2052 986 2108 sibi
1029 2067 1058 2104 a
1089 2048 1264 2120 seipso
1295 2048 1428 2101 facta
1456 2062 1471 2110 ;
1499 2043 1625 2112 sed,
1656 2053 1710 2097 ut
1734 2041 1860 2096 dicit
1887 2039 2196 2130 Apostolus,

595 2129 758 2205 'Sicut
787 2144 1056 2220 unicuique
1085 2139 1226 2194 Deus
1257 2138 1470 2209 partitus
1497 2148 1569 2189 est
1613 2148 1901 2194 mensuram
1930 2130 2069 2200 ﬁdei.
2100 2129 2199 2188 Se-

614 2240 793 2314 quitur
833 2243 1008 2290 aulem
1045 2239 1100 2287 et
1128 2229 1365 2300 adjungit
1397 2245 1409 2280 :
1441 2226 1587 2282 Sicut
1618 2223 1751 2278 enim
1783 2223 1836 2278 in
1866 2235 2202 2314 uno‘corpore

613 2311 775 2384 multa
821 2325 1044 2380 membra
1091 2322 1363 2386 habemus,
1408 2317 1579 2372 omnia
1630 2324 1796 2378 autem
1843 2311 2063 2366 nzernbra
2101 2327 2201 2366 non

614 2420 844 2476 eumdem
867 2425 1033 2471 actum
1061 2412 1281 2476 habent;
1310 2411 1379 2463 ita
1405 2407 1553 2462 multi
1580 2422 1733 2470 unum
1754 2421 1934 2480 corpus
1960 2418 2131 2456 sumus
2149 2402 2202 2454 in

617 2512 814 2568 Christo
847 2508 1020 2582 (Rom.
1051 2521 1150 2572 xu,
1177 2501 1322 2577 5-5).
1351 2502 1428 2556 Ac
1447 2514 1543 2571 per
1568 2498 1670 2552 hoc
1699 2512 1856 2554 nemo
1884 2503 2062 2566 potest
2085 2507 2203 2549 esse

613 2607 789 2678 justus
811 2645 826 2669 ,
864 2598 1115 2674 quamdiu
1145 2595 1304 2652 fuerit
1331 2594 1399 2649 ab
1432 2592 1635 2648 unitate
1667 2589 1825 2660 hujus
1855 2587 2094 2658 corporis
2119 2601 2204 2678 se-

619 2677 856 2768 paratus.
894 2685 1352 2758 Quemadmodum
1380 2682 1523 2740 enim
1555 2681 1850 2736 membrum
1880 2679 1921 2733 si
1951 2677 2205 2750 praecida-

620 2799 706 2844 tur
734 2786 800 2840 ab
828 2783 1058 2838 hominis
1083 2779 1187 2834 vivi
1222 2790 1446 2848 corpore
1468 2817 1482 2843 ,
1507 2790 1611 2829 non
1641 2781 1814 2846 potest
1841 2780 2022 2826 tenere
2045 2769 2203 2839 spiri-

621 2889 732 2940 tum
772 2877 936 2940 vita};
987 2872 1065 2927 sic
1105 2869 1268 2925 homo
1306 2866 1395 2938 qui
1427 2863 1729 2938 praeciditur
1757 2861 1824 2917 de
1853 2860 2050 2916 Christi
2077 2858 2206 2929 justi

618 2983 843 3039 corpore
861 3007 876 3033 ,
915 2964 1060 3019 nullo
1088 2960 1248 3016 modo
1276 2966 1448 3030 potest
1474 2955 1719 3028 spiritum
1760 2962 1942 3008 tenere
1963 2951 2202 3022 justitizc,

620 3059 829 3118 etiamsi
869 3057 1090 3127 ﬁguram
1116 3050 1340 3108 membri
1366 3057 1564 3114 teneat,
1590 3061 1746 3118 quam
1769 3043 1995 3116 sumpsit
2016 3043 2066 3097 in
2089 3057 2206 3099 cor-

623 3166 774 3224 pore.
829 3148 885 3202 ln
913 3144 1074 3215 hujus
1102 3156 1230 3212 ergo
1259 3153 1566 3210 compagem
1597 3135 1839 3208 corporis
1862 3133 2084 3224 veniant
2104 3173 2118 3199 ,
2153 3140 2207 3187 et

619 3221 833 3297 labores
883 3250 1008 3291 suos
1054 3247 1163 3287 non
1211 3227 1516 3285 dominandi
1561 3226 1880 3297 cupiditate,
1931 3222 2024 3278 sed
2070 3221 2208 3276 bene

623 3330 805 3389 utendi
834 3329 1033 3400 pietate
1063 3320 1386 3394 possideant.
1418 3317 1528 3374 Nos
1552 3326 1728 3371 autem
1757 3315 2079 3368 voluntatem
2109 3326 2207 3367 no-

624 3434 790 3481 stram
813 3465 826 3490 ,
873 3430 927 3475 ut
953 3421 1062 3489 jam
1092 3416 1291 3471 dictum
1322 3421 1436 3477 est,
1470 3411 1537 3464 ab
1575 3409 1732 3484 hujus
1757 3406 2060 3477 cupiditatis
2087 3420 2205 3460 sor-

625 3518 779 3573 dibus
810 3558 823 3582 ,
855 3513 1091 3583 quolibet
1114 3508 1328 3563 inimico
1347 3504 1618 3574 judicante
1646 3515 1932 3572 purgamus
1955 3541 1968 3564 ,
1999 3498 2209 3572 quando

628 3623 725 3662 eos
751 3607 896 3676 ipsos
925 3616 1148 3673 quorum
1190 3598 1397 3652 labores
1439 3595 1719 3660 dicuntur,
1762 3600 1820 3648 ut
1858 3591 2132 3658 nobiscum
2157 3601 2211 3646 et

629 3699 734 3754 illis
759 3705 812 3751 et
853 3693 1049 3748 nostris
1091 3690 1142 3743 in
1184 3688 1434 3742 societate
1477 3685 1734 3739 catholica
1769 3691 2000 3756 utantur,
2045 3698 2211 3754 quan-

629 3800 742 3852 tum
767 3787 1004 3841 valemus
1035 3780 1365 3852 inquirimus.

698 3877 925 3935 CAPUT
961 3874 1030 3930 Χ.
1053 3904 1123 3916 ——
1149 3873 1237 3926 45.
1261 3869 1366 3925 Sed
1395 3868 1498 3924 hoc
1526 3877 1625 3933 est,
1651 3867 1915 3938 inquiunt,
1943 3865 2084 3942 quod
2111 3880 2210 3926 nos

628 3978 806 4029 movet
840 3988 852 4022 :
881 3969 925 4022 si
957 3965 1134 4036 injusti
1165 3977 1367 4026 sumus,
1399 3976 1564 4034 quare
1589 3975 1686 4014 nos
1703 3957 1981 4031 quaeritis?
2010 3958 2212 4028 Quibus

627 4059 1012 4132 respondemus
1038 4075 1049 4110 :
1074 4054 1370 4123 Quaarimus
1381 4066 1476 4104 vos
1498 4050 1738 4121 injustos,
1765 4065 1832 4104 ne
1852 4048 2210 4122 permaneatis

628 4151 837 4224 injusti;
873 4147 1159 4219 quaerimus
1199 4142 1471 4214 perditos,
1514 4149 1571 4195 ut
1615 4140 1682 4195 de
1712 4140 1939 4195 inventis
1979 4139 2211 4210 gaudere

627 4243 893 4314 possimus
914 4280 926 4301 ,
972 4237 1238 4298 dicentes,
1274 4232 1508 4288 Mortuus
1538 4238 1652 4286 erat
1680 4229 1877 4297 frater,
1911 4238 1962 4284 et
1989 4230 2208 4296 revixit;

631 4333 889 4404 perierat,
931 4336 984 4383 et
1012 4327 1254 4381 inventus
1290 4333 1367 4378 est
1405 4321 1556 4393 (Luc.
1586 4335 1662 4375 xv
1683 4361 1698 4385 ,
1724 4320 1838 4393 52).
1888 4321 2061 4387 Quare
2083 4336 2212 4392 ergo

631 4438 739 4488 me,
768 4421 956 4489 inquit,
991 4432 1093 4471 non
1137 4415 1409 4484 baptizas,
1443 4421 1499 4467 ut
1527 4412 1710 4466 abluas
1751 4427 1782 4474 a
1809 4413 2076 4482 peccatis?
2104 4413 2208 4468 lte-

630 4510 869 4584 spondeo
895 4526 906 4561 :
939 4507 1069 4573 Quia
1097 4521 1204 4559 non
1231 4504 1365 4558 facio
1393 4503 1635 4574 injuriam
1663 4501 1958 4557 characteri
1986 4503 2212 4576 impera~

630 4606 779 4667 toris,
807 4617 926 4658 cum
953 4614 1189 4654 errorem
1211 4601 1420 4666 corrigo
1446 4596 1756 4650 desertoris.
1789 4595 1987 4664 Quare,
2022 4597 2208 4668 inquit,

629 4696 768 4767 apud
796 4706 847 4750 te
875 4693 959 4749 vel
1002 4691 1363 4761 pmnitentiam
1411 4705 1512 4743 non
1545 4688 1686 4760 ago?
1727 4689 1836 4744 lmo
1874 4690 1972 4742 nisi
2014 4690 2208 4760 egeris,

631 4792 810 4844 salvus
854 4802 972 4842 esse
1013 4801 1120 4838 non
1143 4783 1344 4854 poteris
1375 4801 1387 4836 :
1418 4781 1685 4852 quomodo
1713 4782 1854 4836 enim
1883 4780 2135 4854 gaudebis
2162 4792 2213 4838 te

634 4896 754 4936 esse
783 4886 1081 4934 correctum
1100 4918 1112 4940 ,
1167 4875 1265 4929 nisi
1307 4873 1486 4926 doleas
1516 4873 1676 4928 fuisse
1703 4857 2050 4942 perversum?
2077 4874 2210 4941 Quid

633 4984 780 5038 ergo,
813 4967 1003 5038 inquit,
1032 4965 1167 5036 apud
1192 4980 1303 5026 vos,
1334 4980 1453 5018 cum
1482 4963 1545 5017 ad
1570 4979 1661 5019 vos
1684 4967 1989 5031 transimus,
2016 4967 2212 5042 accipi-

635 5060 795 5114 mus?
825 5057 1142 5128 ReSpondeo
1172 5074 1184 5108 :
1219 5055 1573 5124 Nonquidem
1601 5055 1837 5123 accipitis
1867 5056 2210 5126 Baptismum,

631 5152 721 5223 qui
763 5148 916 5204 vobis
962 5157 1111 5204 extra
1156 5161 1464 5217 compagem
1514 5145 1753 5214 corporis
1797 5145 1993 5200 Christi
2041 5147 2215 5201 inesse

629 5242 840 5312 potuit,
887 5239 1139 5309 prodesse
1179 5255 1282 5292 non
1312 5238 1517 5307 potuit;
1565 5235 1656 5290 sed
1687 5235 1928 5305 accipitis
1957 5239 2212 5292 unitatem

631 5335 850 5406 spiritus
876 5335 928 5388 in
951 5333 1334 5401 vinculovpacis
1366 5330 1525 5404 (Eph.
1558 5346 1632 5398 iv,
1667 5329 1720 5402 5)
1745 5372 1758 5396 ,
1791 5329 1908 5385 sine
1937 5346 2035 5400 qua
2059 5347 2216 5386 nemo

629 5425 827 5498 poterit
855 5424 1037 5480 videre
1070 5424 1256 5490 Deum,
1282 5435 1332 5477 et
1360 5425 1672 5478 charitatem
1696 5466 1709 5491 ,
1740 5439 1858 5493 quae
1879 5465 1891 5488 ,
1926 5424 2062 5478 sicut
2088 5428 2219 5480 scri-

629 5528 779 5591 ptum
826 5527 908 5574 est
931 5561 943 5582 ,
989 5519 1210 5588 cooperit
1238 5515 1608 5590 multitudinem
1655 5528 1969 5589 peccatorum
1997 5516 2039 5592 (l
2071 5515 2215 5573 Petr.

635 5623 687 5666 Iv
707 5651 721 5680 ,
753 5611 829 5682 8).
861 5608 1012 5676 Quod
1045 5617 1148 5662 tam
1178 5621 1424 5677 magnum
1457 5606 1650 5663 bonum
1677 5651 1686 5672 ,
1719 5611 1833 5670 sine
1861 5625 1966 5682 quo
1989 5623 2086 5670 nec
2121 5609 2218 5665 lin.

700 5715 884 5782 ‘Allas,
909 5721 1083 5771 donata

1837 275 1892 341 δ.
1935 267 2302 338 AUGUSTINI
2341 269 2639 336 EPISCOPI
3718 276 3800 346 ita

2294 397 2424 452 guas
2449 380 2724 435 hominum
2753 388 2807 435 et
2831 379 3182 452 Angelorum,
3209 394 3307 454 nec
3322 380 3582 458 scientiam
3605 386 3800 441 omnium

2295 479 2749 530 sacramentowm
2770 513 2784 542 ,
2828 485 2929 534 nec
2957 470 3319 544 pr0phetiam,
3358 487 3452 528 nec
3478 480 3657 530 tantam
3679 474 3803 532 fidem

2294 579 2399 644 qua
2435 573 2644 619 montes
2679 563 3104 630 transferantur,
3147 579 3247 622 nec
3279 563 3451 628 omnia
3487 580 3594 642 quae
3619 569 3809 638 possidet

2290 655 2457 712 homo
2482 655 2764 712 distributa
2801 655 3155 730 pauperibus,
3189 670 3288 710 nec
3319 654 3546 733 corporis
3569 656 3617 711 in
3642 657 3809 738 ignibus

2295 749 2598 818 passionem
2628 745 2881 816 prodesse
2900 744 3100 818 aliquid
3118 745 3398 815 Apostolus
3425 746 3565 807 testis
3581 757 3653 802 est
3670 747 3708 819 (l
3722 748 3809 808 Cor.

2295 854 2411 905 xm,
2442 839 2559 911 1-5)
2592 857 2605 893 :
2636 837 2737 893 hoc
2758 852 2884 908 ergo
2916 847 3020 892 tam
3049 851 3296 910 magnum
3320 835 3540 906 bonum,
3569 837 3610 893 si
3635 853 3811 912 parvum

2298 933 2380 990 vel
2408 931 2611 988 nullum
2656 932 2885 1004 putatis,
2918 929 3111 996 merito
3137 929 3414 985 infeliciter
3436 929 3638 996 erratis;
3665 932 3816 1006 merito

2299 1022 2343 1092 si
2372 1022 2422 1076 in
2451 1022 2704 1076 unitatem
2737 1019 3056 1082 catholicam
3088 1035 3193 1075 non
3221 1019 3479 1087 transitis,
3505 1020 3688 1098 peritis.

2370 1114 2459 1168 44.
2483 1112 2539 1168 Si
2570 1125 2733 1183 ergo,
2760 1112 3043 1183 inquiunt,
3072 1120 3282 1186 oportet
3312 1121 3369 1166 ut
3397 1099 3491 1172 nos
3514 1120 3652 1167 extra
3676 1113 3820 1170 Eccle-

2299 1203 2432 1258 siam
2460 1214 2512 1268 et
2540 1192 2797 1259 adversus
2822 1201 3119 1268 Ecelesiam
3151 1202 3312 1259 fuisse
3343 1202 3614 1276 poeniteat,
3651 1212 3700 1257 ut
3719 1205 3820 1260 salvi

2300 1308 2421 1350 esse
2470 1295 2771 1366 possimus;
2833 1293 3102 1366 quomodo
3149 1303 3269 1366 post
3316 1294 3468 1350 istam
3515 1294 3821 1364 paenitentiam

2300 1387 2439 1458 apud
2488 1403 2583 1444 vos
2622 1388 2840 1458 clerici,
2889 1389 2976 1456 vel
3004 1389 3166 1450 etiam
3204 1389 3438 1462 epismpi
3481 1393 3822 1466 permanemusl

2304 1479 2418 1535 Hoc
2446 1496 2550 1535 non
2583 1480 2756 1550 fieret,
2784 1482 3034 1552 quoniam
3068 1497 3281 1549 revera,
3308 1481 3449 1558 quod
3477 1481 3720 1546 fatendum
3743 1493 3822 1553 est,

2298 1567 2420 1626 ﬂeri
2447 1586 2553 1624 non
2583 1570 2823 1639 deberet,
2854 1572 2952 1626 nisi
2981 1571 3126 1645 pacis
3147 1572 3312 1644 ipsius
3336 1574 3736 1644 compenszitione
3758 1591 3824 1630 sa-

2303 1673 2541 1718 naretur.
2574 1662 2682 1719 Sed
2707 1663 2806 1722 sibi
2838 1665 2940 1722 hoc
2965 1663 3164 1736 dicant,
3198 1674 3251 1720 et
3270 1664 3436 1720 multo
3454 1667 3665 1730 maxime
3688 1664 3824 1720 humi-

2303 1753 2424 1810 liter
2449 1754 2705 1824 doleant,
2747 1757 2837 1827 qui
2865 1757 2916 1818 in
2949 1765 3092 1816 tanta
3125 1765 3297 1832 morte
3328 1758 3637 1827 prtecisionis
3665 1759 3824 1832 jaceat,

2303 1855 2362 1900 ut
2388 1844 2490 1899 isto
2516 1845 2744 1916 quodam
2777 1847 2993 1906 vulnere
3022 1847 3207 1904 matris
3235 1847 3516 1906 Catholicae
3543 1848 3824 1919 reviviscant.

2303 1931 2437 1989 Cum
2465 1936 2606 1989 enim
2635 1936 2890 2012 prmcisus
2925 1952 3104 1992 ramus
3135 1937 3384 1993 inseritur
3403 1981 3417 2005 ,
3451 1938 3505 1992 lit
3528 1938 3656 1995 aliud
3679 1940 3828 2006 vulnus

2304 2023 2359 2080 in
2385 2025 2576 2080 arbore
2602 2067 2615 2091 ,
2667 2041 2773 2096 quo
2803 2027 2972 2097 possit
3008 2027 3210 2109 recipi,
3257 2036 3316 2082 ut
3352 2029 3490 2082 vivat
3513 2030 3598 2104 qui
3631 2032 3730 2092 sine
3750 2033 3828 2085 vita

2305 2118 2498 2172 radicis
2519 2117 2728 2188 peribat
2753 2135 2766 2172 :
2793 2118 2884 2174 sed
2906 2134 3026 2176 cum
3052 2130 3297 2190 receptus
3318 2121 3583 2192 recipienti
3603 2122 3827 2190 coaluerit,

2305 2217 2358 2264 et
2383 2209 2532 2279 vigor
2555 2210 2900 2281 consequitur
2927 2219 2979 2285 et
3007 2210 3250 2283 fructus;
3280 2212 3515 2269 siautem
3545 2227 3641 2267 non
3660 2214 3829 2268 coalue-

2307 2299 2412 2365 rit,
2454 2299 2542 2354 ille
2568 2299 2780 2370 quidem
2802 2301 3014 2365 arescit,
3047 2300 3140 2357 sed
3169 2302 3272 2355 vita
3296 2302 3500 2358 arboris
3526 2303 3821 2378 permanebit.

2306 2389 2403 2444 Est
2430 2390 2572 2446 enim
2600 2399 2655 2446 et
2695 2393 2800 2447 tale
2831 2392 3098 2453 inserendi
3137 2409 3306 2464 genus
3331 2434 3346 2459 ,
3395 2401 3450 2448 ut
3487 2375 3622 2449 nullo
3657 2396 3832 2472 przeciso

2309 2495 2457 2535 ramo
2484 2481 2571 2552 qui
2618 2480 2759 2537 intus
2785 2492 2894 2547 est,
2924 2482 3010 2538 ille
3040 2484 3127 2554 qui
3167 2483 3300 2538 foris
3324 2495 3407 2540 est
3443 2486 3718 2556 inseratur,
3753 2501 3832 2542 non

2308 2579 2488 2627 tamen
2518 2572 2662 2626 nullo
2689 2616 2701 2640 ,
2739 2573 2833 2628 sed
2863 2573 2948 2629 vel
2986 2574 3258 2629 levissimo
3303 2575 3506 2634 arboris
3534 2576 3741 2631 vulnere.
3777 2573 3831 2634 Ita

2309 2677 2438 2734 ergo
2464 2672 2518 2718 et
2554 2662 2639 2718 isti
2663 2679 2786 2719 cum
2817 2664 2882 2718 ad
2911 2665 3140 2720 radicem
3172 2662 3500 2722 Catholicam
3521 2666 3730 2734 veniunt,
3759 2680 3831 2720 nec

2310 2754 2390 2809 eis
2415 2754 2657 2824 quamvis
2690 2764 2809 2824 post
2831 2756 3027 2810 erroris
3054 2755 3134 2810 sui
3151 2757 3517 2827 paenitentiam
3540 2757 3694 2812 honor
3710 2755 3830 2812 cleri-

2310 2852 2461 2898 catus
2507 2845 2587 2898 vel
2633 2845 2970 2914 episcopatus
3012 2845 3289 2916 aufertur,
3340 2849 3396 2902 lit
3433 2848 3633 2920 quidem
3679 2845 3831 2918 aliquid

2312 2941 2562 3004 tanquam
2592 2933 2645 2987 in
2673 2935 2870 2990 cortice
2920 2936 3128 2991 arboris
3165 2937 3355 3000 matris
3395 2949 3569 2992 contra
3609 2936 3831 3008 integrita-

2312 3035 2419 3082 tem
2451 3027 2748 3082 sevcritatis
2781 3046 2793 3081 :
2825 3037 3192 3096 verumtamen
3223 3031 3347 3099 quia
3376 3046 3542 3102 neque
3569 3030 3648 3100 qui
3677 3030 3832 3100 plantat

2312 3126 2395 3173 est
2421 3117 2654 3188 aliquid,
2693 3134 2864 3190 neque
2902 3121 2990 3190 qui
3031 3121 3165 3192 rigat
3195 3121 3249 3194 (l
3289 3123 3405 3188 Cor.
3441 3138 3494 3177 ut
3518 3165 3531 3188 ,
3563 3122 3656 3196 7),
3684 3119 3739 3175 ad
3765 3119 3830 3173 Dei

2312 3208 2734 3263 misericordiam
2783 3211 3028 3279 precibus
3072 3200 3205 3277 fosis
3240 3213 3570 3290 coalescente
3606 3212 3830 3268 insitarum

2312 3312 2446 3368 pace
2470 3313 2739 3354 ramorum
2767 3341 2784 3370 ,
2812 3299 3042 3356 cbaritas
3069 3304 3706 3387 cooperit‘multltudinem
3737 3315 3830 3373 pec-

2313 3399 2573 3444 calorum.

2385 3483 2473 3538 45.
2502 3482 2570 3539 Ut
2607 3485 2748 3540 enim
2787 3486 3200 3552 constitueretur
3226 3487 3282 3544 in
3315 3489 3585 3559 Ecclesia,
3630 3506 3686 3546 ne
3717 3489 3827 3561 quise

2316 3590 2472 3646 quam
2510 3585 2631 3645 post
2673 3575 2897 3647 alicujus
2923 3578 3161 3634 criminis
3194 3582 3559 3650 penitentiam
3583 3581 3827 3638 clericatum

2316 3665 2575 3736 accipiat,
2622 3666 2704 3721 vel
2739 3666 2803 3720 ad
2832 3668 3140 3724 clericatum
3172 3670 3387 3748 redeat,
3430 3673 3511 3728 vel
3550 3657 3601 3728 in
3635 3672 3828 3728 clericatu

2317 3766 2530 3812 maneat
2563 3758 2658 3830 (a),
2687 3774 2789 3814 non
2815 3759 3184 3830 desperatione
3211 3764 3570 3837 indulgentiae,
3599 3764 3678 3824 sed
3699 3764 3829 3836 rigore

2313 3846 2513 3904 factum
2560 3857 2642 3904 est
2682 3849 2975 3921 disciplina:
3007 3870 3019 3905 :
3052 3853 3288 3924 alioquin
3323 3864 3506 3911 contra
3535 3856 3690 3912 claves
3720 3852 3829 3908 datas

2317 3939 2570 3994 Ecclesia:
2618 3939 3007 4014 disputabitur,
3053 3943 3121 3997 de
3167 3929 3362 4013 quibus
3391 3945 3580 4001 dictum
3605 3953 3700 4009 est,
3738 3940 3831 4006 0N0

2317 4028 2562 4084 solveritis
2585 4030 2636 4083 in
2661 4039 2824 4104 terra,
2857 4030 3025 4085 soluta
3053 4041 3199 4086 erunt
3237 4043 3285 4087 et
3316 4036 3366 4089 in
3399 4035 3519 4090 caelo
3543 4033 3726 4106 (Matth.
3747 4044 3828 4094 m,

2317 4117 2429 4191 19).
2467 4119 2571 4173 Sed
2601 4135 2668 4174 ne
2693 4119 2911 4175 forsitan
2939 4121 3097 4176 etiam
3125 4122 3351 4179 detectis
3380 4125 3667 4180 criminibus
3693 4124 3734 4187 ¹,
3759 4133 3828 4192 spe

2318 4210 2536 4265 honoris
2582 4210 2925 4266 ecclesiastici
2981 4212 3191 4268 animus
3247 4215 3601 4271 intumescens
3644 4211 3822 4282 superbe

2316 4312 2496 4374 ageret
2521 4304 2906 4374 paenitentiam,
2934 4305 3272 4361 severissime
3294 4308 3488 4377 placuit
3507 4315 3560 4360 ut
3581 4314 3685 4375 post
3700 4308 3828 4354 actam

2319 4398 2386 4452 de
2409 4397 2632 4452 crimine
2650 4397 2936 4452 damnabili
2963 4398 3356 4470 pmniteutiam,
3377 4414 3531 4454 nemo
3550 4399 3610 4454 sit
3636 4394 3828 4452 clericus.

2320 4501 2381 4547 ut
2407 4491 2777 4562 desperatione
2800 4493 3108 4560 temporalis
3128 4493 3423 4548 altitudinis
3449 4492 3685 4562 medicina
3704 4485 3828 4554 major

2319 4593 2373 4640 et
2395 4586 2572 4640 verior
2599 4594 2740 4638 esset
2779 4583 3114 4640 humilitatis.
3153 4585 3287 4641 Nam
3316 4597 3368 4642 et
3409 4595 3610 4646 sanctus
3630 4578 3761 4638 David
3781 4575 3827 4632 de

2319 4673 2625 4732 criminibus
2652 4673 2941 4730 mortiferis
2966 4677 3330 4752 paenitentiam
3358 4679 3501 4748 egit,
3541 4685 3590 4730 et
3626 4683 3768 4728 tamen
3790 4667 3826 4720 in

2322 4771 2522 4823 honore
2565 4783 2662 4822 suo
2706 4769 2955 4839 perstitit.
3009 4770 3074 4824 Et
3127 4770 3338 4834 beatum
3387 4770 3625 4837 Petrum,
3668 4757 3827 4835 quando

2319 4859 2678 4915 amarissimas
2704 4859 2947 4913 lacrimas
2975 4857 3131 4928 fudit,
3163 4861 3347 4944 utique
3377 4860 3639 4915 Dominum
3659 4864 3828 4934 negasse

2319 4951 2598 5023 paenituit,
2629 4959 2682 5008 et
2710 4961 2887 5007 tamen
2919 4951 3206 5023 Apostolus
3245 4955 3457 5010 mansit.
3502 4949 3599 5008 Sed
3628 4962 3716 5005 non
3737 4943 3826 5000 ideo

2320 5059 2646 5115 supervacua
2685 5043 2920 5120 putanda
2948 5053 3027 5098 est
3073 5046 3423 5122 posteriorum
3462 5039 3729 5117 diligentia,
3760 5031 3824 5122 qui

2320 5137 2410 5192 ubi
2439 5133 2592 5189 saluti
2617 5134 2749 5188 nihil
2776 5121 3154 5190 detrahebatur
3173 5178 3188 5202 ,
3218 5134 3493 5189 humilitati
3519 5127 3692 5202 aliquid
3713 5121 3823 5180 addi-

2321 5228 2514 5284 derunt
2538 5270 2550 5292 ,
2577 5242 2680 5296 quo
2716 5225 2860 5279 salus
2889 5226 3051 5281 tutius
3083 5227 3391 5293 muniretur,
3432 5224 3653 5294 experti.
3682 5214 3820 5274 credo.

2322 5319 2615 5389 aliquorum
2649 5317 2798 5371 ﬁctas
2835 5317 3169 5384 poenitentias
3209 5332 3303 5400 per
3328 5315 3586 5374 alfectatas
3615 5311 3821 5367 honorum

2388 5448 2405 5483 ί
2423 5449 2555 5509 add,
2570 5446 2713 5504 etiam
2734 5448 2795 5506 de
2817 5447 3004 5510 ciceris
3346 5451 3472 5514 μεθ..
3495 5440 3683 5508 dm

2390 5533 2468 5602 (a)_
2486 5533 2787 5602 Innocentius
2808 5539 2926 5602 Papa
2951 5538 2984 5590 t,
3008 5533 3059 5602 in
3083 5530 3286 5602 epistola
3299 5529 3332 5580 6
3427 5526 3806 5602 Apuligepw

2390 5533 2463 5596 (a)
2486 5533 2787 5581 Innocentius
2808 5539 2926 5594 Papa
2951 5538 2984 5590 t,
3008 5533 3059 5580 in
3083 5530 3286 5594 epistola
3299 5529 3332 5580 6
3349 5529 3408 5579 ad
3427 5529 3593 5598 Apulia:
3613 5529 3678 5590 ep'
3799 5579 3806 5588 ,

2326 5597 2594 5658 Agapitum,
2612 5594 2952 5666 macedoniam,
2976 5600 3093 5652 etc.,
3116 5593 3306 5664 servibit,
3336 5529 3826 5698 «minutum

2335 5674 2357 5698 ι
2378 5668 2526 5698 omni
2553 5668 2780 5698 mannos.
2805 5661 3100 5698 ammtean
3117 5657 3263 5698 etiam
3282 5655 3346 5698 nit
3371 5649 3584 5698 [nilnil-tt
3716 5635 3824 5692 dif“

2335 5649 2526 5708 δοίὲαω
2553 5649 2780 5714 mones,
2805 5649 3100 5716 βωηίίθηιεέ
3117 5653 3263 5706 etiam
3282 5649 3346 5703 an
3371 5649 3700 5702 Mulli-om
3716 5649 3806 5692 una

2339 5735 2361 5766 ι
2384 5730 2550 5770 eorum
2573 5713 2854 5766 excludere.
2877 5731 2898 5761 υ
