3990 6382
211 206 302 265 813
1317 187 1802 254 EPISTOLARUM
1836 188 2112 254 CLASSIS
2145 193 2236 253 Ill.

209 324 465 403 potentias.
509 321 711 393 Cogunt
754 317 895 374 enim
940 317 1135 375 multas
1182 317 1422 373 invenire
1466 314 1759 371 medicinas

206 419 465 479 multorum
505 413 862 483 experimenta
891 412 1218 465 morborum.
1246 408 1443 465 Verum
1472 409 1526 464 in
1554 408 1737 475 hujus-

206 510 328 568 tnodi
361 508 530 565 causis
567 505 652 559 ubi
697 519 795 573 per
832 516 1023 573 graves
1052 502 1444 557 dissensionum
1495 499 1757 554 seissuras

203 618 289 659 non
314 601 462 669 hujus
487 609 575 653 aut
606 596 744 652 illius
769 594 1002 655 hominis
1020 604 1102 650 est
1125 594 1439 663 perieulum.
1469 591 1563 648 sed
1590 605 1758 662 popu—

201 697 347 752 lorum
371 703 572 763 strages
596 692 803 761 jaceat,
842 688 1230 744 detrahendum
1265 696 1349 744 cst
1375 685 1575 756 aliquid
1600 700 1753 740 sevo,

201 786 352 849 ritati,
394 792 450 839 ut
481 782 769 853 majoribus
797 781 952 836 malis
978 778 1230 837 sanandis
1271 780 1504 835 charitas
1546 780 1754 835 sincera

201 876 467 941 subveniat.

254 969 331 1026 46.
354 966 593 1023 Habeant
606 980 733 1035 ergo
748 964 833 1019 isti
860 963 929 1020 de
941 963 1216 1035 prmterito
1231 961 1529 1018 detestabili
1546 977 1750 1029 errore,

198 1065 309 1119 sicut
351 1059 539 1115 Petrus
594 1057 778 1113 habuit
827 1057 894 1111 de
941 1054 1185 1111 mendaci
1238 1056 1461 1121 timore,
1510 1070 1749 1110 amarum

196 1154 422 1215 dolorem,
461 1159 514 1204 ct
536 1150 751 1203 veniant
779 1147 843 1202 ad
872 1147 1169 1204 Ecclesiam
1195 1145 1392 1201 Christi
1419 1160 1621 1211 veram,
1652 1144 1751 1199 hoc

197 1255 259 1303 est
284 1254 494 1299 matrem
522 1240 856 1296 Catholicam
889 1259 901 1293 :
935 1241 1040 1295 sint
1066 1242 1119 1294 in
1146 1240 1236 1294 illa
1267 1240 1443 1294 clerici
1463 1282 1478 1305 ,
1503 1239 1609 1293 sint
1635 1239 1750 1308 epi-

195 1339 314 1409 scopi
342 1337 553 1402 utiliter,
581 1336 672 1405 qui
697 1342 881 1390 contra
909 1334 1054 1388 illam
1086 1333 1301 1388 fuerunt
1333 1332 1613 1387 hostiliter.
1632 1331 1747 1387 Non

194 1429 481 1491 invidemus,
518 1428 628 1482 imo
650 1425 1039 1496 amplectimur,
1067 1434 1330 1493 optamus,
1374 1423 1669 1487 hortamur,
1697 1432 1751 1477 ot

193 1535 301 1593 quos
322 1522 370 1574 in
397 1520 497 1574 viis
526 1531 583 1574 et
611 1518 828 1590 scpibus
856 1504 1152 1573 invenimus
1175 1560 1187 1581 ,
1230 1518 1431 1571 intrare
1474 1516 1745 1586 cogimus;

193 1615 273 1680 etsi
309 1612 533 1667 nondum
568 1613 586 1647 ³
616 1611 930 1681 quibusdam
962 1609 1341 1680 persuademus
1370 1609 1490 1678 quia
1525 1624 1628 1662 non
1660 1623 1747 1663 res

192 1718 364 1765 eorum,
390 1701 482 1757 sed
504 1703 651 1771 ipsos
671 1702 978 1772 qumrimus.
1013 1701 1298 1771 Apostolus
1317 1699 1505 1754 Petrus
1533 1698 1746 1769 quando

192 1791 483 1849 Salvatorem
533 1792 787 1859 negavit,
825 1800 879 1844 et
916 1790 1095 1852 ﬂevit,
1142 1800 1195 1843 et
1224 1790 1500 1859 apostolus
1527 1791 1741 1855 mansit,

191 1883 389 1939 nondum
411 1891 694 1952 acceperat
718 1883 1036 1952 promissum
1066 1882 1319 1951 Spiritum
1350 1890 1594 1936 sanctum
1615 1900 1629 1935 :
1652 1880 1745 1936 sed

191 1977 330 2032 multo
357 1976 519 2047 magis
551 1976 637 2029 isti
668 1990 790 2029 eum
822 1991 927 2029 non
958 1982 1299 2045 acceperunt,
1334 1974 1420 2028 ubi
1448 1990 1475 2028 a
1508 1975 1747 2043 corporis

190 2084 410 2140 compage
435 2068 624 2130 divisi,
670 2069 809 2138 quod
842 2070 1013 2123 solum
1042 2082 1238 2137 corpus
1265 2068 1492 2121 vivificat
1517 2068 1746 2136 Spiritus

192 2172 399 2226 sanctus,
430 2171 581 2215 extra
619 2161 909 2215 Ecclesium
942 2170 997 2213 et
1024 2170 1207 2215 contra
1236 2160 1530 2213 Ecclesium
1562 2161 1745 2215 Eccle-

190 2252 614 2313 ﬂwSacramenta
660 2261 943 2305 tenuerunt
969 2293 982 2312 ,
1025 2261 1078 2306 et
1114 2262 1361 2322 tanquam
1402 2252 1541 2306 civili
1585 2255 1742 2320 bello,

191 2345 355 2401 nostris
379 2352 559 2398 contra
615 2358 709 2401 nos
737 2344 931 2396 erectis
961 2344 1125 2411 signis
1167 2344 1435 2412 armisque
1474 2360 1741 2414 pugnave-

191 2444 305 2489 runt.
347 2434 611 2496 Veniant;
660 2438 746 2488 liat
778 2451 873 2503 pax
916 2437 965 2488 in
1013 2438 1203 2489 virtute
1247 2436 1577 2504 Jerusalem,
1630 2454 1745 2508 qua:

190 2525 326 2580 virtus
360 2527 594 2580 charitas
636 2536 718 2580 est
755 2528 879 2580 :coi
921 2536 1117 2581 sancta:
1157 2527 1359 2582 civitati
1400 2528 1597 2582 dictum
1639 2539 1742 2596 est,

192 2614 287 2675 Fiat
310 2634 402 2685 pax
428 2619 480 2671 in
505 2619 690 2670 virtute
727 2629 842 2684 tua,
876 2628 923 2671 et
954 2618 1267 2673 abundantia
1292 2620 1345 2673 in
1390 2619 1607 2675 turribus
1648 2622 1745 2675 luis

192 2705 333 2781 (Ptol.
362 2724 507 2775 cut,
542 2710 627 2777 7).
661 2709 773 2762 Non
797 2724 855 2763 se
879 2710 1142 2763 extollant
1167 2709 1423 2764 adversus
1451 2719 1743 2764 maternam

190 2800 590 2865 sollicitudinem,
629 2817 785 2871 quam
819 2816 913 2870 pro
946 2801 1077 2870 ipsis
1100 2844 1113 2866 ,
1143 2811 1197 2855 et
1232 2818 1327 2871 pro
1355 2804 1512 2856 tantis
1541 2803 1745 2872 pupulis

190 2908 299 2963 quos
318 2893 589 2965 decipiunt
617 2895 700 2949 vel
726 2895 1091 2964 decipiebant,
1120 2896 1429 2965 colligendis
1468 2909 1521 2951 et
1566 2897 1745 2951 ltabttil

188 2992 233 3041 et
256 2985 396 3040 habet
424 3004 437 3041 :
471 3002 580 3041 non
609 2989 938 3057 superbiant,
981 2989 1104 3057 quia
1139 2990 1215 3043 sic
1240 3006 1332 3045 eos
1360 2991 1609 3059 suscipit;
1642 3009 1744 3046 non

191 3076 389 3132 referant
419 3079 481 3133 ad
510 3080 762 3134 elationis
791 3096 903 3135 suae
944 3080 1137 3135 malum
1165 3082 1305 3150 quod
1333 3082 1454 3136 facit
1483 3085 1592 3151 ipsa
1620 3098 1744 3153 pro-

188 3178 287 3238 pter
310 3172 445 3238 pacis
471 3173 695 3225 bonum.

245 3261 322 3323 ΓΙ.
362 3263 446 3316 Sic
493 3264 923 3317 tnnltitudinibus
970 3280 1063 3333 per
1105 3265 1390 3320 schismata
1426 3277 1480 3321 et
1514 3266 1747 3322 haereses

190 3354 495 3420 pereuntibus
525 3355 815 3409 subvenire
843 3356 1135 3411 consuevit.
1161 3356 1273 3411 Hoc
1300 3356 1569 3428 displicuit
1587 3358 1746 3413 Luci-

190 3440 283 3498 fero
316 3444 420 3517 (a),
463 3450 593 3517 quia
638 3446 832 3501 factum
864 3457 945 3502 est
988 3449 1039 3502 in
1071 3450 1148 3503 eis
1192 3436 1545 3520 suscipiendis
1587 3461 1745 3521 atque

189 3534 408 3592 sanandis
432 3538 518 3605 qui
564 3552 768 3592 veneno
796 3539 1063 3608 perierant
1088 3541 1324 3605 Ariano;
1370 3550 1425 3596 et
1448 3544 1529 3596 cui
1557 3543 1743 3613 displi-

188 3625 277 3685 cuit
314 3627 361 3682 in
408 3630 659 3701 tenebras
685 3631 877 3687 cecidit
920 3633 1259 3699 schismatis,
1309 3636 1507 3690 amisso
1546 3636 1748 3691 lumine

189 3712 445 3779 sturitatis.
486 3719 605 3776 Hoc
644 3735 767 3789 erga
800 3721 930 3776 istos
960 3723 1026 3783 ab
1052 3723 1201 3777 initio
1240 3727 1470 3785 servavit
1500 3726 1745 3783 Africana

186 3803 429 3872 Catholica
453 3826 517 3872 ex
550 3812 924 3881 epist-eporum
968 3815 1228 3869 sententia
1254 3857 1268 3879 ,
1300 3818 1389 3885 qui
1431 3820 1481 3871 in
1510 3818 1745 3874 Ecclesia

190 3894 396 3960 Enniana
425 3901 574 3959 inter
593 3904 931 3958 Lucilianum
959 3915 1011 3960 et
1037 3918 1239 3974 partem
1262 3908 1448 3962 Donati
1472 3909 1745 3977 judicave-

188 3996 307 4055 runt,
339 3992 699 4063 damnatoque
724 4012 828 4050 uno
849 3998 1075 4065 qundam
1110 3999 1314 4051 Donato
1342 3999 1413 4071 (ὁ)
1442 4002 1527 4069 qui
1560 4012 1746 4057 auctor

189 4082 461 4141 schismatis
489 4083 661 4139 fuisse
690 4086 1057 4141 manilestatus
1077 4098 1176 4153 est,
1201 4100 1423 4145 canoros
1453 4103 1740 4157 correctos,

188 4168 368 4231 θιὶβιιιδί
407 4185 561 4231 extra
590 4175 886 4232 Ecclesium
916 4178 1143 4231 ordinati
1174 4190 1388 4243 essent,
1424 4183 1472 4234 in
1506 4184 1614 4237 suis
1652 4185 1747 4238 bo-

186 4260 379 4327 aeribus
394 4264 764 4333 suscipiendos
782 4281 899 4320 esse
917 4278 1239 4323 censuerunt
1264 4294 1275 4322 :
1301 4286 1404 4324 non
1428 4272 1568 4342 quod
1586 4274 1743 4329 etiam

189 4344 297 4421 [illis
327 4352 390 4417 ab
435 4358 639 4415 unitate
669 4358 910 4426 corporis
934 4357 1127 4414 Christi
1158 4376 1377 4431 possent
1407 4364 1603 4419 habere
1626 4366 1744 4436 Spi-

185 4436 323 4511 t’ilttnt
351 4456 594 4511 sanctum
622 4463 635 4512 ;
666 4448 759 4504 sed
806 4452 1036 4506 maxime
1067 4463 1282 4522 propter
1309 4471 1434 4521 eos,
1462 4474 1595 4527 quos
1616 4458 1744 4514 foris

187 4533 321 4605 positi
347 4547 564 4606 possent
587 4540 832 4610 decipere
856 4584 870 4606 ,
905 4554 959 4598 et
983 4560 1011 4599 a
1035 4549 1370 4615 susceptione
1399 4550 1536 4604 illius
1561 4568 1745 4608 unme-

188 4623 248 4697 ris
286 4626 572 4699 impedire;
621 4634 814 4693 deinde
864 4646 920 4693 ut
969 4638 1126 4693 etiam
1176 4639 1412 4708 ipsorum
1464 4642 1743 4702 inﬁrmitas

190 4711 335 4781 lenius
370 4733 591 4793 excepta
633 4725 773 4783 intus
802 4729 1055 4797 sanabilis
1083 4729 1233 4789 ﬂeret
1258 4773 1272 4796 ,
1316 4733 1423 4801 jam
1453 4736 1589 4788 nulla
1621 4754 1742 4806 per-

190 4806 352 4879 tinacia
385 4815 665 4883 plaudente
708 4821 892 4876 oculos
920 4822 1097 4889 cordis
1135 4822 1393 4879 adversus
1422 4828 1739 4885 evidentiam

190 4900 417 4961 Veritatis.
458 4907 595 4976 Quid
625 4920 800 4967 autem
831 4913 972 4973 aliud
1014 4916 1173 4970 etiam
1218 4917 1315 4985 ipsi
1352 4921 1737 4989 cogitaverunt,

190 4992 372 5061 quando
395 4995 825 5066 Maxintianistas,
855 5018 987 5072 quos
1016 5005 1067 5059 in
1094 5009 1374 5078 sacrilego,
1402 5011 1538 5065 sicut
1556 5027 1739 5067 eorum

189 5083 439 5142 concilium
469 5090 542 5159 (c)
574 5092 771 5147 iudicat
795 5136 808 5160 ,
852 5094 1140 5153 schismate
1170 5098 1574 5169 damnaverant,
1610 5114 1661 5157 et
1690 5106 1739 5158 in

242 5300 537 5387 Lassae
558 5321 663 5384 tte:
997 5323 1043 5387 9.‘
1064 5314 1136 5387 είς
1155 5321 1384 5375 mam
1524 5327 1741 5387 λυευειί-

189 5370 415 5443 δημωιιω
435 5370 453 5420 Ξ
466 5379 519 5424 Et
537 5372 607 5426 sic
630 5373 910 5429 intrandum
930 5370 1366 5443 quibusdamotc.

188 5441 576 5557 ﬁgulatum
615 5460 856 5524 episcopo.
902 5440 999 5510 vid.
1040 5458 1125 5526 lib.
1159 5440 1423 5541 deingone
1460 5468 1739 5541 christiano,

242 5563 503 5693 836380115“
526 5578 756 5643 Nigrensi.

324 5636 634 5693 Bagaltanutn.

324 5636 634 5699 Bagaltanutit.

3347 213 3457 274 ιιι

1864 326 2087 382 quorum
2110 312 2220 385 jam
2269 314 2444 372 locum
2472 315 2607 375 alios
2632 317 3041 403 ordinaverunt,
3087 338 3441 403 posteaquam

1864 404 2109 461 viderunt
2154 408 2221 463 ab
2266 409 2344 465 eis
2392 411 2615 481 populos
2651 428 2759 469 non
2796 402 3082 490 recedere,
3136 437 3203 479 ne
3250 402 3442 484 omnes

1862 498 2167 568 perderent,
2197 502 2249 556 in
2270 504 2380 558 suis
2407 490 2696 563 honoribus
2714 491 3064 587 receperunt;
3095 524 3149 591 et
3172 517 3447 590 Baptismo

1861 604 2017 681 quem
2048 590 2177 646 l‘uris
2199 593 2266 647 ab
2297 595 2646 678 eisgdamnati
2674 598 2971 679 dederant,
3001 606 3198 681 nullam
3228 621 3442 669 contra-

1862 678 2144 736 dictionem
2173 685 2626 759 quaestionemque
2645 678 2964 751 moverunt?
2991 678 3168 772 Quare
3191 718 3320 774 ergo
3344 706 3446 761 mi-

1860 781 2066 839 rantur,
2094 783 2517 847 autqueruntur,
2545 791 2637 836 aut
2669 782 3061 844 calumniantur
3084 792 3225 862 quod
3246 810 3340 851 eos
3369 797 3449 853 sic

1857 864 2177 933 suscipimus
2206 881 2302 936 pro
2326 884 2451 925 vera
2482 885 2611 940 pace
2636 874 2854 944 Christi,
2883 888 2937 933 et
2962 896 3067 935 non
3097 870 3453 945 recordamur

1857 955 1984 1025 quid
2012 957 2109 1027 ipsi
2140 958 2363 1052 fecerint
2388 978 2483 1032 pro
2502 980 2636 1019 vana
2654 1007 2667 1031 ,
2690 982 2809 1037 qua:
2836 980 3021 1027 contra
3042 972 3314 1043 Christum
3342 968 3445 1052 est,

1855 1059 1988 1139 pace
2016 1048 2240 1105 Donati?
2266 1051 2416 1120 Quod
2443 1068 2627 1111 eorum
2658 1052 2855 1135 factum
2874 1062 2920 1116 si
2940 1073 3127 1120 contra
3151 1082 3246 1123 eos
3266 1048 3450 1139 teneo:

1856 1129 1944 1196 iur
1970 1152 2022 1197 et
2048 1144 2410 1215 intelligenter
2450 1132 2754 1217 asseratur,
2798 1155 2924 1225 quid
2951 1160 3171 1215 omnino
3214 1142 3442 1235 respon-

1855 1233 2017 1290 deant
2046 1252 2153 1290 non
2180 1238 2469 1294 habebunt.
3256 1240 3257 1243 “

1925 1326 2149 1383 CAPUT
2187 1329 2278 1383 XI.
2303 1333 2473 1388 —48.
2504 1332 2656 1400 Quod
2681 1346 2856 1392 autem
2886 1338 3086 1417 dicunt,
3113 1344 3167 1398 Si
3194 1350 3439 1416 peccavi-

1854 1436 1973 1474 mus
2023 1422 2075 1476 in
2104 1422 2357 1493 Spiritum
2398 1438 2661 1496 sanetum,
2690 1432 2811 1501 quia
2841 1416 3238 1505 exsufﬂavimus
3264 1441 3441 1514 bapti-

1853 1524 2029 1566 smum
2051 1523 2309 1583 vestrum,
2330 1526 2387 1573 ut
2413 1520 2538 1601 quid
2566 1536 2663 1601 nos
2688 1525 2944 1597 quiet-itis,
2974 1543 3094 1583 cum
3126 1536 3321 1589 remltti
3338 1524 3447 1591 Ino-

1855 1603 1939 1659 bis
1962 1605 2062 1660 hoc
2084 1617 2356 1677 peccatum
2377 1596 2597 1687 omnino
2622 1629 2726 1683 non
2754 1596 2937 1685 pessit,
2966 1619 3175 1680 dicente
3192 1624 3437 1707 Domino,

1855 1696 1956 1762 Qui
1977 1700 2249 1765 peccaverit
2276 1702 2329 1755 in
2357 1701 2609 1773 Spiritum
2641 1716 2901 1783 sanctum,
2931 1728 3031 1766 non
3058 1716 3335 1772 remittetur
3363 1696 3441 1801 ei;

1852 1804 2011 1859 neque
2037 1791 2090 1845 in
2116 1793 2209 1846 hoc
2237 1796 2445 1863 circulo,
2474 1814 2632 1868 neque
2653 1800 2705 1854 in
2736 1804 2906 1874 futura
2928 1805 3143 1874 (Matth.
3184 1826 3287 1881 xn,
3314 1791 3441 1883 32);

1854 1897 1959 1936 non
2003 1887 2280 1942 attendunt
2318 1891 2440 1959 quia
2485 1894 2772 1949 secundum
2821 1899 2979 1971 istum
3026 1916 3242 1967 sensum
3284 1886 3444 1983 nemp

1852 1974 2155 2033 liberandus
2180 1989 2281 2033 est.
2314 1980 2441 2048 Quis
2466 1985 2607 2039 enim
2645 2002 2747 2041 non
2776 1989 3011 2073 loquitur
3033 1995 3295 2075 adversus
3323 1974 3443 2074 Spi-

1853 2066 2009 2120 ritum
2037 2081 2278 2124 sanctum
2306 2080 2359 2126 et
2386 2083 2568 2143 peccat
2596 2077 2646 2129 in
2670 2093 2791 2132 cum
2812 2122 2826 2144 ,
2849 2066 2961 2137 sive
2985 2087 3074 2165 qui
3102 2066 3337 2145 nondum
3360 2066 3444 2164 es;

1853 2156 2195 2225 Christianus,
2224 2164 2334 2217 sive
2363 2165 2452 2234 qui
2478 2177 2561 2221 est
2587 2167 2870 2245 haereticus
2891 2158 3139 2251 Arianus,
3162 2189 3253 2247 aut
3271 2156 3442 2253 Euno;

1853 2252 2082 2329 mianus,
2110 2264 2200 2309 aut
2228 2255 2656 2326 Macedonianus,
2677 2264 2767 2333 qui
2789 2280 2910 2320 eum
2939 2248 3121 2347 dicunt
3150 2288 3270 2345 esse
3292 2248 3441 2349 crea-

1853 2350 2062 2408 turam;
2112 2355 2202 2400 aut
2248 2347 2623 2419 Pltotinianus,
2655 2355 2743 2423 qui
2773 2355 2888 2425 ejus
2915 2342 3132 2433 omnino
3161 2342 3317 2447 negat
3342 2342 3442 2436 ali-

1850 2450 2007 2504 quam
2039 2452 2159 2493 esse
2184 2440 2533 2497 substantiam
2555 2485 2570 2509 ,
2602 2445 2696 2500 sed
2727 2444 2889 2519 unum
2933 2440 3299 2527 tantummodo
3325 2475 3442 2527 esse

1854 2526 2018 2581 Deum
2038 2529 2281 2596 Patrem;
2308 2535 2419 2589 sive
2455 2536 2542 2590 alii
2574 2536 2804 2601 lueretiei
2822 2584 2836 2607 ,
2860 2526 2995 2613 quos
3016 2524 3442 2619 commemorare

1851 2619 2064 2692 longum
2097 2625 2213 2677 est?
2251 2625 2386 2680 Nulli
2428 2643 2554 2717 ergo
2593 2632 2814 2696 istorum
2866 2632 3125 2697 liberandi
3169 2626 3325 2711 sunt?
3352 2618 3445 2717 aui.

1852 2711 1949 2780 ipsi
1992 2713 2192 2779 Judaei,
2238 2717 2431 2786 quibus
2475 2706 2730 2777 ﬁominus
2771 2724 2872 2797 hoc
2910 2712 3137 2803 objecit,
3162 2733 3204 2801 si
3236 2706 3289 2801 ξεί
3318 2706 3441 2805 cuni

1852 2804 2153 2869 crederent,
2183 2823 2286 2861 non
2313 2820 2463 2865 erant
2488 2811 2825 2891 baptizandi?
2851 2836 2952 2875 non
2977 2822 3117 2891 enim
3150 2808 3221 2887 ait
3249 2827 3440 2883 Salva-

1852 2899 1955 2957 tor,
2000 2893 2054 2947 ln
2097 2895 2366 2967 Baptismo
2408 2890 2737 2971 remittetur;
2766 2908 2887 2974 sed,
2912 2926 3012 2965 non
3038 2892 3331 2989 remittetur,
3364 2921 3442 2983 in.

1851 2982 1981 3052 quit,
2015 3001 2170 3056 neque
2198 2988 2250 3041 in
2280 2990 2374 3044 hoc
2396 2994 2599 3059 alecula,
2630 3012 2787 3066 neque
2814 2999 2864 3052 in
2892 3004 3083 3071 futuro.
3204 2990 3207 2993 V

1922 3075 2010 3131 49.
2053 3077 2351 3150 intelligant
2379 3099 2505 3153 ergo
2546 3102 2648 3140 non
2675 3104 2867 3153 omne,
2894 3076 2994 3147 sed
3032 3095 3241 3166 aliquod
3271 3101 3439 3183 signi-

1852 3166 2063 3221 licatutn
2111 3185 2230 3226 esse
2280 3185 2551 3242 peccatum
2596 3178 2651 3232 in
2691 3179 2944 3265 Spiritum
2988 3197 3265 3271 sanctum,
3293 3166 3436 3277 qruod

1850 3261 2067 3316 omnino
2105 3279 2208 3319 non
2240 3269 2559 3327 remittetur.
2588 3261 2906 3330 Sicut'enim
2938 3262 3057 3333 eum
3090 3261 3343 3361 dixisset:
3378 3287 3441 3343 Si

1850 3367 1951 3405 non
1989 3355 2205 3409 venirem
2228 3399 2242 3421 ,
2275 3370 2535 3430 peccatum
2581 3381 2679 3418 non
2724 3366 2960 3429 haberent
2988 3355 3167 3439 (Joan.
3199 3356 3299 3443 xv,
3320 3376 3437 3457 22'),

1853 3444 2031 3513 utique
2061 3461 2169 3501 non
2205 3463 2364 3503 omne
2408 3464 2678 3521 peceatum
2721 3458 2938 3530 intelligi
2980 3444 3163 3541 voluit,
3196 3444 3439 3545 quando;

1850 3533 2061 3603 quidem
2087 3536 2228 3605 pleni
2245 3550 2396 3594 erant
2417 3544 2598 3597 multis
2621 3550 2928 3617 magnisque
2947 3533 3174 3620 peccatis
3190 3533 3327 3619 {sed
3341 3560 3439 3613 ali-

1850 3626 1989 3693 quod
2023 3630 2292 3698 proprium
2326 3644 2617 3717 peccatum,
2643 3639 2781 3706 quod
2808 3640 2852 3694 si
2882 3628 2985 3697 non
3016 3624 3292 3717 baberent,
3316 3664 3440 3719 pos-

1850 3725 1968 3769 sent
1991 3716 2094 3771 illis
2124 3722 2300 3774 omnia
2329 3722 2520 3779 dimitti
2549 3743 2666 3794 qua)
2692 3728 2972 3803 habebant.
3004 3722 3057 3789 id
3082 3726 3193 3800 est,
3215 3716 3356 3809 quod
3384 3742 3438 3796 in

1851 3825 1971 3863 cum
2005 3813 2304 3869 venientem
2331 3833 2434 3871 non
2461 3820 2830 3887 crediderunt;
2860 3826 2958 3880 hoc
2981 3813 3249 3901 enimnon
3277 3836 3440 3891 habe-

1851 3912 1970 3954 rent
2000 3915 2297 3971 peccatum,
2323 3908 2367 3961 si
2395 3926 2497 3964 non
2525 3913 2729 3967 veniret
2760 3937 2769 3967 :
2802 3918 2876 3971 sic
2905 3920 3062 3983 etiam
3107 3908 3228 3995 cum
3269 3916 3435 3998 dixit,

1853 3991 1955 4056 Qui
1978 3997 2251 4061 peccaverit
2279 3998 2330 4049 in
2359 3997 2608 4069 Spiritum
2646 4013 2875 4071 sanctum
2892 4048 2904 4072 ,
2948 4010 3031 4073 vel
3053 4051 3064 4072 ,
3110 3992 3208 4077 Qui
3235 3991 3435 4071 uerbum

1851 4083 2039 4137 dixerit
2083 4086 2319 4141 adversus
2362 4090 2612 4159 Spiritum
2654 4106 2913 4161 sanctum,
2939 4084 3042 4152 non
3072 4090 3249 4175 utique
3276 4120 3437 4175 omne

1851 4174 1990 4243 quod
2034 4175 2087 4228 in
2133 4173 2385 4250 Spiritunt
2421 4191 2661 4255 sanctum
2696 4194 2943 4263 peccatur
2968 4174 3107 4244 facto
3134 4173 3245 4253 sive
3269 4173 3433 4264 dicto,

1850 4265 1943 4320 sed
1966 4266 2179 4335 aliquod
2206 4278 2407 4323 certum
2435 4281 2486 4337 et
2519 4276 2785 4345 proprium
2833 4277 3053 4349 intelligi
3095 4283 3275 4359 voluit.
3326 4285 3438 4357 Hoc

1850 4364 1932 4412 est
1956 4369 2132 4413 autem
2159 4358 2348 4414 duritia
2380 4362 2556 4417 cordis
2586 4381 2751 4449 usque
2782 4369 2847 4422 ad
2878 4358 3033 4426 linem
3079 4374 3235 4459 hujus
3277 4378 3436 4462 vitge,

1850 4464 1952 4518 qua
2001 4449 2164 4505 homo
2207 4464 2419 4508 recusat
2449 4454 2500 4509 in
2531 4457 2731 4511 unitate
2760 4464 3001 4547 corporis
3038 4449 3259 4551 Christi,

1852 4539 2079 4595 viviﬁcat
2103 4542 2332 4613 Spiritus
2360 4557 2605 4613 sanctus,
2637 4539 3003 4609 remissionem
3036 4540 3277 4629 accipere
3307 4539 3431 4645 pec-

1850 4642 2112 4689 catorum.
2144 4639 2273 4691 Cum
2305 4639 2446 4693 enim
2479 4641 2700 4711 dixisset
2725 4645 3024 4733 discipulis,
3058 4649 3278 4727 ᾼρείρίιβ
3305 4639 3432 4739 δρί-

1848 4726 2003 4779 ritum
2044 4738 2309 4791 sanctum,
2339 4731 2594 4786 continuo
2633 4735 2857 4817 subjecit
2872 4726 2891 4801 ⁷,
2931 4726 3110 4823 Sileni
3148 4726 3437 4823 dimiseritia

1850 4829 2081 4888 peccata,
2123 4819 2437 4876 dimittentur
2465 4840 2545 4888 et;
2590 4826 2634 4879 si
2678 4828 2761 4899 cui
2808 4819 3094 4898 tenueritis‘,
3138 4819 3437 4890 tenebuntur

1850 4910 2076 4983 (Mn,
2105 4911 2191 4975 se,
2248 4912 2364 4986 es).
2409 4916 2540 4971 lluic
2593 4933 2718 4987 ergo
2761 4920 2902 4973 dono
2942 4907 3127 4991 gratia:
3176 4906 3268 4979 bet
3302 4908 3436 4998 lqui-

1849 5019 2076 5089 cumque
2125 5005 2377 5061 restiterit
2401 5015 2455 5062 et
2482 5010 2873 5091 repugnaverit,
2902 5012 2982 5066 vel
3004 5027 3217 5107 ψιρςεξφ
3270 5017 3435 5097 modo

1850 5086 2007 5148 fuerit
2033 5094 2101 5149 ab
2128 5109 2202 5171 eo
2253 5096 2455 5165 alienus
2508 5086 2671 5168 uanae
2700 5100 2749 5166 lt:
2805 5099 2964 5171 tinem
3220 5094 3437 5179 tempo-

1849 5187 1975 5243 ralis
2005 5188 2144 5255 vitat,
2162 5204 2267 5245 non
2299 5191 2598 5246 remittetur
2614 5191 2701 5259 ei,
2736 5208 2906 5273 tneque
2953 5195 3007 5267 in
3192 5202 3392 5283 saeculo
3414 5243 3433 5270 ,

1848 5296 2016 5355 neque
2067 5282 2116 5341 in
2161 5280 2372 5353 lutum;
2423 5285 2522 5352 hac
2577 5283 2778 5351 srilicet
2820 5298 2933 5359 tam
2982 5280 3199 5360 nulla
3224 5308 3432 5364 pecca-

1848 5380 1978 5451 tum,
2009 5381 2067 5425 ttt
2092 5387 2160 5426 eo
2188 5384 2467 5431 teneantur
2493 5384 2679 5429 cuncta
2710 5387 2945 5455 peccata,
2970 5381 3110 5459 quod
3148 5398 3252 5453 non
3293 5398 3425 5454 pro.

1844 5464 1998 5535 batur
2024 5466 2093 5533 ab
2118 5467 2295 5543 aliqua
2316 5485 2434 5535 esse
2453 5468 2819 5541 commissum.
2838 5472 2939 5543 nisi
2963 5488 3082 5541 cum
3107 5473 3178 5540 ds
3201 5490 3431 5547 corpore

1845 5555 2053 5613 exierit.
2084 5554 2345 5642 Quamdiu
2372 5572 2496 5616 vero
2519 5556 2603 5613 hic
2626 5560 2780 5628 vivit,
2804 5576 2947 5626 eum,
2974 5563 3109 5639 sicut
3135 5565 3262 5647 dicit
3285 5571 3432 5638 Apo‘

2076 5636 2319 5725 W‘tillllﬂ
2364 5649 2457 5715 θεέ
2609 5652 2949 5725 Minatium
2992 5636 3238 5725 Μαιέὲιέ
3266 5636 3357 5719 sed
3386 5658 3432 5721 ll
