  <div class='ocr_page' id='page_1' title='image "/cluster/home/n/w/nwhite01/storage/ocr_20150623/33/uva.x000669810/423.png"; bbox 0 0 3990 6392; ppageno 0'>
   <div class='ocr_carea' id='block_1_1' title="bbox 554 395 2142 480">
    <p class='ocr_par' dir='ltr' id='par_1_1' title="bbox 554 395 2142 480">
     <span class='ocr_line' id='line_1_1' title="bbox 554 395 2142 480; baseline -0.012 -15"><span class='ocrx_word' id='word_1_1' title='bbox 554 409 673 480; x_wconf 78' lang='lat' dir='ltr'><strong>ipse</strong></span> <span class='ocrx_word' id='word_1_2' title='bbox 698 399 1228 479; x_wconf 84' lang='lat' dir='ltr'><strong>perseverantissima</strong></span> <span class='ocrx_word' id='word_1_3' title='bbox 1256 398 1531 468; x_wconf 70' lang='lat' dir='ltr'><strong>iniquitate</strong></span> <span class='ocrx_word' id='word_1_4' title='bbox 1546 436 1561 463; x_wconf 92' lang='lat'><strong>,</strong></span> <span class='ocrx_word' id='word_1_5' title='bbox 1588 395 1726 450; x_wconf 86' lang='lat' dir='ltr'><strong>sicut</strong></span> <span class='ocrx_word' id='word_1_6' title='bbox 1751 402 2142 462; x_wconf 82' lang='lat' dir='ltr'><strong>consequenter</strong></span> 
     </span>
    </p>
   </div>
   <div class='ocr_carea' id='block_1_2' title="bbox 555 483 2144 570">
    <p class='ocr_par' dir='ltr' id='par_1_2' title="bbox 555 483 2144 570">
     <span class='ocr_line' id='line_1_2' title="bbox 555 483 2144 570; baseline -0.013 -14"><span class='ocrx_word' id='word_1_7' title='bbox 555 496 794 570; x_wconf 70' lang='lat' dir='ltr'><strong>adiungit</strong></span> <span class='ocrx_word' id='word_1_8' title='bbox 820 491 1131 566; x_wconf 81' lang='lat' dir='ltr'><strong>Apostolus,</strong></span> <span class='ocrx_word' id='word_1_9' title='bbox 1158 487 1450 546; x_wconf 83' lang='lat' dir='ltr'><strong>Secundum</strong></span> <span class='ocrx_word' id='word_1_10' title='bbox 1487 484 1729 540; x_wconf 75' lang='lat' dir='ltr'><strong>duritiam</strong></span> <span class='ocrx_word' id='word_1_11' title='bbox 1769 483 1937 538; x_wconf 83' lang='lat' dir='ltr'><strong>cordis</strong></span> <span class='ocrx_word' id='word_1_12' title='bbox 1983 483 2060 537; x_wconf 83' lang='lat' dir='ltr'><strong>sui</strong></span> <span class='ocrx_word' id='word_1_13' title='bbox 2098 492 2144 536; x_wconf 86' lang='lat' dir='ltr'><strong>et</strong></span> 
     </span>
    </p>
   </div>
   <div class='ocr_carea' id='block_1_3' title="bbox 555 575 2142 658">
    <p class='ocr_par' dir='ltr' id='par_1_3' title="bbox 555 575 2142 658">
     <span class='ocr_line' id='line_1_3' title="bbox 555 575 2142 658; baseline -0.01 -13"><span class='ocrx_word' id='word_1_14' title='bbox 555 605 644 645; x_wconf 84' lang='lat' dir='ltr'><strong>cor</strong></span> <span class='ocrx_word' id='word_1_15' title='bbox 667 585 999 658; x_wconf 72' lang='lat' dir='ltr'><strong>imparnitens.</strong></span> <span class='ocrx_word' id='word_1_16' title='bbox 1024 581 1328 638; x_wconf 75' lang='lat' dir='ltr'><strong>thesaurizat</strong></span> <span class='ocrx_word' id='word_1_17' title='bbox 1353 578 1447 632; x_wconf 91' lang='lat' dir='ltr'><strong>sibi</strong></span> <span class='ocrx_word' id='word_1_18' title='bbox 1476 578 1604 632; x_wconf 88' lang='lat' dir='ltr'><strong>iram</strong></span> <span class='ocrx_word' id='word_1_19' title='bbox 1626 577 1678 630; x_wconf 89' lang='lat' dir='ltr'><strong>in</strong></span> <span class='ocrx_word' id='word_1_20' title='bbox 1705 576 1787 630; x_wconf 85' lang='lat' dir='ltr'><strong>die</strong></span> <span class='ocrx_word' id='word_1_21' title='bbox 1815 575 1905 629; x_wconf 79' lang='lat' dir='ltr'><strong>ine</strong></span> <span class='ocrx_word' id='word_1_22' title='bbox 1933 583 1978 628; x_wconf 86' lang='lat' dir='ltr'><strong>et</strong></span> <span class='ocrx_word' id='word_1_23' title='bbox 2001 590 2142 630; x_wconf 79' lang='lat' dir='ltr'><strong>reve-</strong></span> 
     </span>
    </p>
   </div>
   <div class='ocr_carea' id='block_1_4' title="bbox 555 666 2143 750">
    <p class='ocr_par' dir='ltr' id='par_1_4' title="bbox 555 666 2143 750">
     <span class='ocr_line' id='line_1_4' title="bbox 555 666 2143 750; baseline -0.011 -13"><span class='ocrx_word' id='word_1_24' title='bbox 555 678 762 737; x_wconf 83' lang='lat' dir='ltr'><strong>latiouis</strong></span> <span class='ocrx_word' id='word_1_25' title='bbox 775 676 906 750; x_wconf 82' lang='lat' dir='ltr'><strong>justi</strong></span> <span class='ocrx_word' id='word_1_26' title='bbox 925 674 1112 747; x_wconf 75' lang='lat' dir='ltr'><strong>judicii</strong></span> <span class='ocrx_word' id='word_1_27' title='bbox 1130 671 1227 727; x_wconf 81' lang='lat' dir='ltr'><strong>Dei</strong></span> <span class='ocrx_word' id='word_1_28' title='bbox 1252 669 1427 741; x_wconf 84' lang='lat' dir='ltr'><strong>(Rom.</strong></span> <span class='ocrx_word' id='word_1_29' title='bbox 1451 685 1520 734; x_wconf 86' lang='grc' dir='ltr'>ιι,</span> <span class='ocrx_word' id='word_1_30' title='bbox 1548 668 1582 723; x_wconf 67' lang='grc'><strong>4</strong></span> <span class='ocrx_word' id='word_1_31' title='bbox 1602 710 1618 734; x_wconf 84' lang='grc'><strong><em>,</em></strong></span> <span class='ocrx_word' id='word_1_32' title='bbox 1650 667 1738 737; x_wconf 86' lang='lat'><strong>5),</strong></span> <span class='ocrx_word' id='word_1_33' title='bbox 1769 681 1875 721; x_wconf 91' lang='lat' dir='ltr'><strong>non</strong></span> <span class='ocrx_word' id='word_1_34' title='bbox 1902 666 2143 722; x_wconf 88' lang='lat' dir='ltr'><strong>remitte-</strong></span> 
     </span>
    </p>
   </div>
   <div class='ocr_carea' id='block_1_5' title="bbox 555 757 1914 838">
    <p class='ocr_par' dir='ltr' id='par_1_5' title="bbox 555 757 1914 838">
     <span class='ocr_line' id='line_1_5' title="bbox 555 757 1914 838; baseline -0.009 -14"><span class='ocrx_word' id='word_1_35' title='bbox 555 779 646 826; x_wconf 87' lang='lat' dir='ltr'><strong>tur</strong></span> <span class='ocrx_word' id='word_1_36' title='bbox 672 769 756 834; x_wconf 91' lang='lat' dir='ltr'><strong>ei,</strong></span> <span class='ocrx_word' id='word_1_37' title='bbox 780 782 951 838; x_wconf 90' lang='lat' dir='ltr'><strong>neque</strong></span> <span class='ocrx_word' id='word_1_38' title='bbox 975 765 1030 819; x_wconf 92' lang='lat' dir='ltr'><strong>in</strong></span> <span class='ocrx_word' id='word_1_39' title='bbox 1059 762 1160 819; x_wconf 89' lang='lat' dir='ltr'><strong>hoc</strong></span> <span class='ocrx_word' id='word_1_40' title='bbox 1188 759 1406 827; x_wconf 65' lang='lat' dir='ltr'><strong>sreculo,</strong></span> <span class='ocrx_word' id='word_1_41' title='bbox 1439 774 1613 830; x_wconf 89' lang='lat' dir='ltr'><strong>neque</strong></span> <span class='ocrx_word' id='word_1_42' title='bbox 1638 759 1690 813; x_wconf 90' lang='lat' dir='ltr'><strong>iu</strong></span> <span class='ocrx_word' id='word_1_43' title='bbox 1715 757 1914 813; x_wconf 81' lang='lat' dir='ltr'><strong>futuro.</strong></span> 
     </span>
    </p>
   </div>
   <div class='ocr_carea' id='block_1_6' title="bbox 628 848 2146 922">
    <p class='ocr_par' dir='ltr' id='par_1_6' title="bbox 628 848 2146 922">
     <span class='ocr_line' id='line_1_6' title="bbox 628 848 2146 922; baseline -0.008 -6"><span class='ocrx_word' id='word_1_44' title='bbox 628 860 719 916; x_wconf 81' lang='lat'><strong>50.</strong></span> <span class='ocrx_word' id='word_1_45' title='bbox 760 857 848 911; x_wconf 87' lang='lat' dir='ltr'><strong>isti</strong></span> <span class='ocrx_word' id='word_1_46' title='bbox 885 864 1064 910; x_wconf 86' lang='lat' dir='ltr'><strong>autem</strong></span> <span class='ocrx_word' id='word_1_47' title='bbox 1088 868 1212 908; x_wconf 91' lang='lat' dir='ltr'><strong>cum</strong></span> <span class='ocrx_word' id='word_1_48' title='bbox 1251 851 1445 922; x_wconf 85' lang='lat' dir='ltr'><strong>quibus</strong></span> <span class='ocrx_word' id='word_1_49' title='bbox 1483 851 1725 922; x_wconf 80' lang='lat' dir='ltr'><strong>agimus,</strong></span> <span class='ocrx_word' id='word_1_50' title='bbox 1753 849 1837 904; x_wconf 89' lang='lat' dir='ltr'><strong>vel</strong></span> <span class='ocrx_word' id='word_1_51' title='bbox 1859 848 1928 904; x_wconf 89' lang='lat' dir='ltr'><strong>de</strong></span> <span class='ocrx_word' id='word_1_52' title='bbox 1950 848 2146 919; x_wconf 87' lang='lat' dir='ltr'><strong>quibus</strong></span> 
     </span>
    </p>
   </div>
   <div class='ocr_carea' id='block_1_7' title="bbox 555 941 2142 1020">
    <p class='ocr_par' dir='ltr' id='par_1_7' title="bbox 555 941 2142 1020">
     <span class='ocr_line' id='line_1_7' title="bbox 555 941 2142 1020; baseline -0.008 -14"><span class='ocrx_word' id='word_1_53' title='bbox 555 951 795 1020; x_wconf 80' lang='lat' dir='ltr'><strong>agimus,</strong></span> <span class='ocrx_word' id='word_1_54' title='bbox 825 961 931 1002; x_wconf 90' lang='lat' dir='ltr'><strong>non</strong></span> <span class='ocrx_word' id='word_1_55' title='bbox 970 954 1095 1000; x_wconf 87' lang='lat' dir='ltr'><strong>sunt</strong></span> <span class='ocrx_word' id='word_1_56' title='bbox 1135 942 1485 1013; x_wconf 72' lang='lat' dir='ltr'><strong>desperandi;</strong></span> <span class='ocrx_word' id='word_1_57' title='bbox 1521 942 1694 997; x_wconf 91' lang='lat' dir='ltr'><strong>adhuc</strong></span> <span class='ocrx_word' id='word_1_58' title='bbox 1732 942 1876 996; x_wconf 89' lang='lat' dir='ltr'><strong>enim</strong></span> <span class='ocrx_word' id='word_1_59' title='bbox 1924 950 2050 996; x_wconf 89' lang='lat' dir='ltr'><strong>sunt</strong></span> <span class='ocrx_word' id='word_1_60' title='bbox 2091 941 2142 994; x_wconf 89' lang='lat' dir='ltr'><strong>in</strong></span> 
     </span>
    </p>
   </div>
   <div class='ocr_carea' id='block_1_8' title="bbox 553 1031 2145 1110">
    <p class='ocr_par' dir='ltr' id='par_1_8' title="bbox 553 1031 2145 1110">
     <span class='ocr_line' id='line_1_8' title="bbox 553 1031 2145 1110; baseline -0.003 -19"><span class='ocrx_word' id='word_1_61' title='bbox 553 1055 779 1110; x_wconf 81' lang='lat' dir='ltr'><strong>corpore</strong></span> <span class='ocrx_word' id='word_1_62' title='bbox 808 1054 821 1089; x_wconf 94' lang='lat'>:</span> <span class='ocrx_word' id='word_1_63' title='bbox 851 1035 946 1092; x_wconf 89' lang='lat' dir='ltr'><strong>sed</strong></span> <span class='ocrx_word' id='word_1_64' title='bbox 969 1050 1076 1090; x_wconf 89' lang='lat' dir='ltr'><strong>non</strong></span> <span class='ocrx_word' id='word_1_65' title='bbox 1105 1043 1344 1104; x_wconf 59' lang='lat' dir='ltr'><strong>quierant</strong></span> <span class='ocrx_word' id='word_1_66' title='bbox 1371 1032 1622 1102; x_wconf 86' lang='lat' dir='ltr'><strong>Spiritum</strong></span> <span class='ocrx_word' id='word_1_67' title='bbox 1654 1041 1894 1087; x_wconf 89' lang='lat' dir='ltr'><strong>sanctum</strong></span> <span class='ocrx_word' id='word_1_68' title='bbox 1916 1071 1931 1094; x_wconf 88' lang='lat'><strong>,</strong></span> <span class='ocrx_word' id='word_1_69' title='bbox 1961 1031 2060 1087; x_wconf 89' lang='lat' dir='ltr'><strong>nisi</strong></span> <span class='ocrx_word' id='word_1_70' title='bbox 2090 1031 2145 1087; x_wconf 90' lang='lat' dir='ltr'><strong>in</strong></span> 
     </span>
    </p>
   </div>
   <div class='ocr_carea' id='block_1_9' title="bbox 555 1121 2144 1198">
    <p class='ocr_par' dir='ltr' id='par_1_9' title="bbox 555 1121 2144 1198">
     <span class='ocr_line' id='line_1_9' title="bbox 555 1121 2144 1198; baseline -0.005 -12"><span class='ocrx_word' id='word_1_71' title='bbox 555 1129 751 1187; x_wconf 84' lang='lat' dir='ltr'><strong>Christi</strong></span> <span class='ocrx_word' id='word_1_72' title='bbox 779 1141 1026 1198; x_wconf 84' lang='lat' dir='ltr'><strong>corpore,</strong></span> <span class='ocrx_word' id='word_1_73' title='bbox 1049 1126 1201 1194; x_wconf 84' lang='lat' dir='ltr'><strong>cujus</strong></span> <span class='ocrx_word' id='word_1_74' title='bbox 1225 1123 1424 1179; x_wconf 79' lang='lat' dir='ltr'><strong>habent</strong></span> <span class='ocrx_word' id='word_1_75' title='bbox 1451 1123 1578 1178; x_wconf 81' lang='lat' dir='ltr'><strong>foris</strong></span> <span class='ocrx_word' id='word_1_76' title='bbox 1599 1129 1992 1179; x_wconf 81' lang='lat' dir='ltr'><strong>sacramentum</strong></span> <span class='ocrx_word' id='word_1_77' title='bbox 2008 1163 2022 1188; x_wconf 93' lang='lat'><strong>,</strong></span> <span class='ocrx_word' id='word_1_78' title='bbox 2046 1121 2144 1178; x_wconf 90' lang='lat' dir='ltr'><strong>sed</strong></span> 
     </span>
    </p>
   </div>
   <div class='ocr_carea' id='block_1_10' title="bbox 552 1218 2144 1294">
    <p class='ocr_par' dir='ltr' id='par_1_10' title="bbox 552 1218 2144 1294">
     <span class='ocr_line' id='line_1_10' title="bbox 552 1218 2144 1294; baseline -0.006 -13"><span class='ocrx_word' id='word_1_79' title='bbox 552 1241 668 1282; x_wconf 86' lang='lat' dir='ltr'><strong>rem</strong></span> <span class='ocrx_word' id='word_1_80' title='bbox 695 1224 863 1294; x_wconf 89' lang='lat' dir='ltr'><strong>ipsam</strong></span> <span class='ocrx_word' id='word_1_81' title='bbox 887 1237 998 1278; x_wconf 88' lang='lat' dir='ltr'><strong>non</strong></span> <span class='ocrx_word' id='word_1_82' title='bbox 1025 1229 1209 1277; x_wconf 89' lang='lat' dir='ltr'><strong>tenent</strong></span> <span class='ocrx_word' id='word_1_83' title='bbox 1235 1220 1376 1274; x_wconf 92' lang='lat' dir='ltr'><strong>intus</strong></span> <span class='ocrx_word' id='word_1_84' title='bbox 1399 1221 1553 1288; x_wconf 83' lang='lat' dir='ltr'><strong>cujus</strong></span> <span class='ocrx_word' id='word_1_85' title='bbox 1579 1228 1664 1273; x_wconf 89' lang='lat' dir='ltr'><strong>est</strong></span> <span class='ocrx_word' id='word_1_86' title='bbox 1691 1218 1821 1273; x_wconf 87' lang='lat' dir='ltr'><strong>illud</strong></span> <span class='ocrx_word' id='word_1_87' title='bbox 1847 1232 2144 1273; x_wconf 89' lang='lat' dir='ltr'><strong>sacramen-</strong></span> 
     </span>
    </p>
   </div>
   <div class='ocr_carea' id='block_1_11' title="bbox 551 1307 2146 1384">
    <p class='ocr_par' dir='ltr' id='par_1_11' title="bbox 551 1307 2146 1384">
     <span class='ocr_line' id='line_1_11' title="bbox 551 1307 2146 1384; baseline -0.006 -11"><span class='ocrx_word' id='word_1_88' title='bbox 551 1327 700 1381; x_wconf 86' lang='lat' dir='ltr'><strong>tum;</strong></span> <span class='ocrx_word' id='word_1_89' title='bbox 727 1325 783 1372; x_wconf 89' lang='lat' dir='ltr'><strong>et</strong></span> <span class='ocrx_word' id='word_1_90' title='bbox 825 1315 944 1370; x_wconf 91' lang='lat' dir='ltr'><strong>ideo</strong></span> <span class='ocrx_word' id='word_1_91' title='bbox 982 1313 1084 1369; x_wconf 89' lang='lat' dir='ltr'><strong>sibi</strong></span> <span class='ocrx_word' id='word_1_92' title='bbox 1113 1313 1368 1384; x_wconf 84' lang='lat' dir='ltr'><strong>judicium</strong></span> <span class='ocrx_word' id='word_1_93' title='bbox 1417 1311 1736 1367; x_wconf 89' lang='lat' dir='ltr'><strong>manducant</strong></span> <span class='ocrx_word' id='word_1_94' title='bbox 1780 1321 1834 1367; x_wconf 92' lang='lat' dir='ltr'><strong>et</strong></span> <span class='ocrx_word' id='word_1_95' title='bbox 1879 1310 2067 1366; x_wconf 91' lang='lat' dir='ltr'><strong>bibunt</strong></span> <span class='ocrx_word' id='word_1_96' title='bbox 2092 1307 2146 1379; x_wconf 91' lang='lat' dir='ltr'><strong>(l</strong></span> 
     </span>
    </p>
   </div>
   <div class='ocr_carea' id='block_1_12' title="bbox 553 1402 2144 1480">
    <p class='ocr_par' dir='ltr' id='par_1_12' title="bbox 553 1402 2144 1480">
     <span class='ocr_line' id='line_1_12' title="bbox 553 1402 2144 1480; baseline -0.006 -14"><span class='ocrx_word' id='word_1_97' title='bbox 553 1408 673 1467; x_wconf 87' lang='lat' dir='ltr'><strong>Cor.</strong></span> <span class='ocrx_word' id='word_1_98' title='bbox 697 1425 771 1478; x_wconf 77' lang='lat' dir='ltr'><strong>xl,</strong></span> <span class='ocrx_word' id='word_1_99' title='bbox 800 1409 916 1480; x_wconf 76' lang='grc'><strong>29).</strong></span> <span class='ocrx_word' id='word_1_100' title='bbox 940 1407 1088 1464; x_wconf 88' lang='lat' dir='ltr'><strong>Unus</strong></span> <span class='ocrx_word' id='word_1_101' title='bbox 1123 1407 1264 1463; x_wconf 88' lang='lat' dir='ltr'><strong>enim</strong></span> <span class='ocrx_word' id='word_1_102' title='bbox 1303 1407 1455 1477; x_wconf 91' lang='lat' dir='ltr'><strong>panis</strong></span> <span class='ocrx_word' id='word_1_103' title='bbox 1493 1413 1884 1460; x_wconf 83' lang='lat' dir='ltr'><strong>sacramentum</strong></span> <span class='ocrx_word' id='word_1_104' title='bbox 1913 1413 1996 1459; x_wconf 91' lang='lat' dir='ltr'><strong>est</strong></span> <span class='ocrx_word' id='word_1_105' title='bbox 2025 1402 2144 1457; x_wconf 87' lang='lat' dir='ltr'><strong>uui-</strong></span> 
     </span>
    </p>
   </div>
   <div class='ocr_carea' id='block_1_13' title="bbox 553 1496 2145 1573">
    <p class='ocr_par' dir='ltr' id='par_1_13' title="bbox 553 1496 2145 1573">
     <span class='ocr_line' id='line_1_13' title="bbox 553 1496 2145 1573; baseline -0.006 -14"><span class='ocrx_word' id='word_1_106' title='bbox 553 1503 701 1569; x_wconf 89' lang='lat' dir='ltr'><strong>tatis,</strong></span> <span class='ocrx_word' id='word_1_107' title='bbox 727 1502 978 1573; x_wconf 89' lang='lat' dir='ltr'><strong>quoniam</strong></span> <span class='ocrx_word' id='word_1_108' title='bbox 999 1500 1136 1555; x_wconf 85' lang='lat' dir='ltr'><strong>sicut</strong></span> <span class='ocrx_word' id='word_1_109' title='bbox 1159 1499 1447 1568; x_wconf 84' lang='lat' dir='ltr'><strong>Apostolus</strong></span> <span class='ocrx_word' id='word_1_110' title='bbox 1465 1497 1611 1562; x_wconf 86' lang='lat' dir='ltr'><strong>dicit,</strong></span> <span class='ocrx_word' id='word_1_111' title='bbox 1637 1496 1782 1552; x_wconf 85' lang='lat' dir='ltr'><strong>Unus</strong></span> <span class='ocrx_word' id='word_1_112' title='bbox 1804 1496 1972 1566; x_wconf 87' lang='lat' dir='ltr'><strong>panis,</strong></span> <span class='ocrx_word' id='word_1_113' title='bbox 1989 1513 2145 1550; x_wconf 87' lang='lat' dir='ltr'><strong>unum</strong></span> 
     </span>
    </p>
   </div>
   <div class='ocr_carea' id='block_1_14' title="bbox 553 1588 2146 1665">
    <p class='ocr_par' dir='ltr' id='par_1_14' title="bbox 553 1588 2146 1665">
     <span class='ocr_line' id='line_1_14' title="bbox 553 1588 2146 1665; baseline -0.004 -16"><span class='ocrx_word' id='word_1_114' title='bbox 553 1611 738 1665; x_wconf 85' lang='lat' dir='ltr'><strong>corpus</strong></span> <span class='ocrx_word' id='word_1_115' title='bbox 763 1592 906 1648; x_wconf 84' lang='lat' dir='ltr'><strong>multi</strong></span> <span class='ocrx_word' id='word_1_116' title='bbox 940 1607 1116 1647; x_wconf 84' lang='lat' dir='ltr'><strong>sumus</strong></span> <span class='ocrx_word' id='word_1_117' title='bbox 1144 1588 1252 1661; x_wconf 86' lang='lat' dir='ltr'><strong>(Id.</strong></span> <span class='ocrx_word' id='word_1_118' title='bbox 1287 1606 1321 1645; x_wconf 71' lang='grc' dir='ltr'><strong>χ</strong></span> <span class='ocrx_word' id='word_1_119' title='bbox 1340 1632 1356 1656; x_wconf 85' lang='grc'><em>,</em></span> <span class='ocrx_word' id='word_1_120' title='bbox 1387 1589 1495 1662; x_wconf 83' lang='lat' dir='ltr'><strong>l7).</strong></span> <span class='ocrx_word' id='word_1_121' title='bbox 1531 1588 1757 1645; x_wconf 78' lang='lat' dir='ltr'><strong>Proinde</strong></span> <span class='ocrx_word' id='word_1_122' title='bbox 1789 1588 2025 1644; x_wconf 84' lang='lat' dir='ltr'><strong>Ecclesia</strong></span> <span class='ocrx_word' id='word_1_123' title='bbox 2053 1605 2146 1643; x_wconf 80' lang='lat' dir='ltr'><strong>ca-</strong></span> 
     </span>
    </p>
   </div>
   <div class='ocr_carea' id='block_1_15' title="bbox 555 1680 2148 1752">
    <p class='ocr_par' dir='ltr' id='par_1_15' title="bbox 555 1680 2148 1752">
     <span class='ocr_line' id='line_1_15' title="bbox 555 1680 2148 1752; baseline -0.003 -12"><span class='ocrx_word' id='word_1_124' title='bbox 555 1685 752 1741; x_wconf 85' lang='lat' dir='ltr'><strong>tholica</strong></span> <span class='ocrx_word' id='word_1_125' title='bbox 778 1683 889 1738; x_wconf 87' lang='lat' dir='ltr'><strong>sola</strong></span> <span class='ocrx_word' id='word_1_126' title='bbox 918 1697 1114 1752; x_wconf 90' lang='lat' dir='ltr'><strong>corpus</strong></span> <span class='ocrx_word' id='word_1_127' title='bbox 1151 1690 1235 1736; x_wconf 90' lang='lat' dir='ltr'><strong>est</strong></span> <span class='ocrx_word' id='word_1_128' title='bbox 1271 1680 1506 1744; x_wconf 89' lang='lat' dir='ltr'><strong>Christi,</strong></span> <span class='ocrx_word' id='word_1_129' title='bbox 1539 1681 1692 1751; x_wconf 84' lang='lat' dir='ltr'><strong>cujus</strong></span> <span class='ocrx_word' id='word_1_130' title='bbox 1734 1681 1823 1736; x_wconf 88' lang='lat' dir='ltr'><strong>ille</strong></span> <span class='ocrx_word' id='word_1_131' title='bbox 1865 1689 2023 1750; x_wconf 89' lang='lat' dir='ltr'><strong>caput</strong></span> <span class='ocrx_word' id='word_1_132' title='bbox 2064 1689 2148 1735; x_wconf 90' lang='lat' dir='ltr'><strong>est</strong></span> 
     </span>
    </p>
   </div>
   <div class='ocr_carea' id='block_1_16' title="bbox 555 1771 2147 1844">
    <p class='ocr_par' dir='ltr' id='par_1_16' title="bbox 555 1771 2147 1844">
     <span class='ocr_line' id='line_1_16' title="bbox 555 1771 2147 1844; baseline -0.005 -10"><span class='ocrx_word' id='word_1_133' title='bbox 555 1776 802 1834; x_wconf 78' lang='lat' dir='ltr'><strong>Salvator</strong></span> <span class='ocrx_word' id='word_1_134' title='bbox 825 1773 1068 1844; x_wconf 86' lang='lat' dir='ltr'><strong>corporis</strong></span> <span class='ocrx_word' id='word_1_135' title='bbox 1094 1773 1174 1828; x_wconf 86' lang='lat' dir='ltr'><strong>sui</strong></span> <span class='ocrx_word' id='word_1_136' title='bbox 1203 1772 1364 1844; x_wconf 85' lang='lat' dir='ltr'><strong>(Eph.</strong></span> <span class='ocrx_word' id='word_1_137' title='bbox 1397 1789 1451 1838; x_wconf 94' lang='lat' dir='ltr'><strong>v,</strong></span> <span class='ocrx_word' id='word_1_138' title='bbox 1481 1771 1595 1844; x_wconf 71' lang='grc'><strong>25).</strong></span> <span class='ocrx_word' id='word_1_139' title='bbox 1631 1774 1789 1827; x_wconf 62' lang='lat' dir='ltr'><strong>Extra</strong></span> <span class='ocrx_word' id='word_1_140' title='bbox 1821 1772 1923 1826; x_wconf 91' lang='lat' dir='ltr'><strong>hoc</strong></span> <span class='ocrx_word' id='word_1_141' title='bbox 1954 1787 2147 1842; x_wconf 83' lang='lat' dir='ltr'><strong>corpus</strong></span> 
     </span>
    </p>
   </div>
   <div class='ocr_carea' id='block_1_17' title="bbox 556 1863 2148 1936">
    <p class='ocr_par' dir='ltr' id='par_1_17' title="bbox 556 1863 2148 1936">
     <span class='ocr_line' id='line_1_17' title="bbox 556 1863 2148 1936; baseline -0.004 -11"><span class='ocrx_word' id='word_1_142' title='bbox 556 1869 826 1926; x_wconf 90' lang='lat' dir='ltr'><strong>neminem</strong></span> <span class='ocrx_word' id='word_1_143' title='bbox 859 1865 1089 1920; x_wconf 81' lang='lat' dir='ltr'><strong>vivitieat</strong></span> <span class='ocrx_word' id='word_1_144' title='bbox 1125 1863 1354 1936; x_wconf 84' lang='lat' dir='ltr'><strong>Spiritus</strong></span> <span class='ocrx_word' id='word_1_145' title='bbox 1379 1871 1626 1930; x_wconf 91' lang='lat' dir='ltr'><strong>sanctus;</strong></span> <span class='ocrx_word' id='word_1_146' title='bbox 1657 1865 1811 1933; x_wconf 88' lang='lat' dir='ltr'><strong>quia,</strong></span> <span class='ocrx_word' id='word_1_147' title='bbox 1853 1864 1990 1918; x_wconf 85' lang='lat' dir='ltr'><strong>sicut</strong></span> <span class='ocrx_word' id='word_1_148' title='bbox 2033 1864 2148 1934; x_wconf 87' lang='lat' dir='ltr'><strong>ipse</strong></span> 
     </span>
    </p>
   </div>
   <div class='ocr_carea' id='block_1_18' title="bbox 556 1953 2146 2029">
    <p class='ocr_par' dir='ltr' id='par_1_18' title="bbox 556 1953 2146 2029">
     <span class='ocr_line' id='line_1_18' title="bbox 556 1953 2146 2029; baseline -0.005 -13"><span class='ocrx_word' id='word_1_149' title='bbox 556 1959 688 2016; x_wconf 88' lang='lat' dir='ltr'><strong>dicit</strong></span> <span class='ocrx_word' id='word_1_150' title='bbox 711 1957 1014 2029; x_wconf 77' lang='lat' dir='ltr'><strong>Ap0stolus,</strong></span> <span class='ocrx_word' id='word_1_151' title='bbox 1032 1956 1269 2010; x_wconf 80' lang='lat' dir='ltr'><strong>Charitas</strong></span> <span class='ocrx_word' id='word_1_152' title='bbox 1295 1955 1392 2008; x_wconf 83' lang='lat' dir='ltr'><strong>Dei</strong></span> <span class='ocrx_word' id='word_1_153' title='bbox 1411 1953 1598 2020; x_wconf 74' lang='lat' dir='ltr'><strong>di/I&#39;usa</strong></span> <span class='ocrx_word' id='word_1_154' title='bbox 1625 1967 1700 2009; x_wconf 81' lang='lat' dir='ltr'><strong>est</strong></span> <span class='ocrx_word' id='word_1_155' title='bbox 1721 1954 1776 2007; x_wconf 87' lang='lat' dir='ltr'><strong>in</strong></span> <span class='ocrx_word' id='word_1_156' title='bbox 1796 1953 2030 2008; x_wconf 74' lang='lat' dir='ltr'><strong>cordibus</strong></span> <span class='ocrx_word' id='word_1_157' title='bbox 2050 1970 2146 2008; x_wconf 88' lang='lat' dir='ltr'><strong>no-</strong></span> 
     </span>
    </p>
   </div>
   <div class='ocr_carea' id='block_1_19' title="bbox 555 2043 2144 2120">
    <p class='ocr_par' dir='ltr' id='par_1_19' title="bbox 555 2043 2144 2120">
     <span class='ocr_line' id='line_1_19' title="bbox 555 2043 2144 2120; baseline -0.003 -15"><span class='ocrx_word' id='word_1_158' title='bbox 555 2049 676 2105; x_wconf 89' lang='lat' dir='ltr'><strong>stris</strong></span> <span class='ocrx_word' id='word_1_159' title='bbox 703 2064 793 2120; x_wconf 84' lang='lat' dir='ltr'><strong>per</strong></span> <span class='ocrx_word' id='word_1_160' title='bbox 812 2047 1064 2118; x_wconf 80' lang='lat' dir='ltr'><strong>Spiritum</strong></span> <span class='ocrx_word' id='word_1_161' title='bbox 1091 2057 1322 2101; x_wconf 86' lang='lat' dir='ltr'><strong>sanctum</strong></span> <span class='ocrx_word' id='word_1_162' title='bbox 1347 2045 1431 2115; x_wconf 86' lang='lat' dir='ltr'><strong>qui</strong></span> <span class='ocrx_word' id='word_1_163' title='bbox 1459 2044 1607 2098; x_wconf 85' lang='lat' dir='ltr'><strong>datus</strong></span> <span class='ocrx_word' id='word_1_164' title='bbox 1628 2053 1698 2098; x_wconf 89' lang='lat' dir='ltr'><strong>est</strong></span> <span class='ocrx_word' id='word_1_165' title='bbox 1723 2043 1866 2098; x_wconf 82' lang='lat' dir='ltr'><strong>nobis</strong></span> <span class='ocrx_word' id='word_1_166' title='bbox 1890 2043 2064 2116; x_wconf 84' lang='lat' dir='ltr'><strong>(Rom.</strong></span> <span class='ocrx_word' id='word_1_167' title='bbox 2088 2059 2144 2109; x_wconf 72' lang='grc' dir='ltr'><strong>ν,</strong></span> 
     </span>
    </p>
   </div>
   <div class='ocr_carea' id='block_1_20' title="bbox 555 2137 2146 2216">
    <p class='ocr_par' dir='ltr' id='par_1_20' title="bbox 555 2137 2146 2216">
     <span class='ocr_line' id='line_1_20' title="bbox 555 2137 2146 2216; baseline -0.004 -18"><span class='ocrx_word' id='word_1_168' title='bbox 555 2140 656 2216; x_wconf 83' lang='lat'><strong>5):</strong></span> <span class='ocrx_word' id='word_1_169' title='bbox 685 2158 793 2196; x_wconf 89' lang='lat' dir='ltr'><strong>non</strong></span> <span class='ocrx_word' id='word_1_170' title='bbox 830 2150 912 2195; x_wconf 90' lang='lat' dir='ltr'><strong>est</strong></span> <span class='ocrx_word' id='word_1_171' title='bbox 955 2149 1132 2195; x_wconf 87' lang='lat' dir='ltr'><strong>autem</strong></span> <span class='ocrx_word' id='word_1_172' title='bbox 1177 2140 1443 2209; x_wconf 83' lang='lat' dir='ltr'><strong>particeps</strong></span> <span class='ocrx_word' id='word_1_173' title='bbox 1487 2139 1680 2192; x_wconf 77' lang='lat' dir='ltr'><strong>divina:</strong></span> <span class='ocrx_word' id='word_1_174' title='bbox 1723 2137 2030 2204; x_wconf 87' lang='lat' dir='ltr'><strong>eharitatis,</strong></span> <span class='ocrx_word' id='word_1_175' title='bbox 2057 2139 2146 2207; x_wconf 87' lang='lat' dir='ltr'><strong>qui</strong></span> 
     </span>
    </p>
   </div>
   <div class='ocr_carea' id='block_1_21' title="bbox 555 2229 2150 2299">
    <p class='ocr_par' dir='ltr' id='par_1_21' title="bbox 555 2229 2150 2299">
     <span class='ocr_line' id='line_1_21' title="bbox 555 2229 2150 2299; baseline -0.004 -11"><span class='ocrx_word' id='word_1_176' title='bbox 555 2232 728 2288; x_wconf 82' lang='lat' dir='ltr'><strong>hostis</strong></span> <span class='ocrx_word' id='word_1_177' title='bbox 755 2243 840 2288; x_wconf 88' lang='lat' dir='ltr'><strong>est</strong></span> <span class='ocrx_word' id='word_1_178' title='bbox 866 2231 1102 2286; x_wconf 89' lang='lat' dir='ltr'><strong>unitatis.</strong></span> <span class='ocrx_word' id='word_1_179' title='bbox 1142 2230 1256 2286; x_wconf 87' lang='lat' dir='ltr'><strong>Non</strong></span> <span class='ocrx_word' id='word_1_180' title='bbox 1287 2229 1484 2284; x_wconf 83' lang='lat' dir='ltr'><strong>habent</strong></span> <span class='ocrx_word' id='word_1_181' title='bbox 1523 2231 1701 2299; x_wconf 85' lang='lat' dir='ltr'><strong>itaque</strong></span> <span class='ocrx_word' id='word_1_182' title='bbox 1728 2229 1982 2298; x_wconf 84' lang='lat' dir='ltr'><strong>Spiritum</strong></span> <span class='ocrx_word' id='word_1_183' title='bbox 2026 2243 2150 2282; x_wconf 86' lang='lat' dir='ltr'><strong>san-</strong></span> 
     </span>
    </p>
   </div>
   <div class='ocr_carea' id='block_1_22' title="bbox 553 2319 2148 2394">
    <p class='ocr_par' dir='ltr' id='par_1_22' title="bbox 553 2319 2148 2394">
     <span class='ocr_line' id='line_1_22' title="bbox 553 2319 2148 2394; baseline -0.003 -15"><span class='ocrx_word' id='word_1_184' title='bbox 553 2332 733 2391; x_wconf 85' lang='lat' dir='ltr'><strong>clum,</strong></span> <span class='ocrx_word' id='word_1_185' title='bbox 765 2323 853 2394; x_wconf 88' lang='lat' dir='ltr'><strong>qui</strong></span> <span class='ocrx_word' id='word_1_186' title='bbox 880 2332 1003 2377; x_wconf 90' lang='lat' dir='ltr'><strong>sunt</strong></span> <span class='ocrx_word' id='word_1_187' title='bbox 1028 2331 1178 2379; x_wconf 80' lang='lat' dir='ltr'><strong>extra</strong></span> <span class='ocrx_word' id='word_1_188' title='bbox 1205 2321 1500 2376; x_wconf 88' lang='lat' dir='ltr'><strong>Ecelesiam</strong></span> <span class='ocrx_word' id='word_1_189' title='bbox 1524 2339 1535 2373; x_wconf 92' lang='lat'><strong>:</strong></span> <span class='ocrx_word' id='word_1_190' title='bbox 1561 2319 1629 2376; x_wconf 88' lang='lat' dir='ltr'><strong>de</strong></span> <span class='ocrx_word' id='word_1_191' title='bbox 1655 2319 1760 2374; x_wconf 85' lang='lat' dir='ltr'><strong>illis</strong></span> <span class='ocrx_word' id='word_1_192' title='bbox 1794 2321 1989 2391; x_wconf 89' lang='lat' dir='ltr'><strong>quippe</strong></span> <span class='ocrx_word' id='word_1_193' title='bbox 2012 2319 2148 2374; x_wconf 84' lang='lat' dir='ltr'><strong>scri-</strong></span> 
     </span>
    </p>
   </div>
   <div class='ocr_carea' id='block_1_23' title="bbox 554 2409 2150 2490">
    <p class='ocr_par' dir='ltr' id='par_1_23' title="bbox 554 2409 2150 2490">
     <span class='ocr_line' id='line_1_23' title="bbox 554 2409 2150 2490; baseline -0.004 -18"><span class='ocrx_word' id='word_1_194' title='bbox 554 2428 706 2490; x_wconf 88' lang='lat' dir='ltr'><strong>ptum</strong></span> <span class='ocrx_word' id='word_1_195' title='bbox 726 2426 811 2473; x_wconf 89' lang='lat' dir='ltr'><strong>est</strong></span> <span class='ocrx_word' id='word_1_196' title='bbox 831 2458 843 2478; x_wconf 85' lang='lat'><strong>,</strong></span> <span class='ocrx_word' id='word_1_197' title='bbox 871 2415 968 2481; x_wconf 84' lang='lat' dir='ltr'><strong>Qui</strong></span> <span class='ocrx_word' id='word_1_198' title='bbox 1011 2415 1201 2486; x_wconf 71' lang='lat' dir='ltr'><strong>seipse:</strong></span> <span class='ocrx_word' id='word_1_199' title='bbox 1239 2422 1537 2486; x_wconf 80' lang='lat' dir='ltr'><strong>segregant,</strong></span> <span class='ocrx_word' id='word_1_200' title='bbox 1568 2413 1813 2467; x_wconf 84' lang='lat' dir='ltr'><strong>animales</strong></span> <span class='ocrx_word' id='word_1_201' title='bbox 1834 2454 1850 2478; x_wconf 96' lang='lat'><strong>,</strong></span> <span class='ocrx_word' id='word_1_202' title='bbox 1895 2409 2150 2482; x_wconf 81' lang='lat' dir='ltr'><strong>Spiritum</strong></span> 
     </span>
    </p>
   </div>
   <div class='ocr_carea' id='block_1_24' title="bbox 559 2501 2149 2578">
    <p class='ocr_par' dir='ltr' id='par_1_24' title="bbox 559 2501 2149 2578">
     <span class='ocr_line' id='line_1_24' title="bbox 559 2501 2149 2578; baseline -0.004 -16"><span class='ocrx_word' id='word_1_203' title='bbox 559 2525 664 2564; x_wconf 87' lang='lat' dir='ltr'><strong>non</strong></span> <span class='ocrx_word' id='word_1_204' title='bbox 689 2506 921 2561; x_wconf 80' lang='lat' dir='ltr'><strong>habentes</strong></span> <span class='ocrx_word' id='word_1_205' title='bbox 942 2503 1364 2578; x_wconf 73' lang='lat' dir='ltr'><strong>(Iudwlil).Sed</strong></span> <span class='ocrx_word' id='word_1_206' title='bbox 1395 2519 1493 2559; x_wconf 91' lang='lat' dir='ltr'><strong>nec</strong></span> <span class='ocrx_word' id='word_1_207' title='bbox 1519 2503 1610 2558; x_wconf 91' lang='lat' dir='ltr'><strong>ille</strong></span> <span class='ocrx_word' id='word_1_208' title='bbox 1640 2519 1760 2557; x_wconf 90' lang='lat' dir='ltr'><strong>eum</strong></span> <span class='ocrx_word' id='word_1_209' title='bbox 1791 2501 2031 2572; x_wconf 90' lang='lat' dir='ltr'><strong>percipit,</strong></span> <span class='ocrx_word' id='word_1_210' title='bbox 2062 2503 2149 2572; x_wconf 86' lang='lat' dir='ltr'><strong>qui</strong></span> 
     </span>
    </p>
   </div>
   <div class='ocr_carea' id='block_1_25' title="bbox 558 2594 2146 2667">
    <p class='ocr_par' dir='ltr' id='par_1_25' title="bbox 558 2594 2146 2667">
     <span class='ocr_line' id='line_1_25' title="bbox 558 2594 2146 2667; baseline -0.003 -13"><span class='ocrx_word' id='word_1_211' title='bbox 558 2600 718 2656; x_wconf 80' lang='lat' dir='ltr'><strong>ﬁctus</strong></span> <span class='ocrx_word' id='word_1_212' title='bbox 743 2607 825 2654; x_wconf 91' lang='lat' dir='ltr'><strong>est</strong></span> <span class='ocrx_word' id='word_1_213' title='bbox 855 2599 905 2652; x_wconf 90' lang='lat' dir='ltr'><strong>in</strong></span> <span class='ocrx_word' id='word_1_214' title='bbox 933 2596 1168 2653; x_wconf 85' lang='lat' dir='ltr'><strong>Ecclesia</strong></span> <span class='ocrx_word' id='word_1_215' title='bbox 1187 2636 1205 2664; x_wconf 93' lang='lat'><strong>,</strong></span> <span class='ocrx_word' id='word_1_216' title='bbox 1236 2595 1486 2667; x_wconf 89' lang='lat' dir='ltr'><strong>quoniam</strong></span> <span class='ocrx_word' id='word_1_217' title='bbox 1513 2605 1567 2651; x_wconf 91' lang='lat' dir='ltr'><strong>et</strong></span> <span class='ocrx_word' id='word_1_218' title='bbox 1596 2595 1719 2649; x_wconf 91' lang='lat' dir='ltr'><strong>inde</strong></span> <span class='ocrx_word' id='word_1_219' title='bbox 1751 2594 2006 2663; x_wconf 84' lang='lat' dir='ltr'><strong>scriptum</strong></span> <span class='ocrx_word' id='word_1_220' title='bbox 2037 2605 2146 2660; x_wconf 89' lang='lat' dir='ltr'><strong>est,</strong></span> 
     </span>
    </p>
   </div>
   <div class='ocr_carea' id='block_1_26' title="bbox 558 2684 2148 2760">
    <p class='ocr_par' dir='ltr' id='par_1_26' title="bbox 558 2684 2148 2760">
     <span class='ocr_line' id='line_1_26' title="bbox 558 2684 2148 2760; baseline -0.006 -12"><span class='ocrx_word' id='word_1_221' title='bbox 558 2691 782 2748; x_wconf 85' lang='lat' dir='ltr'><strong>Sanctus</strong></span> <span class='ocrx_word' id='word_1_222' title='bbox 810 2689 942 2745; x_wconf 88' lang='lat' dir='ltr'><strong>enint</strong></span> <span class='ocrx_word' id='word_1_223' title='bbox 969 2688 1197 2760; x_wconf 86' lang='lat' dir='ltr'><strong>Spiritus</strong></span> <span class='ocrx_word' id='word_1_224' title='bbox 1231 2688 1516 2759; x_wconf 70' lang='lat' dir='ltr'><strong>disciplina</strong></span> <span class='ocrx_word' id='word_1_225' title='bbox 1553 2684 1757 2758; x_wconf 78' lang='lat' dir='ltr'><strong>effugiet</strong></span> <span class='ocrx_word' id='word_1_226' title='bbox 1796 2688 1969 2756; x_wconf 80' lang='lat' dir='ltr'><strong>ﬁctum</strong></span> <span class='ocrx_word' id='word_1_227' title='bbox 1995 2684 2148 2758; x_wconf 85' lang='lat' dir='ltr'><strong>(Sap.</strong></span> 
     </span>
    </p>
   </div>
   <div class='ocr_carea' id='block_1_27' title="bbox 559 2779 2152 2854">
    <p class='ocr_par' dir='ltr' id='par_1_27' title="bbox 559 2779 2152 2854">
     <span class='ocr_line' id='line_1_27' title="bbox 559 2779 2152 2854; baseline -0.005 -14"><span class='ocrx_word' id='word_1_228' title='bbox 559 2800 580 2840; x_wconf 88' lang='grc' dir='ltr'><strong>ι</strong></span> <span class='ocrx_word' id='word_1_229' title='bbox 599 2825 615 2851; x_wconf 86' lang='grc'><em>,</em></span> <span class='ocrx_word' id='word_1_230' title='bbox 642 2783 721 2853; x_wconf 85' lang='grc'><strong>5).</strong></span> <span class='ocrx_word' id='word_1_231' title='bbox 752 2781 854 2854; x_wconf 81' lang='lat' dir='ltr'><strong>Qui</strong></span> <span class='ocrx_word' id='word_1_232' title='bbox 884 2790 1011 2852; x_wconf 88' lang='lat' dir='ltr'><strong>ergo</strong></span> <span class='ocrx_word' id='word_1_233' title='bbox 1039 2781 1156 2836; x_wconf 90' lang='lat' dir='ltr'><strong>vult</strong></span> <span class='ocrx_word' id='word_1_234' title='bbox 1177 2779 1374 2835; x_wconf 88' lang='lat' dir='ltr'><strong>habere</strong></span> <span class='ocrx_word' id='word_1_235' title='bbox 1402 2779 1657 2847; x_wconf 84' lang='lat' dir='ltr'><strong>Spiritum</strong></span> <span class='ocrx_word' id='word_1_236' title='bbox 1683 2787 1944 2840; x_wconf 89' lang='lat' dir='ltr'><strong>sanctum,</strong></span> <span class='ocrx_word' id='word_1_237' title='bbox 1967 2787 2152 2832; x_wconf 90' lang='lat' dir='ltr'><strong>caveat</strong></span> 
     </span>
    </p>
   </div>
   <div class='ocr_carea' id='block_1_28' title="bbox 555 2870 2150 2939">
    <p class='ocr_par' dir='ltr' id='par_1_28' title="bbox 555 2870 2150 2939">
     <span class='ocr_line' id='line_1_28' title="bbox 555 2870 2150 2939; baseline -0.004 -9"><span class='ocrx_word' id='word_1_238' title='bbox 555 2877 687 2933; x_wconf 79' lang='lat' dir='ltr'><strong>foris</strong></span> <span class='ocrx_word' id='word_1_239' title='bbox 711 2874 778 2931; x_wconf 89' lang='lat' dir='ltr'><strong>ab</strong></span> <span class='ocrx_word' id='word_1_240' title='bbox 806 2873 1049 2930; x_wconf 81' lang='lat' dir='ltr'><strong>Ecclesia</strong></span> <span class='ocrx_word' id='word_1_241' title='bbox 1068 2887 1372 2939; x_wconf 83' lang='lat' dir='ltr'><strong>remanere,</strong></span> <span class='ocrx_word' id='word_1_242' title='bbox 1397 2880 1583 2926; x_wconf 88' lang='lat' dir='ltr'><strong>caveat</strong></span> <span class='ocrx_word' id='word_1_243' title='bbox 1610 2871 1662 2925; x_wconf 91' lang='lat' dir='ltr'><strong>in</strong></span> <span class='ocrx_word' id='word_1_244' title='bbox 1689 2885 1807 2924; x_wconf 89' lang='lat' dir='ltr'><strong>eam</strong></span> <span class='ocrx_word' id='word_1_245' title='bbox 1834 2870 2110 2924; x_wconf 87' lang='lat' dir='ltr'><strong>simulatus</strong></span> <span class='ocrx_word' id='word_1_246' title='bbox 2133 2871 2150 2900; x_wconf 74' lang='grc'>⁸</span> 
     </span>
    </p>
   </div>
   <div class='ocr_carea' id='block_1_29' title="bbox 557 2963 2152 3037">
    <p class='ocr_par' dir='ltr' id='par_1_29' title="bbox 557 2963 2152 3037">
     <span class='ocr_line' id='line_1_29' title="bbox 557 2963 2152 3037; baseline -0.005 -13"><span class='ocrx_word' id='word_1_247' title='bbox 557 2971 760 3025; x_wconf 86' lang='lat' dir='ltr'><strong>intrare</strong></span> <span class='ocrx_word' id='word_1_248' title='bbox 788 2985 802 3024; x_wconf 88' lang='lat'><strong>:</strong></span> <span class='ocrx_word' id='word_1_249' title='bbox 828 2977 921 3022; x_wconf 88' lang='lat' dir='ltr'><strong>aut</strong></span> <span class='ocrx_word' id='word_1_250' title='bbox 946 2967 991 3020; x_wconf 88' lang='lat' dir='ltr'><strong>si</strong></span> <span class='ocrx_word' id='word_1_251' title='bbox 1011 2966 1121 3037; x_wconf 85' lang='lat' dir='ltr'><strong>jam</strong></span> <span class='ocrx_word' id='word_1_252' title='bbox 1150 2966 1268 3022; x_wconf 90' lang='lat' dir='ltr'><strong>talis</strong></span> <span class='ocrx_word' id='word_1_253' title='bbox 1299 2963 1552 3032; x_wconf 86' lang='lat' dir='ltr'><strong>intravit,</strong></span> <span class='ocrx_word' id='word_1_254' title='bbox 1580 2973 1765 3019; x_wconf 88' lang='lat' dir='ltr'><strong>caveat</strong></span> <span class='ocrx_word' id='word_1_255' title='bbox 1793 2964 1844 3017; x_wconf 94' lang='lat' dir='ltr'><strong>in</strong></span> <span class='ocrx_word' id='word_1_256' title='bbox 1869 2964 2055 3019; x_wconf 90' lang='lat' dir='ltr'><strong>eadem</strong></span> <span class='ocrx_word' id='word_1_257' title='bbox 2082 2964 2152 3016; x_wconf 89' lang='lat' dir='ltr'><strong>si-</strong></span> 
     </span>
    </p>
   </div>
   <div class='ocr_carea' id='block_1_30' title="bbox 557 3055 2149 3130">
    <p class='ocr_par' dir='ltr' id='par_1_30' title="bbox 557 3055 2149 3130">
     <span class='ocr_line' id='line_1_30' title="bbox 557 3055 2149 3130; baseline -0.005 -13"><span class='ocrx_word' id='word_1_258' title='bbox 557 3061 851 3118; x_wconf 81' lang='lat' dir='ltr'><strong>mulatione</strong></span> <span class='ocrx_word' id='word_1_259' title='bbox 892 3059 1212 3130; x_wconf 87' lang='lat' dir='ltr'><strong>persistere,</strong></span> <span class='ocrx_word' id='word_1_260' title='bbox 1255 3068 1314 3114; x_wconf 89' lang='lat' dir='ltr'><strong>ut</strong></span> <span class='ocrx_word' id='word_1_261' title='bbox 1356 3057 1617 3113; x_wconf 77' lang='lat' dir='ltr'><strong>veraciter</strong></span> <span class='ocrx_word' id='word_1_262' title='bbox 1659 3055 1930 3112; x_wconf 87' lang='lat' dir='ltr'><strong>coalescat</strong></span> <span class='ocrx_word' id='word_1_263' title='bbox 1973 3055 2149 3111; x_wconf 89' lang='lat' dir='ltr'><strong>arbori</strong></span> 
     </span>
    </p>
   </div>
   <div class='ocr_carea' id='block_1_31' title="bbox 559 3155 703 3209">
    <p class='ocr_par' dir='ltr' id='par_1_31' title="bbox 559 3155 703 3209">
     <span class='ocr_line' id='line_1_31' title="bbox 559 3155 703 3209; baseline -0.007 0"><span class='ocrx_word' id='word_1_264' title='bbox 559 3155 703 3209; x_wconf 69' lang='lat' dir='ltr'><strong>vitae.</strong></span> 
     </span>
    </p>
   </div>
   <div class='ocr_carea' id='block_1_32' title="bbox 635 3242 2154 3309">
    <p class='ocr_par' dir='ltr' id='par_1_32' title="bbox 635 3242 2154 3309">
     <span class='ocr_line' id='line_1_32' title="bbox 635 3242 2154 3309; baseline -0.003 -7"><span class='ocrx_word' id='word_1_265' title='bbox 635 3245 724 3303; x_wconf 81' lang='grc'><strong>51.</strong></span> <span class='ocrx_word' id='word_1_266' title='bbox 765 3244 1035 3302; x_wconf 81' lang='lat' dir='ltr'><strong>Prolixum</strong></span> <span class='ocrx_word' id='word_1_267' title='bbox 1077 3244 1168 3299; x_wconf 89' lang='lat' dir='ltr'><strong>tibi</strong></span> <span class='ocrx_word' id='word_1_268' title='bbox 1211 3243 1404 3298; x_wconf 90' lang='lat' dir='ltr'><strong>librum</strong></span> <span class='ocrx_word' id='word_1_269' title='bbox 1443 3242 1647 3309; x_wconf 78' lang='lat' dir='ltr'><strong>direxi,</strong></span> <span class='ocrx_word' id='word_1_270' title='bbox 1690 3251 1745 3298; x_wconf 89' lang='lat' dir='ltr'><strong>et</strong></span> <span class='ocrx_word' id='word_1_271' title='bbox 1783 3242 1887 3298; x_wconf 91' lang='lat' dir='ltr'><strong>tuis</strong></span> <span class='ocrx_word' id='word_1_272' title='bbox 1928 3242 2154 3298; x_wconf 79' lang='lat' dir='ltr'><strong>fortasse</strong></span> 
     </span>
    </p>
   </div>
   <div class='ocr_carea' id='block_1_33' title="bbox 563 3333 2154 3407">
    <p class='ocr_par' dir='ltr' id='par_1_33' title="bbox 563 3333 2154 3407">
     <span class='ocr_line' id='line_1_33' title="bbox 563 3333 2154 3407; baseline -0.004 -13"><span class='ocrx_word' id='word_1_273' title='bbox 563 3335 999 3407; x_wconf 81' lang='lat' dir='ltr'><strong>occupationibus</strong></span> <span class='ocrx_word' id='word_1_274' title='bbox 1025 3348 1336 3388; x_wconf 87' lang='lat' dir='ltr'><strong>onerosum.</strong></span> <span class='ocrx_word' id='word_1_275' title='bbox 1385 3333 1444 3387; x_wconf 85' lang='lat' dir='ltr'><strong>Si</strong></span> <span class='ocrx_word' id='word_1_276' title='bbox 1487 3347 1616 3402; x_wconf 88' lang='lat' dir='ltr'><strong>ergo</strong></span> <span class='ocrx_word' id='word_1_277' title='bbox 1659 3333 1890 3402; x_wconf 88' lang='lat' dir='ltr'><strong>potuerit</strong></span> <span class='ocrx_word' id='word_1_278' title='bbox 1933 3333 2026 3387; x_wconf 87' lang='lat' dir='ltr'><strong>tibi</strong></span> <span class='ocrx_word' id='word_1_279' title='bbox 2068 3333 2154 3388; x_wconf 85' lang='lat' dir='ltr'><strong>vel</strong></span> 
     </span>
    </p>
   </div>
   <div class='ocr_carea' id='block_1_34' title="bbox 563 3422 2152 3501">
    <p class='ocr_par' dir='ltr' id='par_1_34' title="bbox 563 3422 2152 3501">
     <span class='ocr_line' id='line_1_34' title="bbox 563 3422 2152 3501; baseline -0.004 -19"><span class='ocrx_word' id='word_1_280' title='bbox 563 3428 803 3501; x_wconf 87' lang='lat' dir='ltr'><strong>partibus</strong></span> <span class='ocrx_word' id='word_1_281' title='bbox 829 3427 972 3498; x_wconf 85' lang='lat' dir='ltr'><strong>legi,</strong></span> <span class='ocrx_word' id='word_1_282' title='bbox 1001 3424 1147 3480; x_wconf 90' lang='lat' dir='ltr'><strong>dabit</strong></span> <span class='ocrx_word' id='word_1_283' title='bbox 1177 3424 1274 3479; x_wconf 90' lang='lat' dir='ltr'><strong>tibi</strong></span> <span class='ocrx_word' id='word_1_284' title='bbox 1301 3423 1558 3478; x_wconf 87' lang='lat' dir='ltr'><strong>Dominus</strong></span> <span class='ocrx_word' id='word_1_285' title='bbox 1583 3422 1938 3489; x_wconf 89' lang='lat' dir='ltr'><strong>intellectum,</strong></span> <span class='ocrx_word' id='word_1_286' title='bbox 1974 3435 2031 3476; x_wconf 93' lang='lat' dir='ltr'><strong>ut</strong></span> <span class='ocrx_word' id='word_1_287' title='bbox 2057 3423 2152 3477; x_wconf 87' lang='lat' dir='ltr'><strong>ha-</strong></span> 
     </span>
    </p>
   </div>
   <div class='ocr_carea' id='block_1_35' title="bbox 562 3513 2150 3591">
    <p class='ocr_par' dir='ltr' id='par_1_35' title="bbox 562 3513 2150 3591">
     <span class='ocr_line' id='line_1_35' title="bbox 562 3513 2150 3591; baseline -0.006 -13"><span class='ocrx_word' id='word_1_288' title='bbox 562 3521 693 3578; x_wconf 81' lang='lat' dir='ltr'><strong>beas</strong></span> <span class='ocrx_word' id='word_1_289' title='bbox 720 3518 847 3591; x_wconf 89' lang='lat' dir='ltr'><strong>quid</strong></span> <span class='ocrx_word' id='word_1_290' title='bbox 877 3515 1198 3588; x_wconf 90' lang='lat' dir='ltr'><strong>respondeas</strong></span> <span class='ocrx_word' id='word_1_291' title='bbox 1227 3515 1305 3570; x_wconf 89' lang='lat' dir='ltr'><strong>eis</strong></span> <span class='ocrx_word' id='word_1_292' title='bbox 1333 3513 1665 3583; x_wconf 81' lang='lat' dir='ltr'><strong>corrigendis</strong></span> <span class='ocrx_word' id='word_1_293' title='bbox 1689 3522 1848 3583; x_wconf 88' lang='lat' dir='ltr'><strong>atque</strong></span> <span class='ocrx_word' id='word_1_294' title='bbox 1883 3513 2150 3580; x_wconf 88' lang='lat' dir='ltr'><strong>sanandis,</strong></span> 
     </span>
    </p>
   </div>
   <div class='ocr_carea' id='block_1_36' title="bbox 563 3605 2153 3685">
    <p class='ocr_par' dir='ltr' id='par_1_36' title="bbox 563 3605 2153 3685">
     <span class='ocr_line' id='line_1_36' title="bbox 563 3605 2153 3685; baseline -0.003 -19"><span class='ocrx_word' id='word_1_295' title='bbox 563 3627 701 3685; x_wconf 88' lang='lat' dir='ltr'><strong>quos</strong></span> <span class='ocrx_word' id='word_1_296' title='bbox 735 3611 898 3667; x_wconf 88' lang='lat' dir='ltr'><strong>etiam</strong></span> <span class='ocrx_word' id='word_1_297' title='bbox 925 3609 1020 3664; x_wconf 86' lang='lat' dir='ltr'><strong>tibi</strong></span> <span class='ocrx_word' id='word_1_298' title='bbox 1045 3609 1144 3680; x_wconf 90' lang='lat' dir='ltr'><strong>ipsi</strong></span> <span class='ocrx_word' id='word_1_299' title='bbox 1172 3617 1422 3678; x_wconf 86' lang='lat' dir='ltr'><strong>tanquam</strong></span> <span class='ocrx_word' id='word_1_300' title='bbox 1454 3605 1598 3660; x_wconf 83' lang='lat' dir='ltr'><strong>ﬁdeli</strong></span> <span class='ocrx_word' id='word_1_301' title='bbox 1631 3605 1739 3661; x_wconf 80' lang='lat' dir='ltr'><strong>lilio</strong></span> <span class='ocrx_word' id='word_1_302' title='bbox 1772 3614 1942 3660; x_wconf 87' lang='lat' dir='ltr'><strong>mater</strong></span> <span class='ocrx_word' id='word_1_303' title='bbox 1966 3605 2153 3661; x_wconf 83' lang='lat' dir='ltr'><strong>Eccle-</strong></span> 
     </span>
    </p>
   </div>
   <div class='ocr_carea' id='block_1_37' title="bbox 565 3695 2157 3772">
    <p class='ocr_par' dir='ltr' id='par_1_37' title="bbox 565 3695 2157 3772">
     <span class='ocr_line' id='line_1_37' title="bbox 565 3695 2157 3772; baseline -0.006 -13"><span class='ocrx_word' id='word_1_304' title='bbox 565 3705 664 3770; x_wconf 87' lang='lat' dir='ltr'><strong>sia,</strong></span> <span class='ocrx_word' id='word_1_305' title='bbox 694 3702 782 3758; x_wconf 90' lang='lat' dir='ltr'><strong>ubi</strong></span> <span class='ocrx_word' id='word_1_306' title='bbox 809 3701 1043 3772; x_wconf 88' lang='lat' dir='ltr'><strong>potueris</strong></span> <span class='ocrx_word' id='word_1_307' title='bbox 1066 3741 1081 3766; x_wconf 91' lang='lat'><strong>,</strong></span> <span class='ocrx_word' id='word_1_308' title='bbox 1114 3708 1169 3754; x_wconf 91' lang='lat' dir='ltr'><strong>et</strong></span> <span class='ocrx_word' id='word_1_309' title='bbox 1197 3697 1468 3769; x_wconf 90' lang='lat' dir='ltr'><strong>quomodo</strong></span> <span class='ocrx_word' id='word_1_310' title='bbox 1498 3697 1732 3767; x_wconf 89' lang='lat' dir='ltr'><strong>potueris</strong></span> <span class='ocrx_word' id='word_1_311' title='bbox 1753 3738 1766 3759; x_wconf 91' lang='lat'><strong>,</strong></span> <span class='ocrx_word' id='word_1_312' title='bbox 1798 3696 1910 3750; x_wconf 87' lang='lat' dir='ltr'><strong>sive</strong></span> <span class='ocrx_word' id='word_1_313' title='bbox 1939 3695 2052 3765; x_wconf 88' lang='lat' dir='ltr'><strong>ipse</strong></span> <span class='ocrx_word' id='word_1_314' title='bbox 2081 3695 2157 3751; x_wconf 90' lang='lat' dir='ltr'><strong>lo-</strong></span> 
     </span>
    </p>
   </div>
   <div class='ocr_carea' id='block_1_38' title="bbox 566 3788 2156 3868">
    <p class='ocr_par' dir='ltr' id='par_1_38' title="bbox 566 3788 2156 3868">
     <span class='ocr_line' id='line_1_38' title="bbox 566 3788 2156 3868; baseline -0.004 -19"><span class='ocrx_word' id='word_1_315' title='bbox 566 3794 781 3868; x_wconf 90' lang='lat' dir='ltr'><strong>quendo</strong></span> <span class='ocrx_word' id='word_1_316' title='bbox 807 3801 862 3849; x_wconf 92' lang='lat' dir='ltr'><strong>et</strong></span> <span class='ocrx_word' id='word_1_317' title='bbox 883 3790 1276 3862; x_wconf 85' lang='lat' dir='ltr'><strong>respondendo,</strong></span> <span class='ocrx_word' id='word_1_318' title='bbox 1292 3792 1402 3844; x_wconf 87' lang='lat' dir='ltr'><strong>sive</strong></span> <span class='ocrx_word' id='word_1_319' title='bbox 1417 3788 1484 3843; x_wconf 90' lang='lat' dir='ltr'><strong>ad</strong></span> <span class='ocrx_word' id='word_1_320' title='bbox 1501 3789 1747 3844; x_wconf 86' lang='lat' dir='ltr'><strong>doctores</strong></span> <span class='ocrx_word' id='word_1_321' title='bbox 1759 3788 2012 3844; x_wconf 72' lang='lat' dir='ltr'><strong>Ecclesia:</strong></span> <span class='ocrx_word' id='word_1_322' title='bbox 2033 3803 2156 3859; x_wconf 88' lang='lat' dir='ltr'><strong>per-</strong></span> 
     </span>
    </p>
   </div>
   <div class='ocr_carea' id='block_1_39' title="bbox 483 3878 2160 3964">
    <p class='ocr_par' dir='ltr' id='par_1_39' title="bbox 483 3878 2160 3964">
     <span class='ocr_line' id='line_1_39' title="bbox 483 3878 2160 3964; baseline -0.005 -19"><span class='ocrx_word' id='word_1_323' title='bbox 483 3878 496 3964; x_wconf 57' lang='lat'>;</span> <span class='ocrx_word' id='word_1_324' title='bbox 566 3885 836 3954; x_wconf 91' lang='lat' dir='ltr'><strong>ducendo,</strong></span> <span class='ocrx_word' id='word_1_325' title='bbox 864 3885 918 3940; x_wconf 92' lang='lat' dir='ltr'><strong>in</strong></span> <span class='ocrx_word' id='word_1_326' title='bbox 947 3883 1212 3954; x_wconf 70' lang='lat' dir='ltr'><strong>adiutorio</strong></span> <span class='ocrx_word' id='word_1_327' title='bbox 1242 3882 1449 3937; x_wconf 87' lang='lat' dir='ltr'><strong>Domini</strong></span> <span class='ocrx_word' id='word_1_328' title='bbox 1479 3878 1824 3951; x_wconf 80' lang='lat' dir='ltr'><strong>corrigendos</strong></span> <span class='ocrx_word' id='word_1_329' title='bbox 1862 3879 2160 3936; x_wconf 87' lang='lat' dir='ltr'><strong>sanandos-</strong></span> 
     </span>
    </p>
   </div>
   <div class='ocr_carea' id='block_1_40' title="bbox 477 3974 1053 4056">
    <p class='ocr_par' dir='ltr' id='par_1_40' title="bbox 477 3974 1053 4056">
     <span class='ocr_line' id='line_1_40' title="bbox 477 3974 1053 4056; baseline -0.012 -22"><span class='ocrx_word' id='word_1_330' title='bbox 477 3976 492 4056; x_wconf 61' lang='lat'><strong>&quot;</strong></span> <span class='ocrx_word' id='word_1_331' title='bbox 564 3995 671 4052; x_wconf 88' lang='lat' dir='ltr'><strong>quc</strong></span> <span class='ocrx_word' id='word_1_332' title='bbox 696 3974 1053 4036; x_wconf 88' lang='lat' dir='ltr'><strong>commendat.</strong></span> 
     </span>
    </p>
   </div>
   <div class='ocr_carea' id='block_1_41' title="bbox 922 4058 1796 4129">
    <p class='ocr_par' dir='ltr' id='par_1_41' title="bbox 922 4058 1796 4129">
     <span class='ocr_line' id='line_1_41' title="bbox 922 4058 1796 4129; baseline -0.013 -8"><span class='ocrx_word' id='word_1_333' title='bbox 922 4063 1252 4121; x_wconf 75' lang='lat' dir='ltr'><strong>EPISTOLA</strong></span> <span class='ocrx_word' id='word_1_334' title='bbox 1291 4058 1598 4117; x_wconf 81' lang='lat' dir='ltr'><strong>CLXXXVI</strong></span> <span class='ocrx_word' id='word_1_335' title='bbox 1638 4063 1656 4081; x_wconf 82' lang='grc'><strong>·</strong></span> <span class='ocrx_word' id='word_1_336' title='bbox 1695 4058 1796 4129; x_wconf 90' lang='lat' dir='ltr'><strong>(a).</strong></span> 
     </span>
    </p>
   </div>
   <div class='ocr_carea' id='block_1_42' title="bbox 565 4151 2160 4233">
    <p class='ocr_par' dir='ltr' id='par_1_42' title="bbox 565 4151 2160 4233">
     <span class='ocr_line' id='line_1_42' title="bbox 565 4151 2160 4233; baseline -0.007 -17"><span class='ocrx_word' id='word_1_337' title='bbox 565 4160 786 4233; x_wconf 77' lang='lat' dir='ltr'><strong>Alypius</strong></span> <span class='ocrx_word' id='word_1_338' title='bbox 808 4167 852 4213; x_wconf 85' lang='lat' dir='ltr'><strong>et</strong></span> <span class='ocrx_word' id='word_1_339' title='bbox 880 4156 1191 4229; x_wconf 80' lang='lat' dir='ltr'><strong>Augustinus</strong></span> <span class='ocrx_word' id='word_1_340' title='bbox 1219 4152 1439 4207; x_wconf 87' lang='lat' dir='ltr'><strong>Paulino</strong></span> <span class='ocrx_word' id='word_1_341' title='bbox 1467 4151 1701 4223; x_wconf 85' lang='lat' dir='ltr'><strong>episcopo</strong></span> <span class='ocrx_word' id='word_1_342' title='bbox 1721 4191 1734 4215; x_wconf 94' lang='lat'><strong>,</strong></span> <span class='ocrx_word' id='word_1_343' title='bbox 1767 4151 1935 4219; x_wconf 88' lang='lat' dir='ltr'><strong>ipsum</strong></span> <span class='ocrx_word' id='word_1_344' title='bbox 1962 4151 2160 4224; x_wconf 83' lang='lat' dir='ltr'><strong>plenius</strong></span> 
     </span>
    </p>
   </div>
   <div class='ocr_carea' id='block_1_43' title="bbox 578 4241 1908 4314">
    <p class='ocr_par' dir='ltr' id='par_1_43' title="bbox 578 4241 1908 4314">
     <span class='ocr_line' id='line_1_43' title="bbox 578 4241 1908 4314; baseline -0.006 -9"><span class='ocrx_word' id='word_1_345' title='bbox 578 4255 582 4260; x_wconf 85' lang='lat'>&#39;</span> <span class='ocrx_word' id='word_1_346' title='bbox 817 4249 1132 4303; x_wconf 85' lang='lat' dir='ltr'><strong>instituentes</strong></span> <span class='ocrx_word' id='word_1_347' title='bbox 1165 4245 1404 4299; x_wconf 86' lang='lat' dir='ltr'><strong>adversus</strong></span> <span class='ocrx_word' id='word_1_348' title='bbox 1432 4241 1630 4314; x_wconf 85' lang='lat' dir='ltr'><strong>Pelagii</strong></span> <span class='ocrx_word' id='word_1_349' title='bbox 1657 4241 1908 4297; x_wconf 74' lang='lat' dir='ltr'><strong>hwresim.</strong></span> 
     </span>
    </p>
   </div>
   <div class='ocr_carea' id='block_1_44' title="bbox 568 4331 2159 4403">
    <p class='ocr_par' dir='ltr' id='par_1_44' title="bbox 568 4331 2159 4403">
     <span class='ocr_line' id='line_1_44' title="bbox 568 4331 2159 4403; baseline -0.006 -6"><span class='ocrx_word' id='word_1_350' title='bbox 568 4340 801 4397; x_wconf 91' lang='lat' dir='ltr'><strong>Domino</strong></span> <span class='ocrx_word' id='word_1_351' title='bbox 829 4339 1138 4395; x_wconf 84' lang='lat' dir='ltr'><strong>beatissimo</strong></span> <span class='ocrx_word' id='word_1_352' title='bbox 1163 4345 1217 4392; x_wconf 91' lang='lat' dir='ltr'><strong>et</strong></span> <span class='ocrx_word' id='word_1_353' title='bbox 1252 4335 1305 4389; x_wconf 89' lang='lat' dir='ltr'><strong>in</strong></span> <span class='ocrx_word' id='word_1_354' title='bbox 1345 4333 1544 4389; x_wconf 87' lang='lat' dir='ltr'><strong>Christi</strong></span> <span class='ocrx_word' id='word_1_355' title='bbox 1569 4331 1863 4387; x_wconf 88' lang='lat' dir='ltr'><strong>visceribus</strong></span> <span class='ocrx_word' id='word_1_356' title='bbox 1887 4335 2159 4403; x_wconf 81' lang='lat' dir='ltr'><strong>germani-</strong></span> 
     </span>
    </p>
   </div>
   <div class='ocr_carea' id='block_1_45' title="bbox 578 4423 2158 4501">
    <p class='ocr_par' dir='ltr' id='par_1_45' title="bbox 578 4423 2158 4501">
     <span class='ocr_line' id='line_1_45' title="bbox 578 4423 2158 4501; baseline -0.006 -12"><span class='ocrx_word' id='word_1_357' title='bbox 578 4437 584 4442; x_wconf 85' lang='grc'><em>’</em></span> <span class='ocrx_word' id='word_1_358' title='bbox 642 4442 733 4488; x_wconf 86' lang='lat' dir='ltr'><strong>tus</strong></span> <span class='ocrx_word' id='word_1_359' title='bbox 755 4427 1144 4501; x_wconf 83' lang='lat' dir='ltr'><strong>amplectende,</strong></span> <span class='ocrx_word' id='word_1_360' title='bbox 1169 4427 1288 4497; x_wconf 90' lang='lat' dir='ltr'><strong>plus</strong></span> <span class='ocrx_word' id='word_1_361' title='bbox 1308 4440 1466 4495; x_wconf 89' lang='lat' dir='ltr'><strong>quam</strong></span> <span class='ocrx_word' id='word_1_362' title='bbox 1487 4423 1590 4478; x_wconf 91' lang='lat' dir='ltr'><strong>dici</strong></span> <span class='ocrx_word' id='word_1_363' title='bbox 1620 4431 1799 4494; x_wconf 85' lang='lat' dir='ltr'><strong>potest</strong></span> <span class='ocrx_word' id='word_1_364' title='bbox 1820 4423 2158 4479; x_wconf 89' lang='lat' dir='ltr'><strong>desiderabili</strong></span> 
     </span>
    </p>
   </div>
   <div class='ocr_carea' id='block_1_46' title="bbox 644 4514 2156 4592">
    <p class='ocr_par' dir='ltr' id='par_1_46' title="bbox 644 4514 2156 4592">
     <span class='ocr_line' id='line_1_46' title="bbox 644 4514 2156 4592; baseline -0.006 -11"><span class='ocrx_word' id='word_1_365' title='bbox 644 4522 798 4582; x_wconf 79' lang='lat' dir='ltr'><strong>fratri</strong></span> <span class='ocrx_word' id='word_1_366' title='bbox 827 4532 880 4579; x_wconf 90' lang='lat' dir='ltr'><strong>et</strong></span> <span class='ocrx_word' id='word_1_367' title='bbox 903 4520 1222 4592; x_wconf 82' lang='lat' dir='ltr'><strong>coepiscopo</strong></span> <span class='ocrx_word' id='word_1_368' title='bbox 1249 4517 1486 4573; x_wconf 75' lang='lat' dir='ltr'><strong>PAULINO</strong></span> <span class='ocrx_word' id='word_1_369' title='bbox 1512 4514 1612 4590; x_wconf 85' lang='lat' dir='ltr'><strong>(b),</strong></span> <span class='ocrx_word' id='word_1_370' title='bbox 1641 4518 1868 4571; x_wconf 72' lang='lat' dir='ltr'><strong>Aunus</strong></span> <span class='ocrx_word' id='word_1_371' title='bbox 1899 4527 1953 4571; x_wconf 89' lang='lat' dir='ltr'><strong>et</strong></span> <span class='ocrx_word' id='word_1_372' title='bbox 1977 4517 2156 4573; x_wconf 83' lang='lat' dir='ltr'><strong>Aecu-</strong></span> 
     </span>
    </p>
   </div>
   <div class='ocr_carea' id='block_1_47' title="bbox 643 4632 2162 4778">
    <p class='ocr_par' dir='ltr' id='par_1_47' title="bbox 643 4632 2162 4778">
     <span class='ocr_line' id='line_1_47' title="bbox 643 4632 2162 4778; baseline -0.003 -11"><span class='ocrx_word' id='word_1_373' title='bbox 897 4705 1186 4764; x_wconf 76' lang='lat' dir='ltr'><strong>PRIMUM.</strong></span> <span class='ocrx_word' id='word_1_374' title='bbox 1205 4735 1277 4748; x_wconf 89' lang='lat'><strong><em>—</em></strong></span> <span class='ocrx_word' id='word_1_375' title='bbox 1293 4706 1345 4760; x_wconf 80' lang='grc'><strong>1.</strong></span> <span class='ocrx_word' id='word_1_376' title='bbox 1363 4704 1598 4760; x_wconf 90' lang='lat' dir='ltr'><strong>Tandem</strong></span> <span class='ocrx_word' id='word_1_377' title='bbox 1628 4704 1910 4775; x_wconf 87' lang='lat' dir='ltr'><strong>aliquando</strong></span> <span class='ocrx_word' id='word_1_378' title='bbox 1929 4706 2162 4778; x_wconf 90' lang='lat' dir='ltr'><strong>providit</strong></span> 
     </span>
    </p>
   </div>
   <div class='ocr_carea' id='block_1_48' title="bbox 571 4795 2157 4867">
    <p class='ocr_par' dir='ltr' id='par_1_48' title="bbox 571 4795 2157 4867">
     <span class='ocr_line' id='line_1_48' title="bbox 571 4795 2157 4867; baseline -0.004 -8"><span class='ocrx_word' id='word_1_379' title='bbox 571 4802 715 4859; x_wconf 86' lang='lat' dir='ltr'><strong>Deus</strong></span> <span class='ocrx_word' id='word_1_380' title='bbox 740 4800 894 4857; x_wconf 88' lang='lat' dir='ltr'><strong>nobis</strong></span> <span class='ocrx_word' id='word_1_381' title='bbox 920 4799 1212 4855; x_wconf 89' lang='lat' dir='ltr'><strong>litterarum</strong></span> <span class='ocrx_word' id='word_1_382' title='bbox 1250 4795 1618 4852; x_wconf 80' lang='lat' dir='ltr'><strong>ﬁdelissimum</strong></span> <span class='ocrx_word' id='word_1_383' title='bbox 1661 4797 2012 4867; x_wconf 85' lang='lat' dir='ltr'><strong>perlatorem,</strong></span> <span class='ocrx_word' id='word_1_384' title='bbox 2042 4814 2157 4855; x_wconf 92' lang='lat' dir='ltr'><strong>om-</strong></span> 
     </span>
    </p>
   </div>
   <div class='ocr_carea' id='block_1_49' title="bbox 573 4891 2153 4978">
    <p class='ocr_par' dir='ltr' id='par_1_49' title="bbox 573 4891 2153 4978">
     <span class='ocr_line' id='line_1_49' title="bbox 573 4891 2153 4978; baseline -0.003 -24"><span class='ocrx_word' id='word_1_385' title='bbox 573 4897 722 4954; x_wconf 89' lang='lat' dir='ltr'><strong>nium</strong></span> <span class='ocrx_word' id='word_1_386' title='bbox 766 4905 1007 4978; x_wconf 81' lang='lat' dir='ltr'><strong>nostrum</strong></span> <span class='ocrx_word' id='word_1_387' title='bbox 1049 4893 1242 4948; x_wconf 90' lang='lat' dir='ltr'><strong>merito</strong></span> <span class='ocrx_word' id='word_1_388' title='bbox 1285 4891 1656 4948; x_wconf 86' lang='lat' dir='ltr'><strong>charissimam</strong></span> <span class='ocrx_word' id='word_1_389' title='bbox 1698 4891 1918 4949; x_wconf 86' lang='lat' dir='ltr'><strong>lratrem</strong></span> <span class='ocrx_word' id='word_1_390' title='bbox 1961 4893 2153 4950; x_wconf 86' lang='lat' dir='ltr'><strong>Janua-</strong></span> 
     </span>
    </p>
   </div>
   <div class='ocr_carea' id='block_1_50' title="bbox 640 5001 1798 5064">
    <p class='ocr_par' dir='ltr' id='par_1_50' title="bbox 640 5001 1798 5064">
     <span class='ocr_line' id='line_1_50' title="bbox 640 5001 1798 5064; baseline -0.005 -6"><span class='ocrx_word' id='word_1_391' title='bbox 640 5012 657 5041; x_wconf 73' lang='grc' dir='ltr'><strong>ι</strong></span> <span class='ocrx_word' id='word_1_392' title='bbox 683 5007 819 5064; x_wconf 80' lang='lat' dir='ltr'><strong>Edd.,</strong></span> <span class='ocrx_word' id='word_1_393' title='bbox 839 5003 1077 5059; x_wconf 66' lang='lat' dir='ltr'><strong>simulate.</strong></span> <span class='ocrx_word' id='word_1_394' title='bbox 1103 5010 1155 5054; x_wconf 81' lang='lat' dir='ltr'><strong>At</strong></span> <span class='ocrx_word' id='word_1_395' title='bbox 1178 5012 1304 5064; x_wconf 69' lang='lat' dir='ltr'><strong>Mss,</strong></span> <span class='ocrx_word' id='word_1_396' title='bbox 1328 5002 1578 5055; x_wconf 81' lang='lat' dir='ltr'><strong>simulatus</strong></span> <span class='ocrx_word' id='word_1_397' title='bbox 1597 5001 1798 5055; x_wconf 74' lang='lat' dir='ltr'><strong>iturare.</strong></span> 
     </span>
    </p>
   </div>
   <div class='ocr_carea' id='block_1_51' title="bbox 639 5043 2158 5138">
    <p class='ocr_par' dir='ltr' id='par_1_51' title="bbox 639 5043 2158 5138">
     <span class='ocr_line' id='line_1_51' title="bbox 639 5043 2158 5138; baseline 0.001 -20"><span class='ocrx_word' id='word_1_398' title='bbox 639 5043 1304 5138; x_wconf 41' lang='lat' dir='ltr'><strong>inﬁrmatam;</strong></span> <span class='ocrx_word' id='word_1_399' title='bbox 1897 5080 1970 5118; x_wconf 69' lang='grc' dir='ltr'><strong>νο.</strong></span> <span class='ocrx_word' id='word_1_400' title='bbox 1995 5067 2091 5118; x_wconf 85' lang='lat' dir='ltr'><strong>duo</strong></span> <span class='ocrx_word' id='word_1_401' title='bbox 2111 5082 2158 5119; x_wconf 75' lang='grc' dir='ltr'><strong>ν.</strong></span> 
     </span>
    </p>
   </div>
   <div class='ocr_carea' id='block_1_52' title="bbox 579 5126 1909 5190">
    <p class='ocr_par' dir='ltr' id='par_1_52' title="bbox 579 5126 1909 5190">
     <span class='ocr_line' id='line_1_52' title="bbox 579 5126 1909 5190; baseline -0.002 -9"><span class='ocrx_word' id='word_1_402' title='bbox 579 5142 680 5181; x_wconf 72' lang='lat' dir='ltr'><strong>sm.</strong></span> <span class='ocrx_word' id='word_1_403' title='bbox 704 5129 816 5179; x_wconf 80' lang='lat' dir='ltr'><strong>Bad.</strong></span> <span class='ocrx_word' id='word_1_404' title='bbox 839 5135 915 5178; x_wconf 79' lang='lat' dir='ltr'><strong>Er.</strong></span> <span class='ocrx_word' id='word_1_405' title='bbox 941 5135 1049 5179; x_wconf 72' lang='grc' dir='ltr'><strong>ων.</strong></span> <span class='ocrx_word' id='word_1_406' title='bbox 1073 5126 1251 5190; x_wconf 84' lang='lat' dir='ltr'><strong>quibus</strong></span> <span class='ocrx_word' id='word_1_407' title='bbox 1271 5126 1475 5190; x_wconf 77' lang='lat' dir='ltr'><strong>accessit</strong></span> <span class='ocrx_word' id='word_1_408' title='bbox 1495 5135 1576 5177; x_wconf 68' lang='lat' dir='ltr'><strong>sis.</strong></span> <span class='ocrx_word' id='word_1_409' title='bbox 1600 5126 1909 5190; x_wconf 86' lang='lat' dir='ltr'><strong>Sulpitianus.</strong></span> 
     </span>
    </p>
   </div>
   <div class='ocr_carea' id='block_1_53' title="bbox 637 5189 2164 5257">
    <p class='ocr_par' dir='ltr' id='par_1_53' title="bbox 637 5189 2164 5257">
     <span class='ocr_line' id='line_1_53' title="bbox 637 5189 2164 5257; baseline 0 -13"><span class='ocrx_word' id='word_1_410' title='bbox 637 5194 712 5257; x_wconf 88' lang='lat' dir='ltr'><strong>(a)</strong></span> <span class='ocrx_word' id='word_1_411' title='bbox 729 5190 855 5257; x_wconf 62' lang='lat' dir='ltr'><strong>Alias</strong></span> <span class='ocrx_word' id='word_1_412' title='bbox 875 5190 968 5257; x_wconf 70' lang='lat' dir='ltr'><strong>l08</strong></span> <span class='ocrx_word' id='word_1_413' title='bbox 986 5203 999 5239; x_wconf 91' lang='lat'><strong>:</strong></span> <span class='ocrx_word' id='word_1_414' title='bbox 1017 5189 1127 5257; x_wconf 64' lang='lat' dir='ltr'><strong>quae</strong></span> <span class='ocrx_word' id='word_1_415' title='bbox 1143 5197 1308 5240; x_wconf 85' lang='lat' dir='ltr'><strong>autem</strong></span> <span class='ocrx_word' id='word_1_416' title='bbox 1327 5189 1417 5257; x_wconf 75' lang='lat' dir='ltr'><strong>l_8_t_i</strong></span> <span class='ocrx_word' id='word_1_417' title='bbox 1432 5197 1555 5250; x_wconf 85' lang='lat' dir='ltr'><strong>erat,</strong></span> <span class='ocrx_word' id='word_1_418' title='bbox 1573 5189 1703 5239; x_wconf 87' lang='lat' dir='ltr'><strong>nunc</strong></span> <span class='ocrx_word' id='word_1_419' title='bbox 1722 5191 1774 5240; x_wconf 82' lang='lat' dir='ltr'><strong>in</strong></span> <span class='ocrx_word' id='word_1_420' title='bbox 1791 5191 2067 5253; x_wconf 73' lang='lat' dir='ltr'><strong>Appendice</strong></span> <span class='ocrx_word' id='word_1_421' title='bbox 2085 5198 2164 5244; x_wconf 83' lang='lat' dir='ltr'><strong>est</strong></span> 
     </span>
    </p>
   </div>
   <div class='ocr_carea' id='block_1_54' title="bbox 572 5250 1435 5318">
    <p class='ocr_par' dir='ltr' id='par_1_54' title="bbox 572 5250 1435 5318">
     <span class='ocr_line' id='line_1_54' title="bbox 572 5250 1435 5318; baseline -0.01 -12"><span class='ocrx_word' id='word_1_422' title='bbox 572 5256 621 5306; x_wconf 82' lang='lat'><strong>5.</strong></span> <span class='ocrx_word' id='word_1_423' title='bbox 644 5250 826 5318; x_wconf 68' lang='lat' dir='ltr'><strong>Scripta</strong></span> <span class='ocrx_word' id='word_1_424' title='bbox 845 5251 982 5318; x_wconf 14' lang='lat' dir='ltr'><strong>circa,</strong></span> <span class='ocrx_word' id='word_1_425' title='bbox 992 5250 1204 5318; x_wconf 79' lang='lat' dir='ltr'><strong>medium</strong></span> <span class='ocrx_word' id='word_1_426' title='bbox 1224 5250 1435 5318; x_wconf 60' lang='lat' dir='ltr'><strong>an._4ll7.</strong></span> 
     </span>
    </p>
   </div>
   <div class='ocr_carea' id='block_1_55' title="bbox 637 5311 2164 5381">
    <p class='ocr_par' dir='ltr' id='par_1_55' title="bbox 637 5311 2164 5381">
     <span class='ocr_line' id='line_1_55' title="bbox 637 5311 2164 5381; baseline -0.002 -15"><span class='ocrx_word' id='word_1_427' title='bbox 637 5316 712 5381; x_wconf 87' lang='lat' dir='ltr'><strong>(b)</strong></span> <span class='ocrx_word' id='word_1_428' title='bbox 729 5311 824 5366; x_wconf 63' lang='lat' dir='ltr'><strong>Son</strong></span> <span class='ocrx_word' id='word_1_429' title='bbox 847 5313 1109 5381; x_wconf 72' lang='lat' dir='ltr'><strong>tsooii&#39;acio,</strong></span> <span class='ocrx_word' id='word_1_430' title='bbox 1131 5320 1199 5362; x_wconf 81' lang='lat' dir='ltr'><strong>uti</strong></span> <span class='ocrx_word' id='word_1_431' title='bbox 1219 5314 1411 5381; x_wconf 77' lang='lat' dir='ltr'><strong>codices</strong></span> <span class='ocrx_word' id='word_1_432' title='bbox 1439 5311 1669 5381; x_wconf 82' lang='lat' dir='ltr'><strong>quosdam</strong></span> <span class='ocrx_word' id='word_1_433' title='bbox 1700 5312 1929 5381; x_wconf 78' lang='lat' dir='ltr'><strong>habuisse</strong></span> <span class='ocrx_word' id='word_1_434' title='bbox 1965 5322 2164 5381; x_wconf 86' lang='lat' dir='ltr'><strong>monent</strong></span> 
     </span>
    </p>
   </div>
   <div class='ocr_carea' id='block_1_56' title="bbox 573 5373 2164 5437">
    <p class='ocr_par' dir='ltr' id='par_1_56' title="bbox 573 5373 2164 5437">
     <span class='ocr_line' id='line_1_56' title="bbox 573 5373 2164 5437; baseline -0.003 -8"><span class='ocrx_word' id='word_1_435' title='bbox 573 5373 796 5431; x_wconf 71' lang='lat' dir='ltr'><strong>Erasinus</strong></span> <span class='ocrx_word' id='word_1_436' title='bbox 813 5384 867 5428; x_wconf 88' lang='lat' dir='ltr'><strong>et</strong></span> <span class='ocrx_word' id='word_1_437' title='bbox 882 5375 1228 5437; x_wconf 58' lang='lat' dir='ltr'><strong>Ioveaiensdp&#39;;</strong></span> <span class='ocrx_word' id='word_1_438' title='bbox 1242 5375 1331 5426; x_wconf 82' lang='lat' dir='ltr'><strong>sed</strong></span> <span class='ocrx_word' id='word_1_439' title='bbox 1357 5373 1547 5425; x_wconf 83' lang='lat' dir='ltr'><strong>Paulino</strong></span> <span class='ocrx_word' id='word_1_440' title='bbox 1561 5373 1736 5423; x_wconf 66' lang='lat' dir='ltr'><strong>Nolano</strong></span> <span class='ocrx_word' id='word_1_441' title='bbox 1759 5376 1983 5437; x_wconf 63' lang='grc' dir='ltr'><strong>θιὶξοορῳ</strong></span> <span class='ocrx_word' id='word_1_442' title='bbox 2004 5377 2164 5424; x_wconf 77' lang='lat' dir='ltr'><strong>datam</strong></span> 
     </span>
    </p>
   </div>
   <div class='ocr_carea' id='block_1_57' title="bbox 576 5434 2166 5512">
    <p class='ocr_par' dir='ltr' id='par_1_57' title="bbox 576 5434 2166 5512">
     <span class='ocr_line' id='line_1_57' title="bbox 576 5434 2166 5512; baseline -0.001 1"><span class='ocrx_word' id='word_1_443' title='bbox 576 5454 689 5492; x_wconf 71' lang='lat' dir='ltr'><strong>esse</strong></span> <span class='ocrx_word' id='word_1_444' title='bbox 713 5441 834 5490; x_wconf 68' lang='lat' dir='ltr'><strong>hanc</strong></span> <span class='ocrx_word' id='word_1_445' title='bbox 872 5435 1126 5512; x_wconf 59' lang='lat' dir='ltr'><strong>epistolae</strong></span> <span class='ocrx_word' id='word_1_446' title='bbox 1161 5434 1313 5512; x_wconf 67' lang='grc' dir='ltr'>ιξίιυθι</span> <span class='ocrx_word' id='word_1_447' title='bbox 1351 5434 2166 5512; x_wconf 54' lang='lat' dir='ltr'><strong>erasus;99m,,,9¥1i9.{d3me°</strong></span> 
     </span>
    </p>
   </div>
   <div class='ocr_carea' id='block_1_58' title="bbox 575 5495 2165 5567">
    <p class='ocr_par' dir='ltr' id='par_1_58' title="bbox 575 5495 2165 5567">
     <span class='ocr_line' id='line_1_58' title="bbox 575 5495 2165 5567; baseline -0.004 -13"><span class='ocrx_word' id='word_1_448' title='bbox 575 5495 977 5567; x_wconf 61' lang='lat' dir='ltr'><strong>perseverantiae,</strong></span> <span class='ocrx_word' id='word_1_449' title='bbox 1001 5512 1045 5550; x_wconf 91' lang='lat' dir='ltr'><strong>e.</strong></span> <span class='ocrx_word' id='word_1_450' title='bbox 1070 5498 1150 5567; x_wconf 63' lang='lat'><strong>$1,</strong></span> <span class='ocrx_word' id='word_1_451' title='bbox 1173 5495 1317 5567; x_wconf 65' lang='lat' dir='ltr'><strong>auiae</strong></span> <span class='ocrx_word' id='word_1_452' title='bbox 1340 5495 1403 5548; x_wconf 72' lang='grc' dir='ltr'><strong>ἐκ</strong></span> <span class='ocrx_word' id='word_1_453' title='bbox 1429 5496 1512 5546; x_wconf 84' lang='lat' dir='ltr'><strong>lib.</strong></span> <span class='ocrx_word' id='word_1_454' title='bbox 1538 5495 1754 5567; x_wconf 75' lang='lat' dir='ltr'><strong>Prosperi</strong></span> <span class='ocrx_word' id='word_1_455' title='bbox 1779 5504 1944 5567; x_wconf 78' lang='lat' dir='ltr'><strong>contra</strong></span> <span class='ocrx_word' id='word_1_456' title='bbox 1967 5495 2165 5567; x_wconf 66' lang='lat' dir='ltr'><strong>cgnato-</strong></span> 
     </span>
    </p>
   </div>
   <div class='ocr_carea' id='block_1_59' title="bbox 572 5557 2166 5625">
    <p class='ocr_par' dir='ltr' id='par_1_59' title="bbox 572 5557 2166 5625">
     <span class='ocr_line' id='line_1_59' title="bbox 572 5557 2166 5625; baseline -0.004 -11"><span class='ocrx_word' id='word_1_457' title='bbox 572 5557 702 5625; x_wconf 71' lang='lat' dir='ltr'><strong>i&#39;em,</strong></span> <span class='ocrx_word' id='word_1_458' title='bbox 723 5577 769 5614; x_wconf 88' lang='lat' dir='ltr'><strong>c.</strong></span> <span class='ocrx_word' id='word_1_459' title='bbox 793 5563 874 5625; x_wconf 74' lang='lat'><strong>43,</strong></span> <span class='ocrx_word' id='word_1_460' title='bbox 899 5557 1002 5625; x_wconf 80' lang='lat' dir='ltr'><strong>tum</strong></span> <span class='ocrx_word' id='word_1_461' title='bbox 1024 5557 1252 5625; x_wconf 71' lang='lat' dir='ltr'><strong>etiamei</strong></span> <span class='ocrx_word' id='word_1_462' title='bbox 1273 5561 1331 5625; x_wconf 77' lang='lat' dir='ltr'><strong>iis</strong></span> <span class='ocrx_word' id='word_1_463' title='bbox 1351 5573 1464 5625; x_wconf 60' lang='lat' dir='ltr'><strong>qua;</strong></span> <span class='ocrx_word' id='word_1_464' title='bbox 1482 5557 1774 5625; x_wconf 74' lang='lat' dir='ltr'><strong>Augustinus</strong></span> <span class='ocrx_word' id='word_1_465' title='bbox 1789 5559 1875 5625; x_wconf 80' lang='lat' dir='ltr'><strong>hic</strong></span> <span class='ocrx_word' id='word_1_466' title='bbox 1890 5571 1940 5607; x_wconf 84' lang='grc' dir='ltr'>ιι.</span> <span class='ocrx_word' id='word_1_467' title='bbox 1959 5557 2020 5608; x_wconf 77' lang='lat'><strong>40</strong></span> <span class='ocrx_word' id='word_1_468' title='bbox 2036 5572 2166 5625; x_wconf 81' lang='lat' dir='ltr'><strong>com-</strong></span> 
     </span>
    </p>
   </div>
   <div class='ocr_carea' id='block_1_60' title="bbox 571 5620 2166 5686">
    <p class='ocr_par' dir='ltr' id='par_1_60' title="bbox 571 5620 2166 5686">
     <span class='ocr_line' id='line_1_60' title="bbox 571 5620 2166 5686; baseline -0.004 -10"><span class='ocrx_word' id='word_1_469' title='bbox 571 5620 812 5676; x_wconf 78' lang='lat' dir='ltr'><strong>memorat</strong></span> <span class='ocrx_word' id='word_1_470' title='bbox 831 5620 896 5675; x_wconf 85' lang='lat' dir='ltr'><strong>de</strong></span> <span class='ocrx_word' id='word_1_471' title='bbox 917 5624 1120 5686; x_wconf 81' lang='lat' dir='ltr'><strong>originis</strong></span> <span class='ocrx_word' id='word_1_472' title='bbox 1143 5622 1257 5671; x_wconf 82' lang='lat' dir='ltr'><strong>vitio</strong></span> <span class='ocrx_word' id='word_1_473' title='bbox 1277 5620 1404 5671; x_wconf 71' lang='lat' dir='ltr'><strong>dicta</strong></span> <span class='ocrx_word' id='word_1_474' title='bbox 1425 5623 1487 5670; x_wconf 88' lang='lat' dir='ltr'><strong>ab</strong></span> <span class='ocrx_word' id='word_1_475' title='bbox 1511 5620 1596 5686; x_wconf 73' lang='lat' dir='ltr'><strong>illo</strong></span> <span class='ocrx_word' id='word_1_476' title='bbox 1613 5621 1908 5686; x_wconf 13' lang='lat' dir='ltr'><strong>cuiiscribit;</strong></span> <span class='ocrx_word' id='word_1_477' title='bbox 1932 5632 2043 5683; x_wconf 70' lang='lat' dir='ltr'><strong>qua:</strong></span> <span class='ocrx_word' id='word_1_478' title='bbox 2059 5621 2166 5685; x_wconf 89' lang='lat' dir='ltr'><strong>qui-</strong></span> 
     </span>
    </p>
   </div>
   <div class='ocr_carea' id='block_1_61' title="bbox 569 5681 2165 5748">
    <p class='ocr_par' dir='ltr' id='par_1_61' title="bbox 569 5681 2165 5748">
     <span class='ocr_line' id='line_1_61' title="bbox 569 5681 2165 5748; baseline -0.001 -12"><span class='ocrx_word' id='word_1_479' title='bbox 569 5686 688 5737; x_wconf 86' lang='lat' dir='ltr'><strong>dem</strong></span> <span class='ocrx_word' id='word_1_480' title='bbox 708 5689 862 5738; x_wconf 77' lang='lat' dir='ltr'><strong>verba</strong></span> <span class='ocrx_word' id='word_1_481' title='bbox 879 5681 1168 5748; x_wconf 65' lang='lat' dir='ltr'><strong>deprbmpta</strong></span> <span class='ocrx_word' id='word_1_482' title='bbox 1199 5690 1312 5735; x_wconf 89' lang='lat' dir='ltr'><strong>sunt</strong></span> <span class='ocrx_word' id='word_1_483' title='bbox 1333 5695 1399 5736; x_wconf 78' lang='lat' dir='ltr'><strong>ex</strong></span> <span class='ocrx_word' id='word_1_484' title='bbox 1422 5681 1600 5734; x_wconf 84' lang='lat' dir='ltr'><strong>Paulini</strong></span> <span class='ocrx_word' id='word_1_485' title='bbox 1624 5681 1830 5747; x_wconf 82' lang='lat' dir='ltr'><strong>epistola</strong></span> <span class='ocrx_word' id='word_1_486' title='bbox 1849 5681 1910 5736; x_wconf 84' lang='lat' dir='ltr'><strong>ad</strong></span> <span class='ocrx_word' id='word_1_487' title='bbox 1929 5681 2165 5735; x_wconf 70' lang='lat' dir='ltr'><strong>Severum</strong></span> 
     </span>
    </p>
   </div>
   <div class='ocr_carea' id='block_1_62' title="bbox 1794 277 2599 338">
    <p class='ocr_par' dir='ltr' id='par_1_62' title="bbox 1794 277 2599 338">
     <span class='ocr_line' id='line_1_62' title="bbox 1794 277 2599 338; baseline -0.006 -1"><span class='ocrx_word' id='word_1_488' title='bbox 1794 282 1851 338; x_wconf 90' lang='lat' dir='ltr'><strong>S.</strong></span> <span class='ocrx_word' id='word_1_489' title='bbox 1887 277 2254 337; x_wconf 82' lang='lat' dir='ltr'><strong>AUGUSTlNl</strong></span> <span class='ocrx_word' id='word_1_490' title='bbox 2293 277 2599 334; x_wconf 85' lang='lat' dir='ltr'><strong>EPlSCOPl</strong></span> 
     </span>
    </p>
   </div>
   <div class='ocr_carea' id='block_1_63' title="bbox 3684 293 3770 351">
    <p class='ocr_par' dir='ltr' id='par_1_63' title="bbox 3684 293 3770 351">
     <span class='ocr_line' id='line_1_63' title="bbox 3684 293 3770 351; baseline 0.012 -1"><span class='ocrx_word' id='word_1_491' title='bbox 3684 293 3770 351; x_wconf 69' lang='grc' dir='ltr'><strong>διο</strong></span> 
     </span>
    </p>
   </div>
   <div class='ocr_carea' id='block_1_64' title="bbox 2252 391 3771 477">
    <p class='ocr_par' dir='ltr' id='par_1_64' title="bbox 2252 391 3771 477">
     <span class='ocr_line' id='line_1_64' title="bbox 2252 391 3771 477; baseline 0.012 -31"><span class='ocrx_word' id='word_1_492' title='bbox 2252 391 2425 456; x_wconf 91' lang='lat' dir='ltr'><strong>rium;</strong></span> <span class='ocrx_word' id='word_1_493' title='bbox 2452 406 2547 462; x_wconf 90' lang='lat' dir='ltr'><strong>per</strong></span> <span class='ocrx_word' id='word_1_494' title='bbox 2573 406 2752 462; x_wconf 84' lang='lat' dir='ltr'><strong>quem,</strong></span> <span class='ocrx_word' id='word_1_495' title='bbox 2774 393 2983 449; x_wconf 89' lang='lat' dir='ltr'><strong>etiamsi</strong></span> <span class='ocrx_word' id='word_1_496' title='bbox 3004 408 3109 449; x_wconf 93' lang='lat' dir='ltr'><strong>non</strong></span> <span class='ocrx_word' id='word_1_497' title='bbox 3129 395 3488 466; x_wconf 84' lang='lat' dir='ltr'><strong>scriberemus,</strong></span> <span class='ocrx_word' id='word_1_498' title='bbox 3507 405 3664 461; x_wconf 80' lang='lat' dir='ltr'><strong>omnia</strong></span> <span class='ocrx_word' id='word_1_499' title='bbox 3675 421 3771 477; x_wconf 70' lang='lat' dir='ltr'><strong>qua</strong></span> 
     </span>
    </p>
   </div>
   <div class='ocr_carea' id='block_1_65' title="bbox 2250 483 3772 565">
    <p class='ocr_par' dir='ltr' id='par_1_65' title="bbox 2250 483 3772 565">
     <span class='ocr_line' id='line_1_65' title="bbox 2250 483 3772 565; baseline 0.001 -25"><span class='ocrx_word' id='word_1_500' title='bbox 2250 483 2390 540; x_wconf 91' lang='lat' dir='ltr'><strong>circa</strong></span> <span class='ocrx_word' id='word_1_501' title='bbox 2435 499 2532 541; x_wconf 87' lang='lat' dir='ltr'><strong>nos</strong></span> <span class='ocrx_word' id='word_1_502' title='bbox 2575 494 2700 540; x_wconf 90' lang='lat' dir='ltr'><strong>sunt</strong></span> <span class='ocrx_word' id='word_1_503' title='bbox 2737 487 2904 557; x_wconf 90' lang='lat' dir='ltr'><strong>possit</strong></span> <span class='ocrx_word' id='word_1_504' title='bbox 2944 487 3234 543; x_wconf 86' lang='lat' dir='ltr'><strong>Sinceritas</strong></span> <span class='ocrx_word' id='word_1_505' title='bbox 3254 499 3336 544; x_wconf 88' lang='lat' dir='ltr'><strong>tua</strong></span> <span class='ocrx_word' id='word_1_506' title='bbox 3358 499 3588 562; x_wconf 89' lang='lat' dir='ltr'><strong>tanquam</strong></span> <span class='ocrx_word' id='word_1_507' title='bbox 3612 512 3693 565; x_wconf 85' lang='lat' dir='ltr'><strong>per</strong></span> <span class='ocrx_word' id='word_1_508' title='bbox 3711 503 3772 556; x_wconf 67' lang='lat' dir='ltr'><strong>vi-</strong></span> 
     </span>
    </p>
   </div>
   <div class='ocr_carea' id='block_1_66' title="bbox 2251 577 3773 650">
    <p class='ocr_par' dir='ltr' id='par_1_66' title="bbox 2251 577 3773 650">
     <span class='ocr_line' id='line_1_66' title="bbox 2251 577 3773 650; baseline 0.011 -20"><span class='ocrx_word' id='word_1_509' title='bbox 2251 585 2464 632; x_wconf 88' lang='lat' dir='ltr'><strong>ventem</strong></span> <span class='ocrx_word' id='word_1_510' title='bbox 2505 585 2666 649; x_wconf 91' lang='lat' dir='ltr'><strong>atque</strong></span> <span class='ocrx_word' id='word_1_511' title='bbox 2691 577 3072 648; x_wconf 88' lang='lat' dir='ltr'><strong>intelligentem</strong></span> <span class='ocrx_word' id='word_1_512' title='bbox 3098 580 3372 650; x_wconf 87' lang='lat' dir='ltr'><strong>epistolam</strong></span> <span class='ocrx_word' id='word_1_513' title='bbox 3398 597 3621 641; x_wconf 85' lang='lat' dir='ltr'><strong>noscere.</strong></span> <span class='ocrx_word' id='word_1_514' title='bbox 3651 587 3773 646; x_wconf 75' lang='lat' dir='ltr'><strong>Pela-</strong></span> 
     </span>
    </p>
   </div>
   <div class='ocr_carea' id='block_1_67' title="bbox 2249 668 3778 752">
    <p class='ocr_par' dir='ltr' id='par_1_67' title="bbox 2249 668 3778 752">
     <span class='ocr_line' id='line_1_67' title="bbox 2249 668 3778 752; baseline -0.005 -12"><span class='ocrx_word' id='word_1_515' title='bbox 2249 668 2393 739; x_wconf 74' lang='grc' dir='ltr'>Βίιιηι</span> <span class='ocrx_word' id='word_1_516' title='bbox 2414 710 2429 735; x_wconf 69' lang='grc' dir='ltr'><strong>ν</strong></span> <span class='ocrx_word' id='word_1_517' title='bbox 2458 685 2616 740; x_wconf 72' lang='lat' dir='ltr'><strong>quem</strong></span> <span class='ocrx_word' id='word_1_518' title='bbox 2645 670 2914 727; x_wconf 88' lang='lat' dir='ltr'><strong>credimus</strong></span> <span class='ocrx_word' id='word_1_519' title='bbox 2934 713 2950 738; x_wconf 93' lang='lat'><strong>,</strong></span> <span class='ocrx_word' id='word_1_520' title='bbox 2992 681 3050 726; x_wconf 92' lang='lat' dir='ltr'><strong>ut</strong></span> <span class='ocrx_word' id='word_1_521' title='bbox 3077 672 3145 728; x_wconf 88' lang='lat' dir='ltr'><strong>ab</strong></span> <span class='ocrx_word' id='word_1_522' title='bbox 3172 672 3260 727; x_wconf 92' lang='lat' dir='ltr'><strong>illo</strong></span> <span class='ocrx_word' id='word_1_523' title='bbox 3298 672 3677 745; x_wconf 75' lang='lat' dir='ltr'><strong>distingueretur</strong></span> <span class='ocrx_word' id='word_1_524' title='bbox 3708 686 3778 752; x_wconf 83' lang='lat' dir='ltr'><strong>qui</strong></span> 
     </span>
    </p>
   </div>
   <div class='ocr_carea' id='block_1_68' title="bbox 2251 761 3778 840">
    <p class='ocr_par' dir='ltr' id='par_1_68' title="bbox 2251 761 3778 840">
     <span class='ocr_line' id='line_1_68' title="bbox 2251 761 3778 840; baseline 0.008 -24"><span class='ocrx_word' id='word_1_525' title='bbox 2251 761 2496 831; x_wconf 80' lang='lat' dir='ltr'><strong>Pelagius</strong></span> <span class='ocrx_word' id='word_1_526' title='bbox 2525 761 2739 817; x_wconf 86' lang='lat' dir='ltr'><strong>Tarenti</strong></span> <span class='ocrx_word' id='word_1_527' title='bbox 2779 763 2971 818; x_wconf 89' lang='lat' dir='ltr'><strong>dicitur</strong></span> <span class='ocrx_word' id='word_1_528' title='bbox 2998 765 3037 828; x_wconf 83' lang='grc'><strong>¹,</strong></span> <span class='ocrx_word' id='word_1_529' title='bbox 3071 763 3343 820; x_wconf 84' lang='lat' dir='ltr'><strong>Britonem</strong></span> <span class='ocrx_word' id='word_1_530' title='bbox 3372 764 3524 822; x_wconf 81' lang='lat' dir='ltr'><strong>fuisse</strong></span> <span class='ocrx_word' id='word_1_531' title='bbox 3549 776 3778 840; x_wconf 82' lang='lat' dir='ltr'><strong>cognomi-</strong></span> 
     </span>
    </p>
   </div>
   <div class='ocr_carea' id='block_1_69' title="bbox 2250 851 3778 923">
    <p class='ocr_par' dir='ltr' id='par_1_69' title="bbox 2250 851 3778 923">
     <span class='ocr_line' id='line_1_69' title="bbox 2250 851 3778 923; baseline 0.009 -18"><span class='ocrx_word' id='word_1_532' title='bbox 2250 861 2430 906; x_wconf 90' lang='lat' dir='ltr'><strong>natum</strong></span> <span class='ocrx_word' id='word_1_533' title='bbox 2457 851 2556 923; x_wconf 91' lang='lat' dir='ltr'><strong>(a),</strong></span> <span class='ocrx_word' id='word_1_534' title='bbox 2581 853 2722 923; x_wconf 89' lang='lat' dir='ltr'><strong>quod</strong></span> <span class='ocrx_word' id='word_1_535' title='bbox 2753 863 2810 908; x_wconf 93' lang='lat' dir='ltr'><strong>ut</strong></span> <span class='ocrx_word' id='word_1_536' title='bbox 2845 868 3060 909; x_wconf 86' lang='lat' dir='ltr'><strong>servum</strong></span> <span class='ocrx_word' id='word_1_537' title='bbox 3101 855 3191 910; x_wconf 89' lang='lat' dir='ltr'><strong>Dei</strong></span> <span class='ocrx_word' id='word_1_538' title='bbox 3228 855 3503 922; x_wconf 80' lang='lat' dir='ltr'><strong>dilexeris,</strong></span> <span class='ocrx_word' id='word_1_539' title='bbox 3546 861 3778 919; x_wconf 87' lang='lat' dir='ltr'><strong>novimus:</strong></span> 
     </span>
    </p>
   </div>
   <div class='ocr_carea' id='block_1_70' title="bbox 2252 944 3780 1018">
    <p class='ocr_par' dir='ltr' id='par_1_70' title="bbox 2252 944 3780 1018">
     <span class='ocr_line' id='line_1_70' title="bbox 2252 944 3780 1018; baseline 0.01 -22"><span class='ocrx_word' id='word_1_540' title='bbox 2252 959 2393 999; x_wconf 91' lang='lat' dir='ltr'><strong>nunc</strong></span> <span class='ocrx_word' id='word_1_541' title='bbox 2415 953 2592 998; x_wconf 88' lang='lat' dir='ltr'><strong>autem</strong></span> <span class='ocrx_word' id='word_1_542' title='bbox 2622 944 3066 1015; x_wconf 88' lang='lat' dir='ltr'><strong>quemadmodum</strong></span> <span class='ocrx_word' id='word_1_543' title='bbox 3095 946 3315 1016; x_wconf 69' lang='lat' dir='ltr'><strong>diligas,</strong></span> <span class='ocrx_word' id='word_1_544' title='bbox 3343 949 3645 1018; x_wconf 81' lang='lat' dir='ltr'><strong>ignoramus.</strong></span> <span class='ocrx_word' id='word_1_545' title='bbox 3678 953 3780 1012; x_wconf 77' lang='lat' dir='ltr'><strong>Nam</strong></span> 
     </span>
    </p>
   </div>
   <div class='ocr_carea' id='block_1_71' title="bbox 2252 1035 3784 1115">
    <p class='ocr_par' dir='ltr' id='par_1_71' title="bbox 2252 1035 3784 1115">
     <span class='ocr_line' id='line_1_71' title="bbox 2252 1035 3784 1115; baseline 0.009 -27"><span class='ocrx_word' id='word_1_546' title='bbox 2252 1040 2309 1088; x_wconf 87' lang='lat' dir='ltr'><strong>et</strong></span> <span class='ocrx_word' id='word_1_547' title='bbox 2334 1048 2430 1089; x_wconf 89' lang='lat' dir='ltr'><strong>nos</strong></span> <span class='ocrx_word' id='word_1_548' title='bbox 2467 1050 2577 1090; x_wconf 91' lang='lat' dir='ltr'><strong>non</strong></span> <span class='ocrx_word' id='word_1_549' title='bbox 2616 1035 2788 1091; x_wconf 92' lang='lat' dir='ltr'><strong>solum</strong></span> <span class='ocrx_word' id='word_1_550' title='bbox 2823 1035 3144 1105; x_wconf 78' lang='lat' dir='ltr'><strong>dileximus,</strong></span> <span class='ocrx_word' id='word_1_551' title='bbox 3173 1053 3355 1094; x_wconf 89' lang='lat' dir='ltr'><strong>verum</strong></span> <span class='ocrx_word' id='word_1_552' title='bbox 3383 1042 3535 1096; x_wconf 84' lang='lat' dir='ltr'><strong>etiam</strong></span> <span class='ocrx_word' id='word_1_553' title='bbox 3565 1043 3784 1115; x_wconf 80' lang='lat' dir='ltr'><strong>diligimus</strong></span> 
     </span>
    </p>
   </div>
   <div class='ocr_carea' id='block_1_72' title="bbox 2251 1126 3786 1205">
    <p class='ocr_par' dir='ltr' id='par_1_72' title="bbox 2251 1126 3786 1205">
     <span class='ocr_line' id='line_1_72' title="bbox 2251 1126 3786 1205; baseline 0.008 -24"><span class='ocrx_word' id='word_1_554' title='bbox 2251 1141 2408 1191; x_wconf 88' lang='lat' dir='ltr'><strong>eum;</strong></span> <span class='ocrx_word' id='word_1_555' title='bbox 2461 1126 2555 1182; x_wconf 89' lang='lat' dir='ltr'><strong>sed</strong></span> <span class='ocrx_word' id='word_1_556' title='bbox 2613 1127 2769 1182; x_wconf 88' lang='lat' dir='ltr'><strong>aliter</strong></span> <span class='ocrx_word' id='word_1_557' title='bbox 2819 1144 2960 1184; x_wconf 90' lang='lat' dir='ltr'><strong>nunc</strong></span> <span class='ocrx_word' id='word_1_558' title='bbox 3007 1129 3298 1200; x_wconf 77' lang='lat' dir='ltr'><strong>diligimus,</strong></span> <span class='ocrx_word' id='word_1_559' title='bbox 3343 1131 3498 1187; x_wconf 87' lang='lat' dir='ltr'><strong>aliter</strong></span> <span class='ocrx_word' id='word_1_560' title='bbox 3547 1134 3786 1205; x_wconf 71' lang='lat' dir='ltr'><strong>aliquando</strong></span> 
     </span>
    </p>
   </div>
   <div class='ocr_carea' id='block_1_73' title="bbox 2207 1215 3787 1290">
    <p class='ocr_par' dir='ltr' id='par_1_73' title="bbox 2207 1215 3787 1290">
     <span class='ocr_line' id='line_1_73' title="bbox 2207 1215 3787 1290; baseline 0.006 -18"><span class='ocrx_word' id='word_1_561' title='bbox 2207 1267 2218 1279; x_wconf 89' lang='grc'><em>,</em></span> <span class='ocrx_word' id='word_1_562' title='bbox 2251 1215 2532 1272; x_wconf 77' lang='lat' dir='ltr'><strong>dileximus</strong></span> <span class='ocrx_word' id='word_1_563' title='bbox 2559 1236 2573 1272; x_wconf 89' lang='lat'><strong>:</strong></span> <span class='ocrx_word' id='word_1_564' title='bbox 2597 1226 2726 1273; x_wconf 92' lang='lat' dir='ltr'><strong>tunc</strong></span> <span class='ocrx_word' id='word_1_565' title='bbox 2749 1219 2892 1275; x_wconf 88' lang='lat' dir='ltr'><strong>enim</strong></span> <span class='ocrx_word' id='word_1_566' title='bbox 2909 1260 2926 1286; x_wconf 96' lang='lat'><strong>,</strong></span> <span class='ocrx_word' id='word_1_567' title='bbox 2953 1221 3076 1290; x_wconf 90' lang='lat' dir='ltr'><strong>quia</strong></span> <span class='ocrx_word' id='word_1_568' title='bbox 3106 1220 3260 1275; x_wconf 90' lang='lat' dir='ltr'><strong>nobis</strong></span> <span class='ocrx_word' id='word_1_569' title='bbox 3287 1232 3444 1276; x_wconf 78' lang='lat' dir='ltr'><strong>recta:</strong></span> <span class='ocrx_word' id='word_1_570' title='bbox 3473 1222 3588 1278; x_wconf 86' lang='lat' dir='ltr'><strong>lidei</strong></span> <span class='ocrx_word' id='word_1_571' title='bbox 3616 1226 3787 1282; x_wconf 82' lang='lat' dir='ltr'><strong>videba-</strong></span> 
     </span>
    </p>
   </div>
   <div class='ocr_carea' id='block_1_74' title="bbox 2253 1311 3787 1382">
    <p class='ocr_par' dir='ltr' id='par_1_74' title="bbox 2253 1311 3787 1382">
     <span class='ocr_line' id='line_1_74' title="bbox 2253 1311 3787 1382; baseline 0.007 -19"><span class='ocrx_word' id='word_1_572' title='bbox 2253 1318 2370 1375; x_wconf 91' lang='lat' dir='ltr'><strong>tur;</strong></span> <span class='ocrx_word' id='word_1_573' title='bbox 2408 1325 2549 1365; x_wconf 91' lang='lat' dir='ltr'><strong>nune</strong></span> <span class='ocrx_word' id='word_1_574' title='bbox 2591 1321 2801 1375; x_wconf 91' lang='lat' dir='ltr'><strong>autem,</strong></span> <span class='ocrx_word' id='word_1_575' title='bbox 2835 1320 2891 1366; x_wconf 93' lang='lat' dir='ltr'><strong>ut</strong></span> <span class='ocrx_word' id='word_1_576' title='bbox 2914 1312 2982 1367; x_wconf 91' lang='lat' dir='ltr'><strong>ab</strong></span> <span class='ocrx_word' id='word_1_577' title='bbox 3011 1311 3078 1366; x_wconf 90' lang='lat' dir='ltr'><strong>iis</strong></span> <span class='ocrx_word' id='word_1_578' title='bbox 3102 1328 3221 1382; x_wconf 73' lang='lat' dir='ltr'><strong>qua:</strong></span> <span class='ocrx_word' id='word_1_579' title='bbox 3262 1313 3471 1368; x_wconf 89' lang='lat' dir='ltr'><strong>inimica</strong></span> <span class='ocrx_word' id='word_1_580' title='bbox 3515 1323 3567 1369; x_wconf 89' lang='lat' dir='ltr'><strong>et</strong></span> <span class='ocrx_word' id='word_1_581' title='bbox 3606 1316 3787 1374; x_wconf 81' lang='lat' dir='ltr'><strong>adversa</strong></span> 
     </span>
    </p>
   </div>
   <div class='ocr_carea' id='block_1_75' title="bbox 2250 1403 3790 1474">
    <p class='ocr_par' dir='ltr' id='par_1_75' title="bbox 2250 1403 3790 1474">
     <span class='ocr_line' id='line_1_75' title="bbox 2250 1403 3790 1474; baseline 0.007 -17"><span class='ocrx_word' id='word_1_582' title='bbox 2250 1404 2434 1474; x_wconf 71' lang='lat' dir='ltr'><strong>gratim</strong></span> <span class='ocrx_word' id='word_1_583' title='bbox 2463 1403 2558 1457; x_wconf 90' lang='lat' dir='ltr'><strong>Dei</strong></span> <span class='ocrx_word' id='word_1_584' title='bbox 2606 1405 2808 1459; x_wconf 89' lang='lat' dir='ltr'><strong>sentire</strong></span> <span class='ocrx_word' id='word_1_585' title='bbox 2849 1403 3064 1471; x_wconf 91' lang='lat' dir='ltr'><strong>dicitur,</strong></span> <span class='ocrx_word' id='word_1_586' title='bbox 3089 1406 3231 1461; x_wconf 92' lang='lat' dir='ltr'><strong>illius</strong></span> <span class='ocrx_word' id='word_1_587' title='bbox 3259 1407 3609 1462; x_wconf 86' lang='lat' dir='ltr'><strong>misericordia</strong></span> <span class='ocrx_word' id='word_1_588' title='bbox 3636 1409 3790 1467; x_wconf 85' lang='lat' dir='ltr'><strong>libere-</strong></span> 
     </span>
    </p>
   </div>
   <div class='ocr_carea' id='block_1_76' title="bbox 2252 1494 3788 1572">
    <p class='ocr_par' dir='ltr' id='par_1_76' title="bbox 2252 1494 3788 1572">
     <span class='ocr_line' id='line_1_76' title="bbox 2252 1494 3788 1572; baseline 0.007 -24"><span class='ocrx_word' id='word_1_589' title='bbox 2252 1503 2358 1550; x_wconf 90' lang='lat' dir='ltr'><strong>tur.</strong></span> <span class='ocrx_word' id='word_1_590' title='bbox 2407 1494 2542 1549; x_wconf 87' lang='lat' dir='ltr'><strong>Nam</strong></span> <span class='ocrx_word' id='word_1_591' title='bbox 2569 1511 2690 1550; x_wconf 89' lang='lat' dir='ltr'><strong>cum</strong></span> <span class='ocrx_word' id='word_1_592' title='bbox 2718 1495 2819 1551; x_wconf 89' lang='lat' dir='ltr'><strong>hoc</strong></span> <span class='ocrx_word' id='word_1_593' title='bbox 2862 1496 2930 1552; x_wconf 87' lang='lat' dir='ltr'><strong>de</strong></span> <span class='ocrx_word' id='word_1_594' title='bbox 2965 1497 3059 1551; x_wconf 88' lang='lat' dir='ltr'><strong>illo</strong></span> <span class='ocrx_word' id='word_1_595' title='bbox 3084 1498 3391 1568; x_wconf 81' lang='lat' dir='ltr'><strong>aliquandiu</strong></span> <span class='ocrx_word' id='word_1_596' title='bbox 3421 1500 3550 1554; x_wconf 75' lang='lat' dir='ltr'><strong>fama</strong></span> <span class='ocrx_word' id='word_1_597' title='bbox 3572 1501 3788 1572; x_wconf 87' lang='lat' dir='ltr'><strong>jactaret,</strong></span> 
     </span>
    </p>
   </div>
   <div class='ocr_carea' id='block_1_77' title="bbox 2252 1587 3789 1662">
    <p class='ocr_par' dir='ltr' id='par_1_77' title="bbox 2252 1587 3789 1662">
     <span class='ocr_line' id='line_1_77' title="bbox 2252 1587 3789 1662; baseline 0.003 -20"><span class='ocrx_word' id='word_1_598' title='bbox 2252 1603 2358 1642; x_wconf 91' lang='lat' dir='ltr'><strong>non</strong></span> <span class='ocrx_word' id='word_1_599' title='bbox 2389 1588 2568 1658; x_wconf 90' lang='lat' dir='ltr'><strong>utique</strong></span> <span class='ocrx_word' id='word_1_600' title='bbox 2599 1587 2754 1644; x_wconf 80' lang='lat' dir='ltr'><strong>facile</strong></span> <span class='ocrx_word' id='word_1_601' title='bbox 2780 1588 3104 1644; x_wconf 89' lang='lat' dir='ltr'><strong>credendum</strong></span> <span class='ocrx_word' id='word_1_602' title='bbox 3131 1589 3257 1654; x_wconf 82' lang='lat' dir='ltr'><strong>fuit;</strong></span> <span class='ocrx_word' id='word_1_603' title='bbox 3288 1590 3427 1645; x_wconf 87' lang='lat' dir='ltr'><strong>solet</strong></span> <span class='ocrx_word' id='word_1_604' title='bbox 3461 1593 3643 1662; x_wconf 88' lang='lat' dir='ltr'><strong>quippe</strong></span> <span class='ocrx_word' id='word_1_605' title='bbox 3681 1593 3789 1648; x_wconf 78' lang='lat' dir='ltr'><strong>fama</strong></span> 
     </span>
    </p>
   </div>
   <div class='ocr_carea' id='block_1_78' title="bbox 2251 1677 3794 1753">
    <p class='ocr_par' dir='ltr' id='par_1_78' title="bbox 2251 1677 3794 1753">
     <span class='ocr_line' id='line_1_78' title="bbox 2251 1677 3794 1753; baseline 0.005 -21"><span class='ocrx_word' id='word_1_606' title='bbox 2251 1678 2499 1732; x_wconf 90' lang='lat' dir='ltr'><strong>mentiri:</strong></span> <span class='ocrx_word' id='word_1_607' title='bbox 2527 1677 2620 1733; x_wconf 87' lang='lat' dir='ltr'><strong>sed</strong></span> <span class='ocrx_word' id='word_1_608' title='bbox 2667 1680 2884 1748; x_wconf 90' lang='lat' dir='ltr'><strong>propius</strong></span> <span class='ocrx_word' id='word_1_609' title='bbox 2932 1688 2994 1733; x_wconf 90' lang='lat' dir='ltr'><strong>ut</strong></span> <span class='ocrx_word' id='word_1_610' title='bbox 3035 1679 3412 1748; x_wconf 86' lang='lat' dir='ltr'><strong>crederemus,</strong></span> <span class='ocrx_word' id='word_1_611' title='bbox 3443 1683 3650 1736; x_wconf 89' lang='lat' dir='ltr'><strong>accessit</strong></span> <span class='ocrx_word' id='word_1_612' title='bbox 3681 1684 3794 1753; x_wconf 85' lang='lat' dir='ltr'><strong>quod</strong></span> 
     </span>
    </p>
   </div>
   <div class='ocr_carea' id='block_1_79' title="bbox 2253 1769 3794 1841">
    <p class='ocr_par' dir='ltr' id='par_1_79' title="bbox 2253 1769 3794 1841">
     <span class='ocr_line' id='line_1_79' title="bbox 2253 1769 3794 1841; baseline 0.005 -19"><span class='ocrx_word' id='word_1_613' title='bbox 2253 1769 2443 1823; x_wconf 90' lang='lat' dir='ltr'><strong>librum</strong></span> <span class='ocrx_word' id='word_1_614' title='bbox 2474 1769 2756 1839; x_wconf 88' lang='lat' dir='ltr'><strong>quemdam</strong></span> <span class='ocrx_word' id='word_1_615' title='bbox 2785 1770 2922 1839; x_wconf 87' lang='lat' dir='ltr'><strong>ejus,</strong></span> <span class='ocrx_word' id='word_1_616' title='bbox 2947 1785 3008 1825; x_wconf 92' lang='lat' dir='ltr'><strong>ea</strong></span> <span class='ocrx_word' id='word_1_617' title='bbox 3040 1785 3257 1840; x_wconf 89' lang='lat' dir='ltr'><strong>prorsus</strong></span> <span class='ocrx_word' id='word_1_618' title='bbox 3283 1771 3595 1841; x_wconf 88' lang='lat' dir='ltr'><strong>persuadere</strong></span> <span class='ocrx_word' id='word_1_619' title='bbox 3613 1775 3794 1830; x_wconf 82' lang='lat' dir='ltr'><strong>molien-</strong></span> 
     </span>
    </p>
   </div>
   <div class='ocr_carea' id='block_1_80' title="bbox 2253 1861 3795 1932">
    <p class='ocr_par' dir='ltr' id='par_1_80' title="bbox 2253 1861 3795 1932">
     <span class='ocr_line' id='line_1_80' title="bbox 2253 1861 3795 1932; baseline 0.004 -17"><span class='ocrx_word' id='word_1_620' title='bbox 2253 1869 2362 1915; x_wconf 89' lang='lat' dir='ltr'><strong>tem</strong></span> <span class='ocrx_word' id='word_1_621' title='bbox 2405 1877 2523 1930; x_wconf 70' lang='lat' dir='ltr'><strong>qum</strong></span> <span class='ocrx_word' id='word_1_622' title='bbox 2565 1862 2790 1930; x_wconf 86' lang='lat' dir='ltr'><strong>gratiam</strong></span> <span class='ocrx_word' id='word_1_623' title='bbox 2824 1861 2915 1916; x_wconf 91' lang='lat' dir='ltr'><strong>Dei</strong></span> <span class='ocrx_word' id='word_1_624' title='bbox 2959 1877 3055 1932; x_wconf 88' lang='lat' dir='ltr'><strong>per</strong></span> <span class='ocrx_word' id='word_1_625' title='bbox 3097 1877 3260 1917; x_wconf 90' lang='lat' dir='ltr'><strong>unum</strong></span> <span class='ocrx_word' id='word_1_626' title='bbox 3294 1863 3628 1918; x_wconf 86' lang='lat' dir='ltr'><strong>mediatorem</strong></span> <span class='ocrx_word' id='word_1_627' title='bbox 3657 1864 3732 1920; x_wconf 90' lang='lat' dir='ltr'><strong>Dei</strong></span> <span class='ocrx_word' id='word_1_628' title='bbox 3753 1876 3795 1921; x_wconf 89' lang='lat' dir='ltr'><strong>et</strong></span> 
     </span>
    </p>
   </div>
   <div class='ocr_carea' id='block_1_81' title="bbox 2253 1952 3793 2025">
    <p class='ocr_par' dir='ltr' id='par_1_81' title="bbox 2253 1952 3793 2025">
     <span class='ocr_line' id='line_1_81' title="bbox 2253 1952 3793 2025; baseline 0.005 -20"><span class='ocrx_word' id='word_1_629' title='bbox 2253 1953 2526 2006; x_wconf 89' lang='lat' dir='ltr'><strong>hominum</strong></span> <span class='ocrx_word' id='word_1_630' title='bbox 2575 1953 2844 2008; x_wconf 81' lang='lat' dir='ltr'><strong>lioininem</strong></span> <span class='ocrx_word' id='word_1_631' title='bbox 2870 1952 3053 2009; x_wconf 85' lang='lat' dir='ltr'><strong>Jesum</strong></span> <span class='ocrx_word' id='word_1_632' title='bbox 3084 1953 3356 2009; x_wconf 89' lang='lat' dir='ltr'><strong>Christum</strong></span> <span class='ocrx_word' id='word_1_633' title='bbox 3382 1956 3560 2025; x_wconf 83' lang='lat' dir='ltr'><strong>generi</strong></span> <span class='ocrx_word' id='word_1_634' title='bbox 3601 1955 3793 2014; x_wconf 86' lang='lat' dir='ltr'><strong>humano</strong></span> 
     </span>
    </p>
   </div>
   <div class='ocr_carea' id='block_1_82' title="bbox 2253 2046 3794 2118">
    <p class='ocr_par' dir='ltr' id='par_1_82' title="bbox 2253 2046 3794 2118">
     <span class='ocr_line' id='line_1_82' title="bbox 2253 2046 3794 2118; baseline 0.005 -19"><span class='ocrx_word' id='word_1_635' title='bbox 2253 2046 2574 2114; x_wconf 90' lang='lat' dir='ltr'><strong>impertitam</strong></span> <span class='ocrx_word' id='word_1_636' title='bbox 2597 2087 2610 2111; x_wconf 95' lang='lat'><strong>,</strong></span> <span class='ocrx_word' id='word_1_637' title='bbox 2638 2046 2706 2101; x_wconf 91' lang='lat' dir='ltr'><strong>de</strong></span> <span class='ocrx_word' id='word_1_638' title='bbox 2736 2046 2968 2102; x_wconf 76' lang='lat' dir='ltr'><strong>ﬁdelium</strong></span> <span class='ocrx_word' id='word_1_639' title='bbox 3014 2048 3263 2103; x_wconf 76' lang='lat' dir='ltr'><strong>cordibus</strong></span> <span class='ocrx_word' id='word_1_640' title='bbox 3292 2049 3548 2104; x_wconf 87' lang='lat' dir='ltr'><strong>creditam</strong></span> <span class='ocrx_word' id='word_1_641' title='bbox 3589 2049 3794 2118; x_wconf 82' lang='lat' dir='ltr'><strong>deleant,</strong></span> 
     </span>
    </p>
   </div>
   <div class='ocr_carea' id='block_1_83' title="bbox 2253 2137 3794 2214">
    <p class='ocr_par' dir='ltr' id='par_1_83' title="bbox 2253 2137 3794 2214">
     <span class='ocr_line' id='line_1_83' title="bbox 2253 2137 3794 2214; baseline 0.005 -24"><span class='ocrx_word' id='word_1_642' title='bbox 2253 2137 2510 2208; x_wconf 81' lang='lat' dir='ltr'><strong>legimus,</strong></span> <span class='ocrx_word' id='word_1_643' title='bbox 2545 2139 2794 2193; x_wconf 89' lang='lat' dir='ltr'><strong>traditum</strong></span> <span class='ocrx_word' id='word_1_644' title='bbox 2841 2141 2994 2196; x_wconf 91' lang='lat' dir='ltr'><strong>nobis</strong></span> <span class='ocrx_word' id='word_1_645' title='bbox 3032 2156 3063 2196; x_wconf 88' lang='lat' dir='ltr'><strong>a</strong></span> <span class='ocrx_word' id='word_1_646' title='bbox 3107 2141 3316 2195; x_wconf 77' lang='lat' dir='ltr'><strong>famulis</strong></span> <span class='ocrx_word' id='word_1_647' title='bbox 3346 2142 3574 2210; x_wconf 88' lang='lat' dir='ltr'><strong>Christi,</strong></span> <span class='ocrx_word' id='word_1_648' title='bbox 3598 2145 3676 2214; x_wconf 92' lang='lat' dir='ltr'><strong>qui</strong></span> <span class='ocrx_word' id='word_1_649' title='bbox 3699 2159 3794 2199; x_wconf 87' lang='lat' dir='ltr'><strong>eum</strong></span> 
     </span>
    </p>
   </div>
   <div class='ocr_carea' id='block_1_84' title="bbox 2255 2228 3795 2306">
    <p class='ocr_par' dir='ltr' id='par_1_84' title="bbox 2255 2228 3795 2306">
     <span class='ocr_line' id='line_1_84' title="bbox 2255 2228 3795 2306; baseline 0.005 -24"><span class='ocrx_word' id='word_1_650' title='bbox 2255 2229 2378 2283; x_wconf 88' lang='lat' dir='ltr'><strong>talia</strong></span> <span class='ocrx_word' id='word_1_651' title='bbox 2419 2228 2702 2284; x_wconf 89' lang='lat' dir='ltr'><strong>docentem</strong></span> <span class='ocrx_word' id='word_1_652' title='bbox 2751 2230 3124 2286; x_wconf 87' lang='lat' dir='ltr'><strong>studosissime</strong></span> <span class='ocrx_word' id='word_1_653' title='bbox 3167 2232 3483 2298; x_wconf 88' lang='lat' dir='ltr'><strong>audierant,</strong></span> <span class='ocrx_word' id='word_1_654' title='bbox 3532 2233 3795 2306; x_wconf 79' lang='lat' dir='ltr'><strong>inerantque</strong></span> 
     </span>
    </p>
   </div>
   <div class='ocr_carea' id='block_1_85' title="bbox 2253 2319 3790 2396">
    <p class='ocr_par' dir='ltr' id='par_1_85' title="bbox 2253 2319 3790 2396">
     <span class='ocr_line' id='line_1_85' title="bbox 2253 2319 3790 2396; baseline 0.003 -21"><span class='ocrx_word' id='word_1_655' title='bbox 2253 2321 2458 2376; x_wconf 84' lang='lat' dir='ltr'><strong>sectati.</strong></span> <span class='ocrx_word' id='word_1_656' title='bbox 2489 2319 2585 2375; x_wconf 90' lang='lat' dir='ltr'><strong>Cui</strong></span> <span class='ocrx_word' id='word_1_657' title='bbox 2615 2321 2828 2390; x_wconf 88' lang='lat' dir='ltr'><strong>quidem</strong></span> <span class='ocrx_word' id='word_1_658' title='bbox 2855 2323 3012 2389; x_wconf 87' lang='lat' dir='ltr'><strong>libro,</strong></span> <span class='ocrx_word' id='word_1_659' title='bbox 3043 2321 3247 2378; x_wconf 84' lang='lat' dir='ltr'><strong>eisdem</strong></span> <span class='ocrx_word' id='word_1_660' title='bbox 3277 2324 3597 2394; x_wconf 85' lang='lat' dir='ltr'><strong>rogantibus,</strong></span> <span class='ocrx_word' id='word_1_661' title='bbox 3623 2327 3730 2396; x_wconf 84' lang='lat' dir='ltr'><strong>quia</strong></span> <span class='ocrx_word' id='word_1_662' title='bbox 3750 2325 3790 2380; x_wconf 87' lang='lat' dir='ltr'><strong>id</strong></span> 
     </span>
    </p>
   </div>
   <div class='ocr_carea' id='block_1_86' title="bbox 2251 2411 3796 2484">
    <p class='ocr_par' dir='ltr' id='par_1_86' title="bbox 2251 2411 3796 2484">
     <span class='ocr_line' id='line_1_86' title="bbox 2251 2411 3796 2484; baseline 0.005 -18"><span class='ocrx_word' id='word_1_663' title='bbox 2251 2411 2369 2484; x_wconf 78' lang='lat' dir='ltr'><strong>ﬁeri</strong></span> <span class='ocrx_word' id='word_1_664' title='bbox 2396 2422 2649 2483; x_wconf 82' lang='lat' dir='ltr'><strong>oportere</strong></span> <span class='ocrx_word' id='word_1_665' title='bbox 2675 2413 3015 2480; x_wconf 87' lang='lat' dir='ltr'><strong>videbamus,</strong></span> <span class='ocrx_word' id='word_1_666' title='bbox 3047 2416 3206 2470; x_wconf 88' lang='lat' dir='ltr'><strong>tacito</strong></span> <span class='ocrx_word' id='word_1_667' title='bbox 3237 2416 3456 2473; x_wconf 85' lang='lat' dir='ltr'><strong>nomine</strong></span> <span class='ocrx_word' id='word_1_668' title='bbox 3479 2419 3692 2472; x_wconf 82' lang='lat' dir='ltr'><strong>auctoris</strong></span> <span class='ocrx_word' id='word_1_669' title='bbox 3709 2459 3721 2481; x_wconf 86' lang='lat'><strong>,</strong></span> <span class='ocrx_word' id='word_1_670' title='bbox 3745 2433 3796 2473; x_wconf 81' lang='lat' dir='ltr'><strong>ne</strong></span> 
     </span>
    </p>
   </div>
   <div class='ocr_carea' id='block_1_87' title="bbox 2254 2502 3798 2572">
    <p class='ocr_par' dir='ltr' id='par_1_87' title="bbox 2254 2502 3798 2572">
     <span class='ocr_line' id='line_1_87' title="bbox 2254 2502 3798 2572; baseline 0.005 -15"><span class='ocrx_word' id='word_1_671' title='bbox 2254 2502 2489 2558; x_wconf 80' lang='lat' dir='ltr'><strong>offensus</strong></span> <span class='ocrx_word' id='word_1_672' title='bbox 2516 2502 2863 2560; x_wconf 71' lang='lat' dir='ltr'><strong>inéaiiabilior</strong></span> <span class='ocrx_word' id='word_1_673' title='bbox 2901 2504 3240 2572; x_wconf 87' lang='lat' dir='ltr'><strong>redderetur,</strong></span> <span class='ocrx_word' id='word_1_674' title='bbox 3271 2509 3430 2562; x_wconf 90' lang='lat' dir='ltr'><strong>unius</strong></span> <span class='ocrx_word' id='word_1_675' title='bbox 3459 2519 3680 2563; x_wconf 89' lang='lat' dir='ltr'><strong>nostrum</strong></span> <span class='ocrx_word' id='word_1_676' title='bbox 3713 2509 3798 2564; x_wconf 53' lang='lat' dir='ltr'><strong>dis.</strong></span> 
     </span>
    </p>
   </div>
   <div class='ocr_carea' id='block_1_88' title="bbox 2257 2594 3794 2668">
    <p class='ocr_par' dir='ltr' id='par_1_88' title="bbox 2257 2594 3794 2668">
     <span class='ocr_line' id='line_1_88' title="bbox 2257 2594 3794 2668; baseline 0.006 -22"><span class='ocrx_word' id='word_1_677' title='bbox 2257 2595 2529 2664; x_wconf 85' lang='lat' dir='ltr'><strong>putatione</strong></span> <span class='ocrx_word' id='word_1_678' title='bbox 2547 2609 2864 2665; x_wconf 88' lang='lat' dir='ltr'><strong>responsum</strong></span> <span class='ocrx_word' id='word_1_679' title='bbox 2886 2605 2968 2651; x_wconf 89' lang='lat' dir='ltr'><strong>est</strong></span> <span class='ocrx_word' id='word_1_680' title='bbox 2988 2594 3084 2668; x_wconf 88' lang='lat' dir='ltr'><strong>(b).</strong></span> <span class='ocrx_word' id='word_1_681' title='bbox 3109 2598 3225 2664; x_wconf 86' lang='lat' dir='ltr'><strong>Quo</strong></span> <span class='ocrx_word' id='word_1_682' title='bbox 3249 2597 3388 2652; x_wconf 90' lang='lat' dir='ltr'><strong>libro</strong></span> <span class='ocrx_word' id='word_1_683' title='bbox 3413 2599 3463 2652; x_wconf 85' lang='lat' dir='ltr'><strong>id</strong></span> <span class='ocrx_word' id='word_1_684' title='bbox 3484 2601 3794 2666; x_wconf 85' lang='lat' dir='ltr'><strong>contiuetur&#39;,</strong></span> 
     </span>
    </p>
   </div>
   <div class='ocr_carea' id='block_1_89' title="bbox 2255 2686 3797 2759">
    <p class='ocr_par' dir='ltr' id='par_1_89' title="bbox 2255 2686 3797 2759">
     <span class='ocr_line' id='line_1_89' title="bbox 2255 2686 3797 2759; baseline 0.003 -20"><span class='ocrx_word' id='word_1_685' title='bbox 2255 2693 2309 2739; x_wconf 90' lang='lat' dir='ltr'><strong>et</strong></span> <span class='ocrx_word' id='word_1_686' title='bbox 2359 2686 2721 2755; x_wconf 83' lang='lat' dir='ltr'><strong>multipliciter</strong></span> <span class='ocrx_word' id='word_1_687' title='bbox 2771 2696 2932 2757; x_wconf 75' lang='lat' dir='ltr'><strong>atque</strong></span> <span class='ocrx_word' id='word_1_688' title='bbox 2977 2687 3312 2742; x_wconf 90' lang='lat' dir='ltr'><strong>abundanter</strong></span> <span class='ocrx_word' id='word_1_689' title='bbox 3369 2691 3647 2755; x_wconf 87' lang='lat' dir='ltr'><strong>asseritur,</strong></span> <span class='ocrx_word' id='word_1_690' title='bbox 3687 2690 3797 2759; x_wconf 87' lang='lat' dir='ltr'><strong>quod</strong></span> 
     </span>
    </p>
   </div>
   <div class='ocr_carea' id='block_1_90' title="bbox 2256 2777 3797 2850">
    <p class='ocr_par' dir='ltr' id='par_1_90' title="bbox 2256 2777 3797 2850">
     <span class='ocr_line' id='line_1_90' title="bbox 2256 2777 3797 2850; baseline 0.001 -18"><span class='ocrx_word' id='word_1_691' title='bbox 2256 2777 2414 2832; x_wconf 88' lang='lat' dir='ltr'><strong>etiam</strong></span> <span class='ocrx_word' id='word_1_692' title='bbox 2445 2777 2758 2846; x_wconf 84' lang='lat' dir='ltr'><strong>quibusdam</strong></span> <span class='ocrx_word' id='word_1_693' title='bbox 2787 2780 2977 2833; x_wconf 88' lang='lat' dir='ltr'><strong>litteris</strong></span> <span class='ocrx_word' id='word_1_694' title='bbox 3001 2780 3108 2850; x_wconf 88' lang='lat' dir='ltr'><strong>agit</strong></span> <span class='ocrx_word' id='word_1_695' title='bbox 3149 2778 3215 2832; x_wconf 90' lang='lat' dir='ltr'><strong>ad</strong></span> <span class='ocrx_word' id='word_1_696' title='bbox 3259 2789 3407 2834; x_wconf 72' lang='lat' dir='ltr'><strong>tuam</strong></span> <span class='ocrx_word' id='word_1_697' title='bbox 3439 2779 3797 2835; x_wconf 76' lang='lat' dir='ltr'><strong>Venerationem</strong></span> 
     </span>
    </p>
   </div>
   <div class='ocr_carea' id='block_1_91' title="bbox 2257 2869 3798 2944">
    <p class='ocr_par' dir='ltr' id='par_1_91' title="bbox 2257 2869 3798 2944">
     <span class='ocr_line' id='line_1_91' title="bbox 2257 2869 3798 2944; baseline 0.002 -21"><span class='ocrx_word' id='word_1_698' title='bbox 2257 2869 2396 2923; x_wconf 88' lang='lat' dir='ltr'><strong>datis</strong></span> <span class='ocrx_word' id='word_1_699' title='bbox 2424 2870 2520 2942; x_wconf 69' lang='grc' dir='ltr'><strong>(ε),</strong></span> <span class='ocrx_word' id='word_1_700' title='bbox 2539 2871 2624 2924; x_wconf 91' lang='lat' dir='ltr'><strong>ubi</strong></span> <span class='ocrx_word' id='word_1_701' title='bbox 2652 2871 2782 2926; x_wconf 92' lang='lat' dir='ltr'><strong>dicit</strong></span> <span class='ocrx_word' id='word_1_702' title='bbox 2804 2886 2864 2927; x_wconf 90' lang='lat' dir='ltr'><strong>se</strong></span> <span class='ocrx_word' id='word_1_703' title='bbox 2884 2887 2990 2926; x_wconf 92' lang='lat' dir='ltr'><strong>non</strong></span> <span class='ocrx_word' id='word_1_704' title='bbox 3015 2871 3212 2926; x_wconf 88' lang='lat' dir='ltr'><strong>debere</strong></span> <span class='ocrx_word' id='word_1_705' title='bbox 3233 2872 3528 2927; x_wconf 76' lang='lat' dir='ltr'><strong>existimari</strong></span> <span class='ocrx_word' id='word_1_706' title='bbox 3549 2872 3652 2927; x_wconf 90' lang='lat' dir='ltr'><strong>sine</strong></span> <span class='ocrx_word' id='word_1_707' title='bbox 3667 2873 3798 2944; x_wconf 79' lang='lat' dir='ltr'><strong>gratis</strong></span> 
     </span>
    </p>
   </div>
   <div class='ocr_carea' id='block_1_92' title="bbox 2259 2965 3800 3036">
    <p class='ocr_par' dir='ltr' id='par_1_92' title="bbox 2259 2965 3800 3036">
     <span class='ocr_line' id='line_1_92' title="bbox 2259 2965 3800 3036; baseline 0 -16"><span class='ocrx_word' id='word_1_708' title='bbox 2259 2965 2352 3020; x_wconf 90' lang='lat' dir='ltr'><strong>Dei</strong></span> <span class='ocrx_word' id='word_1_709' title='bbox 2378 2965 2664 3021; x_wconf 80' lang='lat' dir='ltr'><strong>defendere</strong></span> <span class='ocrx_word' id='word_1_710' title='bbox 2691 2967 2918 3022; x_wconf 90' lang='lat' dir='ltr'><strong>liberum</strong></span> <span class='ocrx_word' id='word_1_711' title='bbox 2959 2967 3268 3033; x_wconf 87' lang='lat' dir='ltr'><strong>arbitrium,</strong></span> <span class='ocrx_word' id='word_1_712' title='bbox 3303 2982 3426 3022; x_wconf 90' lang='lat' dir='ltr'><strong>cum</strong></span> <span class='ocrx_word' id='word_1_713' title='bbox 3452 2968 3800 3036; x_wconf 81' lang='lat' dir='ltr'><strong>possibilitatem</strong></span> 
     </span>
    </p>
   </div>
   <div class='ocr_carea' id='block_1_93' title="bbox 2260 3059 3803 3130">
    <p class='ocr_par' dir='ltr' id='par_1_93' title="bbox 2260 3059 3803 3130">
     <span class='ocr_line' id='line_1_93' title="bbox 2260 3059 3803 3130; baseline 0.001 -18"><span class='ocrx_word' id='word_1_714' title='bbox 2260 3059 2471 3112; x_wconf 85' lang='lat' dir='ltr'><strong>volendi</strong></span> <span class='ocrx_word' id='word_1_715' title='bbox 2522 3068 2682 3129; x_wconf 91' lang='lat' dir='ltr'><strong>atque</strong></span> <span class='ocrx_word' id='word_1_716' title='bbox 2734 3060 3154 3130; x_wconf 81' lang='lat' dir='ltr'><strong>Operandi,sine</strong></span> <span class='ocrx_word' id='word_1_717' title='bbox 3207 3075 3313 3130; x_wconf 89' lang='lat' dir='ltr'><strong>qua</strong></span> <span class='ocrx_word' id='word_1_718' title='bbox 3364 3059 3495 3115; x_wconf 91' lang='lat' dir='ltr'><strong>nihil</strong></span> <span class='ocrx_word' id='word_1_719' title='bbox 3552 3061 3662 3115; x_wconf 88' lang='lat' dir='ltr'><strong>boni</strong></span> <span class='ocrx_word' id='word_1_720' title='bbox 3699 3059 3803 3116; x_wconf 83' lang='lat' dir='ltr'><strong>velle</strong></span> 
     </span>
    </p>
   </div>
   <div class='ocr_carea' id='block_1_94' title="bbox 2257 3152 3802 3223">
    <p class='ocr_par' dir='ltr' id='par_1_94' title="bbox 2257 3152 3802 3223">
     <span class='ocr_line' id='line_1_94' title="bbox 2257 3152 3802 3223; baseline 0.001 -16"><span class='ocrx_word' id='word_1_721' title='bbox 2257 3163 2419 3222; x_wconf 89' lang='lat' dir='ltr'><strong>atque</strong></span> <span class='ocrx_word' id='word_1_722' title='bbox 2474 3168 2634 3223; x_wconf 82' lang='lat' dir='ltr'><strong>agerc</strong></span> <span class='ocrx_word' id='word_1_723' title='bbox 2683 3153 3012 3217; x_wconf 86' lang='lat' dir='ltr'><strong>valeremus,</strong></span> <span class='ocrx_word' id='word_1_724' title='bbox 3061 3169 3092 3210; x_wconf 89' lang='lat' dir='ltr'><strong>a</strong></span> <span class='ocrx_word' id='word_1_725' title='bbox 3139 3152 3399 3209; x_wconf 89' lang='lat' dir='ltr'><strong>Creatore</strong></span> <span class='ocrx_word' id='word_1_726' title='bbox 3453 3153 3597 3210; x_wconf 87' lang='lat' dir='ltr'><strong>nobis</strong></span> <span class='ocrx_word' id='word_1_727' title='bbox 3633 3156 3802 3208; x_wconf 82' lang='lat' dir='ltr'><strong>insitam</strong></span> 
     </span>
    </p>
   </div>
   <div class='ocr_carea' id='block_1_95' title="bbox 2259 3245 3803 3317">
    <p class='ocr_par' dir='ltr' id='par_1_95' title="bbox 2259 3245 3803 3317">
     <span class='ocr_line' id='line_1_95' title="bbox 2259 3245 3803 3317; baseline 0.001 -17"><span class='ocrx_word' id='word_1_728' title='bbox 2259 3245 2465 3301; x_wconf 90' lang='lat' dir='ltr'><strong>diceret</strong></span> <span class='ocrx_word' id='word_1_729' title='bbox 2508 3263 2521 3298; x_wconf 92' lang='lat'>:</span> <span class='ocrx_word' id='word_1_730' title='bbox 2567 3254 2624 3301; x_wconf 93' lang='lat' dir='ltr'><strong>ut</strong></span> <span class='ocrx_word' id='word_1_731' title='bbox 2661 3245 2906 3302; x_wconf 88' lang='lat' dir='ltr'><strong>videlicet</strong></span> <span class='ocrx_word' id='word_1_732' title='bbox 2950 3246 3064 3302; x_wconf 71' lang='lat' dir='ltr'><strong>hmo</strong></span> <span class='ocrx_word' id='word_1_733' title='bbox 3107 3247 3432 3317; x_wconf 87' lang='lat' dir='ltr'><strong>intelligatur</strong></span> <span class='ocrx_word' id='word_1_734' title='bbox 3473 3248 3672 3303; x_wconf 89' lang='lat' dir='ltr'><strong>doctore</strong></span> <span class='ocrx_word' id='word_1_735' title='bbox 3715 3247 3803 3317; x_wconf 87' lang='lat' dir='ltr'><strong>ipso</strong></span> 
     </span>
    </p>
   </div>
   <div class='ocr_carea' id='block_1_96' title="bbox 2260 3337 3803 3408">
    <p class='ocr_par' dir='ltr' id='par_1_96' title="bbox 2260 3337 3803 3408">
     <span class='ocr_line' id='line_1_96' title="bbox 2260 3337 3803 3408; baseline 0.001 -18"><span class='ocrx_word' id='word_1_736' title='bbox 2260 3337 2424 3407; x_wconf 75' lang='lat' dir='ltr'><strong>gratia</strong></span> <span class='ocrx_word' id='word_1_737' title='bbox 2470 3337 2593 3404; x_wconf 89' lang='lat' dir='ltr'><strong>Dei,</strong></span> <span class='ocrx_word' id='word_1_738' title='bbox 2649 3353 2768 3407; x_wconf 72' lang='lat' dir='ltr'><strong>qua:</strong></span> <span class='ocrx_word' id='word_1_739' title='bbox 2808 3337 3032 3407; x_wconf 84' lang='lat' dir='ltr'><strong>Paganis</strong></span> <span class='ocrx_word' id='word_1_740' title='bbox 3071 3349 3226 3408; x_wconf 87' lang='lat' dir='ltr'><strong>atque</strong></span> <span class='ocrx_word' id='word_1_741' title='bbox 3281 3337 3622 3406; x_wconf 88' lang='lat' dir='ltr'><strong>Christianis,</strong></span> <span class='ocrx_word' id='word_1_742' title='bbox 3667 3339 3803 3408; x_wconf 83' lang='lat' dir='ltr'><strong>impiis</strong></span> 
     </span>
    </p>
   </div>
   <div class='ocr_carea' id='block_1_97' title="bbox 2259 3429 3661 3500">
    <p class='ocr_par' dir='ltr' id='par_1_97' title="bbox 2259 3429 3661 3500">
     <span class='ocr_line' id='line_1_97' title="bbox 2259 3429 3661 3500; baseline 0 -15"><span class='ocrx_word' id='word_1_743' title='bbox 2259 3439 2314 3485; x_wconf 87' lang='lat' dir='ltr'><strong>et</strong></span> <span class='ocrx_word' id='word_1_744' title='bbox 2343 3431 2458 3498; x_wconf 83' lang='lat' dir='ltr'><strong>piis,</strong></span> <span class='ocrx_word' id='word_1_745' title='bbox 2483 3430 2722 3485; x_wconf 80' lang='lat' dir='ltr'><strong>ﬁdelibus</strong></span> <span class='ocrx_word' id='word_1_746' title='bbox 2737 3439 2893 3500; x_wconf 87' lang='lat' dir='ltr'><strong>atque</strong></span> <span class='ocrx_word' id='word_1_747' title='bbox 2920 3429 3218 3484; x_wconf 77' lang='lat' dir='ltr'><strong>inﬁdelibus</strong></span> <span class='ocrx_word' id='word_1_748' title='bbox 3247 3433 3548 3486; x_wconf 83' lang='lat' dir='ltr'><strong>communis</strong></span> <span class='ocrx_word' id='word_1_749' title='bbox 3571 3440 3661 3488; x_wconf 88' lang='lat' dir='ltr'><strong>est.</strong></span> 
     </span>
    </p>
   </div>
   <div class='ocr_carea' id='block_1_98' title="bbox 2330 3529 3800 3600">
    <p class='ocr_par' dir='ltr' id='par_1_98' title="bbox 2330 3529 3800 3600">
     <span class='ocr_line' id='line_1_98' title="bbox 2330 3529 3800 3600; baseline -0.002 -17"><span class='ocrx_word' id='word_1_750' title='bbox 2330 3529 2384 3583; x_wconf 70' lang='grc' dir='ltr'><strong>Ξ.</strong></span> <span class='ocrx_word' id='word_1_751' title='bbox 2430 3531 2552 3584; x_wconf 66' lang='lat' dir='ltr'><strong>Ilaec</strong></span> <span class='ocrx_word' id='word_1_752' title='bbox 2581 3532 2718 3586; x_wconf 63' lang='lat' dir='ltr'><strong>ntali</strong></span> <span class='ocrx_word' id='word_1_753' title='bbox 2739 3530 2930 3600; x_wconf 87' lang='lat' dir='ltr'><strong>quibus</strong></span> <span class='ocrx_word' id='word_1_754' title='bbox 2957 3529 3253 3584; x_wconf 84' lang='lat' dir='ltr'><strong>Salvatoris</strong></span> <span class='ocrx_word' id='word_1_755' title='bbox 3277 3541 3625 3586; x_wconf 86' lang='lat' dir='ltr'><strong>evacuaretur</strong></span> <span class='ocrx_word' id='word_1_756' title='bbox 3645 3530 3800 3584; x_wconf 82' lang='lat' dir='ltr'><strong>adven-</strong></span> 
     </span>
    </p>
   </div>
   <div class='ocr_carea' id='block_1_99' title="bbox 2263 3622 3802 3695">
    <p class='ocr_par' dir='ltr' id='par_1_99' title="bbox 2263 3622 3802 3695">
     <span class='ocr_line' id='line_1_99' title="bbox 2263 3622 3802 3695; baseline -0.001 -17"><span class='ocrx_word' id='word_1_757' title='bbox 2263 3633 2366 3687; x_wconf 88' lang='lat' dir='ltr'><strong>tus,</strong></span> <span class='ocrx_word' id='word_1_758' title='bbox 2392 3625 2478 3678; x_wconf 87' lang='lat' dir='ltr'><strong>nhi</strong></span> <span class='ocrx_word' id='word_1_759' title='bbox 2510 3623 2611 3678; x_wconf 86' lang='lat' dir='ltr'><strong>hoc</strong></span> <span class='ocrx_word' id='word_1_760' title='bbox 2640 3637 2923 3692; x_wconf 89' lang='lat' dir='ltr'><strong>possumus</strong></span> <span class='ocrx_word' id='word_1_761' title='bbox 2947 3622 3124 3678; x_wconf 87' lang='lat' dir='ltr'><strong>dicere</strong></span> <span class='ocrx_word' id='word_1_762' title='bbox 3151 3624 3289 3692; x_wconf 90' lang='lat' dir='ltr'><strong>quod</strong></span> <span class='ocrx_word' id='word_1_763' title='bbox 3313 3625 3385 3679; x_wconf 84' lang='lat' dir='ltr'><strong>de</strong></span> <span class='ocrx_word' id='word_1_764' title='bbox 3409 3625 3542 3695; x_wconf 86' lang='lat' dir='ltr'><strong>Lege</strong></span> <span class='ocrx_word' id='word_1_765' title='bbox 3561 3623 3802 3692; x_wconf 76' lang='lat' dir='ltr'><strong>dicitApo-</strong></span> 
     </span>
    </p>
   </div>
   <div class='ocr_carea' id='block_1_100' title="bbox 2263 3714 3805 3787">
    <p class='ocr_par' dir='ltr' id='par_1_100' title="bbox 2263 3714 3805 3787">
     <span class='ocr_line' id='line_1_100' title="bbox 2263 3714 3805 3787; baseline -0.003 -17"><span class='ocrx_word' id='word_1_766' title='bbox 2263 3715 2463 3782; x_wconf 85' lang='lat' dir='ltr'><strong>stolus,</strong></span> <span class='ocrx_word' id='word_1_767' title='bbox 2499 3715 2556 3768; x_wconf 87' lang='lat' dir='ltr'><strong>Si</strong></span> <span class='ocrx_word' id='word_1_768' title='bbox 2585 3732 2673 3785; x_wconf 85' lang='lat' dir='ltr'><strong>per</strong></span> <span class='ocrx_word' id='word_1_769' title='bbox 2699 3723 2940 3768; x_wconf 89' lang='lat' dir='ltr'><strong>naturam</strong></span> <span class='ocrx_word' id='word_1_770' title='bbox 2978 3715 3183 3785; x_wconf 82' lang='lat' dir='ltr'><strong>justitia</strong></span> <span class='ocrx_word' id='word_1_771' title='bbox 3203 3758 3217 3781; x_wconf 92' lang='lat'><strong>,</strong></span> <span class='ocrx_word' id='word_1_772' title='bbox 3265 3733 3388 3787; x_wconf 84' lang='lat' dir='ltr'><strong>ergo</strong></span> <span class='ocrx_word' id='word_1_773' title='bbox 3431 3715 3648 3772; x_wconf 82' lang='lat' dir='ltr'><strong>Christus</strong></span> <span class='ocrx_word' id='word_1_774' title='bbox 3680 3714 3805 3786; x_wconf 77' lang='lat' dir='ltr'><strong>gratis</strong></span> 
     </span>
    </p>
   </div>
   <div class='ocr_carea' id='block_1_101' title="bbox 2264 3805 3805 3879">
    <p class='ocr_par' dir='ltr' id='par_1_101' title="bbox 2264 3805 3805 3879">
     <span class='ocr_line' id='line_1_101' title="bbox 2264 3805 3805 3879; baseline -0.001 -19"><span class='ocrx_word' id='word_1_775' title='bbox 2264 3817 2493 3861; x_wconf 84' lang='lat' dir='ltr'><strong>mortuus</strong></span> <span class='ocrx_word' id='word_1_776' title='bbox 2532 3816 2601 3860; x_wconf 85' lang='lat' dir='ltr'><strong>est</strong></span> <span class='ocrx_word' id='word_1_777' title='bbox 2627 3805 2825 3876; x_wconf 77' lang='lat' dir='ltr'><strong>(Colat.</strong></span> <span class='ocrx_word' id='word_1_778' title='bbox 2856 3821 2921 3872; x_wconf 87' lang='grc' dir='ltr'>ιι,</span> <span class='ocrx_word' id='word_1_779' title='bbox 2952 3805 3067 3873; x_wconf 72' lang='grc'><strong>21),</strong></span> <span class='ocrx_word' id='word_1_780' title='bbox 3097 3807 3506 3873; x_wconf 81' lang='lat' dir='ltr'><strong>reiellebamus,</strong></span> <span class='ocrx_word' id='word_1_781' title='bbox 3547 3819 3599 3863; x_wconf 90' lang='lat' dir='ltr'><strong>ut</strong></span> <span class='ocrx_word' id='word_1_782' title='bbox 3639 3817 3805 3879; x_wconf 85' lang='lat' dir='ltr'><strong>potera-</strong></span> 
     </span>
    </p>
   </div>
   <div class='ocr_carea' id='block_1_102' title="bbox 2264 3896 3806 3966">
    <p class='ocr_par' dir='ltr' id='par_1_102' title="bbox 2264 3896 3806 3966">
     <span class='ocr_line' id='line_1_102' title="bbox 2264 3896 3806 3966; baseline -0.004 -13"><span class='ocrx_word' id='word_1_783' title='bbox 2264 3914 2412 3961; x_wconf 88' lang='lat' dir='ltr'><strong>mus,</strong></span> <span class='ocrx_word' id='word_1_784' title='bbox 2447 3899 2500 3951; x_wconf 90' lang='lat' dir='ltr'><strong>in</strong></span> <span class='ocrx_word' id='word_1_785' title='bbox 2527 3897 2776 3952; x_wconf 88' lang='lat' dir='ltr'><strong>cordibus</strong></span> <span class='ocrx_word' id='word_1_786' title='bbox 2819 3912 3035 3962; x_wconf 88' lang='lat' dir='ltr'><strong>eorum,</strong></span> <span class='ocrx_word' id='word_1_787' title='bbox 3079 3899 3168 3966; x_wconf 92' lang='lat' dir='ltr'><strong>qui</strong></span> <span class='ocrx_word' id='word_1_788' title='bbox 3217 3899 3319 3953; x_wconf 87' lang='lat' dir='ltr'><strong>ista</strong></span> <span class='ocrx_word' id='word_1_789' title='bbox 3365 3896 3806 3964; x_wconf 81' lang='lat' dir='ltr'><strong>sentirent,utliis</strong></span> 
     </span>
    </p>
   </div>
   <div class='ocr_carea' id='block_1_103' title="bbox 2264 3987 3803 4058">
    <p class='ocr_par' dir='ltr' id='par_1_103' title="bbox 2264 3987 3803 4058">
     <span class='ocr_line' id='line_1_103' title="bbox 2264 3987 3803 4058; baseline -0.001 -14"><span class='ocrx_word' id='word_1_790' title='bbox 2264 3989 2508 4058; x_wconf 90' lang='lat' dir='ltr'><strong>cognitis,</strong></span> <span class='ocrx_word' id='word_1_791' title='bbox 2538 3989 2698 4042; x_wconf 89' lang='lat' dir='ltr'><strong>etiam</strong></span> <span class='ocrx_word' id='word_1_792' title='bbox 2731 3987 2838 4048; x_wconf 89' lang='lat' dir='ltr'><strong>ille,</strong></span> <span class='ocrx_word' id='word_1_793' title='bbox 2866 3987 2912 4040; x_wconf 88' lang='lat' dir='ltr'><strong>si</strong></span> <span class='ocrx_word' id='word_1_794' title='bbox 2939 3987 3052 4041; x_wconf 84' lang='lat' dir='ltr'><strong>ﬁeri</strong></span> <span class='ocrx_word' id='word_1_795' title='bbox 3075 3999 3285 4057; x_wconf 86' lang='lat' dir='ltr'><strong>posset,</strong></span> <span class='ocrx_word' id='word_1_796' title='bbox 3314 4006 3423 4046; x_wconf 86' lang='lat' dir='ltr'><strong>non</strong></span> <span class='ocrx_word' id='word_1_797' title='bbox 3454 3991 3708 4046; x_wconf 84' lang='lat' dir='ltr'><strong>lacessitus</strong></span> <span class='ocrx_word' id='word_1_798' title='bbox 3731 3988 3803 4043; x_wconf 84' lang='lat' dir='ltr'><strong>ista</strong></span> 
     </span>
    </p>
   </div>
   <div class='ocr_carea' id='block_1_104' title="bbox 2265 4079 3804 4148">
    <p class='ocr_par' dir='ltr' id='par_1_104' title="bbox 2265 4079 3804 4148">
     <span class='ocr_line' id='line_1_104' title="bbox 2265 4079 3804 4148; baseline -0.003 -14"><span class='ocrx_word' id='word_1_799' title='bbox 2265 4079 2602 4144; x_wconf 86' lang='lat' dir='ltr'><strong>emendaret;</strong></span> <span class='ocrx_word' id='word_1_800' title='bbox 2630 4087 2795 4148; x_wconf 78' lang='lat' dir='ltr'><strong>atque</strong></span> <span class='ocrx_word' id='word_1_801' title='bbox 2831 4079 2899 4132; x_wconf 88' lang='lat' dir='ltr'><strong>ita</strong></span> <span class='ocrx_word' id='word_1_802' title='bbox 2931 4090 2984 4132; x_wconf 90' lang='lat' dir='ltr'><strong>et</strong></span> <span class='ocrx_word' id='word_1_803' title='bbox 3011 4081 3271 4148; x_wconf 86' lang='lat' dir='ltr'><strong>pernicies</strong></span> <span class='ocrx_word' id='word_1_804' title='bbox 3299 4081 3653 4136; x_wconf 88' lang='lat' dir='ltr'><strong>destrueretur</strong></span> <span class='ocrx_word' id='word_1_805' title='bbox 3686 4094 3804 4134; x_wconf 86' lang='lat' dir='ltr'><strong>erro-</strong></span> 
     </span>
    </p>
   </div>
   <div class='ocr_carea' id='block_1_105' title="bbox 2264 4169 3806 4244">
    <p class='ocr_par' dir='ltr' id='par_1_105' title="bbox 2264 4169 3806 4244">
     <span class='ocr_line' id='line_1_105' title="bbox 2264 4169 3806 4244; baseline -0.001 -19"><span class='ocrx_word' id='word_1_806' title='bbox 2264 4171 2358 4236; x_wconf 85' lang='lat' dir='ltr'><strong>ris,</strong></span> <span class='ocrx_word' id='word_1_807' title='bbox 2404 4180 2456 4224; x_wconf 84' lang='lat' dir='ltr'><strong>ct</strong></span> <span class='ocrx_word' id='word_1_808' title='bbox 2511 4170 2740 4224; x_wconf 86' lang='lat' dir='ltr'><strong>hominis</strong></span> <span class='ocrx_word' id='word_1_809' title='bbox 2796 4169 3129 4224; x_wconf 67' lang='lat' dir='ltr'><strong>verecundia:</strong></span> <span class='ocrx_word' id='word_1_810' title='bbox 3159 4184 3489 4241; x_wconf 88' lang='lat' dir='ltr'><strong>parceretur.</strong></span> <span class='ocrx_word' id='word_1_811' title='bbox 3513 4172 3610 4229; x_wconf 88' lang='lat' dir='ltr'><strong>Sed</strong></span> <span class='ocrx_word' id='word_1_812' title='bbox 3636 4178 3806 4244; x_wconf 77' lang='lat' dir='ltr'><strong>postea-</strong></span> 
     </span>
    </p>
   </div>
   <div class='ocr_carea' id='block_1_106' title="bbox 2263 4261 3802 4333">
    <p class='ocr_par' dir='ltr' id='par_1_106' title="bbox 2263 4261 3802 4333">
     <span class='ocr_line' id='line_1_106' title="bbox 2263 4261 3802 4333; baseline 0.003 -18"><span class='ocrx_word' id='word_1_813' title='bbox 2263 4277 2420 4333; x_wconf 89' lang='lat' dir='ltr'><strong>quam</strong></span> <span class='ocrx_word' id='word_1_814' title='bbox 2467 4262 2534 4316; x_wconf 87' lang='lat' dir='ltr'><strong>ad</strong></span> <span class='ocrx_word' id='word_1_815' title='bbox 2584 4280 2678 4315; x_wconf 77' lang='lat' dir='ltr'><strong>nos</strong></span> <span class='ocrx_word' id='word_1_816' title='bbox 2718 4261 2907 4316; x_wconf 80' lang='lat' dir='ltr'><strong>litterae</strong></span> <span class='ocrx_word' id='word_1_817' title='bbox 2931 4261 2997 4316; x_wconf 89' lang='lat' dir='ltr'><strong>de</strong></span> <span class='ocrx_word' id='word_1_818' title='bbox 3022 4261 3239 4317; x_wconf 89' lang='lat' dir='ltr'><strong>Oriente</strong></span> <span class='ocrx_word' id='word_1_819' title='bbox 3267 4273 3562 4327; x_wconf 86' lang='lat' dir='ltr'><strong>venerunt.</strong></span> <span class='ocrx_word' id='word_1_820' title='bbox 3603 4261 3802 4319; x_wconf 69' lang='lat' dir='ltr'><strong>eamdem</strong></span> 
     </span>
    </p>
   </div>
   <div class='ocr_carea' id='block_1_107' title="bbox 2263 4355 3788 4428">
    <p class='ocr_par' dir='ltr' id='par_1_107' title="bbox 2263 4355 3788 4428">
     <span class='ocr_line' id='line_1_107' title="bbox 2263 4355 3788 4428; baseline -0.001 -19"><span class='ocrx_word' id='word_1_821' title='bbox 2263 4369 2478 4410; x_wconf 89' lang='lat' dir='ltr'><strong>causam</strong></span> <span class='ocrx_word' id='word_1_822' title='bbox 2507 4355 2844 4423; x_wconf 87' lang='lat' dir='ltr'><strong>apertissime</strong></span> <span class='ocrx_word' id='word_1_823' title='bbox 2873 4355 3207 4423; x_wconf 86' lang='lat' dir='ltr'><strong>ventilantes,</strong></span> <span class='ocrx_word' id='word_1_824' title='bbox 3238 4358 3390 4412; x_wconf 91' lang='lat' dir='ltr'><strong>nullo</strong></span> <span class='ocrx_word' id='word_1_825' title='bbox 3421 4357 3573 4413; x_wconf 82' lang='lat' dir='ltr'><strong>modo</strong></span> <span class='ocrx_word' id='word_1_826' title='bbox 3591 4357 3686 4428; x_wconf 88' lang='lat' dir='ltr'><strong>jam</strong></span> <span class='ocrx_word' id='word_1_827' title='bbox 3708 4369 3788 4426; x_wconf 82' lang='lat' dir='ltr'><strong>qua</strong></span> 
     </span>
    </p>
   </div>
   <div class='ocr_carea' id='block_1_108' title="bbox 2265 4448 3802 4519">
    <p class='ocr_par' dir='ltr' id='par_1_108' title="bbox 2265 4448 3802 4519">
     <span class='ocr_line' id='line_1_108' title="bbox 2265 4448 3802 4519; baseline -0.001 -15"><span class='ocrx_word' id='word_1_828' title='bbox 2265 4451 2528 4519; x_wconf 88' lang='lat' dir='ltr'><strong>licumque</strong></span> <span class='ocrx_word' id='word_1_829' title='bbox 2569 4449 2856 4519; x_wconf 86' lang='lat' dir='ltr'><strong>episcopali</strong></span> <span class='ocrx_word' id='word_1_830' title='bbox 2904 4451 3216 4505; x_wconf 87' lang='lat' dir='ltr'><strong>auctoritate</strong></span> <span class='ocrx_word' id='word_1_831' title='bbox 3256 4451 3449 4507; x_wconf 85' lang='lat' dir='ltr'><strong>deesse</strong></span> <span class='ocrx_word' id='word_1_832' title='bbox 3479 4452 3709 4507; x_wconf 69' lang='lat' dir='ltr'><strong>Ecclesia:</strong></span> <span class='ocrx_word' id='word_1_833' title='bbox 3729 4448 3802 4502; x_wconf 86' lang='lat' dir='ltr'><strong>de-</strong></span> 
     </span>
    </p>
   </div>
   <div class='ocr_carea' id='block_1_109' title="bbox 2264 4541 3804 4612">
    <p class='ocr_par' dir='ltr' id='par_1_109' title="bbox 2264 4541 3804 4612">
     <span class='ocr_line' id='line_1_109' title="bbox 2264 4541 3804 4612; baseline -0.003 -14"><span class='ocrx_word' id='word_1_834' title='bbox 2264 4544 2568 4598; x_wconf 85' lang='lat' dir='ltr'><strong>bueramus.</strong></span> <span class='ocrx_word' id='word_1_835' title='bbox 2618 4542 2790 4596; x_wconf 75' lang='lat' dir='ltr'><strong>Missae</strong></span> <span class='ocrx_word' id='word_1_836' title='bbox 2828 4551 2953 4596; x_wconf 90' lang='lat' dir='ltr'><strong>sunt</strong></span> <span class='ocrx_word' id='word_1_837' title='bbox 2999 4543 3173 4612; x_wconf 83' lang='lat' dir='ltr'><strong>itaque</strong></span> <span class='ocrx_word' id='word_1_838' title='bbox 3203 4545 3269 4599; x_wconf 92' lang='lat' dir='ltr'><strong>de</strong></span> <span class='ocrx_word' id='word_1_839' title='bbox 3299 4545 3400 4600; x_wconf 89' lang='lat' dir='ltr'><strong>hac</strong></span> <span class='ocrx_word' id='word_1_840' title='bbox 3443 4562 3500 4601; x_wconf 91' lang='lat' dir='ltr'><strong>re</strong></span> <span class='ocrx_word' id='word_1_841' title='bbox 3539 4561 3602 4600; x_wconf 77' lang='lat' dir='ltr'><strong>ex</strong></span> <span class='ocrx_word' id='word_1_842' title='bbox 3639 4541 3804 4600; x_wconf 88' lang='lat' dir='ltr'><strong>duobus</strong></span> 
     </span>
    </p>
   </div>
   <div class='ocr_carea' id='block_1_110' title="bbox 2264 4629 3800 4703">
    <p class='ocr_par' dir='ltr' id='par_1_110' title="bbox 2264 4629 3800 4703">
     <span class='ocr_line' id='line_1_110' title="bbox 2264 4629 3800 4703; baseline -0.005 -11"><span class='ocrx_word' id='word_1_843' title='bbox 2264 4636 2502 4692; x_wconf 87' lang='lat' dir='ltr'><strong>conciliis</strong></span> <span class='ocrx_word' id='word_1_844' title='bbox 2523 4677 2537 4700; x_wconf 93' lang='lat'><strong>,</strong></span> <span class='ocrx_word' id='word_1_845' title='bbox 2579 4633 2955 4703; x_wconf 85' lang='lat' dir='ltr'><strong>Cathaginensi</strong></span> <span class='ocrx_word' id='word_1_846' title='bbox 2983 4643 3038 4688; x_wconf 92' lang='lat' dir='ltr'><strong>et</strong></span> <span class='ocrx_word' id='word_1_847' title='bbox 3066 4635 3370 4690; x_wconf 85' lang='lat' dir='ltr'><strong>Milevitano</strong></span> <span class='ocrx_word' id='word_1_848' title='bbox 3395 4679 3408 4701; x_wconf 95' lang='lat'><strong>,</strong></span> <span class='ocrx_word' id='word_1_849' title='bbox 3458 4639 3718 4692; x_wconf 88' lang='lat' dir='ltr'><strong>relationes</strong></span> <span class='ocrx_word' id='word_1_850' title='bbox 3750 4629 3800 4686; x_wconf 79' lang='lat' dir='ltr'><strong>ad</strong></span> 
     </span>
    </p>
   </div>
   <div class='ocr_carea' id='block_1_111' title="bbox 2265 4723 3798 4796">
    <p class='ocr_par' dir='ltr' id='par_1_111' title="bbox 2265 4723 3798 4796">
     <span class='ocr_line' id='line_1_111' title="bbox 2265 4723 3798 4796; baseline -0.003 -16"><span class='ocrx_word' id='word_1_851' title='bbox 2265 4725 2604 4796; x_wconf 85' lang='lat' dir='ltr'><strong>apostolicam</strong></span> <span class='ocrx_word' id='word_1_852' title='bbox 2633 4723 2824 4778; x_wconf 89' lang='lat' dir='ltr'><strong>Sedem</strong></span> <span class='ocrx_word' id='word_1_853' title='bbox 2843 4724 2945 4794; x_wconf 82' lang='lat' dir='ltr'><strong>(tl),</strong></span> <span class='ocrx_word' id='word_1_854' title='bbox 2970 4735 3254 4796; x_wconf 90' lang='lat' dir='ltr'><strong>antequam</strong></span> <span class='ocrx_word' id='word_1_855' title='bbox 3280 4726 3440 4783; x_wconf 84' lang='lat' dir='ltr'><strong>Gesta</strong></span> <span class='ocrx_word' id='word_1_856' title='bbox 3471 4723 3798 4784; x_wconf 83' lang='lat' dir='ltr'><strong>ecclesiastica,</strong></span> 
     </span>
    </p>
   </div>
   <div class='ocr_carea' id='block_1_112' title="bbox 2265 4817 3801 4888">
    <p class='ocr_par' dir='ltr' id='par_1_112' title="bbox 2265 4817 3801 4888">
     <span class='ocr_line' id='line_1_112' title="bbox 2265 4817 3801 4888; baseline -0.001 -16"><span class='ocrx_word' id='word_1_857' title='bbox 2265 4819 2457 4888; x_wconf 82' lang='lat' dir='ltr'><strong>quibus</strong></span> <span class='ocrx_word' id='word_1_858' title='bbox 2485 4819 2623 4887; x_wconf 89' lang='lat' dir='ltr'><strong>apud</strong></span> <span class='ocrx_word' id='word_1_859' title='bbox 2665 4817 2945 4887; x_wconf 82' lang='lat' dir='ltr'><strong>episcopos</strong></span> <span class='ocrx_word' id='word_1_860' title='bbox 2974 4820 3258 4887; x_wconf 71' lang='lat' dir='ltr'><strong>proviueim</strong></span> <span class='ocrx_word' id='word_1_861' title='bbox 3289 4820 3579 4875; x_wconf 69' lang='lat' dir='ltr'><strong>Palmstinte</strong></span> <span class='ocrx_word' id='word_1_862' title='bbox 3599 4817 3801 4886; x_wconf 82' lang='lat' dir='ltr'><strong>Pelagius</strong></span> 
     </span>
    </p>
   </div>
   <div class='ocr_carea' id='block_1_113' title="bbox 2267 4903 3799 4983">
    <p class='ocr_par' dir='ltr' id='par_1_113' title="bbox 2267 4903 3799 4983">
     <span class='ocr_line' id='line_1_113' title="bbox 2267 4903 3799 4983; baseline -0.002 -17"><span class='ocrx_word' id='word_1_863' title='bbox 2267 4911 2574 4983; x_wconf 86' lang='lat' dir='ltr'><strong>perhibetur</strong></span> <span class='ocrx_word' id='word_1_864' title='bbox 2599 4925 2720 4966; x_wconf 90' lang='lat' dir='ltr'><strong>esse</strong></span> <span class='ocrx_word' id='word_1_865' title='bbox 2762 4921 3016 4981; x_wconf 85' lang='lat' dir='ltr'><strong>purgatus</strong></span> <span class='ocrx_word' id='word_1_866' title='bbox 3035 4953 3050 4978; x_wconf 95' lang='lat'><strong>,</strong></span> <span class='ocrx_word' id='word_1_867' title='bbox 3081 4913 3163 4967; x_wconf 89' lang='lat' dir='ltr'><strong>vel</strong></span> <span class='ocrx_word' id='word_1_868' title='bbox 3193 4914 3242 4966; x_wconf 93' lang='lat' dir='ltr'><strong>in</strong></span> <span class='ocrx_word' id='word_1_869' title='bbox 3271 4929 3459 4968; x_wconf 90' lang='lat' dir='ltr'><strong>manus</strong></span> <span class='ocrx_word' id='word_1_870' title='bbox 3500 4923 3711 4972; x_wconf 87' lang='lat' dir='ltr'><strong>nostras,</strong></span> <span class='ocrx_word' id='word_1_871' title='bbox 3737 4903 3799 4958; x_wconf 75' lang='lat' dir='ltr'><strong>vel</strong></span> 
     </span>
    </p>
   </div>
   <div class='ocr_carea' id='block_1_114' title="bbox 2268 5002 3800 5074">
    <p class='ocr_par' dir='ltr' id='par_1_114' title="bbox 2268 5002 3800 5074">
     <span class='ocr_line' id='line_1_114' title="bbox 2268 5002 3800 5074; baseline -0.004 -14"><span class='ocrx_word' id='word_1_872' title='bbox 2268 5005 2321 5060; x_wconf 90' lang='lat' dir='ltr'><strong>in</strong></span> <span class='ocrx_word' id='word_1_873' title='bbox 2348 5003 2576 5059; x_wconf 81' lang='lat' dir='ltr'><strong>Africam</strong></span> <span class='ocrx_word' id='word_1_874' title='bbox 2611 5004 3000 5074; x_wconf 88' lang='lat' dir='ltr'><strong>pervenissent.</strong></span> <span class='ocrx_word' id='word_1_875' title='bbox 3039 5003 3362 5072; x_wconf 84' lang='lat' dir='ltr'><strong>Seripsimus</strong></span> <span class='ocrx_word' id='word_1_876' title='bbox 3398 5006 3553 5060; x_wconf 88' lang='lat' dir='ltr'><strong>etiam</strong></span> <span class='ocrx_word' id='word_1_877' title='bbox 3579 5002 3800 5057; x_wconf 63' lang='lat' dir='ltr'><strong>adabealat</strong></span> 
     </span>
    </p>
   </div>
   <div class='ocr_carea' id='block_1_115' title="bbox 2331 5153 3258 5218">
    <p class='ocr_par' dir='ltr' id='par_1_115' title="bbox 2331 5153 3258 5218">
     <span class='ocr_line' id='line_1_115' title="bbox 2331 5153 3258 5218; baseline 0 -12"><span class='ocrx_word' id='word_1_878' title='bbox 2331 5161 2347 5191; x_wconf 77' lang='grc' dir='ltr'><strong>ι</strong></span> <span class='ocrx_word' id='word_1_879' title='bbox 2375 5166 2479 5207; x_wconf 76' lang='lat' dir='ltr'><strong>Mss.</strong></span> <span class='ocrx_word' id='word_1_880' title='bbox 2504 5171 2575 5207; x_wconf 89' lang='lat' dir='ltr'><strong>cc.</strong></span> <span class='ocrx_word' id='word_1_881' title='bbox 2603 5163 2655 5218; x_wconf 84' lang='lat' dir='ltr'><strong>et</strong></span> <span class='ocrx_word' id='word_1_882' title='bbox 2675 5153 2823 5218; x_wconf 87' lang='lat' dir='ltr'><strong>Sulp.,</strong></span> <span class='ocrx_word' id='word_1_883' title='bbox 2858 5155 3040 5206; x_wconf 82' lang='lat' dir='ltr'><strong>Terenti</strong></span> <span class='ocrx_word' id='word_1_884' title='bbox 3063 5154 3258 5206; x_wconf 76' lang='lat' dir='ltr'><strong>dicitur.</strong></span> 
     </span>
    </p>
   </div>
   <div class='ocr_carea' id='block_1_116' title="bbox 2329 5216 3721 5282">
    <p class='ocr_par' dir='ltr' id='par_1_116' title="bbox 2329 5216 3721 5282">
     <span class='ocr_line' id='line_1_116' title="bbox 2329 5216 3721 5282; baseline -0.001 -14"><span class='ocrx_word' id='word_1_885' title='bbox 2329 5223 2349 5253; x_wconf 76' lang='grc'><em>³</em></span> <span class='ocrx_word' id='word_1_886' title='bbox 2371 5221 2444 5268; x_wconf 88' lang='lat' dir='ltr'><strong>sic</strong></span> <span class='ocrx_word' id='word_1_887' title='bbox 2466 5226 2546 5268; x_wconf 77' lang='lat' dir='ltr'><strong>Ms.</strong></span> <span class='ocrx_word' id='word_1_888' title='bbox 2581 5217 2709 5280; x_wconf 84' lang='lat' dir='ltr'><strong>Sulp.</strong></span> <span class='ocrx_word' id='word_1_889' title='bbox 2737 5216 3036 5281; x_wconf 74' lang='lat' dir='ltr'><strong>[responsum</strong></span> <span class='ocrx_word' id='word_1_890' title='bbox 3069 5224 3138 5268; x_wconf 79' lang='lat' dir='ltr'><strong>est</strong></span> <span class='ocrx_word' id='word_1_891' title='bbox 3175 5220 3300 5282; x_wconf 83' lang='lat' dir='ltr'><strong>quod</strong></span> <span class='ocrx_word' id='word_1_892' title='bbox 3331 5216 3452 5268; x_wconf 82' lang='lat' dir='ltr'><strong>libro</strong></span> <span class='ocrx_word' id='word_1_893' title='bbox 3472 5217 3721 5268; x_wconf 66' lang='lat' dir='ltr'><strong>cantarem.</strong></span> 
     </span>
    </p>
   </div>
   <div class='ocr_carea' id='block_1_117' title="bbox 2328 5306 3800 5374">
    <p class='ocr_par' dir='ltr' id='par_1_117' title="bbox 2328 5306 3800 5374">
     <span class='ocr_line' id='line_1_117' title="bbox 2328 5306 3800 5374; baseline -0.015 1"><span class='ocrx_word' id='word_1_894' title='bbox 2328 5313 2402 5374; x_wconf 85' lang='grc' dir='ltr'><strong>(α)</strong></span> <span class='ocrx_word' id='word_1_895' title='bbox 2426 5308 2645 5374; x_wconf 65' lang='lat' dir='ltr'><strong>Pelagius</strong></span> <span class='ocrx_word' id='word_1_896' title='bbox 2665 5313 2801 5374; x_wconf 67' lang='lat' dir='ltr'><strong>gente</strong></span> <span class='ocrx_word' id='word_1_897' title='bbox 2830 5306 3087 5374; x_wconf 57' lang='lat' dir='ltr'><strong>Britaniis</strong></span> <span class='ocrx_word' id='word_1_898' title='bbox 3107 5309 3280 5374; x_wconf 77' lang='lat' dir='ltr'><strong>dicitur</strong></span> <span class='ocrx_word' id='word_1_899' title='bbox 3299 5322 3326 5358; x_wconf 85' lang='lat' dir='ltr'><strong>a</strong></span> <span class='ocrx_word' id='word_1_900' title='bbox 3343 5311 3490 5374; x_wconf 65' lang='lat' dir='ltr'><strong>uario</strong></span> <span class='ocrx_word' id='word_1_901' title='bbox 3511 5313 3737 5374; x_wconf 66' lang='lat' dir='ltr'><strong>mercatore</strong></span> <span class='ocrx_word' id='word_1_902' title='bbox 3761 5311 3800 5374; x_wconf 63' lang='grc' dir='ltr'>λι</span> 
     </span>
    </p>
   </div>
   <div class='ocr_carea' id='block_1_118' title="bbox 2265 5369 3800 5437">
    <p class='ocr_par' dir='ltr' id='par_1_118' title="bbox 2265 5369 3800 5437">
     <span class='ocr_line' id='line_1_118' title="bbox 2265 5369 3800 5437; baseline -0.003 -14"><span class='ocrx_word' id='word_1_903' title='bbox 2265 5369 2628 5437; x_wconf 67' lang='grc' dir='ltr'>εοιιιίιιυιιίιςῖιὶο</span> <span class='ocrx_word' id='word_1_904' title='bbox 2644 5369 2744 5437; x_wconf 53' lang='lat' dir='ltr'><strong>{ab</strong></span> <span class='ocrx_word' id='word_1_905' title='bbox 2776 5371 2940 5437; x_wconf 72' lang='lat' dir='ltr'><strong>Oresio</strong></span> <span class='ocrx_word' id='word_1_906' title='bbox 2964 5372 3012 5420; x_wconf 86' lang='lat' dir='ltr'><strong>in</strong></span> <span class='ocrx_word' id='word_1_907' title='bbox 3036 5369 3565 5437; x_wconf 68' lang='lat' dir='ltr'><strong>Apolog.,_n_ritamticus</strong></span> <span class='ocrx_word' id='word_1_908' title='bbox 3591 5371 3800 5437; x_wconf 48' lang='lat' dir='ltr'><strong>meri}</strong></span> 
     </span>
    </p>
   </div>
   <div class='ocr_carea' id='block_1_119' title="bbox 2268 5432 3798 5498">
    <p class='ocr_par' dir='ltr' id='par_1_119' title="bbox 2268 5432 3798 5498">
     <span class='ocr_line' id='line_1_119' title="bbox 2268 5432 3798 5498; baseline -0.003 -14"><span class='ocrx_word' id='word_1_909' title='bbox 2268 5444 2502 5498; x_wconf 64' lang='lat' dir='ltr'><strong>Prospero</strong></span> <span class='ocrx_word' id='word_1_910' title='bbox 2524 5435 2573 5481; x_wconf 89' lang='lat' dir='ltr'><strong>in</strong></span> <span class='ocrx_word' id='word_1_911' title='bbox 2595 5433 2809 5498; x_wconf 69' lang='lat' dir='ltr'><strong>Carmine</strong></span> <span class='ocrx_word' id='word_1_912' title='bbox 2831 5432 2913 5498; x_wconf 72' lang='lat' dir='ltr'><strong>de</strong></span> <span class='ocrx_word' id='word_1_913' title='bbox 2932 5434 3162 5498; x_wconf 78' lang='lat' dir='ltr'><strong>lngratis,</strong></span> <span class='ocrx_word' id='word_1_914' title='bbox 3186 5432 3376 5498; x_wconf 67' lang='lat' dir='ltr'><strong>coluber</strong></span> <span class='ocrx_word' id='word_1_915' title='bbox 3402 5432 3668 5498; x_wconf 74' lang='lat' dir='ltr'><strong>Lrilamus;</strong></span> <span class='ocrx_word' id='word_1_916' title='bbox 3687 5432 3798 5498; x_wconf 56' lang='lat' dir='ltr'><strong>Ege</strong></span> 
     </span>
    </p>
   </div>
   <div class='ocr_carea' id='block_1_120' title="bbox 2269 5492 3798 5558">
    <p class='ocr_par' dir='ltr' id='par_1_120' title="bbox 2269 5492 3798 5558">
     <span class='ocr_line' id='line_1_120' title="bbox 2269 5492 3798 5558; baseline -0.002 -11"><span class='ocrx_word' id='word_1_917' title='bbox 2269 5492 2589 5558; x_wconf 68' lang='lat' dir='ltr'><strong>inde&#39;putatur</strong></span> <span class='ocrx_word' id='word_1_918' title='bbox 2609 5492 2856 5557; x_wconf 78' lang='lat' dir='ltr'><strong>snggillari</strong></span> <span class='ocrx_word' id='word_1_919' title='bbox 2872 5494 2935 5541; x_wconf 83' lang='lat' dir='ltr'><strong>ab</strong></span> <span class='ocrx_word' id='word_1_920' title='bbox 2950 5492 3236 5558; x_wconf 84' lang='lat' dir='ltr'><strong>Hieronymo</strong></span> <span class='ocrx_word' id='word_1_921' title='bbox 3255 5494 3436 5556; x_wconf 61' lang='lat' dir='ltr'><strong>praefat.</strong></span> <span class='ocrx_word' id='word_1_922' title='bbox 3455 5495 3503 5544; x_wconf 89' lang='lat' dir='ltr'><strong>in</strong></span> <span class='ocrx_word' id='word_1_923' title='bbox 3523 5500 3704 5544; x_wconf 74' lang='lat' dir='ltr'><strong>terens:</strong></span> <span class='ocrx_word' id='word_1_924' title='bbox 3716 5492 3798 5535; x_wconf 60' lang='grc' dir='ltr'><strong>δυ’</strong></span> 
     </span>
    </p>
   </div>
   <div class='ocr_carea' id='block_1_121' title="bbox 2267 5554 3017 5620">
    <p class='ocr_par' dir='ltr' id='par_1_121' title="bbox 2267 5554 3017 5620">
     <span class='ocr_line' id='line_1_121' title="bbox 2267 5554 3017 5620; baseline -0.009 -11"><span class='ocrx_word' id='word_1_925' title='bbox 2267 5554 2424 5620; x_wconf 74' lang='lat' dir='ltr'><strong>torum</strong></span> <span class='ocrx_word' id='word_1_926' title='bbox 2445 5554 2652 5620; x_wconf 71' lang='lat' dir='ltr'><strong>pultibus</strong></span> <span class='ocrx_word' id='word_1_927' title='bbox 2674 5554 3017 5618; x_wconf 76' lang='lat' dir='ltr'><strong>pi&#39;wgrauatus.</strong></span> 
     </span>
    </p>
   </div>
   <div class='ocr_carea' id='block_1_122' title="bbox 2333 5617 3117 5682">
    <p class='ocr_par' dir='ltr' id='par_1_122' title="bbox 2333 5617 3117 5682">
     <span class='ocr_line' id='line_1_122' title="bbox 2333 5617 3117 5682; baseline -0.006 -14"><span class='ocrx_word' id='word_1_928' title='bbox 2333 5619 2404 5682; x_wconf 91' lang='lat' dir='ltr'><strong>(b)</strong></span> <span class='ocrx_word' id='word_1_929' title='bbox 2431 5617 2477 5666; x_wconf 82' lang='lat' dir='ltr'><strong>In</strong></span> <span class='ocrx_word' id='word_1_930' title='bbox 2501 5617 2583 5682; x_wconf 78' lang='lat' dir='ltr'><strong>lib.</strong></span> <span class='ocrx_word' id='word_1_931' title='bbox 2608 5617 2684 5682; x_wconf 41' lang='lat' dir='ltr'><strong>de:</strong></span> <span class='ocrx_word' id='word_1_932' title='bbox 2697 5617 2866 5682; x_wconf 63' lang='lat' dir='ltr'><strong>natura</strong></span> <span class='ocrx_word' id='word_1_933' title='bbox 2881 5623 2932 5665; x_wconf 87' lang='lat' dir='ltr'><strong>et</strong></span> <span class='ocrx_word' id='word_1_934' title='bbox 2947 5618 3117 5682; x_wconf 66' lang='lat' dir='ltr'><strong>Gratia.</strong></span> 
     </span>
    </p>
   </div>
   <div class='ocr_carea' id='block_1_123' title="bbox 2333 5621 3277 5793">
    <p class='ocr_par' dir='ltr' id='par_1_123' title="bbox 2333 5621 3277 5793">
     <span class='ocr_line' id='line_1_123' title="bbox 2333 5621 3117 5682; baseline -0.005 -15"><span class='ocrx_word' id='word_1_935' title='bbox 2333 5621 2383 5682; x_wconf 91' lang='lat' dir='ltr'><strong>(b</strong></span> <span class='ocrx_word' id='word_1_936' title='bbox 2431 5626 2477 5666; x_wconf 91' lang='lat' dir='ltr'><strong>In</strong></span> <span class='ocrx_word' id='word_1_937' title='bbox 2502 5621 2583 5666; x_wconf 86' lang='lat' dir='ltr'><strong>lib.</strong></span> <span class='ocrx_word' id='word_1_938' title='bbox 2608 5621 2671 5664; x_wconf 84' lang='lat' dir='ltr'><strong>de</strong></span> <span class='ocrx_word' id='word_1_939' title='bbox 2697 5624 2862 5665; x_wconf 62' lang='lat' dir='ltr'><strong>natura</strong></span> <span class='ocrx_word' id='word_1_940' title='bbox 2881 5623 2932 5665; x_wconf 88' lang='lat' dir='ltr'><strong>et</strong></span> <span class='ocrx_word' id='word_1_941' title='bbox 2947 5621 3117 5666; x_wconf 82' lang='lat' dir='ltr'><strong>Gratia.</strong></span> 
     </span>
     <span class='ocr_line' id='line_1_124' title="bbox 2333 5621 3277 5793; baseline 0.003 -68"><span class='ocrx_word' id='word_1_942' title='bbox 2333 5621 2404 5793; x_wconf 48' lang='grc' dir='ltr'><strong>(ἐ</strong></span> <span class='ocrx_word' id='word_1_943' title='bbox 2430 5681 2530 5751; x_wconf 71' lang='lat' dir='ltr'><strong>vid.</strong></span> <span class='ocrx_word' id='word_1_944' title='bbox 2555 5679 2638 5727; x_wconf 83' lang='lat' dir='ltr'><strong>lib.</strong></span> <span class='ocrx_word' id='word_1_945' title='bbox 2657 5679 2720 5748; x_wconf 75' lang='lat' dir='ltr'><strong>de.</strong></span> <span class='ocrx_word' id='word_1_946' title='bbox 2747 5678 2898 5726; x_wconf 78' lang='lat' dir='ltr'><strong>ta-atia</strong></span> <span class='ocrx_word' id='word_1_947' title='bbox 2920 5679 3108 5739; x_wconf 85' lang='lat' dir='ltr'><strong>(:bristi,</strong></span> <span class='ocrx_word' id='word_1_948' title='bbox 3133 5693 3176 5728; x_wconf 93' lang='lat' dir='ltr'><strong>c.</strong></span> <span class='ocrx_word' id='word_1_949' title='bbox 3200 5681 3277 5728; x_wconf 71' lang='lat'><strong>35.</strong></span> 
     </span>
     <span class='ocr_line' id='line_1_125' title="bbox 2336 5740 2898 5793; baseline -0.005 0"><span class='ocrx_word' id='word_1_950' title='bbox 2336 5743 2353 5793; x_wconf 87' lang='lat'><strong>(</strong></span> <span class='ocrx_word' id='word_1_951' title='bbox 2397 5744 2578 5793; x_wconf 81' lang='lat' dir='ltr'><strong>)Eutst.</strong></span> <span class='ocrx_word' id='word_1_952' title='bbox 2608 5741 2696 5793; x_wconf 72' lang='lat'><strong>175)</strong></span> <span class='ocrx_word' id='word_1_953' title='bbox 2721 5749 2768 5793; x_wconf 80' lang='lat' dir='ltr'><strong>et</strong></span> <span class='ocrx_word' id='word_1_954' title='bbox 2796 5740 2898 5791; x_wconf 80' lang='grc'><strong>176.</strong></span> 
     </span>
    </p>
   </div>
   <div class='ocr_carea' id='block_1_124' title="bbox 2336 5740 2898 5808">
    <p class='ocr_par' dir='ltr' id='par_1_124' title="bbox 2336 5740 2898 5808">
     <span class='ocr_line' id='line_1_126' title="bbox 2336 5740 2898 5808; baseline -0.005 -15"><span class='ocrx_word' id='word_1_955' title='bbox 2336 5740 2415 5806; x_wconf 78' lang='grc' dir='ltr'><strong>(ά)</strong></span> <span class='ocrx_word' id='word_1_956' title='bbox 2437 5743 2578 5808; x_wconf 80' lang='lat' dir='ltr'><strong>Epist.</strong></span> <span class='ocrx_word' id='word_1_957' title='bbox 2608 5741 2696 5794; x_wconf 69' lang='lat' dir='ltr'><strong>ira</strong></span> <span class='ocrx_word' id='word_1_958' title='bbox 2721 5749 2768 5793; x_wconf 78' lang='lat' dir='ltr'><strong>Ct</strong></span> <span class='ocrx_word' id='word_1_959' title='bbox 2796 5740 2898 5791; x_wconf 74' lang='grc' dir='ltr'><strong>ιτθ.</strong></span> 
     </span>
    </p>
   </div>
  </div>
