3990 6384
217 465 301 524 817
1380 464 1863 526 EPISTULABUM
1898 471 2175 534 CLASSIS
2212 479 2297 536 lll.

215 580 453 638 memoria:
494 580 688 650 Papam
736 579 1131 649 Innocentium,
1185 592 1377 653 praeter
1418 584 1767 639 conciliorum

214 672 491 733 relationes,
518 671 722 726 litteras
755 671 1044 729 familiares
1064 717 1078 739 ,
1111 675 1197 731 ubi
1225 675 1293 731 de
1324 677 1434 745 ipsa
1479 693 1638 731 causa
1667 676 1767 731 ali-

211 771 380 834 quanto
405 760 597 815 diutius
623 763 826 833 egimus
854 761 949 837 (a).
978 764 1057 819 Ad
1079 767 1256 820 omnia
1285 766 1438 821 nobis
1465 766 1551 821 ille
1576 767 1769 823 rescri-

214 855 298 924 psit
318 868 376 908 eo
398 852 576 917 modo,
608 870 714 924 quo
742 854 758 886 ¹
788 853 864 909 fas
890 864 1004 910 erat
1030 864 1188 927 atque
1229 856 1509 926 oportebat
1548 864 1767 927 sposto-

216 947 310 1003 licze
330 947 477 1002 Sedis
497 948 788 1003 antistitem
818 948 917 1021 (b).

268 1040 313 1095 3.
334 1038 456 1107 Quae
480 1039 658 1095 omnia
686 1040 847 1095 modo
876 1041 1052 1111 legere
1080 1042 1305 1113 poteris,
1336 1042 1381 1095 si
1412 1057 1597 1096 eorum
1628 1042 1769 1098 forte

211 1130 265 1186 ad
291 1140 334 1185 te
358 1130 438 1185 vel
465 1130 605 1186 nulla
636 1131 719 1185 vel
750 1147 853 1186 non
879 1142 1066 1187 cuncta
1092 1143 1481 1202 pervenerant:
1508 1132 1597 1187 ubi
1622 1133 1769 1189 vide-

210 1222 293 1287 bis,
321 1230 520 1275 servata
545 1236 670 1291 erga
702 1221 973 1277 hominem
1010 1223 1375 1278 moderatione
1405 1240 1522 1293 quze
1548 1224 1764 1292 debuit,

212 1329 264 1367 ne
288 1311 619 1366 damnaretur
643 1313 688 1368 si
720 1329 877 1382 prava
901 1313 1180 1369 damnaret
1202 1317 1244 1379 ’,
1271 1314 1442 1384 ipsum
1471 1322 1649 1371 tamen
1679 1332 1769 1371 no-

210 1406 372 1462 vellum
414 1415 467 1461 et
512 1406 866 1475 perniciosum
896 1422 1132 1463 errorem
1168 1408 1246 1463 sic
1286 1408 1641 1464 ecclesiastica
1668 1424 1766 1462 att-

208 1497 424 1552 ctoritate
445 1510 832 1568 compressum,
854 1506 913 1551 ut
934 1497 1157 1553 multum
1181 1500 1436 1553 miremur
1456 1513 1576 1554 esse
1593 1498 1767 1554 adhuc

206 1588 433 1659 quosdam
468 1589 558 1658 qui
590 1604 686 1659 per
710 1589 1001 1659 quemlibet
1035 1605 1273 1645 errorem
1313 1592 1498 1661 gratim
1541 1590 1634 1648 Dei
1676 1608 1769 1647 co-

205 1693 373 1736 nentur
400 1682 695 1745 obsistere;
719 1682 761 1735 si
792 1691 965 1737 tamen
1001 1681 1116 1737 haec
1141 1692 1287 1752 gesta
1316 1698 1437 1738 esse
1466 1683 1767 1740 didicerunt

204 1787 302 1841 qtae
319 1771 480 1839 gratia
509 1770 601 1825 Dei
623 1786 716 1840 per
734 1770 913 1826 Jesunt
930 1770 1198 1827 Christum
1219 1773 1496 1827 Dominum
1526 1784 1765 1830 nostrum

204 1864 342 1933 (quod
374 1862 505 1917 lides
535 1879 658 1918 vera
687 1871 741 1918 et
768 1864 1027 1919 catholica
1068 1873 1213 1920 tenet
1251 1880 1463 1935 semper
1503 1865 1765 1941 Ecclesia)

203 1952 403 2023 pusillos
428 1969 549 2008 cum
589 1956 792 2024 magnis
818 1970 849 2008 a
878 1963 1050 2012 morte
1075 1957 1230 2026 primi
1256 1956 1489 2014 hominis
1512 1959 1578 2013 ad
1604 1960 1763 2015 vitam

200 2044 393 2099 secundi
421 2044 651 2100 hominis
670 2045 952 2112 transfert;
974 2064 1077 2101 non
1096 2047 1268 2103 solum
1285 2058 1499 2119 peccata
1510 2050 1762 2119 dolendo,

200 2151 360 2190 verum
404 2136 562 2190 etiam
592 2137 657 2191 ad
689 2152 792 2191 non
821 2137 1147 2207 peccandum
1185 2151 1435 2210 recteque
1459 2141 1761 2209 vivendum,

199 2242 281 2283 eos
321 2228 408 2298 qui
434 2228 542 2298 jam
575 2228 652 2282 uti
681 2238 904 2299 possunt
942 2231 1229 2287 voluntatis
1270 2232 1489 2287 arbitrio
1517 2235 1593 2289 sic
1616 2235 1768 2305 adju—

199 2320 386 2386 rando,
422 2330 479 2375 ut
504 2322 607 2376 nisi
636 2322 879 2391 adjuvet,
906 2323 1034 2378 nihil
1062 2324 1273 2393 pietatis
1316 2337 1474 2396 atque
1512 2326 1759 2397 jnstitize,

198 2411 298 2467 sive
339 2412 388 2466 in
437 2427 623 2481 Opere,
651 2413 764 2469 sive
791 2415 953 2468 etiam
1003 2414 1053 2468 in
1102 2415 1213 2485 ipsa
1254 2416 1528 2471 voluntate
1567 2418 1765 2474 habere

196 2504 447 2573 possimus
473 2523 485 2558 :
518 2506 655 2560 Deus
680 2506 874 2577 quippe
898 2517 1148 2578 operatur
1175 2508 1225 2562 in
1251 2510 1404 2564 nobis
1432 2520 1487 2565 et
1515 2511 1649 2567 velle
1668 2554 1683 2578 ,
1711 2522 1766 2569 et

197 2596 414 2666 operari,
443 2613 537 2665 pro
564 2596 700 2652 bona
726 2600 995 2653 voluntate
1020 2598 1240 2670 (Philip.
1277 2616 1336 2665 tt,
1368 2602 1478 2671 15).

261 2685 472 2746 CAPUT
502 2687 565 2743 Il.
591 2690 728 2744 —«l.
759 2690 890 2745 Nam
916 2692 1034 2761 quis
1060 2707 1178 2756 nos,
1207 2692 1307 2746 nisi
1336 2694 1422 2763 qui
1452 2694 1595 2749 venit
1619 2710 1765 2766 qum-

194 2795 300 2835 rere
319 2788 372 2835 et
394 2780 600 2835 salvare
620 2780 759 2850 quod
782 2782 1034 2851 perierat,
1054 2783 1120 2837 ab
1145 2783 1233 2837 illa
1256 2784 1568 2852 perditionis
1589 2801 1761 2841 massa

194 2883 240 2929 et
278 2875 618 2930 concretione
643 2874 933 2930 discernit?
957 2875 1106 2931 Unde
1145 2876 1429 2946 Apostolus
1473 2878 1766 2950 interrogat

192 2967 383 3035 dicens,
414 2968 540 3034 Quis
568 2969 701 3022 enim
729 2976 775 3021 te
800 2969 1079 3023 discernit?
1116 2969 1205 3024 ubi
1248 2972 1291 3024 si
1336 2970 1531 3025 dixerit
1580 2972 1761 3040 homo,

189 3059 339 3117 Fides
364 3063 781 3126 mea,volnntas
827 3078 979 3128 mea,
1022 3063 1217 3118 bonum
1261 3080 1396 3135 opus
1434 3081 1646 3131 meum;
1679 3083 1766 3122 re-

189 3153 467 3225 spondetur
490 3154 571 3220 ei,
604 3154 738 3221 Quid
775 3155 905 3208 enim
934 3153 1083 3209 habes
1112 3155 1248 3223 quod
1275 3171 1376 3209 non
1403 3158 1678 3225 accepisti?
1704 3156 1767 3212 Si

186 3257 343 3301 autem
370 3248 670 3319 accepisti,
716 3248 838 3318 quid
880 3248 1115 3320 gloriaris
1165 3252 1311 3321 quasi
1365 3266 1466 3304 non
1513 3252 1765 3320 acceperis

187 3337 225 3404 (l
248 3338 363 3392 Cor.
387 3354 460 3401 tv,
488 3337 582 3409 7)?
607 3339 717 3393 Hoc
744 3339 927 3411 utique
965 3348 1132 3394 totum
1177 3340 1320 3407 ideo,
1358 3357 1462 3395 non
1506 3352 1564 3396 ut
1602 3342 1766 3398 homo

187 3444 278 3484 non
303 3430 581 3501 glorietur,
613 3430 706 3485 sed
736 3440 790 3485 nt
816 3431 905 3502 qui
936 3431 1212 3501 gloriatur,
1241 3434 1293 3487 in
1321 3433 1542 3488 Domino
1568 3434 1765 3504 glorie-

186 3529 261 3576 tur
284 3521 393 3593 (Id.
424 3539 461 3587 ι,
493 3523 615 3593 51);
645 3538 748 3577 non
779 3538 845 3578 ex
872 3523 1121 3594 operibus
1140 3564 1155 3586 ,
1184 3539 1251 3579 ne
1277 3522 1414 3579 forte
1442 3526 1559 3596 quis
1588 3526 1763 3581 extol-

186 3614 315 3670 latur
338 3613 501 3687 (Eph.
532 3631 588 3674 ιι,
616 3613 671 3686 9)
699 3633 709 3667 :
735 3631 840 3670 non
865 3617 986 3685 quia
1013 3616 1148 3672 bona
1177 3632 1339 3687 opera
1366 3617 1387 3649 ³
1416 3618 1759 3687 frustrantur,

184 3721 291 3761 cum
322 3707 464 3761 Deus
490 3705 678 3763 reddat
702 3707 983 3778 unicuique
1007 3709 1299 3763 secundum
1325 3724 1487 3779 opera
1509 3708 1644 3779 ejus.
1667 3710 1765 3765 sit-

183 3814 271 3868 que
318 3799 486 3869 gloria
531 3806 586 3854 et
632 3800 802 3855 honor
847 3808 900 3855 et
945 3815 1045 3870 pax
1088 3801 1233 3854 omni
1276 3802 1516 3871 operanti
1563 3802 1761 3857 bonum

184 3886 347 3958 (Rom.
382 3905 438 3954 η,
468 3888 669 3960 6,10);
703 3889 795 3944 sed
839 3890 962 3960 quia
986 3906 1148 3959 opera
1187 3906 1250 3946 ex
1291 3895 1493 3961 gratia,
1535 3910 1639 3949 non
1695 3910 1763 3949 ex

182 3979 424 4049 oporibus
447 3980 648 4050 gratia;
673 3980 922 4051 quoniam
961 3981 1093 4036 lides
1130 3997 1248 4051 qua:
1279 3996 1374 4052 per
1420 3983 1762 4040 dilectionem

181 4081 425 4141 operatur
466 4070 664 4139 (Galat.
682 4088 737 4138 v,
762 4072 841 4141 6),
865 4073 992 4126 nihil
1020 4084 1331 4142 operaretur
1358 4076 1456 4128 nisi
1488 4075 1599 4143 ipsa
1626 4075 1762 4131 dile-

182 4165 275 4218 ctio
307 4164 399 4219 Dei
427 4162 813 4218 diffunderetur
838 4164 891 4219 in
916 4163 1166 4220 cordibus
1212 4165 1410 4219 nostris
1452 4180 1547 4234 per
1590 4166 1763 4237 Spiri-

184 4263 279 4308 tum
323 4261 569 4309 sanctum
610 4253 699 4323 qui
743 4252 897 4309 datus
946 4262 1027 4309 est
1078 4252 1234 4309 nobis
1262 4254 1437 4324 (Rom.
1466 4271 1521 4321 v,
1548 4256 1625 4327 5).
1652 4255 1763 4313 Nec

186 4346 280 4418 ipsa
308 4348 445 4403 lides
474 4355 619 4402 esset
644 4346 695 4400 in
722 4346 874 4401 nobis
894 4387 908 4410 ,
939 4346 1037 4400 nisi
1085 4346 1225 4400 Deus
1266 4347 1547 4418 unicuique
1598 4348 1761 4419 parti-

185 4450 317 4497 retur
343 4456 652 4495 mensuram
683 4439 803 4494 lidei
829 4437 940 4508 (Id.
964 4454 1055 4503 xn,
1084 4439 1160 4507 5).

245 4532 292 4587 5.
320 4533 529 4587 Bonum
560 4540 642 4587 est
679 4531 836 4601 igitur
882 4530 1080 4584 homini
1131 4539 1189 4585 ut
1234 4546 1356 4586 eum
1402 4534 1524 4588 totis
1561 4534 1764 4592 viribus

186 4622 320 4679 tiberi
347 4624 553 4678 arbitrii
575 4622 658 4678 sui
686 4623 947 4678 veraciter
964 4624 1123 4686 dicat,
1141 4622 1509 4679 Fortitudinem
1526 4643 1684 4680 meam
1696 4628 1764 4681 ad

187 4723 227 4767 te
257 4716 535 4769 custodiam
579 4713 752 4787 (Psal.
782 4730 936 4782 LVIII,
967 4715 1059 4783 10)
1086 4733 1099 4769 :
1125 4715 1250 4785 quia
1292 4717 1383 4771 ille
1427 4718 1517 4788 qui
1565 4719 1764 4787 putavit

185 4806 287 4864 sine
328 4809 495 4878 ipsius
533 4807 800 4877 adjutorio
832 4822 892 4863 se
930 4822 1088 4878 posse
1128 4807 1396 4863 custodire
1423 4809 1565 4879 quod
1594 4810 1758 4877 dedit,

185 4901 441 4969 profectus
472 4902 523 4956 in
554 4901 897 4972 longinquam
924 4902 1217 4971 regionem,
1240 4910 1294 4956 et
1313 4905 1497 4957 vivens
1525 4904 1759 4975 prodige,

244 5017 259 5046 ‘
290 5019 363 5067 Sic
408 5015 509 5078 leg.
554 5027 619 5065 ex
657 5020 762 5064 Mss.
806 5012 1096 5080 [rescripsit
1129 5016 1510 5080 eodemhmodo,
1556 5028 1650 5079 quo
1689 5018 1765 5080 rus

186 5084 294 5140 erat,
314 5075 587 5140 etc.].'Nec
619 5090 715 5140 non
750 5075 895 5140 paulo
947 5075 1180 5140 inferius,
1217 5076 1275 5124 ad
1309 5075 1519 5140 litteram
1538 5075 1656 5140 (ἕως
1682 5075 1760 5130 tus.

187 5135 302 5201 sulp'.
326 5142 377 5190 in
401 5135 923 5201 t'extumﬂbgec'lectio
956 5135 1109 5187 relata
1135 5145 1233 5201 est.
1274 5138 1495 5201 scilicet:
1521 5137 1571 5189 si
1606 5146 1765 5191 tamen

186 5195 279 5250 hac
298 5208 429 5267 gesta
445 5213 548 5252 esse
570 5198 841 5250 didicerunt
863 5211 988 5262 quae,
1016 5207 1110 5248 etc.
1133 5197 1218 5259 [Si
1231 5205 1389 5249 tamen
1410 5197 1515 5250 haec
1537 5207 1671 5252 Gesta
1693 5202 1765 5252 dio

188 5258 396 5313 dicarunt
424 5275 443 5313 :
467 5263 615 5323 quod,
644 5269 740 5311 etc.
758 5263 798 5323 ].
896 5321 905 5323 Α
1115 5321 1122 5323 _
1236 5321 1246 5323 ᾼ

220 5270 396 5313 tcerunt
424 5275 443 5313 .‘
467 5269 615 5313 αηοιι.
644 5269 740 5311 etc.
768 5269 798 5313 1.

243 5275 396 5313 rerum
424 5275 443 5313 :
467 5275 615 5327 quoa,
644 5275 740 5311 etc.
760 5275 798 5323 λ.

243 5325 261 5354 ³
284 5333 386 5376 tum.
412 5326 596 5387 νεαρ.)
626 5332 750 5387 Erga
778 5321 989 5373 homines
1011 5321 1335 5374 moderatione
1350 5361 1364 5385 ,
1389 5336 1449 5373 ne
1471 5324 1762 5376 damnaren-

188 5387 284 5443 tur,
307 5387 353 5437 si
371 5399 522 5443 prava
544 5384 845 5436 danmarent.

243 5448 264 5480 ³
284 5445 425 5520 :
456 5452 557 5520 Ista
568 5445 1269 5520 piasogitatioueﬁ'ustrantttr
1292 5458 1309 5495 :
1333 5446 1585 5520 mendose,
1606 5450 1764 5520 ut_vi-

187 5518 286 5579 lum
308 5518 383 5579 est
405 5507 610 5579 eruditis
630 5507 750 5559 viris
782 5510 865 5579 qui
897 5507 1283 5579 substituerunt,
1322 5507 1628 5579 retributione
1657 5512 1764 5574 fru-

188 5574 402 5623 strantur.
419 5572 511 5622 Sed
533 5572 784 5634 opinamur
798 5570 844 5634 id
868 5570 993 5634 quod
1009 5570 1067 5620 ad
1084 5571 1351 5634 marginem
1364 5578 1641 5621 annotatum
1658 5570 1766 5625 iue-

188 5639 277 5697 rat,
307 5634 509 5693 scilicet,
646 5630 899 5697 cogitatio;
924 5630 1433 5697 irrepsisse'demunr
1452 5634 1500 5681 in
1530 5641 1760 5697 textum:

188 5696 358 5757 quippe
392 5692 502 5747 eum
538 5692 677 5745 Beda:
698 5692 938 5757 r'vulgtlus
971 5692 1345 5757 commentarius
1375 5694 1434 5743 ad
1466 5692 1611 5757 Galat.
1648 5696 1679 5745 2
1714 5706 1767 5750 et

190 5754 321 5807 vetus
334 5758 468 5806 Cori).
489 5757 644 5807 codex
661 5754 881 5818 ejusdem
897 5757 1064 5816 oreris
1076 5758 1167 5805 sub
1183 5754 1302 5805 Flori
1326 5757 1539 5817 nomine,
1554 5756 1767 5811 habeant

189 5819 520 5879 tantummodo,
544 5817 666 5868 bona
684 5816 831 5883 opera
853 5816 1164 5881 frustrantur.
1250 5868 1253 5871 ,

247 5878 316 5929 (α)
338 5883 474 5929 Epist.
505 5882 610 5929 177.

268 5883 316 5931 a)
338 5883 474 5931 Epist.
505 5883 610 5929 177.

246 5878 317 6001 ig;
338 5882 633 6004 533%,
659 5940 749 5992 18?.
771 5947 821 5991 et
846 5940 950 5990 183.

3357 504 3465 561 818

1872 600 2057 645 cuneta
2088 600 2435 669 consumpsit,
2469 611 2521 657 et
2549 604 2760 661 miseria
2802 607 2950 664 durte
2993 613 3262 669 servitutis
3306 620 3460 672 attri-

1875 687 1978 743 tus,
2004 699 2353 757 reversusque
2381 694 2431 746 in
2460 697 2806 769 semetipsum
2836 698 3000 766 dixit,
3034 703 3278 775 Surgam,
3307 717 3356 760 et
3380 708 3460 761 ibo

1874 774 1943 865 ad
1960 786 2154 845 patrem
2175 796 2337 835 meum
2363 783 2513 848 (Luc.
2546 803 2635 855 xv,
2665 790 2880 864 12-18):
2905 810 3060 864 quam
3082 774 3457 865 cogitationem

1874 862 2067 919 bonam
2101 871 2312 938 quando
2352 874 2601 942 haberet,
2632 880 2729 933 nisi
2756 891 2808 936 et
2830 862 3005 949 ipsam
3044 885 3119 940 illi
3156 862 3213 940 in
3254 888 3462 942 occulto

1875 968 2026 1027 pater
2056 961 2583 1027 misericordiSsimus
2611 973 2957 1042 inspirasset?
2978 978 3127 1044 Quod
3157 979 3462 1049 intelligens

1874 1050 2117 1107 minister
2141 1054 2229 1108 ille
2253 1056 2385 1112 Novi
2412 1059 2754 1128 Testamenti,
2789 1064 2910 1120 Non
2930 1069 3046 1138 quia
3068 1069 3239 1123 idonei
3261 1087 3456 1138 sumus,

1876 1137 2068 1211 inquit.
2099 1148 2322 1217 cogitare
2346 1150 2544 1220 aliquid
2570 1171 2601 1207 a
2629 1155 2771 1209 nobis
2794 1159 2937 1226 quasi
2963 1175 3026 1212 ea:
3052 1137 3461 1231 nobismetipsis:

1871 1233 1961 1286 sed
2003 1235 2295 1306 suﬁcientia
2333 1252 2505 1295 nostra
2551 1260 2616 1298 ea:
2657 1244 2766 1301 Deo
2803 1257 2892 1302 est.
2935 1249 3085 1304 Unde
3114 1260 3167 1306 et
3207 1251 3296 1308 ille
3334 1269 3457 1307 cum

1873 1320 2122 1391 dixisset,
2152 1326 2525 1387 Fortitudinem
2564 1352 2725 1390 meum
2758 1340 2826 1392 ad
2854 1350 2902 1393 te
2926 1343 3207 1396 custodiam
3241 1343 3309 1411 (ll
3336 1343 3459 1399 Cor.

1873 1428 1951 1477 ιιι,
1983 1412 2075 1485 5);
2103 1433 2171 1472 ne
2194 1419 2275 1473 vel
2307 1422 2409 1477 hoc
2438 1423 2609 1493 ipsum
2648 1428 2771 1496 quia
2808 1430 3068 1497 custodit,
3105 1435 3216 1489 suis
3254 1434 3459 1491 viribus

1871 1516 2172 1595 arrogaret,
2206 1518 2450 1579 tanquam
2479 1516 2528 1570 ei
2556 1519 2787 1574 venisset
2827 1520 2879 1575 in
2920 1532 3154 1579 mentem
3194 1526 3315 1595 quia
3354 1527 3461 1583 nisi

1874 1594 2131 1652 Dominus
2150 1602 2463 1658 custodierit
2487 1606 2775 1674 civitatein,
2807 1610 2861 1665 in
2892 1627 3084 1667 vanum
3112 1594 3326 1684 vigilant
3364 1617 3458 1685 qui

1872 1693 2178 1750 custodiunt
2206 1713 2322 1752 eam
2347 1698 2517 1770 (Psal.
2538 1716 2719 1771 eam,
2748 1702 2838 1775 1);
2860 1714 2915 1761 et
2936 1721 3041 1763 non
3066 1690 3264 1763 dormit
3286 1724 3462 1780 neque

1870 1783 2125 1841 dormitat
2165 1789 2254 1887 qui
2289 1792 2520 1887 custodit
2566 1793 2725 1850 Israel
2756 1795 2929 1865 (Psal.
2957 1814 3077 1863 cxx,
3106 1799 3195 1869 4);
3221 1799 3465 1887 adjunxit

1870 1890 2086 1932 causam
2130 1880 2273 1936 unde
2316 1883 2407 1938 ttat
2442 1884 2665 1940 idoneus
2700 1888 2988 1956 custodire,
3017 1889 3100 1945 vel
3136 1906 3244 1962 quo
3288 1880 3463 1963 potius

1870 1971 2091 2027 custode
2133 1983 2401 2040 servetur,
2437 1978 2707 2045 Quoniam,
2751 1980 2923 2048 Deus,
2951 1983 3152 2053 inquit,
3202 1996 3464 2056 susceptor

1870 2077 2009 2116 meus
2034 2081 2102 2118 σε.

1940 2156 1994 2211 6.
2035 2158 2252 2214 Recolat
2276 2161 2432 2231 igitur
2452 2162 2552 2219 iSle
2573 2164 2617 2217 si
2648 2171 2825 2234 potest
2847 2168 3034 2221 merita
3061 2181 3177 2234 sua,
3206 2167 3347 2224 unde
3372 2169 3461 2225 fa-

1869 2256 2011 2303 ctum
2042 2250 2111 2304 sit
2138 2260 2194 2305 ut
2220 2252 2357 2307 Deus
2379 2253 2690 2323 dignaretur
2714 2255 2831 2326 ejus
2857 2272 2976 2312 esse
3000 2265 3297 2329 susceptor,
3319 2273 3383 2335 ac
3412 2261 3460 2316 si

1872 2340 2013 2397 Deus
2059 2352 2202 2397 esset
2246 2358 2541 2415 susceptus.
2584 2348 2801 2403 Recolat
2846 2358 3022 2406 utrum
3061 2350 3358 2421 quaesierit,
3390 2368 3459 2409 an

1870 2434 2124 2501 quresitns
2148 2435 2237 2498 sit,
2265 2437 2444 2493 abillo
2470 2438 2675 2495 scilicet
2709 2441 2797 2511 qui
2839 2442 2982 2497 venit
3008 2457 3249 2513 quaerere
3272 2452 3327 2500 et
3354 2446 3464 2500 sal-

1869 2537 1996 2578 vare
2016 2525 2155 2593 quod
2188 2527 2417 2594 perierat
2447 2528 2606 2599 (Luc.
2637 2546 2757 2597 xtx,
2798 2531 2911 2601 1ο).
2959 2531 3091 2587 Nam
3135 2534 3179 2589 si
3217 2550 3461 2605 quaerere

1869 2617 2095 2672 voluerit
2119 2628 2243 2673 ante
2268 2621 2490 2688 gratiam
2511 2622 2635 2692 quid
2658 2624 2910 2678 meruerit
2939 2634 2991 2678 ut
3023 2624 3290 2695 acciperet
3311 2640 3454 2691 eam,

1870 2709 2006 2763 mala
2037 2726 2130 2764 sua
2167 2713 2362 2781 poterit
2400 2713 2561 2768 homo
2607 2716 2871 2783 invenire,
2900 2733 3008 2772 non
3046 2718 3183 2772 bona
3204 2759 3219 2784 ,
3247 2719 3459 2775 etiamsi

1870 2815 1991 2855 eum
2023 2802 2180 2857 unius
2202 2804 2307 2859 diei
2335 2805 2495 2860 vitam
2538 2805 2818 2862 habentem
2849 2824 3010 2879 super
3048 2816 3246 2866 terram
3287 2812 3457 2882 gratia

1869 2891 2158 2949 Salvatoris
2211 2896 2490 2952 invenerit.
2531 2898 2662 2965 Quia
2703 2900 2746 2954 si
2792 2900 2988 2971 aliquid
3039 2901 3163 2957 boni
3207 2913 3459 2973 operatur

1870 2983 2030 3040 homo
2056 2995 2111 3040 ut
2134 2988 2355 3057 gratiam
2406 2999 2695 3056 mereatur,
2726 3005 2827 3045 non
2853 2991 2904 3045 ei
2932 3005 3137 3047 meroes
3169 2992 3460 3063 imputatur

1870 3078 2157 3132 secundmn
2205 3081 2448 3147 gratiam,
2481 3082 2573 3135 sed
2598 3082 2887 3137 secundum
2914 3083 3170 3139 debitum.
3192 3083 3247 3141 Si
3280 3094 3458 3140 autem

1868 3169 2035 3223 credit
2058 3171 2106 3223 in
2133 3186 2254 3225 eum
2276 3173 2360 3242 qui
2379 3172 2635 3241 jusﬁﬂcat
2662 3175 2898 3244 impium,
2931 3185 2990 3231 ιιι
3015 3176 3299 3246 deputetur
3326 3178 3461 3233 ﬁdes

1868 3262 1983 3331 ejus
2003 3264 2066 3317 ad
2092 3264 2348 3332 justitiam
2368 3266 2544 3336 (Rom.
2569 3282 2644 3332 tv,
2673 3269 2727 3333 6,
2755 3267 2810 3329 5)
2842 3267 3033 3338 (justus
3070 3268 3212 3324 enim
3247 3285 3311 3325 ex
3354 3270 3461 3326 tido

1868 3354 1994 3408 vivit
2019 3352 2244 3425 [Habac.
2260 3373 2316 3422 ιι,
2354 3357 2457 3429 6]),
2506 3358 2743 3427 profecto
2765 3367 3048 3430 antequam
3092 3359 3260 3430 gratia
3290 3360 3455 3430 justi-

1868 3444 2073 3509 licetnr,
2106 3446 2155 3500 id
2195 3456 2276 3501 est
2310 3448 2485 3516 justus
2514 3449 2792 3517 efliciatur,
2820 3451 3014 3521 impius
3038 3451 3162 3521 qttid
3200 3461 3302 3515 est,
3348 3453 3454 3508 nisi

1870 3537 2101 3609 impius?
2121 3555 2279 3610 quem
2312 3542 2356 3595 si
2384 3542 2621 3597 debitum
2656 3553 2985 3613 sequeretur,
3016 3545 3141 3615 quid
3183 3545 3298 3617 ejus
3336 3563 3455 3603 me-

1868 3631 1972 3685 rito
2003 3631 2102 3686 nisi
2148 3632 2463 3701 supplicium
2490 3634 2840 3691 redderetur?
2867 3636 2922 3693 Si
2957 3652 3086 3709 ergo
3112 3640 3275 3707 gratia
3295 3679 3313 3707 ,
3339 3639 3453 3708 jam

1867 3737 1975 3776 non
2000 3736 2067 3777 ex
2089 3723 2342 3791 eperibus
2368 3734 2479 3789 est;
2505 3725 2737 3796 alioquin
2763 3726 2928 3797 gratia
2953 3725 3062 3796 jam
3092 3742 3196 3782 non
3224 3736 3308 3785 est
3334 3744 3458 3798 gra-

1868 3814 1940 3867 tia
1968 3813 2143 3877 (Rom.
2191 3831 2278 3878 xr,
2320 3814 2399 3884 6).
2444 3816 2706 3886 Operibns
2742 3817 2882 3871 enim
2909 3817 3146 3873 debitum
3190 3818 3455 3887 redditur,

1865 3905 2032 3975 gratia
2052 3907 2220 3976 gratis
2248 3906 2434 3971 datur;
2466 3908 2607 3963 unde
2634 3910 2792 3963 etiam
2815 3919 3164 3981 nuncupatur.

1936 3995 2164 4051 CAPUT
2189 3995 2406 4052 [IL—7.
2430 3998 2619 4068 Siquis
2640 4008 2816 4052 autem
2846 4000 3039 4054 dixerit
3061 4001 3203 4071 quod
3227 4002 3455 4072 gratiam

1867 4086 2003 4141 bene
2027 4086 2281 4156 operandi
2306 4087 2438 4142 fides
2463 4098 2764 4152 mercatur;
2787 4104 2982 4159 negare
3009 4105 3112 4143 non
3145 4104 3447 4160 possumus,

1867 4194 1974 4234 uno
2001 4195 2127 4235 vero
2154 4180 2456 4251 gratissime
2478 4182 2812 4236 conﬁtemur.
2837 4180 2985 4236 lianc
3003 4182 3147 4237 enim
3176 4181 3334 4238 ﬁdem
3359 4197 3457 4238 vo-

1866 4272 2043 4327 lumus
2083 4271 2475 4344 habeant,qna
2506 4273 2791 4344 impetrent
2817 4274 3128 4334 charitatem
3177 4292 3298 4348 qua:
3334 4277 3451 4335 sola

1866 4379 1991 4420 vere
2017 4364 2153 4419 bene
2188 4373 2457 4433 operatur,
2490 4364 2576 4419 isti
2603 4364 2792 4420 fratres
2823 4366 2988 4420 nostri
3017 4367 3109 4437 qui
3136 4368 3357 4424 multum
3384 4367 3455 4425 de

1866 4456 1977 4511 suis
2002 4456 2255 4527 operibus
2279 4456 2571 4527 gloriantur
2594 4473 2606 4510 :
2629 4458 2863 4513 cltaritas
2892 4468 3068 4515 autem
3110 4474 3280 4532 usque
3319 4460 3457 4517 adeo

1866 4545 2063 4602 donum
2111 4547 2200 4601 Dei
2245 4554 2359 4611 est,
2388 4556 2445 4602 ut
2473 4547 2611 4603 Deus
2635 4546 2844 4603 dicatur
2886 4546 2928 4622 (Ι
2953 4549 3110 4603 .Ioan.
3140 4565 3213 4613 tv,
3245 4548 3321 4622 8).
3344 4550 3450 4619 Qui

1866 4655 1996 4711 ergo
2024 4640 2222 4696 habent
2254 4640 2410 4695 iidem
2440 4656 2541 4711 qua
2572 4640 3300 4711 impetrentjustilleationem
3318 4682 3332 4702 .
3358 4659 3457 4713 per

1868 4731 1963 4786 Dei
1986 4732 2210 4801 gratiam
2250 4742 2603 4800 pervenerunt
2638 4732 2705 4786 ad
2736 4733 2904 4803 legem
2925 4732 3141 4801 jnstitite
3166 4749 3178 4786 :
3208 4731 3348 4787 unde
3371 4732 3455 4787 di-

1866 4824 2020 4887 citur,
2056 4822 2304 4892 Tempore
2329 4825 2625 4895 acceptabili
2659 4825 2893 4879 exaudiui
2922 4833 2988 4885 te.
3017 4833 3061 4879 et
3088 4823 3141 4878 in
3170 4824 3253 4878 die
3272 4824 3453 4880 salutis

1865 4918 2038 4988 adjuvi
2062 4927 2108 4969 te
2137 4915 2286 4987 (Isai.
2315 4933 2458 4982 χιιι,
2485 4917 2565 4989 8).
2591 4918 2815 4973 Proinde
2836 4918 2886 4971 in
2914 4917 2978 4972 iis
3002 4918 3089 4987 qui
3120 4932 3216 4987 per
3239 4917 3451 4973 electio-

1868 5024 1988 5064 nem
2018 5009 2202 5078 gratiae
2222 5009 2351 5064 salvi
2385 5010 2532 5074 ﬁunt.
2551 5010 2758 5081 adiutor
2775 5010 2915 5065 Deus
2932 5019 3186 5079 operatur
3209 5020 3264 5067 et
3289 5012 3451 5076 velle.

1867 5112 1921 5159 et
1946 5103 2188 5174 operari,
2212 5118 2308 5172 pro
2332 5104 2472 5159 bona
2498 5104 2802 5167 voluntate;
2829 5103 3079 5172 quoniam
3106 5104 3448 5175 diligentibus

1867 5196 2035 5251 Deum
2066 5195 2240 5250 omnia
2266 5204 2620 5266 coeperantnr
2653 5195 2705 5249 in
2735 5195 2932 5249 bonum
2962 5195 3139 5269 (Rom.
3168 5214 3282 5263 vnt,
3309 5196 3406 5268 28)
3438 5215 3452 5252 :

1867 5289 1910 5343 si
1939 5288 2137 5352 omnia,
2166 5288 2347 5359 utique
2376 5296 2428 5343 et
2452 5288 2621 5357 ipsam
2652 5286 2988 5342 dilectionem
3018 5303 3176 5360 quam
3214 5288 3316 5343 [ide
3344 5288 3447 5342 int-

1869 5387 2157 5449 petramns,
2191 5387 2247 5433 ut
2282 5393 2403 5433 eum
2439 5378 2528 5448 qui
2558 5393 2656 5433 nos
2699 5378 2845 5448 prior
2882 5379 3067 5434 dilexit
3100 5387 3159 5433 ut
3202 5379 3254 5433 in
3298 5377 3451 5434 illum

1867 5472 2230 5540 crederemus,
2255 5487 2350 5542 per
2373 5473 2490 5541 ejus
2508 5474 2731 5543 gratiam
2761 5474 3060 5545 diligamus,
3085 5482 3138 5530 et
3167 5473 3453 5545 diligamur

1867 5566 1955 5636 qui
1982 5566 2185 5636 operati
2214 5581 2318 5620 non
2344 5582 2545 5620 sumus.

1940 5659 1992 5712 8.
2034 5658 2132 5725 Qui
2174 5672 2301 5712 vero
2327 5658 2437 5712 suis
2468 5659 2675 5714 meritis
2716 5660 2931 5731 prtemia
2981 5667 3229 5731 tanquam
3268 5661 3454 5718 debita

1870 5756 2199 5819 exspectant,
2234 5763 2332 5803 nec
2362 5749 2472 5818 ipsa
2503 5751 2691 5805 merita
2720 5751 2811 5805 Dei
2841 5751 3023 5821 gratim
3054 5752 3324 5815 tribuunt,
3352 5753 3453 5809 sed

1868 5841 2070 5896 viribus
2097 5842 2326 5912 propria:
2355 5843 2660 5908 voluntatis,
2683 5844 2819 5897 sicut
2837 5843 3034 5899 dictum
3057 5852 3135 5900 est
3156 5844 3223 5899 de
3247 5847 3473 5903 carnali-

1871 5934 2051 6000 Israel,
2083 5944 2463 6005 persequentes
2490 5937 2657 6006 legem
2681 5936 2898 6005 iustitiae
2919 5979 2932 6004 ,
2960 5937 3011 5993 in
3042 5938 3209 6008 legem
3233 5937 3457 6009 justitiaa
