3990 6440
261 475 497 538 CAPUT
540 478 695 534 V.--—
723 477 810 534 l3.
851 475 1002 535 Unde
1025 477 1200 533 autem
1233 485 1668 550 argmucntentur
1696 478 1790 534 ad-

193 579 377 645 versus
419 568 746 639 Apostolum
785 569 1119 640 apertissime
1163 555 1445 635 dicentem,
1499 564 1602 624 Per
1639 581 1795 624 unum

194 662 450 720 hominem
474 662 738 733 peccatum
777 661 983 718 intravit
1029 665 1082 718 in'
1123 663 1388 728 mundum,
1424 669 1470 718 et
1497 677 1585 734 per
1614 675 1793 733 pecca-

191 764 290 812 tum
318 764 484 820 mors,
519 764 575 808 et
600 755 672 809 ita
703 752 760 809 in
803 759 974 811 omnes
1015 753 1237 812 homines
1279 758 1587 828 pertransiit,
1617 757 1669 811 in
1695 771 1793 831 quo

191 852 355 904 omnes
382 853 725 919 peccauerunt
749 843 924 918 (Rom.
958 851 1012 912 ν,
1046 843 1156 913 l2),
1189 845 1424 904 dicentes
1465 851 1623 903 etiam
1665 856 1793 920 par-

191 939 334 994 vulos
368 939 599 1007 propria
630 935 723 1008 per
751 936 976 994 liberum
1006 936 1281 995 arbitrium
1315 940 1512 997 habere
1553 947 1787 1012 peccata,

193 1029 341 1086 tardet
380 1025 694 1093 attendere,
729 1029 976 1102 pigetque
1006 1022 1265 1101 proferre,
1309 1023 1400 1088 sed
1443 1035 1611 1105 magis
1639 1050 1789 1090 com-

191 1121 433 1192 pellimur
457 1120 670 1177 dicere.
693 1119 845 1190 Qubd
872 1117 1012 1178 enim
1035 1121 1322 1193 patuerant
1348 1137 1537 1196 magna
1559 1133 1612 1182 et
1636 1134 1790 1183 acuta

192 1207 391 1282 ingenia
421 1211 693 1283 cogitare,
725 1217 815 1267 aut
857 1207 1051 1284 inopire
1095 1225 1177 1269 est
1205 1216 1429 1272 tacendo
1466 1215 1655 1285 vitare,
1698 1228 1792 1275 aut

191 1304 505 1376 arrogantia:
552 1306 948 1362 contemnendo
988 1305 1280 1378 praeterire.
1323 1309 1478 1376 Ecce,
1521 1310 1785 1384 inquiunt,

193 1395 320 1452 Esau
342 1405 388 1450 et
412 1395 592 1452 Iacob
626 1395 767 1454 intra
788 1399 979 1454 viscera
1008 1410 1237 1456 materna
1265 1402 1538 1470 luctantur,
1580 1413 1625 1460 et
1665 1405 1789 1460 dum

191 1495 480 1554 nascuntur,
515 1489 653 1544 alter
689 1490 1048 1563 supplantatur
1075 1489 1136 1548 ab
1163 1493 1344 1562 altero,
1389 1507 1539 1568 atque
1574 1497 1626 1551 in
1662 1499 1790 1569 pede

193 1582 512 1654 praedantis
540 1585 733 1638 manu‘
762 1585 1108 1657 consequentis
1125 1595 1171 1642 et
1191 1589 1398 1644 tenentis
1424 1589 1644 1658 inventa,
1672 1607 1790 1662 per-

189 1681 406 1729 teber'ans
429 1673 818 1745 quodammodo
843 1671 979 1732 lucta
1008 1677 1340 1735 convincitur.
1373 1673 1639 1746 Quomodo
1668 1701 1788 1756 ergo

190 1767 238 1819 in
257 1764 543 1836 infantibus
574 1763 686 1822 haec
705 1766 986 1840 agentibus,
1011 1769 1209 1825 nullum
1231 1779 1301 1826 est
1322 1771 1399 1827 vel
1422 1772 1491 1827 ad
1511 1773 1694 1829 bonunt
1713 1776 1789 1831 vel

192 1857 251 1910 ad
276 1856 470 1911 malum
501 1859 736 1929 propria?
771 1859 1043 1915 uoluntatis
1080 1861 1364 1928 arbitrium,
1405 1864 1537 1918 unde
1577 1865 1788 1938 prazmia

193 1949 281 2004 sive
305 1948 572 2020 supplicia
601 1945 792 2006 meritis
817 1951 1209 2023 prwcedentibus
1228 1949 1631 2026 subsequantur?

255 2042 338 2098 14.
378 2042 463 2098 Ad
503 2041 616 2098 hoc
645 2055 744 2099 nos
772 2042 1020 2113 dicimus,
1052 2045 1172 2101 ideo
1209 2055 1384 2102 motus
1426 2046 1545 2106 illos
1584 2057 1786 2116 ettan-

195 2147 336 2206 quam
366 2134 603 2205 litigium‘
638 2137 977 2206 parvulorum
1009 2138 1216 2208 signum
1257 2155 1434 2196 rerum
1469 2139 1631 2197 luisse
1675 2158 1788 2197 ina-

195 2238 423 2296 gnarum,
452 2227 583 2299 quia
615 2227 722 2282 non
752 2225 852 2283 fuit
877 2228 1176 2296 arbitrium,
1206 2229 1301 2286 sed
1327 2231 1646 2304 prodigium.
1675 2225 1786 2288 Ne-

196 2332 287 2390 que
321 2319 465 2374 enim
507 2315 692 2374 daturi
730 2325 916 2375 sumus
943 2328 999 2376 et
1037 2320 1202 2378 asinis
1252 2321 1479 2378 liberum
1509 2321 1786 2381 arbitrium

198 2409 487 2477 voluntatis,
539 2409 799 2482 quoniam
847 2407 1005 2484 hujus
1044 2415 1257 2484 generis
1296 2415 1618 2486 iumentum,
1651 2415 1788 2474 sicut

199 2503 434 2576 scriptum
489 2509 604 2573 est,
657 2503 923 2578 subjugale
966 2507 1076 2562 sine
1117 2519 1254 2574 voce,
1286 2509 1503 2565 hominis
1554 2526 1675 2565 voce
1704 2528 1786 2565 re-

199 2593 434 2663 spondens
483 2595 648 2651 vetuit
691 2598 952 2670 propheta!
987 2598 1290 2655 dementiam
1315 2597 1383 2674 (ll
1405 2602 1548 2658 Petr.
1581 2620 1640 2672 ll,
1672 2603 1782 2679 lli).

201 2683 450 2747 libantem
495 2685 600 2760 qui
641 2687 774 2745 tales
811 2705 918 2745 non
960 2691 1296 2763 prodigiosos
1341 2703 1536 2762 motus,
1570 2693 1664 2752 sed
1695 2713 1790 2752 vo-

205 2776 442 2834 luntarios
468 2783 651 2847 actus,
683 2791 784 2837 nec
814 2780 885 2837 de
909 2783 1166 2852 parvulis,
1194 2783 1291 2840 sed
1314 2785 1600 2856 a'parvulis
1621 2783 1786 2846 tactos

202 2885 303 2935 esse
340 2871 726 2943 coatendunt,
780 2873 908 2947 quid
975 2876 1234 2948 Apostolo
1282 2883 1592 2951 responsuri
1635 2893 1782 2950 sunt,

205 2963 280 3032 qui
305 2977 423 3020 cum
463 2974 523 3022 et
574 2965 680 3022 hos
724 2963 969 3038 geminos
1011 2965 1077 3024 ad
1115 2961 1494 3027 documentum
1537 2975 1786 3044 gratuitae

201 3053 363 3125 gratia)
391 3057 905 3115 commemOrandos
925 3058 1152 3128 videret,
1184 3057 1432 3118 Nondum
1467 3057 1601 3119 enim
1629 3067 1780 3134 natis,

205 3145 372 3218 inquit,
391 3161 481 3204 nec
499 3149 707 3221 aliquid
723 3148 984 3224 agentibus
1011 3149 1128 3206 boni
1154 3161 1246 3207 aut
1269 3152 1414 3223 mali,
1441 3163 1496 3208 ut
1514 3157 1790 3212 secundum

203 3237 472 3296 electionem
499 3243 827 3313 propositum
855 3242 953 3300 Dei
978 3255 1220 3314 maneret,
1243 3262 1343 3301 non
1364 3263 1428 3302 ea:
1446 3247 1679 3319 operibus
1697 3251 1787 3305 sed

205 3342 258 3384 ea
273 3339 470 3412 vocante
497 3333 701 3388 dictum
721 3341 814 3400 est,
845 3333 980 3400 Quia
1008 3333 1176 3408 major
1196 3335 1378 3392 seruiet
1400 3337 1586 3394 minori
1608 3339 1783 3412 (Rom.

205 3431 272 3486 ιι,
302 3410 525 3495 ll-lb)?
552 3421 757 3482 deinde
784 3425 1080 3498 adjungens
1122 3427 1483 3486 teSIimonium
1510 3410 1787 3503 prophetce

205 3512 341 3587 longe
368 3527 487 3588 post
514 3517 743 3589 quidem
774 3519 875 3575 ista
904 3518 1152 3588 dicentis,
1181 3521 1278 3578 sed
1306 3530 1485 3579 tamen
1514 3523 1582 3580 de
1611 3524 1711 3582 hac
1729 3542 1788 3583 re

202 3605 454 3678 antiquum
500 3607 609 3664 Dei
639 3607 922 3665 consilium
966 3608 1306 3679 declarantis,
1355 3611 1502 3669 Sicut
1542 3617 1786 3688 scriptum

204 3704 281 3760 ut,
308 3691 490 3769 inquit,
523 3697 700 3754 Iacob
728 3699 903 3767 dilexi,
935 3699 1075 3756 Esau
1100 3712 1271 3759 autem
1305 3704 1424 3760 odio
1461 3706 1615 3762 habui
1642 3707 1786 3778 (bla-

209 3785 323 3842 laclt.
349 3803 388 3856 1,
407 3790 464 3856 2,
493 3790 576 3862 5).

272 3875 352 3933 l5.
391 3877 599 3952 Nempe
628 3877 823 3937 Doctor
851 3877 1102 3937 Gentium
1124 3883 1178 3938 in
1205 3883 1308 3940 tide
1328 3894 1383 3942 ct
1404 3888 1630 3946 veritate
1653 3891 1784 3948 istos

211 3968 429 4037 geminos
450 3970 695 4028 nondum
731 3981 884 4028 natos
921 3972 1054 4028 nihil
1083 3973 1208 4029 boni
1237 3986 1328 4031 aut
1353 3979 1476 4034 mali
1503 3983 1676 4052 egisse
1710 3992 1784 4038 te-

211 4066 378 4129 statur,
415 4071 475 4119 ut
513 4065 689 4138 gratia
730 4065 1168 4136 commendetur;
1196 4078 1250 4124 ut
1281 4071 1423 4142 quod
1452 4072 1650 4130 dictum
1680 4087 1782 4146 est,

213 4147 368 4224 Major
389 4158 568 4214 seruiet
595 4154 802 4226 minori,
825 4175 933 4215 non
961 4175 1028 4216 ex
1055 4162 1328 4233 operibus,
1350 4164 1446 4220 sed
1466 4181 1534 4222 ex
1563 4179 1785 4227 vocante

213 4241 390 4304 dictum
418 4247 770 4322 intelligatur,
802 4257 862 4308 ut
889 4253 1182 4310 secundum
1226 4255 1542 4315 electionem
1588 4276 1786 4332 propo-

213 4336 353 4394 situm
383 4337 479 4399 Del
506 4354 775 4413 maneret,
816 4360 924 4402 non
970 4348 1219 4404 meritum
1260 4348 1494 4408 hominis
1535 4355 1782 4411 anteiret.

213 4424 314 4484 Non
341 4429 481 4490 enim
523 4435 656 4492 dicit
693 4436 1011 4494 electionem
1049 4440 1337 4499 voluntatis
1378 4443 1629 4502 humanae
1673 4451 1785 4506 sive

214 4529 416 4593 naturae,
441 4540 564 4584 cum
597 4544 692 4600 par
719 4527 864 4585 esset
891 4529 943 4585 in
986 4537 1214 4604 utroque
1258 4537 1444 4591 mortis
1489 4537 1788 4596 damnatio-

215 4610 383 4683 nisque
413 4613 682 4688 conditio;
710 4617 804 4676 sed
831 4617 1148 4680 electionem
1176 4627 1361 4696 procul
1387 4628 1550 4686 dubio
1577 4633 1780 4701 gratiae,

217 4708 320 4769 qua
342 4721 442 4764 non
470 4707 673 4766 invenit
697 4709 993 4784 eligendos,
1023 4715 1118 4770 sed
1140 4715 1281 4784 facit,
1304 4717 1372 4774 de
1392 4733 1494 4790 qua
1515 4730 1570 4778 et
1588 4722 1640 4778 in
1658 4739 1786 4779 con-

220 4801 545 4888 sequentibus
583 4802 827 4874 ejusdem
875 4804 1128 4878 Epistolu:
1156 4808 1382 4880 loquens
1409 4812 1515 4866 ait:
1541 4812 1632 4868 Sic
1667 4833 1785 4888 ergo

219 4893 260 4938 et
283 4883 330 4942 in
353 4879 444 4948 ltoc
463 4899 703 4969 tempore,
736 4894 964 4968 reliquie:
987 4916 1078 4970 per
1098 4901 1390 4958 electionem
1414 4908 1593 4976 gratia:
1632 4879 1787 4964 saluta

225 4978 352 5044 facte
367 4995 501 5043 sunt.
524 4981 588 5045 Si
615 4997 786 5044 autem
807 4991 994 5061 gratia,
1012 4992 1128 5063 jam
1147 5009 1250 5048 non
1271 5009 1334 5049 ea:
1358 4997 1628 5066 operibus;
1657 5001 1785 5055 alio-

223 5071 325 5139 quin
343 5080 502 5148 gratia
509 5082 625 5154 jam
652 5099 754 5138 non
775 5092 847 5138 est
865 5085 1030 5155 gratia
1053 5085 1226 5158 (Rom.
1259 5103 1338 5154 ιι,
1356 5089 1410 5155 b',
1439 5090 1518 5163 6).
1546 5091 1639 5148 Cui
1664 5094 1786 5151 loco

226 5164 337 5220 satis
357 5168 499 5230 locus
525 5175 625 5231 iste
643 5176 954 5245 concordat,
984 5177 1073 5234 ubi
1098 5194 1567 5252 commemoratur,
1592 5202 1696 5242 non
1717 5204 1782 5245 ex

229 5260 472 5351 operibus,
511 5267 604 5324 sed
647 5284 715 5324 ex
758 5279 982 5328 vocante
1006 5272 1205 5330 dictum
1244 5291 1383 5344 esse,
1411 5277 1586 5351 Major
1607 5283 1784 5338 serviet

229 5345 408 5438 qdnori.
458 5351 653 5430 thnid
683 5375 810 5432 ergo
833 5363 1246 5432 prmelarissimo
1283 5369 1468 5438 gratiae
1507 5386 1782 5429 commen-

232 5430 381 5496 ἁλιονί
405 5441 469 5502 de
496 5430 763 5507 infantum
804 5430 972 5511 libero
1014 5456 1236 5513 arbitrio
1274 5430 1329 5515 et
1356 5461 1593 5518 nondum
1626 5475 1781 5521 nato-

233 5537 333 5583 rum
361 5537 555 5596 actibus
585 5553 689 5597 tam
723 5545 1057 5615 impudenter
1098 5549 1400 5608 resistitur?
1441 5570 1536 5609 cur
1579 5558 1783 5614 meritis

239 5628 487 5685 praeveniri
512 5635 676 5703 gratia
707 5637 1046 5708 perhibetur;
1077 5656 1196 5712 quae
1221 5645 1392 5714 gratia
1417 5661 1522 5700 non
1545 5658 1708 5716 esset,
1735 5651 1783 5707 si

237 5721 496 5781 secundum
523 5729 770 5787 meritum
805 5731 1193 5804 imputaretur?
1219 5737 1328 5795 Cur
1348 5750 1533 5797 contra
1553 5745 1779 5802 salutem

293 5821 484 5889 ‘Slclls.
504 5841 916 5910 Vatic.[m].

1405 356 1882 420 Ei’lS'l'ULARUM
1921 363 2199 422 CLASSlS
2237 367 2327 422 Ill.

3391 377 3498 436 822

1901 489 2017 548 quae
2046 481 2207 537 missa
2236 491 2319 538 est
2346 483 2584 553 perditis,
2614 495 2733 558 qute
2755 485 2901 542 venit
2920 485 3168 560 indignis,
3192 495 3492 563 quamlibet

1901 582 2072 637 acuta,
2123 573 2412 643 quamlibet
2449 577 2660 646 copiosa
2689 587 2745 634 et
2773 586 2981 648 ornata,
3013 581 3206 637 mirum
3235 591 3410 642 tamen
3443 589 3491 644 si

1899 659 2186 721 christiana
2216 666 2572 737 disputatione
2600 663 2974 726 contenditur?

1971 749 2200 809 CAPUT
2244 748 2329 811 Vl.
2353 790 2423 798 —
2454 753 2537 814 16.
2567 759 2671 815 Sed
2701 762 2969 832 quomodo,
3003 763 3266 834 inquiunt,
3291 785 3392 823 non
3421 781 3492 826 est

1897 843 2135 915 iniquitas
2165 848 2304 918 apud
2328 848 2508 916 Deum,
2544 851 2587 904 si
2617 851 2872 923 diligendo
2898 847 3135 910 discernit
3161 874 3286 924 quos
3314 861 3493 930 merita

1898 945 2106 1008 cperunt
2151 939 2296 993 nulla
2337 935 2667 997 discernunt?
2695 943 2770 998 ita
2813 943 2968 999 nobis
3008 943 3110 1001 hoc
3151 945 3346 1004 dicitur
3377 955 3494 1005 tan-

1897 1043 2054 1098 quam
2078 1027 2129 1083 id
2159 1029 2446 1100 Apostolus
2474 1030 2588 1102 ipse
2618 1047 2721 1088 non
2748 1033 2963 1102 viderit,
2994 1051 3100 1091 non
3129 1042 3487 1111 proposuerit,

1896 1133 2002 1176 non
2028 1121 2382 1191 reSpOnderit.
2416 1121 2556 1181 Vidit
2584 1125 2765 1197 utique
2785 1127 2912 1200 quid
2939 1127 3007 1184 iis
3031 1129 3226 1188 auditis
3255 1129 3488 1190 humana

1897 1221 2077 1284 posset
2107 1213 2387 1272 infirmitas
2417 1214 2501 1272 vel
2533 1219 2828 1292 ignorantia
2868 1221 3123 1292 cogitare,
3151 1233 3207 1281 et
3244 1227 3489 1284 eamdem

1895 1306 2246 1376 qumstiouem
2276 1307 2374 1363 sibi
2404 1309 2518 1380 ipse
2545 1316 2870 1382 proponens,
2913 1309 3052 1379 Quid
3079 1331 3196 1386 ergo
3223 1316 3442 1375 dicemus
3464 1321 3490 1374 ?

1895 1393 2086 1468 inquit,
2119 1399 2364 1469 numquid
2401 1399 2639 1472 iniquitas
2679 1402 2818 1474 apud
2844 1399 3049 1460 Deum?
3088 1405 3352 1464 Continuo
3397 1427 3487 1468 re-

1894 1487 2128 1558 Spondit,
2159 1487 2318 1545 Absit.
2352 1491 2743 1566 RatiOnemque
2770 1496 2998 1553 reddens
3022 1514 3118 1554 cur
3143 1500 3289 1568 absit,
3311 1501 3362 1558 id
3381 1515 3481 1574 est;
3514 1492 3516 1495 h

1893 1595 1992 1635 cur
2019 1596 2126 1635 non
2156 1583 2225 1638 sit
2256 1583 2504 1654 iniquitas
2531 1586 2670 1656 apud
2694 1589 2882 1656 Deum,
2908 1605 3012 1645 non
3031 1591 3125 1660 ait,
3145 1591 3328 1651 Merita
3343 1599 3487 1654 enim

1895 1671 1978 1725 vel
2008 1685 2170 1742 opera
2207 1667 2411 1742 iudicat
2455 1677 2616 1731 etiam
2664 1677 3026 1748 parvulorum,
3059 1684 3266 1739 etiamsi
3308 1687 3515 1751 adhuc
3563 1732 3587 1751 ,

1893 1760 2002 1820 sint
2031 1765 2083 1820 in
2113 1774 2355 1822 materno
2383 1777 2535 1824 utero
2573 1771 2880 1826 constituti:
2905 1774 3173 1844 quomodo
3210 1779 3352 1832 enim
3385 1779 3488 1837 hoc
3514 1773 3517 1777 ’

1893 1851 2116 1924 diceret,
2137 1855 2224 1926 qui
2243 1856 2351 1928 jam
2375 1857 2582 1916 dixerat
2600 1861 2666 1917 de
2693 1864 2927 1920 nondum
2957 1866 3114 1935 natis,
3143 1879 3195 1922 et
3220 1869 3288 1926 de
3314 1871 3378 1927 iis
3397 1872 3488 1942 qui
3585 1931 3587 1933 ,

1893 1947 2025 2003 nihil
2053 1947 2225 2004 adhuc
2256 1959 2478 2020 egerant
2505 1949 2631 2008 boui
2664 1953 2749 2010 vel
2776 1957 2919 2023 mali,
2943 1955 3084 2027 quod
3111 1976 3211 2014 non
3232 1957 3491 2033 ex'Operi-

1891 2039 2003 2107 bus,
2034 2038 2124 2095 sed
2165 2058 2228 2095 ea:
2254 2052 2459 2097 vocante
2495 2042 2686 2098 dictum
2715 2046 2804 2114 sit,
2849 2041 3022 2119 Major
3047 2051 3221 2105 serviet
3263 2053 3489 2111 minori?

1893 2131 1986 2186 sed
2015 2148 2134 2186 cum
2186 2131 2346 2187 vellet
2372 2130 2657 2189 ostendere
2685 2151 2780 2191 cur
2809 2137 2861 2190 in
2891 2137 2955 2191 iis
2996 2152 3100 2194 non
3133 2140 3202 2194 sit
3232 2141 3486 2213 iniquitas

1892 2223 2030 2292 apud
2057 2219 2246 2290 Deum,
2279 2224 2371 2291 ait,
2407 2223 2575 2296 Moysi
2603 2228 2737 2280 enim
2761 2227 2940 2301 inquit,
2977 2227 3250 2286 Miserebor
3274 2234 3356 2288 cui
3386 2237 3486 2289 mi-

1892 2325 2053 2368 sertus
2093 2331 2200 2381 ero,
2246 2325 2293 2370 et
2333 2315 2730 2371 misericordiam
2784 2319 3031 2390 prmstabo
3077 2322 3161 2375 cui
3204 2323 3487 2383 misericors

1894 2407 2057 2475 fuero.
2089 2405 2224 2473 Quid
2256 2421 2354 2461 nos
2381 2405 2468 2463 hic
2495 2408 2696 2479 docuit,
2729 2411 2831 2466 nisi
2874 2427 2942 2468 ex
2981 2413 3067 2468 illa
3113 2431 3287 2471 massa
3325 2419 3487 2489 primi

1895 2497 2145 2564 hominis,
2176 2499 2259 2553 cui
2285 2499 2476 2556 merito
2504 2515 2650 2556 mors
2678 2501 2924 2572 debetur,
2953 2520 3059 2560 non
3078 2502 3142 2560 ad
3166 2509 3354 2563 merita
3381 2509 3486 2565 ho-

1893 2589 2118 2654 minum,
2165 2589 2257 2644 sed
2299 2589 2365 2645 ad
2415 2588 2507 2648 Dei
2559 2591 2979 2649 misericordiam
3026 2597 3290 2666 pertinere
3339 2599 3487 2669 quod

1894 2677 2116 2752 quisque
2145 2679 2433 2737 liberatur:
2464 2691 2622 2754 atque
2639 2683 2709 2738 ita
2728 2701 2834 2738 non
2857 2701 2975 2741 esse
2992 2686 3320 2760 iniquitatem
3347 2690 3488 2760 apud

1895 2770 2095 2838 Deum;
2128 2771 2249 2843 quia
2278 2787 2450 2843 neque
2475 2775 2846 2843 remittendo‘,
2874 2793 3047 2848 neque
3067 2779 3327 2852 exigendo
3341 2783 3487 2851 quod

1893 2859 2138 2929 debetur,
2167 2863 2394 2934 injustus
2413 2863 2529 2920 est?
2549 2863 2622 2921 lbi
2640 2867 2780 2921 enim
2805 2867 2972 2939 gratia
2993 2872 3012 2902 ⁸
3040 2881 3120 2924 est
3136 2869 3483 2943 indulgentia,

1895 2953 1982 3010 ubi
2002 2953 2146 3026 justa
2177 2965 2359 3028 posset
2387 2973 2507 3015 esse
2531 2960 2784 3016 vindicta.
2814 2959 2883 3016 Et
2913 2959 3036 3019 hinc
3062 2963 3358 3024 evidentius
3385 2982 3487 3038 ap-

1896 3059 2065 3119 paret,
2097 3063 2127 3104 a
2158 3065 2316 3122 pinna
2332 3050 2508 3109 debita
2529 3051 2755 3110 liberato
2770 3065 2824 3112 et
2839 3057 3004 3128 gratis
3021 3057 3304 3128 iustiﬁcato
3318 3075 3490 3132 quan.

1897 3145 2005 3194 tum
2039 3137 2282 3197 beneficii
2323 3143 2648 3212 conferatur,
2689 3144 2828 3217 quod
2868 3147 3005 3204 alter
3045 3150 3321 3221 aquantu-
3359 3167 3487 3209 reus

1894 3231 2011 3289 sine
2036 3235 2304 3304 punientis
2331 3235 2611 3308 iniquitate
2642 3240 2878 3309 punitur.

1968 3325 2054 3382 l7.
2096 3327 2333 3398 Denique
2371 3326 2642 3401 subiungit
2671 3340 2724 3386 et
2748 3309 2897 3400 dicii,
2941 3331 3114 3405 Igitur
3143 3351 3243 3390 non
3277 3336 3487 3392 volentis

1893 3431 2052 3486 neque
2079 3417 2345 3487 currentis,
2369 3419 2457 3474 sed
2479 3420 2755 3476 miserentis
2781 3433 2854 3476 est
2877 3422 3011 3478 Dei:
3032 3424 3134 3480 hoc
3153 3437 3372 3497 propter
3391 3443 3487 3484 eos

1893 3507 2092 3565 dietum
2122 3519 2224 3579 est,
2256 3510 2345 3581 qui
2374 3527 2468 3582 per
2494 3513 2718 3583 gratiam
2740 3514 3335 3584 liberatijustilicantur.
3357 3518 3488 3574 Pro-

1894 3606 2012 3670 pter
2037 3616 2129 3656 eos
2155 3611 2331 3659 autem
2361 3617 2522 3676 super
2545 3619 2681 3675 quos
2706 3605 2782 3660 ira
2811 3607 2906 3662 Dei
2931 3595 3127 3674 manet,
3150 3608 3270 3678 quia
3287 3620 3341 3666 et
3357 3613 3487 3681 ipsis

1893 3689 2034 3746 Deus
2058 3689 2194 3749 bene
2223 3695 2388 3749 utitur
2427 3693 2493 3749 ad
2531 3695 2803 3752 docendos
2825 3699 2957 3752 alios
2983 3714 3117 3769 quos
3146 3702 3372 3757 liberare
3398 3703 3487 3757 di-

1891 3789 2102 3855 gnatur,
2132 3784 2410 3858 subjunxit
2432 3795 2589 3858 atque
2609 3789 2716 3844 ait:
2745 3788 2880 3844 Dicit
2908 3791 3038 3845 enim
3062 3792 3324 3864 Scriptura
3342 3793 3487 3848 Plia-

1894 3877 2061 3940 raoni,
2093 3876 2228 3942 Quia
2250 3877 2318 3931 ad
2342 3878 2436 3932 hoc
2465 3890 2512 3934 te
2531 3881 2764 3947 excitavi,
2798 3892 2852 3935 ut
2879 3883 3140 3938 ostendam
3163 3885 3216 3938 in
3243 3896 3288 3939 te
3309 3896 3487 3957 poten-

1893 3963 2015 4017 tiam
2040 3981 2221 4032 meam,
2252 3975 2298 4020 et
2332 3977 2386 4020 ut
2409 3970 2734 4023 annuntietur
2761 3986 2938 4023 nomen
2982 3989 3146 4025 meum
3174 3975 3226 4026 iu
3254 3977 3486 4030 universa

1894 4062 2044 4107 terra.
2085 4053 2282 4110 Deinde
2322 4056 2388 4111 ad
2416 4066 2698 4129 utrumque
2727 4060 3073 4128 concludens,
3106 4061 3264 4133 Ergo,
3291 4065 3481 4136 inquit,

1891 4147 2036 4218 cujus
2057 4148 2162 4201 vult
2179 4149 2459 4216 miseretur,
2484 4159 2527 4203 et
2552 4167 2699 4220 quem
2717 4152 2820 4204 vult
2841 4151 3086 4219 obdurat;
3103 4155 3341 4223 proiecto
3359 4173 3486 4212 neu-

1891 4247 2029 4292 trum
2056 4235 2231 4310 aliqua
2262 4239 2555 4310 iniquitate,
2598 4241 2691 4297 sed
2726 4251 3005 4312 utrumque
3035 4246 3394 4301 misericordia
3427 4259 3482 4305 ct

1894 4329 2136 4385 veritate.
2167 4331 2231 4386 Et
2259 4330 2432 4388 adhuc
2463 4342 2635 4387 tamen
2681 4332 2852 4388 audax
2895 4345 3136 4392 movetur
3179 4339 3479 4412 intirmitas,

1891 4439 2076 4479 eorum
2105 4425 2308 4481 scilicet
2337 4428 2426 4497 qui
2471 4427 2760 4483 secundum
2790 4413 3126 4498 conjecturas
3155 4433 3332 4489 cordis
3377 4434 3480 4490 hu-
3575 4509 3577 4511 _

1892 4515 2034 4569 mani
2066 4515 2463 4573 inscrutabilem
2489 4518 2818 4574 altitudinem
2842 4520 3163 4591 judiciorum
3205 4524 3300 4580 Dei
3335 4528 3484 4598 cogi-
3575 4521 3581 4584 ἶ

1893 4616 2005 4664 tare
2030 4611 2322 4665 conantur!

1962 4699 2049 4758 18.
2095 4703 2238 4758 lianc
2281 4704 2629 4774 quaestionem
2668 4704 2770 4761 sibi
2813 4721 2877 4761 ex
2922 4706 3148 4763 adverso
3199 4723 3476 4780 opponens

1892 4797 2176 4866 Apostolus
2202 4797 2306 4851 ait:
2335 4796 2477 4853 Dicis
2496 4798 2663 4870 itaque
2687 4799 2831 4866 mihi,
2865 4795 2999 4864 Quid
3023 4800 3189 4854 adhuc
3217 4805 3480 4870 conqueri-

1891 4889 2010 4942 tur?
2038 4904 2155 4942 nam
2185 4888 2426 4942 voluntati
2451 4888 2560 4962 ejus
2579 4889 2691 4960 quis
2719 4889 2938 4944 resistit?
2955 4888 3119 4945 Nobis
3145 4891 3250 4946 hoc
3273 4892 3475 4950 dictum

1891 4987 2153 5048 putemus.
2185 4977 2322 5048 Quid
2346 4994 2474 5052 ergo
2501 4981 2641 5036 aliud
2672 4996 2828 5052 quam
2852 4981 2994 5050 quod
3027 4983 3475 5057 reSponditApo-

1891 5072 2077 5140 stolus,
2108 5073 2435 5144 respondere
2459 5073 2752 5149 debemus"?
2775 5083 2866 5128 aut
2889 5074 2936 5129 si
2973 5081 3031 5130 et
3069 5089 3166 5132 nos
3195 5077 3318 5133 talia
3355 5094 3478 5134 mo-

1889 5174 2033 5232 veut,
2060 5167 2180 5236 quia
2208 5177 2264 5224 et
2282 5182 2380 5222 nos
2408 5169 2647 5222 homines
2665 5181 2870 5233 sumus,
2888 5166 3046 5224 simul
3061 5179 3478 5239 oportetomnes

1889 5257 2164 5314 audiamus
2193 5259 2477 5324 dicentem,
2511 5259 2555 5312 0
2581 5258 2752 5324 homo,
2773 5267 2828 5312 tu
2855 5260 2967 5329 quis
2988 5276 3038 5316 es
3056 5262 3144 5334 qui
3168 5263 3476 5333 respondeas

1890 5346 2036 5404 Deo?
2063 5347 2325 5419 Numquid
2351 5348 2471 5402 dicit
2501 5349 2791 5418 ﬁgmentum
2818 5350 2863 5402 ei
2888 5350 2975 5420 qui
3015 5366 3067 5405 se
3105 5351 3274 5419 ﬁnxit,
3308 5351 3479 5418 Quare

1889 5456 1968 5495 me
1991 5441 2151 5510 fecisti
2173 5441 2280 5495 sic?
2303 5439 2484 5493 Annon
2527 5439 2669 5493 habet
2716 5451 3010 5511 potestatem
3045 5441 3237 5514 ﬁgulus
3263 5444 3378 5511 luti,
3411 5463 3476 5502 ea:

1889 5532 2062 5586 eadem
2083 5546 2248 5585 massa
2275 5534 2440 5602 facere
2464 5532 2607 5585 aliud
2624 5548 2712 5587 vas
2736 5535 2788 5587 in
2818 5535 3077 5604 honorem,
3105 5536 3248 5590 aliud
3271 5537 3323 5591 in
3351 5555 3478 5596 con-

1891 5623 2144 5678 tumeliam
2171 5622 2280 5695 (Id.
2307 5639 2382 5689 ix,
2411 5623 2637 5698 li—ﬂl)?
2669 5628 2791 5682 llaec
2818 5644 2988 5682 t'nassa
3017 5628 3060 5684 si
3092 5641 3233 5685 esset
3263 5633 3332 5686 ita
3359 5651 3498 5691 me-‘

1953 5738 1970 5768 ι
1996 5737 2140 5811 fuit,
2152 5748 2302 5797 neque
2326 5735 2670 5811 permittendo._
2701 5745 2750 5788 At
2785 5739 2906 5811 alter
2932 5751 2959 5811 ς)
2991 5743 3136 5811 γξιῑίς.
3168 5749 3297 5808 Mss.,
3328 5759 3480 5811 neque

1890 5797 2171 5863 remittendo
2191 5811 2206 5846 :
2223 5797 2366 5860 quam
2385 5799 2641 5850 lectionem
2658 5807 2763 5851 ιον.
2781 5803 3077 5862 (:onjicieudo
3094 5797 3299 5859 assecuti
3320 5797 3477 5863 erant.

1955 5862 1975 5892 ’
2000 5860 2107 5912 Bad.
2133 5869 2232 5913 Am.
2259 5866 2332 5911 Er.
2361 5869 2413 5910 et
2436 5870 2514 5912 Ms.
2541 5865 2788 5925 Fuxensis,
2809 5860 2963 5926 qrutu.
