3990 6376
500 4078 535 4125 ἓξ

569 386 677 449 'dia,
721 391 778 441 ut
805 384 1249 458 quemadmodum
1275 383 1404 441 nihil
1427 381 1554 437 boni
1579 381 1649 435 ita
1678 392 1776 435 nec
1803 378 1930 433 mali
1959 375 2153 446 aliquid

573 487 887 545 mereretur,
915 494 1020 534 non
1060 478 1256 533 frustm
1295 475 1563 530 videretur
1592 470 1860 540 iniquitas,
1898 478 1958 523 ut
1995 483 2059 521 ex
2089 481 2150 520 ea

573 566 759 623 tierent
788 584 911 623 vasa
946 569 1000 624 in
1029 567 1439 624 contumeliam:
1469 579 1589 619 cum
1623 577 1753 618 vero
1795 576 1890 631 per
1926 560 2151 615 liberum

570 660 844 715 arbitrium
871 658 1029 729 primi
1058 656 1287 712 hominis
1309 656 1359 709 in
1384 653 1883 710 condemnationem
1906 651 2152 705 universa

570 750 871 811 deﬂuxerit,
903 747 1087 819 procul
1114 746 1275 801 dubio
1302 744 1444 814 quod
1474 760 1538 798 ex
1562 758 1625 799 ea
1659 743 1789 797 ﬁunt
1817 757 1940 797 vasa
1969 740 2020 793 in
2051 739 2152 794 ho-

569 858 778 906 norem,
806 856 910 896 non
941 840 1107 910 ipsius
1144 838 1385 908 justitize,
1426 852 1542 907 qua:
1580 836 1799 906 gratiam
1840 835 1981 888 nulla
2015 848 2151 902 prie-

568 935 751 999 cessit,
777 933 869 990 sed
905 932 998 988 Dei
1026 930 1434 995 misericordiae;
1459 928 1601 1000 quod
1636 943 1763 984 vero
1794 928 1845 981 in
1870 935 2152 982 contume-

572 1028 716 1093 liam,
739 1041 842 1079 non
870 1022 1128 1093 iniquitati
1157 1022 1270 1087 Dei,
1307 1036 1426 1091 quze
1452 1019 1590 1074 absit
1616 1028 1673 1073 ut
1701 1019 1768 1073 sit
1792 1018 1931 1089 apud
1961 1018 2148 1083 Deum,

570 1118 663 1175 sed
680 1117 880 1187 judicio
907 1114 1267 1187 deputandum
1289 1120 1392 1169 est.
1422 1112 1535 1167 Hoc
1558 1112 1797 1181 quisquis
1817 1126 1938 1166 cum
1968 1110 2154 1165 Eccle-

569 1211 646 1263 sia
674 1208 931 1263 catholica
963 1206 1121 1275 sapit,
1164 1220 1269 1259 non
1311 1212 1495 1276 cgntra
1542 1203 1763 1272 gratiam
1809 1216 1907 1272 pro
1949 1200 2153 1255 meritis

566 1299 819 1370 disputat,
849 1296 941 1352 sed
969 1295 1385 1351 misericordiam
1413 1293 1742 1362 etjudicium
1773 1292 1999 1347 Domino
2027 1306 2153 1346 can-

568 1402 665 1460 tat,
702 1401 878 1447 utnec
908 1389 1325 1445 misericordiam
1366 1394 1579 1443 recuset
1607 1386 1860 1455 ingratus,
1893 1400 1992 1439 nec
2012 1383 2154 1454 judi-

566 1486 706 1539 cium
729 1490 942 1537 accuset
971 1481 1195 1550 injustus
1212 1482 1251 1532 ’.

640 1576 727 1630 l9.
757 1574 869 1628 Alia
896 1582 979 1629 est
1005 1589 1232 1643 namque
1251 1572 1338 1626 illa
1360 1570 1670 1641 consparsio
1690 1568 1758 1624 de
1773 1583 1875 1639 qua
1899 1568 2041 1623 idem
2071 1567 2152 1622 di-

567 1666 640 1721 cit
682 1665 966 1733 Apostolus
996 1682 1008 1717 :
1044 1664 1104 1718 Si
1146 1671 1312 1716 autem
1337 1661 1573 1716 delibatio
1602 1668 1778 1715 sancta
1806 1668 1911 1723 est,
1945 1669 1991 1712 et
2028 1675 2152 1713 con-

568 1756 800 1825 sparsio;
825 1764 869 1807 et
892 1756 935 1809 si
955 1754 1105 1807 radix
1127 1765 1304 1809 sancta
1331 1762 1423 1819 est,
1449 1763 1496 1808 et
1525 1753 1653 1807 rami
1683 1749 1869 1825 (Rom.
1902 1766 1981 1813 ιι,
2020 1751 2086 1805 16
2108 1750 2146 1820 ).

569 1845 661 1899 llla
687 1852 770 1901 est
795 1860 860 1899 ex
888 1844 1157 1899 Abraham
1182 1885 1198 1910 ,
1228 1860 1334 1899 non
1379 1859 1443 1899 ex
1475 1842 1642 1897 Adam
1669 1884 1683 1906 ,
1717 1840 1767 1896 id
1793 1849 1875 1897 est
1900 1857 1965 1895 ex
2006 1856 2153 1895 com-

569 1936 819 1988 munione
846 1934 1162 1989 sacramenti
1193 1943 1243 1987 et
1271 1932 1614 1987 similitudine
1640 1931 1783 1997 ﬁdei,
1812 1946 1917 1985 non
1939 1947 2004 1986 ex
2029 1946 2153 1999 pro-

568 2026 756 2096 pagine
781 2024 988 2079 mortali
1024 2042 1035 2076 :
1068 2024 1165 2077 ista
1189 2038 1316 2077 vero
1345 2024 1426 2078 vel
1453 2022 1788 2093 conSparsio,
1820 2022 1902 2077 vel
1934 2021 2073 2077 sicut
2099 2021 2152 2076 in

567 2117 833 2186 plerisque
851 2114 1124 2170 codicibus
1154 2116 1344 2185 legitur
1371 2157 1386 2181 ,
1416 2129 1590 2169 massa
1621 2114 1695 2186 (a)
1720 2156 1734 2178 ,
1762 2115 2009 2184 quoniam
2043 2124 2149 2168 tota

566 2207 755 2261 mortis
775 2215 877 2271 est,
909 2221 1028 2261 cum
1060 2222 1156 2276 per
1186 2222 1347 2260 unum
1378 2206 1648 2261 hominem
1676 2216 1951 2275 peccatum
1981 2206 2149 2260 intra-

566 2299 640 2352 vit
670 2299 720 2353 in
751 2296 1004 2352 mundum
1033 2339 1045 2361 ,
1076 2307 1129 2352 et
1155 2314 1248 2367 per
1278 2309 1549 2368 peccatum
1582 2314 1748 2362 mors,
1778 2307 1834 2354 et
1862 2300 1931 2353 ita
1961 2300 2013 2353 in
2036 2314 2153 2353 om-

566 2404 662 2443 nes
689 2389 931 2443 homines
958 2390 1265 2458 pertransiit
1290 2431 1306 2456 ,
1344 2390 1395 2443 in
1422 2406 1528 2458 quo
1554 2405 1739 2444 omnes
1765 2401 2149 2460 peccaverunt;

570 2482 935 2537 misericordia
962 2498 1027 2537 ex
1054 2482 1142 2536 illa
1175 2483 1231 2536 lit
1259 2481 1402 2536 aliud
1434 2497 1525 2536 vas
1555 2482 1608 2536 in
1640 2480 1923 2546 honorem,
1946 2481 2151 2551 judicio

566 2584 750 2628 autem
795 2573 935 2627 aliud
984 2574 1036 2627 in
1082 2574 1480 2628 contumeliam.
1521 2572 1705 2643 Neque
1732 2573 1803 2627 ibi
1843 2574 2152 2644 prmcedust

568 2666 754 2721 merita
799 2666 1019 2736 gratiam
1068 2665 1372 2730 liberantis;
1419 2681 1593 2735 neque
1630 2665 1716 2719 hic
1742 2666 2001 2737 effugiunt
2028 2682 2151 2735 pee-

565 2767 680 2811 cata
724 2756 981 2827 justitiam
1031 2756 1317 2825 punientis.
1368 2756 1521 2823 Quod
1560 2756 1777 2826 quidem
1808 2757 1858 2810 in
1903 2758 2152 2812 aetatibus

565 2851 853 2920 majoribus
882 2849 1137 2904 adversus
1174 2848 1544 2903 contensiosos
1582 2863 1690 2902 non
1729 2857 1835 2902 tam
1879 2848 2153 2904 evidenter

564 2952 801 3014 apparet,
836 2941 927 2997 ubi
953 2956 1048 3011 pro
1073 2940 1275 2995 meritis
1306 2940 1580 2995 hominum
1612 2940 1982 3010 qualicumque
2007 2940 2153 2995 velttt

566 3034 788 3104 protecti
832 3032 1161 3087 obscuritate
1184 3030 1501 3101 confugiunt
1534 3048 1547 3084 :
1576 3030 1669 3085 sed
1698 3030 1818 3086 ideo
1842 3039 2027 3086 contra
2054 3045 2149 3086 eo-

566 3142 683 3180 rum
709 3124 1107 3179 contentionem
1136 3123 1255 3177 illos
1283 3122 1484 3178 invehit
1524 3124 1811 3193 Apostolus
1834 3165 1850 3190 ,
1881 3125 1933 3179 in
1959 3124 2151 3195 quibus

568 3214 801 3268 nondum
826 3214 982 3276 natis,
1010 3228 1183 3283 neque
1210 3214 1489 3283 agentibus
1514 3214 1712 3283 aliquid
1732 3214 1855 3268 boni
1882 3224 1974 3269 aut
2001 3214 2148 3278 mali,

567 3321 667 3357 non
694 3320 755 3358 ex
787 3300 1037 3372 operibus,
1070 3301 1158 3355 sed
1196 3318 1257 3355 ea:
1292 3310 1498 3356 vocante
1518 3302 1707 3356 dictum
1726 3312 1819 3368 est,
1852 3302 2025 3373 Major
2048 3320 2153 3359 ser-

566 3396 661 3449 viet
687 3394 889 3448 minori.

635 3486 725 3542 ΞΟ.
769 3486 881 3553 Qua
912 3484 964 3539 in
1007 3500 1064 3539 re
1088 3484 1337 3554 quoniam
1386 3484 1545 3539 nimis
1572 3485 1677 3539 alta
1706 3494 1761 3541 et
1790 3484 2151 3540 inscrutabilia

564 3588 686 3634 sunt
709 3577 903 3648 judicia
928 3574 1040 3642 Dei,
1074 3583 1130 3630 et
1156 3574 1552 3645 investigabiles
1567 3575 1667 3629 vim
1689 3574 1806 3643 ejus
1832 3573 1993 3647 (Ibid.
2020 3574 2146 3645 33),

565 3672 778 3727 interim
833 3678 1010 3724 teneat
1058 3669 1219 3723 homo
1276 3683 1381 3722 non
1428 3682 1547 3723 esse
1613 3667 1946 3737 iniquitatem
2007 3668 2149 3738 apud

568 3765 762 3827 Deum;
808 3762 900 3817 sed
947 3776 1047 3831 qua
1092 3760 1340 3830 mquitate
1381 3758 1532 3827 cujus
1582 3760 1693 3813 vult
1744 3759 2049 3826 miseretur,
2098 3768 2152 3813 et

562 3868 721 3925 quem
748 3852 860 3906 vult
897 3850 1159 3915 obdurat,
1193 3863 1253 3904 se
1293 3857 1544 3920 tanquam
1592 3849 1863 3904 hominem
1905 3849 2149 3919 ignorare

564 3945 823 3999 fateatur:
858 3943 926 3997 ita
955 3956 1083 3996 sane
1122 3950 1180 3995 ut
1204 3948 1421 4011 propter
1446 3938 1574 3995 illud
1600 3938 1741 4010 quod
1774 3940 2147 3995 inconcussum

563 4042 730 4099 tenet,
784 4046 886 4087 non
946 4046 1065 4086 esse
1106 4030 1437 4100 iniquitatem
1487 4028 1625 4099 apud
1673 4030 1876 4096 Deum,
1908 4031 2149 4101 quamvis

562 4140 721 4181 nemo
747 4124 814 4179 ab
838 4124 928 4177 illo
965 4121 1284 4193 jnstilicetnr
1312 4121 1515 4177 meritis
1544 4121 1970 4192 praecedentibus
1988 4163 2004 4190 ,
2047 4139 2145 4179 ne-

560 4219 757 4271 minem
784 4224 957 4269 tamen
980 4200 1248 4280 obdurari,
1279 4214 1379 4268 nisi
1400 4214 1610 4281 merito,
1632 4217 1856 4271 noverit.
1876 4216 1968 4271 Pie
1992 4233 2145 4272 nam-

561 4324 665 4378 que
691 4318 747 4362 et
770 4307 1031 4383 veraciter
1059 4306 1294 4361 creditur
1326 4305 1464 4359 Deus
1491 4315 1743 4361 nocentes
1769 4316 1926 4377 atque
1956 4308 2147 4379 impios

556 4397 895 4469 justilicando
914 4412 943 4450 a
970 4397 1142 4466 poenis
1167 4396 1359 4451 debitis
1377 4396 1606 4452 liberare
1634 4415 1649 4452 :
1675 4413 1995 4468 quemquam
2018 4414 2146 4454 vero

561 4488 883 4547 immeritum
929 4497 984 4544 et
1012 4488 1141 4543 nulli
1180 4488 1466 4543 obnoxium
1496 4498 1713 4559 peccato
1743 4490 1788 4544 si
1826 4490 1965 4546 Deus
1995 4492 2145 4546 dam-

560 4597 689 4637 nare
718 4580 974 4645 creditur,
997 4580 1203 4634 alienus
1232 4580 1298 4634 ab
1326 4580 1599 4649 iniquitate
1620 4594 1729 4634 non
1752 4580 2009 4636 creditur.
2039 4582 2145 4641 Ubi

559 4691 687 4747 ergo
727 4674 983 4730 liberatur
1025 4673 1291 4743 indignus,
1340 4680 1487 4727 tanto
1520 4672 1745 4729 debetur
1790 4674 1961 4744 major
2005 4676 2145 4730 actio

558 4772 866 4842 gratiarum,
884 4776 1082 4839 quanto
1106 4782 1260 4839 pmna
1273 4766 1469 4836 justior
1488 4766 1782 4822 debebatur
1806 4784 1819 4821 :
1843 4768 1932 4822 ubi
1964 4778 2142 4822 autem

558 4862 840 4917 damnatur
868 4859 1145 4930 indiguus,
1176 4872 1274 4913 nec
1304 4856 1665 4913 misericordia
1698 4874 1797 4914 nec
1820 4860 2017 4913 veritas
2047 4859 2143 4914 ob-

558 4952 756 5007 tinetur
771 4953 813 5002 ¹.

627 5042 717 5095 21.
750 5040 1013 5106 Quomodo
1036 5081 1053 5108 ,
1083 5040 1361 5111 inquiunt,
1395 5037 1536 5094 Esau
1564 5055 1665 5093 non
1694 5040 1963 5094 damnatur
2001 5041 2139 5094 indi-

557 5150 705 5206 gnus,
730 5133 776 5186 si
802 5150 822 5183 ι
858 5149 959 5186 non
986 5148 1047 5187 ea:
1075 5133 1327 5202 operibus,
1364 5131 1453 5185 sed
1489 5147 1551 5185 ea:
1578 5139 1783 5185 vocante
1812 5131 2003 5186 dictum
2045 5140 2139 5196 est,

560 5224 693 5291 Quia
734 5224 898 5295 major
926 5223 1104 5277 serviet
1136 5223 1358 5277 minori?
1392 5242 1411 5275 ι
1462 5223 1605 5278 Sicut
1632 5222 1764 5275 enim
1810 5222 1949 5275 illius
1998 5222 2141 5277 nulla

623 5342 639 5372 ι
661 5339 801 5390 Alias.
822 5336 1013 5390 invitus.

623 5353 639 5372 ι
661 5353 801 5400 suas,
822 5353 1013 5390 invitus.

621 5404 641 5434 ²
664 5402 799 5463 add,
830 5414 916 5453 nec
938 5398 1115 5453 veritas
1137 5399 1411 5463 danmatm.
1441 5407 1498 5450 At
1528 5407 1630 5463 Mss.
1662 5412 1868 5463 omnes_,_
1887 5398 2137 5463 obtineatur.

556 5459 914 5515 Proxime'ante
934 5470 1010 5514 Er.
1030 5469 1084 5513 et
1104 5469 1235 5522 Dom,
1258 5461 1342 5513 ubi
1356 5466 1519 5525 eadem
1540 5462 1795 5525 danntatw'
1813 5459 2139 5525 dignus.

556 5538 675 5587 vero
692 5532 745 5576 et
766 5534 864 5575 Am.
889 5538 1081 5575 necnon
1104 5532 1209 5575 Mss.
1222 5521 1332 5574 duo
1354 5524 1554 5587 habent,
1575 5521 1836 5587 indigmis;
1859 5521 1911 5574 et
1932 5521 2137 5587 melius;

554 5586 735 5650 quippe
755 5596 921 5637 contra
942 5593 1146 5651 urgetur
1162 5622 1177 5647 ,
1202 5584 1441 5651 Quomodo
1471 5593 1594 5635 Esau
1625 5583 1717 5634 non
1740 5583 1994 5636 dirimatur
2016 5583 2141 5634 indi-

552 5648 695 5709 M;
720 5656 837 5707 ete.,
859 5648 1051 5712 supple,
1070 5649 1396 5699 damnatione.

619 5708 691 5770 (a)
716 5708 972 5759 Muraena.

639 5718 691 5759 α)
716 5718 972 5759 Pitumnus.

1802 260 1858 316 S.
1896 252 2259 314 AUGUSTINI
2300 254 2602 315 EPISCOPI

2261 385 2619 443 praecesserant
2657 390 2812 449 opera
2833 375 2984 443 bona,
3011 383 3065 431 ut
3093 375 3159 430 ad
3182 377 3388 449 gratiam
3429 382 3679 453 pertineret,
3701 394 3755 448 sic

2260 483 2348 521 nec
2380 468 2533 551 hujus
2572 468 2709 522 mala
2731 478 2785 523 ut
2812 469 2882 523 ad
2915 486 3113 541 pinnam
3152 470 3386 540 pertinere
3425 473 3618 530 deberet.
3640 479 3758 540 Nulla

2260 558 2413 627 plane
2443 559 2496 613 in
2526 568 2751 629 utroque
2776 574 2940 631 opera
2985 561 3066 615 vel
3092 560 3225 616 bona
3254 563 3335 618 vel
3359 564 3489 619 mala
3515 605 3531 631 ,
3559 568 3641 623 sed
3667 586 3760 640 pro.

2262 651 2373 720 pria
2406 669 2419 703 :
2448 658 2672 723 uterque
2711 662 2888 707 autem
2932 652 3007 708 illi
3043 653 3135 708 uni
3164 653 3419 709 obnoxius
3465 666 3587 722 erat.
3622 661 3763 734 inquo

2258 754 2446 794 omnes
2492 751 2877 810 peccaverunt,
2912 751 2971 796 ut
3006 757 3193 797 omnes
3235 742 3287 797 in
3329 744 3415 798 illo
3447 760 3762 809 morerentur:

2258 830 2577 901 quicumque
2614 832 2756 887 enim
2802 847 2866 888 ex
2912 833 3003 887 illo
3029 848 3136 888 uno
3171 833 3322 890 multi
3355 835 3406 890 in
3448 836 3621 907 seipsis
3649 841 3765 903 luturi

2256 929 2427 984 erant,
2458 930 2583 977 tunc
2600 921 2655 977 in
2682 923 2773 978 illo
2799 938 2934 979 unus
2958 932 3129 978 erant.
3155 924 3382 980 Proinde
3406 926 3526 983 illud
3550 922 3766 998 peccatum

2258 1013 2424 1067 solius
2445 1022 2622 1082 esset,
2655 1015 2700 1069 si
2745 1031 2809 1071 ex
2843 1016 2933 1070 illo
2976 1016 3155 1071 nullus
3182 1018 3397 1073 exiisset
3428 1037 3442 1074 ε
3471 1035 3614 1090 porro
3634 1035 3767 1082 autem

2259 1103 2311 1158 in
2340 1119 2447 1175 quo
2492 1114 2607 1161 erat
2637 1114 2822 1163 natura
2854 1108 3174 1173 communis,
3203 1108 3271 1163 ab
3299 1108 3413 1180 ejus
3450 1111 3567 1166 vitio
3592 1122 3663 1168 est
3683 1118 3770 1172 nul-

2258 1196 2340 1251 lus
2381 1196 2651 1254 immunis.
2679 1198 2733 1255 Si
2758 1200 2919 1255 ambo
2944 1200 3032 1271 qui
3065 1202 3297 1258 nondum
3339 1205 3539 1274 propria
3564 1207 3635 1262 vel
3668 1208 3771 1266 bona

2257 1289 2341 1344 vel
2369 1289 2505 1343 mala
2542 1290 2935 1359 operabantur,
2985 1292 3062 1348 rei
3107 1302 3282 1349 tamen
3322 1309 3386 1349 ex
3410 1294 3600 1366 origine
3633 1313 3773 1358 nascc—

2257 1381 2482 1447 bantur;
2510 1382 2689 1438 laudet
2719 1383 3136 1440 misericordiam
3167 1386 3258 1456 qui
3294 1385 3558 1455 liberatur,
3584 1407 3672 1446 non
3690 1395 3774 1449 cul-

2258 1479 2347 1540 pet
2369 1471 2627 1541 judicium
2655 1474 2743 1544 qui
2772 1474 3009 1543 punitur.

2326 1561 2554 1620 CAPUT
2580 1564 2691 1621 Vll.
2724 1596 2795 1607 —-
2829 1567 2919 1622 22.
2946 1567 3044 1622 llic
3068 1569 3112 1623 si
3142 1568 3463 1637 dixerimus,
3486 1570 3669 1639 Quanto
3688 1590 3774 1631 tne-

2258 1652 2359 1733 lius
2389 1655 2546 1709 ambo
2573 1656 2961 1722 liberarentur;
2997 1658 3129 1713 nihil
3153 1659 3307 1714 nobis
3328 1662 3698 1719 eonvenientius
3715 1666 3777 1720 di~

2256 1753 2427 1812 cetttr,
2457 1762 2635 1817 quam,
2672 1748 2717 1803 0
2743 1750 2913 1811 Imma.
2947 1761 2999 1804 tu
3024 1753 3140 1821 quis
3162 1769 3215 1807 es
3243 1754 3331 1823 qui
3359 1756 3642 1824 respondeas
3664 1756 3777 1814 Deo?

2255 1835 2410 1891 Novit
2438 1838 2634 1908 quippe
2664 1840 2752 1894 ille
2772 1841 2896 1912 quid
2923 1850 3064 1912 agat,
3088 1851 3143 1897 et
3169 1852 3400 1914 quantus
3424 1861 3657 1901 numerus
3679 1864 3775 1907 esse

2255 1926 2449 1981 debeat
2465 1930 2708 1997 primitus
2731 1933 2966 1986 omnium
2990 1933 3285 2001 hominum,
3304 1934 3493 1991 deinde
3507 1948 3779 2004 sanctorum,

2256 2016 2393 2072 sicut
2415 2018 2671 2086 siderum,
2710 2022 2846 2076 sicut
2876 2024 3194 2093 Angelorum
3221 2042 3237 2090 ;
3264 2036 3444 2097 atque,
3474 2036 3529 2083 ut
3553 2028 3615 2084 de
3638 2040 3772 2085 tem-

2257 2108 2340 2162 nis
2365 2109 2664 2180 loquamur,
2708 2112 2844 2168 sicut
2873 2130 3122 2184 pecorum
3146 2158 3162 2182 ,
3188 2118 3418 2188 piscium
3450 2161 3466 2187 ,
3496 2120 3746 2176 volatiliutu
3764 2164 3777 2187 .

2256 2200 2393 2256 sicut
2435 2202 2685 2257 arborum
2728 2213 2782 2259 et
2813 2204 3098 2262 herbarum
3127 2249 3141 2271 ,
3171 2210 3310 2264 sicut
3332 2209 3554 2281 denique
3578 2209 3780 2267 foliorum

2255 2295 2673 2367 capillorumque
2718 2306 3044 2353 nostrorum.
3094 2298 3228 2355 Nam
3259 2316 3356 2357 nos
3394 2301 3611 2359 humana
3634 2305 3786 2374 cogita.

2257 2388 2401 2443 tione
2454 2387 2629 2443 adlmc
2662 2403 2945 2459 possumus
2997 2390 3211 2459 dicere,
3250 2393 3508 2460 Quoniam
3532 2394 3654 2450 bona
3692 2405 3788 2450 sunt

2255 2486 2443 2533 cuncta
2473 2478 2572 2532 ista
2601 2494 2718 2547 qum
2746 2479 2885 2545 fecit,
2916 2490 3116 2551 quanto
3142 2482 3337 2539 melius
3367 2485 3456 2539 illa
3491 2484 3785 2555 duplicasset,

2254 2578 2308 2625 et
2336 2570 2763 2639 multiplicasset,
2790 2582 2848 2626 ut
2873 2574 3040 2628 multo
3082 2584 3265 2630 essent
3293 2576 3442 2647 plura
3476 2592 3622 2647 quam
3652 2585 3785 2632 sunt:

2255 2664 2298 2716 si
2320 2662 2463 2717 enim
2494 2679 2597 2716 non
2619 2678 2681 2718 ea
2710 2674 2925 2734 caperet
2953 2667 3202 2733 mundus,
3239 2669 3491 2740 numquid
3516 2685 3613 2725 non
3638 2680 3785 2741 posset

2254 2753 2414 2808 etiam
2462 2754 2631 2823 ipsum
2677 2752 2853 2810 facere
2899 2769 3152 2826 quantum
3184 2760 3349 2815 vellet
3388 2761 3710 2832 ampliorem?
3741 2763 3788 2817 Et

2257 2852 2432 2901 tamen
2489 2854 2976 2917 quantumcumque
3035 2848 3234 2905 faceret
3277 2852 3360 2907 vel
3403 2852 3487 2911 illa
3530 2853 3696 2923 plura.
3725 2854 3787 2908 vel

2255 2934 2413 2989 istum
2440 2936 2770 3001 capaciorem
2802 2946 2961 3008 atque
2980 2940 3264 3008 majorem,
3287 2941 3616 2999 nihilominus
3639 2942 3787 2999 eadem

2254 3024 2322 3081 de
2345 3026 2758 3096 multiplicandis
2783 3027 2864 3082 eis
2892 3027 2994 3084 dici
3022 3039 3259 3099 possent,
3289 3040 3343 3086 et
3384 3033 3553 3088 nullus
3578 3042 3705 3090 esset
3720 3032 3788 3086 im-

2255 3118 2561 3172 modcratus
2596 3117 2668 3190 (a)
2698 3119 2911 3173 modus.

2324 3209 2413 3264 23.
2460 3209 2670 3263 Etenim
2696 3210 2853 3264 etiam
2885 3211 3014 3265 illud
3054 3211 3156 3266 dici
3188 3221 3399 3282 potest,
3440 3215 3547 3271 sive
3574 3216 3787 3287 sitgratia

2254 3315 2353 3369 qua
2379 3300 2741 3370 justiﬁeantnr
2785 3300 2963 3370 injusti
2985 3341 3002 3367 ,
3044 3302 3113 3358 de
3140 3317 3247 3373 qua
3293 3304 3449 3361 nobis
3479 3304 3703 3360 dubitare
3731 3303 3788 3358 las

2256 3403 2360 3443 non
2388 3395 2510 3455 est,
2540 3389 2652 3444 sive
2678 3431 2694 3454 ,
2727 3398 2783 3444 ut
2823 3391 3036 3461 quidam
3066 3392 3288 3459 volunt,
3323 3409 3531 3466 semper
3570 3393 3789 3466 pratcedat

2254 3480 2477 3535 liberum
2498 3481 2796 3549 arbitrium,
2828 3483 2979 3554 cujus
3002 3486 3252 3539 meritum
3291 3496 3541 3557 sequatur
3565 3488 3639 3543 vel
3666 3500 3787 3558 pana

2254 3571 2338 3626 vel
2360 3572 2657 3640 prwmium,
2688 3588 2785 3626 cur
2810 3574 3029 3628 omnino
3056 3576 3222 3632 creati
3269 3587 3395 3632 sunt
3431 3578 3569 3649 quod
3596 3579 3717 3635 Deus
3735 3577 3787 3631 ita

2257 3674 2585 3732 peccaturos,
2609 3673 2667 3720 ut
2690 3675 2891 3721 :eterno
2920 3676 3102 3721 essent
3127 3669 3248 3739 igne
3274 3669 3577 3737 damnandi,
3605 3672 3705 3726 sine
3719 3670 3788 3724 du-

2255 3753 2510 3809 bitatione
2540 3756 2843 3824 prmscivit?
2869 3757 3122 3825 Quamvis
3147 3759 3291 3815 enim
3323 3770 3533 3831 peccata
3564 3778 3657 3817 non
3682 3764 3789 3816 lece-

2253 3848 2343 3911 rit,
2372 3856 2590 3902 naturas
2621 3857 2797 3903 tamen
2829 3850 2993 3920 ipsas,
3018 3866 3137 3921 quae
3166 3866 3265 3922 per
3295 3854 3499 3925 seipsas
3530 3855 3637 3910 sine
3658 3853 3789 3910 dubio

2254 3937 2407 3993 bonae
2445 3947 2607 4007 sunt,
2652 3941 2845 4012 quibus
2878 3953 3053 3998 tamen
3089 3959 3152 3999 ex
3182 3945 3407 4001 arbitrio
3445 3948 3705 4003 voluntatis
3727 3946 3789 4002 lu-

2253 4035 2367 4082 tura
2394 4040 2575 4086 essent
2596 4033 2719 4085 vitia
2749 4043 3105 4101 peccatorum,
3131 4045 3184 4090 et
3211 4037 3267 4091 in
3295 4038 3477 4093 multis
3498 4039 3611 4093 talia
3631 4039 3791 4109 quibus

2252 4127 2395 4173 esset
2417 4128 2615 4175 aeterna
2642 4135 2797 4191 pinna
2826 4123 3092 4179 reddenda
3110 4167 3124 4190 ,
3151 4126 3274 4196 quis
3303 4128 3404 4183 nisi
3438 4129 3570 4185 Deus
3596 4127 3790 4185 creavit?

2252 4210 2463 4279 Quare,
2510 4213 2611 4269 nisi
2655 4215 2777 4285 quia
2820 4216 3023 4272 voluit?
3073 4234 3239 4289 quare
3285 4230 3463 4276 autem
3514 4221 3788 4285 voluerit,o

2253 4301 2423 4369 homo,
2457 4312 2511 4357 tu
2545 4306 2656 4375 quis
2681 4322 2733 4360 es
2771 4308 2859 4376 qui
2896 4309 3201 4378 respondeas
3229 4309 3385 4366 Deo?
3414 4310 3661 4384 Numquid
3693 4310 3789 4364 dicit

2251 4393 2545 4463 ﬁgmentum
2586 4411 2699 4448 eum
2732 4397 2778 4449 ei
2800 4397 2887 4465 qui
2923 4413 2977 4450 se
3001 4398 3184 4467 ﬁnxit,
3231 4399 3403 4465 Quare
3440 4403 3511 4457 sic
3531 4418 3603 4456 me
3623 4400 3791 4475 fecisti?

2253 4485 2434 4539 Annon
2463 4485 2608 4540 liabet
2637 4496 2928 4554 potestatem
2950 4488 3140 4560 ﬁgulus
3161 4491 3274 4557 luti,
3305 4494 3553 4549 eteadem
3579 4508 3784 4562 conspar-

2249 4576 2388 4630 sione
2407 4576 2574 4645 facere
2595 4576 2738 4631 aliud
2759 4579 2957 4648 quidem
2982 4595 3069 4635 vas
3096 4582 3151 4637 in
3184 4582 3423 4641 honorem
3447 4627 3462 4652 ,
3492 4586 3626 4640 aliud
3648 4592 3785 4637 autem

2248 4670 2300 4723 in
2338 4668 2733 4724 contumeliam?

2317 4760 2409 4817 24.
2433 4764 2606 4833 Atque
2630 4764 2830 4819 utinam
2856 4763 3125 4823 discamus
3152 4767 3296 4839 quod
3339 4770 3573 4840 sequitur
3597 4786 3609 4821 :
3633 4766 3689 4825 Si
3705 4783 3783 4820 as-

2250 4862 2348 4906 tem
2371 4853 2541 4909 volens
2566 4853 2703 4908 Deus
2727 4856 2984 4911 ostendere
3016 4858 3145 4911 iram
3164 4901 3179 4925 ,
3216 4867 3263 4914 et
3288 4858 3621 4915 demonstrare
3644 4867 3786 4929 poten-

2248 4944 2374 4997 tiam
2400 4960 2567 5011 suam,
2614 4945 2816 5014 pertulit
2848 4946 2903 5000 in
2946 4947 3109 5000 multa
3153 4950 3395 5019 patientia
3426 4966 3541 5005 vasa
3564 4949 3661 5012 ire,
3696 4960 3785 5016 qua

2248 5039 2471 5107 perfecta
2510 5046 2626 5089 sunt
2663 5036 2717 5089 in
2758 5037 3107 5107 perditionem,
3137 5048 3191 5092 ut
3228 5050 3372 5094 notas
3400 5045 3578 5114 faceret
3618 5039 3784 5093 divitias

2247 5128 2423 5197 gloria:
2449 5142 2556 5181 sua
2575 5127 2629 5180 in
2648 5143 2770 5181 vasa
2809 5128 3184 5184 misericordia.
3214 5130 3353 5187 Ecce
3386 5132 3493 5201 jam
3524 5132 3648 5186 ratio
3680 5127 3781 5183 red-

2247 5219 2355 5274 dita
2380 5228 2463 5275 est
2492 5218 2718 5287 homini,
2755 5228 2955 5292 quanta
2981 5222 3163 5278 debuit
3190 5222 3420 5291 homini;
3449 5226 3490 5280 si
3522 5233 3681 5279 tamen
3716 5217 3781 5272 vel

2248 5315 2403 5369 istam
2448 5313 2612 5383 capit,
2638 5312 2729 5383 qui
2773 5329 2869 5383 pro
2908 5314 2991 5370 sui
3034 5314 3239 5372 arbitrii
3284 5317 3521 5373 libertate
3565 5316 3613 5370 in
3649 5320 3781 5367 tanta:

2248 5405 2568 5464 inﬁrmitatis
2617 5407 2870 5463 servitute
2926 5410 3195 5466 contendit
3257 5429 3271 5466 :
3321 5426 3447 5467 ecce
3490 5410 3632 5465 dicta
3680 5414 3780 5461 sunt

2246 5514 2442 5555 caus.'e.
2475 5498 2554 5553 Tu
2582 5514 2710 5569 ergo
2730 5540 2745 5565 ,
2773 5499 2892 5570 quis
2921 5515 2979 5555 es
3002 5502 3092 5573 qui
3123 5501 3443 5573 respondeas
3471 5503 3606 5567 Deo;
3641 5500 3680 5553 si
3702 5513 3779 5550 νο-

2248 5593 2361 5647 lens
2396 5590 2536 5645 Deus
2559 5590 2842 5646 ostendere
2881 5593 3035 5660 iram,
3064 5602 3117 5649 et
3142 5594 3503 5651 demonstrare
3528 5588 3777 5662 potentiam

2309 5704 2383 5767 (a)
2408 5709 2641 5765 Fortasse,
2675 5704 2967 5755 moderatus.
