3990 6384
196 261 290 321 825

196 390 355 441 suam,
398 373 539 446 quod
567 381 625 434 et
649 374 805 431 malis
851 378 989 434 bene
1012 377 1089 433 uti
1116 377 1351 449 Optimus
1391 382 1578 451 possit,
1607 385 1759 440 malis

196 467 429 522 duntaxat
452 482 557 520 non
585 466 893 524 conditione
920 468 1123 536 divina,
1145 470 1240 525 sed
1261 472 1441 527 vitiata
1472 474 1757 530 voluntatis

196 558 450 629 iniquitate
478 565 701 624 natura,
742 574 861 628 quae
885 575 917 615 a
960 560 1070 615 Deo
1110 561 1391 618 conditore
1420 564 1631 618 condita
1672 577 1758 621 est

195 654 319 709 bona
339 692 354 718 ,
395 649 613 720 pertulit
655 649 709 705 iu
737 651 900 705 multa
930 652 1182 721 patientia
1210 669 1335 708 vasa
1366 654 1458 709 ira:
1496 665 1671 724 aptata
1704 657 1755 711 in

197 742 441 799 interitum
471 759 484 795 :
510 755 617 795 non
631 742 772 812 quod
799 742 874 796 illi
902 754 1084 799 essent
1110 746 1426 804 necessaria.
1454 746 1568 801 sive
1591 761 1755 817 ange-

200 836 287 890 lica
314 835 418 888 sive
442 831 673 887 humana
698 843 913 904 peccata
946 876 964 902 ,
1005 836 1090 890 cui
1133 853 1233 892 nec
1260 836 1464 906 justitia
1495 850 1755 894 creatura:

198 925 478 995 cujusquam
490 932 574 979 est
601 926 933 992 necessaria;
953 927 1045 983 sed
1066 936 1118 981 ut
1143 938 1298 983 notas
1318 928 1520 985 faceret
1539 930 1754 987 divitias

196 1020 357 1092 gloria:
382 1034 488 1073 sua:
514 1016 567 1073 in
588 1034 713 1073 vasa
736 1019 1116 1075 misericordiae
1135 1062 1151 1086 ,
1175 1036 1242 1077 ne
1272 1036 1332 1078 se
1358 1022 1411 1077 in
1443 1023 1598 1079 bonis
1619 1039 1753 1093 ope-

197 1112 326 1166 ribus
356 1119 602 1179 tanquam
650 1109 718 1165 de
764 1110 995 1181 propriis
1033 1112 1352 1168 extollerent
1392 1113 1612 1179 viribus,
1659 1115 1753 1170 sed

198 1202 438 1258 humiliter
467 1201 841 1279 intelligerent,
872 1201 971 1255 nisi
1018 1201 1121 1257 illis
1160 1203 1252 1259 Dei
1301 1204 1469 1274 gratia
1514 1220 1619 1259 non
1655 1204 1751 1260 de-

198 1295 319 1360 bita,
347 1293 433 1349 sed
475 1296 702 1363 gratuita
744 1294 1091 1361 subveniret,
1119 1296 1170 1350 id
1201 1294 1367 1352 fuisse
1412 1298 1748 1354 reddendum

198 1386 374 1442 meritis
414 1387 523 1439 suis
548 1424 567 1450 ,
614 1385 754 1455 quod
799 1385 916 1441 aliis
963 1387 1014 1440 in
1066 1387 1254 1443 eadem
1283 1402 1457 1443 massa
1485 1389 1748 1445 redditum

195 1488 447 1533 cernerent
460 1476 484 1529 ?

252 1570 332 1625 25.
358 1566 541 1624 Certus
575 1578 659 1624 est
699 1584 826 1640 ergo
859 1570 952 1624 Dei
998 1570 1347 1640 prmseientite
1376 1571 1624 1627 deﬁnitus
1654 1589 1748 1628 nu-

193 1674 350 1715 merus
372 1700 387 1724 ,
420 1668 472 1713 et
498 1659 782 1714 multitudo
821 1670 1125 1714 sanctorum
1147 1701 1162 1725 ,
1208 1662 1401 1732 quibus
1429 1663 1749 1733 diligentibus

193 1753 353 1816 Deum,
376 1753 517 1824 quod
546 1752 626 1809 eis
648 1753 867 1807 donavit
894 1769 988 1825 per
1007 1752 1257 1809 dilfusum
1286 1754 1336 1809 in
1376 1756 1626 1812 cordibus
1651 1773 1747 1813 eo-

192 1861 293 1900 rum
320 1844 569 1915 Spiritum
591 1852 831 1899 sanctum
859 1886 874 1910 ,
903 1844 1072 1897 omnia
1106 1854 1439 1913 cooperantur
1462 1846 1514 1900 in
1539 1847 1743 1915 bonum,

194 1936 245 1989 iis
264 1936 337 2006 qui
362 1934 634 1989 sectmdum
655 1934 970 2006 propositum
990 1935 1151 1987 uocati
1178 1944 1314 1989 sunt.
1347 1935 1598 2001 Quoniam
1621 1953 1744 2006 quos

195 2038 292 2081 ante
312 2028 567 2099 prescioit,
598 2037 645 2081 et
661 2026 1035 2098 pra'destinauit
1063 2030 1347 2097 conformes
1373 2027 1484 2096 ﬁeri
1507 2028 1743 2098 imaginis

199 2118 300 2173 Filii
324 2121 416 2185 sui,
442 2129 494 2173 ut
536 2120 601 2174 sit
634 2119 740 2187 ipse
769 2118 1128 2189 primogenitus
1173 2120 1224 2172 in
1270 2118 1441 2172 multis
1481 2119 1738 2188 fratribus.

198 2211 311 2277 Quos
327 2220 481 2264 autem
498 2209 891 2281 praedestinavit,
907 2210 1021 2263 illos
1040 2218 1085 2262 et
1107 2210 1294 2263 vocavit
1318 2224 1336 2262 :
1357 2209 1443 2265 hic
1458 2210 1742 2267 subaudire

194 2301 434 2367 debemus,
463 2301 736 2356 secundum
765 2302 1091 2372 prapositum.
1121 2301 1255 2357 Sunt
1278 2303 1419 2355 enim
1450 2313 1503 2357 et
1525 2303 1616 2357 alii
1646 2318 1742 2357 vo-

192 2392 398 2458 cati,.sed
428 2407 532 2446 non
556 2392 745 2455 electi;
777 2408 838 2445 ac
873 2408 967 2462 per
994 2393 1096 2446 hoc
1137 2407 1241 2446 non
1282 2393 1575 2447 secundum
1610 2410 1737 2464 pro-

190 2484 386 2555 positum
413 2485 601 2539 vocati.
638 2485 775 2550 Quos
796 2494 964 2538 autem
985 2484 1176 2537 vocavit
1208 2484 1334 2554 (hoc
1359 2495 1441 2540 est
1466 2487 1739 2541 secundum

190 2575 495 2645 propositum)
536 2575 651 2629 illos
679 2584 724 2627 et
757 2575 1057 2645 justi/ienuit
1086 2590 1105 2627 :
1146 2591 1270 2645 quos
1298 2585 1464 2628 autem
1482 2577 1739 2647 justiﬁca-

187 2669 255 2733 rit,
279 2669 382 2721 illos
409 2678 454 2722 et
488 2668 788 2740 gloriﬁcauit
815 2667 998 2737 (Rom.
1026 2682 1118 2721 vm
1138 2708 1153 2733 ,
1181 2667 1343 2723 28-30
1439 2668 1502 2722 lli
1528 2680 1650 2723 sunt
1670 2670 1735 2723 li-

186 2758 229 2811 lii
265 2759 619 2829 promissioais
642 2800 657 2824 ,
704 2758 757 2812 hi
798 2766 929 2831 sunt
969 2757 1124 2812 electi
1153 2759 1241 2827 qui
1278 2772 1373 2828 per
1420 2758 1735 2814 electionem

183 2851 339 2917 gratia:
370 2850 498 2904 salvi
533 2852 663 2903 tiunt
685 2890 700 2914 ,
728 2848 815 2902 ubi
845 2849 1045 2902 dictum
1074 2856 1157 2901 est
1191 2864 1205 2901 :
1250 2848 1311 2902 Si
1337 2858 1503 2902 autem
1531 2850 1693 2920 gratia
1717 2892 1731 2914 ,

185 2940 270 3008 jam
291 2957 380 2994 non
400 2957 462 2994 ex
490 2940 721 3011 operibus
740 2940 995 3012 ;alioquin
1012 2940 1175 3009 gratia
1187 2940 1302 3009 jam
1326 2956 1424 2992 non
1448 2949 1519 2993 est
1548 2941 1730 3010 gratia.

188 3029 287 3086 lich
323 3042 442 3086 sunt
466 3047 595 3086 vasa
638 3030 1019 3086 misericordia:
1045 3070 1060 3094 ,
1089 3030 1144 3084 in
1182 3030 1374 3100 quibus
1408 3030 1548 3084 Deus
1576 3032 1732 3085 etiam

188 3135 261 3189 per
280 3137 391 3176 vasa
419 3122 510 3176 ir.e
548 3131 703 3176 notas
728 3119 853 3175 facit
892 3120 1101 3174 divitias
1126 3120 1310 3190 gloria:
1347 3135 1478 3174 suae.
1531 3121 1732 3175 llorutn

188 3215 232 3269 lit
269 3229 355 3285 per
397 3215 654 3286 Spiritum
701 3222 943 3269 sanetum
983 3227 1078 3267 cor
1117 3228 1277 3266 unum
1308 3220 1362 3266 et
1407 3211 1583 3265 anima
1630 3228 1731 3266 una

190 3308 306 3378 (Act.
330 3325 399 3376 tv,
426 3309 524 3380 52)
547 3350 563 3375 ,
592 3324 710 3379 qum
735 3306 1004 3361 benedicit
1032 3305 1219 3369 Deum,
1253 3312 1307 3358 et
1336 3319 1441 3358 non
1467 3304 1732 3359 oblivisci-

189 3414 253 3457 tur
270 3419 442 3458 omnes
469 3402 844 3458 retrLbutiones
863 3398 1000 3469 ejus,
1020 3397 1109 3469 qui
1133 3396 1389 3466 propitius
1405 3395 1465 3450 fit
1483 3397 1734 3452 omnibus

188 3495 510 3568 iniquitatibus
551 3496 698 3563 ejus;
744 3492 833 3565 qui
862 3500 1014 3545 sanat
1042 3503 1229 3545 omnes
1271 3489 1554 3558 languores
1581 3488 1728 3556 ejus;

188 3585 255 3655 qui
288 3586 491 3641 redimit
517 3585 586 3639 de
628 3580 970 3652 corruptione
1012 3580 1178 3633 vitam
1216 3578 1360 3645 ejus;
1391 3577 1480 3648 qui
1510 3586 1731 3631 coronat

188 3692 278 3732 eam
313 3680 361 3734 in
389 3675 749 3733 misericordia
780 3673 965 3748 (Psat.
988 3688 1079 3738 cu,
1108 3671 1160 3736 2,
1207 3669 1276 3739 2)
1296 3712 1310 3737 ,
1336 3671 1458 3740 quia
1488 3686 1595 3725 non
1634 3685 1730 3723 vo-

189 3768 312 3826 lentis
331 3786 498 3842 neque
521 3769 808 3835 currentis,
840 3764 935 3822 sed
959 3764 1263 3819 miserentis
1292 3770 1375 3817 est
1400 3762 1516 3816 Dei.

238 3862 313 3917 26.
338 3862 525 3918 C:eteri
553 3871 729 3916 autem
756 3858 1004 3914 homines
1026 3857 1090 3910 ad
1115 3857 1269 3911 istam
1293 3854 1601 3909 societatem
1620 3869 1728 3911 non

189 3956 495 4024 pertinentes,
526 3970 753 4026 quorum
785 3962 966 4007 tamen
986 3958 1041 4005 et
1068 3949 1299 4002 animam
1331 3957 1386 4002 et
1410 3962 1605 4017 corpus
1640 3948 1731 4002 Dei

187 4045 356 4104 bonitas
382 4057 603 4120 operata
641 4054 724 4101 est
752 4086 766 4109 ,
812 4054 867 4100 et
893 4040 1152 4115 quidquid
1193 4039 1354 4094 habet
1402 4039 1512 4108 ipsa
1543 4051 1730 4095 natura

185 4148 345 4206 prater
368 4140 572 4202 vitium,
601 4136 744 4207 quod
771 4135 943 4191 eidem
963 4133 1151 4188 inﬂixit
1176 4130 1531 4201 superbientis
1552 4130 1730 4186 volun-

185 4232 280 4286 tatis
304 4233 517 4287 audacia
542 4272 557 4295 ,
601 4240 820 4301 propter
854 4228 955 4282 hoc
991 4243 1020 4279 a
1069 4227 1179 4279 Deo
1209 4224 1520 4295 pnnsciente
1564 4225 1728 4279 creati

183 4334 296 4388 sunt,
334 4334 388 4379 ut
433 4324 486 4378 in
528 4322 614 4377 his
640 4319 948 4377 ostenderet
988 4318 1212 4372 liberum
1253 4315 1545 4371 desertoris
1587 4316 1730 4370 arbi-

180 4414 307 4470 trium
331 4416 445 4472 sine
469 4430 568 4470 sua
591 4413 759 4485 gratia
788 4410 916 4483 quid
939 4411 1173 4475 valeret;
1197 4417 1252 4463 et
1279 4408 1332 4462 in
1360 4423 1545 4462 eorum
1568 4407 1728 4478 justis

165 4514 223 4561 et
242 4506 417 4563 debitis
446 4508 621 4579 pinnis
644 4520 771 4560 vasa
799 4501 1200 4568 misericordize,
1237 4517 1355 4570 qua:
1377 4514 1483 4554 non
1509 4515 1725 4555 suorum

163 4611 362 4667 operum
391 4597 595 4653 meritis
618 4637 633 4661 ,
680 4594 775 4650 sed
810 4593 1037 4665 gratuita
1066 4592 1158 4646 Dei
1185 4592 1351 4663 gratia
1382 4600 1504 4646 sunt
1541 4592 1609 4645 ab
1639 4591 1725 4645 illa

162 4693 482 4747 concretione
522 4689 750 4745 discreta
772 4729 787 4755 ,
819 4685 944 4757 quid
976 4684 1077 4739 sibi
1114 4684 1367 4738 collatum
1393 4691 1537 4738 esset
1579 4682 1731 4737 addi-

160 4798 382 4852 soerent;
405 4794 465 4841 ut
492 4799 652 4840 omne
671 4796 733 4836 os
753 4780 1059 4835 obstruatur
1085 4778 1102 4848 (
1125 4776 1254 4832 Rom
1288 4791 1365 4841 ιιι,
1398 4775 1490 4845 l9)
1511 4816 1526 4842 ,
1565 4782 1619 4830 et
1638 4777 1726 4846 qui

160 4876 391 4946 gloriatur
414 4918 429 4942 ,
488 4875 539 4930 in
588 4872 814 4927 Domino
855 4869 1112 4941 glorietur
1165 4867 1183 4937 (
1212 4867 1231 4920 l
1263 4866 1421 4933 Cori,
1451 4866 1580 4938 51).

226 4989 433 5046 CAPUT
476 4987 608 5044 Vill.
637 5016 709 5027 —
731 4985 823 5039 27.
856 4984 1106 5054 Quisquis
1132 4982 1286 5036 aliter
1312 4981 1471 5037 docet
1490 5023 1506 5047 ,
1537 4988 1592 5036 et
1617 4997 1722 5036 non

158 5080 427 5151 acquiescit
451 5079 599 5135 sanis
625 5075 963 5134 sermonibus
993 5072 1201 5128 Domini
1230 5072 1397 5127 nostri
1422 5072 1545 5127 Jesu
1569 5071 1725 5127 Chri-

160 5170 223 5224 sti
241 5174 317 5241 qui
333 5172 488 5237 dixit,
502 5170 649 5225 Venit
658 5167 829 5222 Filius
845 5165 1061 5221 hominis
1076 5180 1297 5235 quwrere
1316 5173 1361 5218 et
1382 5164 1577 5217 salvere
1592 5163 1727 5233 quod

128 5254 145 5261 ’
160 5266 352 5332 perierat
374 5264 523 5337 (Luc.
556 5276 673 5327 xu,
696 5260 786 5331 10)
808 5277 821 5312 :
852 5273 955 5313 non
976 5257 1117 5312 enim
1139 5257 1233 5323 ait,
1255 5256 1406 5323 Quod
1432 5256 1723 5326 periturum

164 5357 329 5424 fuerat,
385 5357 480 5414 sed
513 5355 651 5426 quod
694 5353 943 5425 perierat;
978 5348 1105 5421 quid
1141 5347 1451 5409 ostendens.
1476 5346 1576 5401 nisi
1596 5362 1723 5416 pec-

162 5460 265 5506 cato
300 5452 452 5523 primi
496 5447 729 5505 hominis
756 5444 989 5501 universi
1020 5441 1231 5514 generis
1258 5439 1473 5495 humani
1502 5437 1725 5508 periisse

164 5546 416 5601 naturam?
444 5544 536 5617 qui
576 5557 707 5613 ergo
735 5540 891 5595 aliter
913 5537 1106 5603 docet,
1135 5543 1189 5591 et
1234 5549 1338 5589 non
1380 5533 1725 5603 acquiescens

163 5632 210 5688 ei
237 5650 342 5706 qua:
366 5632 659 5692 secundum
705 5631 956 5701 pietatem
982 5637 1065 5682 est
1106 5626 1361 5681 doctrina:
1388 5622 1465 5693 (ll
1491 5622 1720 5686 Tint.v1,

166 5723 250 5791 ὅ),
274 5734 455 5781 contra
488 5722 712 5796 gratiam
753 5718 1066 5785 Salvatoris,
1096 5726 1150 5773 et
1194 5723 1378 5772 contra
1408 5713 1722 5787 sanguinem

1364 267 1839 328 EPISTOLARUM
1877 276 2153 338 CLASSIS
2191 281 2277 338 Ill.

3340 304 3443 362 8‘26

1866 388 2236 465 Redemptoris
2257 406 2504 470 tanquam
2531 405 2731 463 salvam
2750 414 2806 467 et
2828 408 3049 469 liberam
3072 424 3312 472 naturam
3334 418 3438 475 de-

1864 481 2029 539 fendit
2078 487 2383 556 humanam,
2421 500 2474 547 ct
2511 494 2802 553 christiano
2837 508 3018 557 tamen
3048 506 3252 562 censeri
3280 524 3436 566 voea-

1862 574 1987 630 bulo
2017 577 2251 645 all‘ectat;
2301 583 2423 652 quid
2452 584 2520 641 de
2549 589 2887 655 parvulorum
2918 592 3240 654 discretione
3264 599 3436 657 dictu-

1862 679 1955 719 rus
1974 674 2073 731 est,
2105 683 2200 723 cur
2239 672 2375 727 alius
2417 674 2467 728 in
2495 676 2651 731 vitam
2684 681 2903 736 secundi
2946 682 3175 741 hominis
3203 704 3431 747 assuma:

1863 765 1967 849 tur,
2025 759 2159 815 alius
2210 762 2259 815 in
2298 774 2469 821 morte
2512 769 2667 837 primi
2712 769 2941 828 hominis
2978 776 3343 849 relinquatur?
3382 783 3436 840 Si

1861 848 2055 906 dixerit
2099 853 2251 909 liberi
2291 856 2492 912 arbitrii
2524 861 2707 916 merita
2752 866 3122 934 praecessisse;
3150 873 3436 943 respondet

1859 942 2149 1036 Apostolus
2167 962 2285 1016 qum
2314 963 2473 1020 supra
2494 951 2723 1007 diximus
2744 954 2810 1009 de
2835 957 3067 1013 nondum
3098 963 3232 1016 natis
3262 980 3435 1036 neque

1858 1031 2053 1101 aliquid
2081 1038 2356 1106 agentibus
2377 1041 2501 1095 boni
2523 1050 2614 1096 aut
2638 1044 2781 1098 mali.
2812 1045 2867 1100 Si
2883 1055 3059 1103 autem
3082 1048 3275 1108 dixerit
3295 1031 3435 1124 quod

1858 1125 2031 1181 adhuc
2071 1128 2122 1182 in
2157 1129 2306 1185 libris
2334 1149 2468 1202 quos
2515 1138 2819 1206 nuperrime
2848 1139 3088 1211 Pelagius
3129 1146 3434 1213 perhibetur

1857 1218 2107 1286 edidisse,
2133 1223 2460 1293 defenditur;
2485 1230 2723 1299 quamvis
2735 1229 2843 1301 jam
2862 1232 3102 1290 videatur
3122 1237 3428 1294 anathema-

1857 1310 2049 1367 tizasse
2079 1313 2128 1367 in
2173 1317 2457 1389 episcopali
2480 1320 2680 1389 judicio
2706 1321 2987 1380 Palaesﬁno
3014 1342 3109 1382 eos
3134 1329 3222 1398 qui
3252 1329 3434 1388 dicunt

1854 1400 1993 1469 quod
2039 1414 2308 1472 peceatum
2355 1409 2485 1464 Adze
2536 1410 2706 1480 ipsum
2753 1412 2923 1467 solum
2962 1415 3189 1482 laeserit,
3241 1426 3431 1477 etnon

1854 1508 2020 1562 genus
2046 1496 2335 1555 humanum
2365 1519 2378 1554 :
2406 1501 2450 1556 si
2476 1502 2676 1558 dixeris
2704 1506 2861 1560 ambo
2887 1506 3217 1576 sinejndicio
3252 1521 3428 1580 natos,

1856 1600 1952 1639 nec
1989 1588 2188 1657 aliquid
2218 1590 2284 1646 de
2330 1593 2485 1662 primi
2536 1593 2770 1650 hominis
2794 1596 3131 1655 damnatione
3167 1603 3428 1667 traxisse;

1855 1676 2094 1743 profecto
2121 1682 2371 1749 quoniam
2394 1699 2589 1755 negare
2616 1701 2719 1741 non
2745 1687 2904 1743 audet
2930 1689 2980 1743 in
3010 1706 3230 1760 regnum
3256 1697 3423 1750 coelo-

1851 1782 1967 1822 rum
1993 1770 2231 1842 adoptari
2262 1790 2380 1829 eum
2417 1778 2504 1847 qui
2535 1777 2691 1833 fuerit
2720 1789 3060 1851 regeneratus
3095 1784 3147 1839 in
3176 1782 3425 1854 Christo;

1850 1862 2169 1930 respondeat
2212 1866 2340 1935 quid
2380 1867 2448 1921 de
2495 1869 2585 1925 illo
2628 1869 2859 1926 futurum
2905 1875 2993 1937 sit,
3024 1876 3111 1946 qui
3142 1877 3284 1931 nulla
3331 1894 3427 1934 sua

1848 1952 2000 2024 culpa
2019 1970 2122 2009 non
2145 1956 2439 2026 baptizatus
2463 2002 2476 2024 ,
2507 1961 2602 2015 ista
2627 1961 2787 2017 fuerit
2807 1967 3079 2035 temporali
3103 1978 3273 2023 morte
3298 1985 3430 2040 prm-

1847 2054 2055 2099 ventus.
2086 2046 2140 2101 Si
2166 2063 2271 2103 non
2298 2058 2544 2120 putamus
2569 2068 2687 2108 esse
2708 2054 2969 2110 dicturum
2998 2058 3136 2127 quod
3173 2060 3426 2116 innocen-

1847 2141 1951 2191 tem
1984 2137 2143 2203 Deus,
2171 2155 2269 2195 nec
2291 2142 2570 2197 habentem
2600 2144 2854 2215 originale
2882 2158 3155 2216 peccatum
3182 2158 3303 2205 ante
3319 2166 3417 2205 an-

1846 2240 1944 2282 nos
1967 2229 2159 2299 quibus
2185 2232 2381 2287 habere
2414 2243 2625 2303 poterat
2657 2237 2927 2306 proprium
2953 2279 2967 2300 ,
3002 2248 3200 2292 a'tcrna
3250 2249 3421 2297 morte

1844 2318 2109 2376 damnabit
2129 2338 2143 2387 ;
2167 2324 2370 2393 cogitur
2394 2325 2568 2395 itaque
2588 2328 2913 2397 respondere
2933 2329 3072 2399 quod
3104 2330 3344 2401 Pelagius
3370 2332 3423 2389 in

1843 2414 2203 2470 ecclesiastico
2226 2416 2448 2486 judicio,
2480 2428 2537 2472 ut
2562 2420 2740 2489 aliquo
2785 2420 2943 2474 modo
2972 2422 3261 2477 catholicus
3297 2440 3420 2493 pro-

1843 2505 2195 2573 nuntiaretur,
2222 2510 2666 2565 anathematizare
2697 2513 3001 2582 compulsus
3031 2523 3131 2579 est,
3175 2515 3416 2574 infauteS.

1844 2598 2052 2653 etiamsi
2102 2615 2205 2653 non
2261 2600 2611 2668 babtizentur,
2663 2603 2858 2659 habere
2910 2606 3070 2660 vitam
3120 2616 3415 2662 aeternam:

1842 2690 1942 2747 hac
1966 2678 2106 2747 enim
2129 2703 2341 2763 negata,
2382 2695 2509 2764 quid
2554 2697 2653 2750 nisi
2683 2712 2828 2751 mors
2854 2706 3050 2752 aeterna
3080 2699 3419 2753 remanebit?

1909 2783 1999 2840 28.
2030 2786 2105 2839 Ae
2124 2800 2219 2855 per
2249 2785 2348 2841 hoc
2382 2796 2564 2841 contra
2594 2789 2908 2842 sententiam
2941 2789 3144 2843 Domini
3177 2790 3415 2861 disputa-

1840 2872 1917 2929 bit
1943 2873 2187 2939 dicentis,
2222 2873 2401 2929 Patres
2426 2876 2572 2929 vestri
2595 2876 3021 2933 manducaverunt
3046 2896 3228 2932 manna
3248 2880 3298 2933 in
3333 2883 3419 2934 tle-

1837 2973 1990 3030 serto,
2011 2975 2057 3017 et
2082 2967 2266 3018 mortui
2283 2976 2399 3020 sunt
2422 2982 2440 3019 :
2459 2968 2539 3018 hic
2559 2976 2631 3020 est
2651 2968 2796 3037 panis
2810 2968 2896 3033 qui
2916 2967 2977 3022 de
2997 2970 3119 3022 ccelo
3141 2969 3415 3036 descendit,

1839 3064 1895 3107 ut
1918 3054 1962 3108 si
1987 3056 2098 3125 quis
2115 3071 2178 3109 ea:
2200 3057 2309 3120 ipso
2326 3056 2697 3110 mamlucarerit
2718 3074 2816 3110 non
2837 3059 3112 3122 moriatur;
3143 3077 3245 3113 non
3274 3062 3413 3115 enim

1838 3145 1905 3199 de
1931 3146 2029 3200 ista
2058 3156 2226 3200 morte
2250 3146 2581 3217 loquebatur,
2609 3163 2765 3217 quam
2794 3164 3019 3204 necesse
3047 3158 3128 3203 est
3151 3150 3413 3221 patiantur

1838 3236 1995 3291 etiam
2043 3238 2131 3307 qui
2180 3238 2246 3291 de
2290 3239 2404 3307 ipso
2434 3254 2566 3308 pane
2598 3237 2916 3292 manducant
2943 3256 2955 3291 :
2988 3250 3037 3292 et
3069 3241 3225 3309 paulo
3276 3252 3413 3310 post,

1838 3328 2016 3392 Amen,
2037 3345 2181 3381 auten
2206 3329 2317 3381 dico
2337 3330 2487 3392 vobis,
2513 3327 2631 3382 Nisi
2652 3330 3067 3383 manducaveritis
3095 3348 3295 3386 carnem
3322 3334 3416 3401 ﬁlii

1838 3417 2071 3483 hominis,
2098 3427 2143 3472 et
2165 3419 2381 3472 biberitis
2402 3420 2510 3485 eius
2535 3420 2849 3491 sanguinem,
2870 3437 2969 3473 non
3004 3420 3244 3475 habebitis
3264 3423 3414 3476 vitam

1835 3510 1887 3563 in
1913 3511 2049 3565 vobis
2076 3509 2253 3583 (Joan.
2285 3526 2360 3578 vr,
2394 3510 2482 3575 49,
2512 3510 2599 3575 50,
2630 3509 2752 3581 54);
2787 3510 2966 3581 utique
2995 3511 3135 3566 illam
3158 3527 3273 3582 qum
3299 3524 3415 3581 post

1836 3601 1974 3657 hanc
2001 3611 2223 3657 mortem
2255 3600 2428 3655 futura
2454 3609 2573 3655 est:
2605 3608 2660 3655 et
2684 3610 2869 3655 contra
2914 3602 3217 3669 apostolica:
3260 3601 3416 3655 Sedis

1836 3693 2227 3755 auctoritatem,
2263 3692 2346 3744 ubi
2375 3691 2440 3745 de
2469 3693 2565 3744 hac
2593 3691 2703 3761 ipsa
2750 3706 2808 3745 re
2852 3706 2971 3746 cum
3000 3700 3262 3761 ageretur,
3312 3694 3413 3749 hoc

1836 3782 2197 3836 testimonium
2228 3781 2518 3834 adhibitum
2564 3789 2647 3835 est
2681 3781 3062 3851 evangelicum,
3096 3798 3162 3837 ne
3212 3784 3414 3851 parvuli

1836 3888 1941 3927 non
1971 3873 2218 3942 baptizati
2242 3874 2400 3926 vitam
2430 3889 2585 3942 posse
2613 3872 2808 3927 habere
2823 3873 3105 3927 credantur
3126 3872 3413 3946 (lnnocent.

1834 3963 1887 4016 in
1913 3962 2080 4033 Epist.
2119 3962 2235 4025 182,
2268 3980 2315 4015 ηΔ
2350 3965 2445 4031 5):
2480 3971 2532 4014 et
2572 3972 2755 4015 contra
2797 3961 2961 4030 ipsius
3012 3961 3205 4031 Pelagii
3248 3964 3410 4017 verba

1834 4054 1973 4125 apud
2016 4054 2296 4124 episcopos
2341 4069 2369 4105 a
2409 4053 2599 4122 quibus
2637 4051 2968 4115 audiebatur,
3010 4065 3284 4120 expressa.
3326 4052 3415 4107 ubi

1836 4146 2299 4201 anathematizavit
2324 4160 2417 4197 eos
2444 4142 2531 4212 qui
2560 4142 2797 4196 dicerent
2841 4141 3067 4195 infantes
3096 4157 3200 4195 non
3241 4142 3413 4211 bapti-

1834 4250 1979 4294 zatos
2007 4238 2201 4292 habere
2226 4237 2383 4291 vitam
2407 4244 2681 4290 aeternam.

1904 4333 1991 4389 29.
2034 4331 2184 4399 Quod
2230 4339 2507 4401 propterea
2550 4326 3116 4394 commemoravimus,
3166 4326 3413 4397 quoniam

1833 4425 2046 4497 quidem
2073 4422 2208 4493 apud
2239 4436 2352 4485 vos,
2386 4419 2468 4473 vel
2504 4420 2555 4473 in
2583 4425 2758 4472 vestra
2789 4416 2963 4487 potius
2991 4417 3223 4484 civitate,
3263 4417 3306 4472 si
3333 4426 3415 4472 ta-

1834 4533 1956 4572 men
1989 4530 2168 4570 verum
2195 4522 2276 4567 est
2300 4511 2438 4583 quod
2462 4509 2778 4575 audivimus,
2809 4516 2951 4563 tanta
2980 4523 3076 4577 pro
3105 4509 3207 4562 isto
3231 4522 3416 4562 errore

1834 4608 2046 4678 quidam
2077 4604 2433 4660 obstinatione
2461 4602 2718 4665 nituntur,
2759 4609 2816 4654 ut
2843 4600 3022 4653 dicant
3060 4598 3261 4652 facilius
3295 4613 3414 4652 esse

1834 4711 1890 4755 ut
1924 4701 2082 4753 etiam
2126 4696 2394 4765 Pelagium
2441 4693 2687 4747 deserant
2720 4700 2876 4763 atque
2918 4697 3279 4753 contemnant,
3324 4692 3411 4752 qui

1835 4794 1950 4848 hzec
1973 4792 2264 4847 sentientes
2296 4785 2777 4849 anatliematizavit,
2811 4798 2967 4854 quam
3000 4782 3067 4836 ab
3093 4781 3249 4851 hujus
3288 4796 3412 4835 sen—

1836 4885 2033 4946 tentize,
2062 4882 2198 4935 sicut
2227 4880 2302 4933 eis
2330 4877 2555 4942 videtur,
2588 4877 2809 4931 veritate
2840 4872 3131 4928 discedant.
3156 4870 3210 4926 Si
3236 4879 3412 4926 autem

1834 4976 2029 5031 cedunt
2066 4971 2189 5028 Sedi
2235 4970 2557 5040 apostolieze,
2595 4967 2676 5021 vel
2727 4965 2899 5035 potius
2929 4962 3029 5033 ipsi
3070 4964 3324 5032 magistro
3361 4972 3416 5017 et

1832 5067 2048 5121 domino
2077 5063 2468 5133 Apostolorum,
2496 5060 2582 5130 qui
2610 5057 2735 5111 dicit
2758 5071 2861 5109 non
2886 5053 3158 5109 habituros
3173 5055 3332 5108 vitam
3358 5055 3410 5109 in

1833 5155 2151 5225 semetipsis,
2181 5153 2279 5207 nisi
2326 5148 2757 5207 manducaverint
2792 5161 3006 5201 carnem
3037 5144 3128 5199 lilii
3159 5145 3412 5209 hmninis,

1833 5261 1885 5306 et
1912 5250 2141 5305 biberint
2167 5246 2500 5315 sanguinem,
2529 5239 2666 5310 quod
2694 5237 2794 5292 nisi
2821 5236 3068 5308 baptizati
3098 5251 3202 5291 non
3233 5237 3414 5304 utique

1835 5350 2083 5414 possunt;
2118 5353 2308 5408 nempe
2338 5330 2621 5404 aliquando
2666 5328 2967 5384 fatebuntur
3012 5327 3261 5398 parvulos
3308 5339 3411 5378 non

1834 5434 2121 5505 baptizatos
2149 5430 2306 5484 vitam
2326 5425 2522 5480 habere
2549 5437 2652 5477 non
2673 5436 2846 5491 posse,
2871 5435 2933 5475 ae
2962 5434 3057 5489 per
3084 5420 3204 5482 hoc,
3226 5432 3409 5487 quam-

1830 5529 1959 5586 libet
1983 5522 2309 5581 tolerabilius
2350 5516 2595 5573 omnihus
2623 5515 2711 5586 qui
2740 5516 2897 5571 etiam
2935 5512 3149 5582 propria
3190 5520 3404 5580 peccata

1831 5618 2183 5676 committunt,
2214 5619 2391 5666 tamen
2416 5616 2611 5663 aeterna
2640 5613 2813 5662 morte
2838 5602 3069 5659 multari.

1903 5710 1990 5765 30.
2023 5708 2151 5775 Quae
2171 5720 2290 5758 cum
2321 5703 2389 5757 ita
2419 5700 2543 5764 sint,
2574 5697 2803 5754 audeant
2829 5695 3121 5764 disputare,
3143 5700 3198 5749 et
3219 5694 3414 5764 quibus
