3990 6380
651 413 754 471 Βῒι

654 524 875 603 possunt
910 520 1231 596 persuadere
1257 510 1599 575 contendant,
1637 508 1801 564 Deum
1848 514 2069 575 jtisltim,
2100 497 2237 569 apud

655 590 813 695 quem
847 590 952 674 non
982 623 1063 672 est
1107 613 1374 683 iniquitas,
1403 598 1650 679 parvulos
1675 614 1705 657 a
1746 594 1974 669 peccatis
2014 590 2237 665 propriis

658 682 986 771 innocentes,
1025 704 1069 761 si
1097 682 1313 757 neciillo
1342 713 1407 755 ex
1441 695 1608 751 Adam
1648 690 1861 761 obligati
1903 696 1955 742 et
1998 682 2237 742 obstricti

656 812 801 870 sunt,
843 803 1013 855 morte
1041 802 1292 866 perpetua
1341 782 1731 845 damnatarum.
1767 780 1918 850 Quod
1969 778 2013 833 si
2043 777 2235 832 absur-

658 864 932 951 dissimum
955 864 1171 944 est—eia
1210 882 1411 953 justitia
1442 880 1532 935 Del
1564 877 1771 948 penitus
1797 868 2049 931 alienum,
2080 864 2133 923 et
2160 872 2239 921 ta-

661 1001 781 1041 men
815 983 986 1037 nullus
1016 977 1102 1047 qui
1142 990 1198 1030 se
1239 966 1477 1026 meminit
1508 966 1779 1023 catholicm
1824 960 1947 1017 fidei
1988 957 2237 1015 christia-

660 1090 805 1139 num,
835 1076 989 1147 ncgal
1029 1046 1120 1123 aut
1158 1066 1360 1121 dubitat
1398 1060 1644 1133 parvulos
1675 1074 1778 1112 non
1810 1063 2023 1124 accepta
2072 1046 2237 1122 gratia

658 1146 1075 1239 regenerationis
1112 1160 1167 1215 in
1212 1156 1447 1219 Christo,
1495 1153 1608 1208 sine
1645 1150 1767 1207 cibo
1808 1147 1984 1205 carnis
2028 1146 2144 1215 ejus
2185 1152 2240 1199 et

658 1259 929 1331 sanguinis
961 1262 1107 1327 potu,
1149 1258 1252 1308 non
1287 1246 1481 1306 habere
1510 1248 1561 1302 in
1587 1262 1646 1301 se
1688 1244 1873 1311 vitam,
1904 1257 1965 1296 ac
2004 1250 2100 1313 per
2138 1232 2239 1293 hoc

657 1322 831 1422 paenae
859 1322 1195 1421 sempiternm
1225 1342 1518 1407 ob'nOxios;
1553 1336 1789 1411 profecto
1816 1342 1979 1391 restat
2008 1322 2081 1387 ‘ut
2117 1333 2237 1403 quia

660 1447 757 1517 ipsi
801 1460 907 1499 non
933 1448 1153 1513 egerunt
1192 1434 1387 1510 aliquid
1434 1435 1559 1491 boni
1603 1440 1692 1488 aut
1718 1428 1861 1495 mali,
1895 1426 2017 1483 ideo
2054 1424 2241 1482 mortis

659 1553 843 1593 eorum
866 1536 1005 1606 justa
1043 1532 1110 1588 sit
1142 1546 1317 1603 paena,
1346 1526 1465 1599 quia
1497 1527 1548 1581 in
1577 1524 1668 1580 illo
1698 1520 2014 1587 meriuntur,
2052 1517 2103 1572 in
2135 1526 2240 1587 quo

659 1644 847 1683 omnes
870 1604 1254 1698 peccaverunt;
1286 1620 1423 1675 unde
1454 1619 1505 1673 in
1535 1618 1637 1672 isto
1678 1616 1791 1670 solo
1814 1604 2167 1684 justitlcantur
2195 1607 2235 1675 ί,

661 1737 689 1774 a
702 1737 808 1792 quo
826 1720 1100 1789 peccatum
1120 1731 1217 1771 nec
1233 1710 1484 1783 originale
1504 1708 1636 1765 trahi
1652 1708 1837 1779 potuit,
1855 1719 1953 1760 nee
1970 1702 2238 1774 proprium

663 1806 984 1883 perpetrari.

736 1904 821 1960 51.
862 1900 977 1973 ipse
1008 1899 1212 1954 vocavit
1241 1911 1339 1951 nos
1379 1908 1481 1949 non
1514 1893 1684 1947 solum
1714 1906 1778 1945 ex
1805 1886 2022 1951 Judcets,
2057 1898 2239 1938 verum

663 1997 821 2051 etiam
852 1968 915 2048 ei:
939 1990 1229 2054 Gentibus;
1255 1986 1500 2059 quoniam
1527 1993 1581 2039 et
1601 1981 1739 2036 illius
1762 1968 2052 2035 Jerusalem
2082 1972 2239 2039 illius,

665 2104 781 2159 qua:
809 2083 1073 2140 interfecit
1118 2080 1427 2153 Prophetas,
1462 2087 1515 2133 et
1554 2074 1802 2146 lapidavit
1839 2073 2033 2127 missos
2069 2063 2134 2124 ad
2161 2082 2239 2132 se,

662 2154 900 2250 quamvis
931 2174 1042 2245 ipsa
1066 2174 1278 2229 nolente
1302 2170 1514 2240 collegit
1541 2168 1652 2239 ipse
1678 2180 1808 2237 quos
1833 2163 2001 2217 voluit
2025 2154 2238 2234 (Matth.

664 2288 811 2335 mn,
844 2267 946 2341 57)
972 2310 985 2334 ,
1031 2276 1084 2323 et
1124 2276 1247 2321 ante
1277 2262 1689 2319 incarnationem
1733 2272 1903 2321 suam,
1938 2255 2071 2310 sicut
2101 2254 2245 2324 ipsos

667 2362 976 2431 Prophetas,
1008 2368 1060 2415 et
1091 2365 1430 2429 posteaquam
1480 2351 1706 2407 Verbum
1755 2364 1878 2405 caro
1922 2347 2115 2402 factum
2142 2350 2241 2408 est,

665 2455 801 2508 sicut
826 2448 1110 2523 Apostolus
1139 2455 1195 2503 et
1222 2442 1493 2500 hominum
1538 2442 1699 2496 millia
1738 2440 1825 2510 qui
1867 2447 1920 2493 et
1963 2436 2126 2507 pretia
2158 2449 2244 2489 re-

667 2561 781 2599 rum
811 2520 1027 2599 suarum
1054 2548 1175 2594 ante
1204 2534 1366 2608 pedes
1387 2534 1761 2605 Apostolorum
1789 2536 2078 2602 posuerunt
2108 2520 2242 2597 (Act.

665 2656 723 2705 tt,
756 2637 843 2701 41,
866 2646 912 2689 ει
938 2652 1009 2699 1v,
1044 2632 1095 2698 ιι,
1129 2629 1217 2700 54,
1248 2628 1361 2701 33).
1388 2630 1586 2684 Omnes
1637 2624 1829 2696 quippe
1872 2620 1945 2677 illi
1990 2619 2081 2675 filii
2125 2628 2247 2673 Sunt

664 2729 960 2786 Jerusalem
1012 2727 1237 2782 nolentis
1285 2732 1342 2778 ιιι
1386 2720 1784 2792 colligerentur,
1818 2712 1904 2787 qui
1943 2725 2115 2769 tamen
2157 2706 2245 2767 illa

668 2824 876 2878 nolente
916 2823 936 2853 ³
981 2818 1185 2876 collecti
1235 2826 1386 2880 sunt;
1418 2808 1484 2869 de
1523 2813 1710 2885 quibus
1742 2812 1866 2865 dicit
1914 2829 1925 2863 :
1974 2808 2034 2864 Si
2062 2818 2151 2879 ego
2192 2808 2248 2861 in

665 2912 933 2969 Beelzebub
974 2912 1117 2983 ejicio
1154 2906 1423 2972 daemonia,
1456 2902 1552 2975 ﬁlii
1593 2903 1740 2958 vestri
1782 2902 1831 2956 in
1865 2914 1962 2973 quo
2010 2898 2249 2972 ejiciunl?

670 3003 790 3058 Ideo
817 3004 915 3075 ipsi
950 3002 1147 3074 judiccs
1178 3000 1324 3054 vestri
1352 3006 1495 3051 erunt
1524 2988 1736 3067 (Matth.
1767 3010 1859 3060 xu,
1905 2992 2017 3061 27).
2069 2992 2140 3045 De
2183 2987 2247 3044 iis

669 3098 975 3167 prmtlictum
1003 3106 1113 3150 erat
1139 3112 1151 3147 :
1184 3093 1243 3149 Si
1271 3091 1458 3166 fuerint
1486 3090 1579 3160 lilii
1609 3078 1776 3143 lsrael
1799 3088 1924 3141 sicut
1954 3102 2106 3137 arena
2135 3099 2245 3136 nta-

666 3190 755 3253 ris,
790 3188 1009 3257 reliquitc
1033 3186 1183 3241 salva:
1212 3185 1331 3255 [ient
1357 3180 1509 3253 (Isai,
1530 3198 1585 3249 χ,
1612 3178 1714 3246 ‘22;
1748 3179 1872 3234 Osee
1899 3195 1936 3243 l,
1963 3179 2060 3241 10;
2095 3172 2242 3230 Iiom.

669 3299 740 3348 ιχ,
770 3279 976 3350 94-27).
1008 3278 1120 3332 Non
1155 3285 1325 3346 potest
1351 3274 1593 3329 excidere
1624 3272 1839 3325 verbum
1874 3269 1984 3334 Dei,
2014 3282 2115 3322 nec
2160 3282 2245 3320 re-

667 3372 798 3443 pulit
830 3369 1033 3440 plebem
1065 3383 1212 3421 suam
1243 3381 1399 3435 quam
1433 3360 1715 3433 pneseivit,
1752 3377 1869 3431 qua:
1904 3368 2077 3413 tamen
2120 3350 2247 3410 reli-

666 3463 802 3534 quia:
831 3477 922 3533 per
947 3459 1257 3515 electionem
1284 3454 1462 3527 gratia:
1506 3452 1668 3507 salva:
1709 3450 1861 3505 facta:
1888 3456 2028 3503 sunt.
2064 3444 2122 3502 Si
2148 3462 2245 3499 au-

666 3569 761 3610 tem
782 3555 964 3628 gratia,
997 3552 1134 3624 quod
1163 3566 1303 3620 saepe
1331 3544 1612 3604 dicendum
1642 3554 1744 3609 est,
1766 3546 1880 3615 jam
1908 3556 2009 3596 non
2033 3559 2095 3595 ex
2123 3557 2244 3611 ope-

666 3649 835 3709 ribus;
882 3646 1103 3714 alioquin
1148 3644 1312 3714 gratia
1351 3643 1459 3711 jam
1504 3656 1603 3693 non
1652 3648 1722 3692 est
1761 3634 1968 3708 gratia:
2000 3649 2104 3688 non
2134 3632 2249 3689 hinc

667 3740 847 3807 utique
873 3745 1073 3801 nostra,
1106 3735 1197 3790 sed
1229 3731 1467 3803 Apostoli
1516 3730 1673 3786 verba
1717 3737 1839 3783 sunt
1877 3724 2053 3798 (Rom.
2087 3742 2158 3790 xt,
2190 3723 2245 3791 2,

667 3831 721 3896 5,
751 3830 825 3898 6).
859 3828 1009 3894 Quod
1036 3842 1162 3897 ergo
1187 3825 1250 3881 ad
1277 3824 1570 3881 Jerusalem
1597 3822 1865 3877 nolentem
1896 3818 2072 3890 colligi
2106 3815 2245 3873 ﬁlios

666 3938 791 3977 sttos
835 3922 921 3974 ille
952 3920 1228 3983 clamabat,
1266 3917 1364 3971 hoc
1413 3931 1510 3971 nos
1547 3914 1840 3971 clamamus
1868 3910 2123 3968 adversus
2152 3926 2248 3966 eos

666 4014 753 4084 qui
778 4014 911 4067 filios
941 4012 1178 4067 volentes
1210 4009 1460 4065 Ecclesia:
1486 4007 1661 4077 colligi
1689 4006 1876 4061 nolunt
1900 4024 1911 4058 :
1938 4021 2037 4060 nec
2061 4006 2248 4059 saltem

669 4117 786 4179 post
808 4105 1064 4175 judicium
1099 4103 1169 4176 (a)
1203 4101 1341 4173 quod
1372 4102 1438 4156 de
1469 4102 1584 4170 ipso
1622 4097 1834 4170 Pelagio
1875 4097 1927 4153 in
1970 4096 2248 4152 Palaestina

668 4194 860 4246 factum
891 4200 991 4256 est,
1038 4190 1412 4258 corriguntur;
1452 4184 1520 4240 de
1566 4199 1671 4254 quo
1707 4182 1985 4237 damnatus
2031 4182 2247 4247 exisset,

671 4286 770 4339 nisi
800 4284 1005 4352 objecta
1038 4282 1135 4335 sibi
1165 4288 1348 4333 contra
1375 4278 1595 4348 gratiam
1619 4272 1885 4342 Dei,dicta
1913 4291 2030 4345 qua:
2054 4274 2250 4329 obscu-

671 4394 789 4433 rare
818 4392 920 4430 non
948 4376 1137 4445 putuit,
1170 4374 1281 4444 ipse.
1307 4372 1628 4426 damnasset.

739 4466 963 4525 CAPUT
995 4466 1085 4520 ix.
1107 4495 1175 4505 -—
1191 4464 1278 4518 '52.
1310 4464 1507 4518 Prmter
1527 4462 1616 4517 illa
1638 4458 1777 4517 enim
1804 4477 1942 4531 quae,
1965 4474 2072 4531 quo
2094 4456 2251 4512 modo

670 4565 859 4637 potuit,
889 4576 1050 4617 ausus
1077 4568 1161 4614 est
1184 4557 1555 4627 qualicumque
1585 4554 1788 4611 ratione
1817 4551 2120 4615 defendere,
2157 4548 2250 4605 ob-

664 4659 806 4727 jecta
832 4652 1072 4725 quietiam
1103 4658 1247 4716 sunt,
1273 4664 1392 4719 qure
1432 4646 1534 4702 nisi
1568 4654 1771 4701 remota
1801 4641 1945 4697 omni
1996 4642 2252 4713 tergiver-

669 4748 876 4804 satione
900 4742 1423 4804 auathematizasset,
1456 4739 1567 4808 ipse
1614 4733 2088 4791 anathematizatus
2117 4731 2255 4785 cxis-

670 4851 771 4898 set.
799 4838 1074 4910 Obiectum
1099 4844 1181 4890 est
1206 4835 1347 4889 enim
1384 4848 1506 4887 eum
1535 4833 1711 4887 dicere
1746 4849 1758 4883 :
1792 4828 1923 4896 Quia
1960 4828 2123 4883 Adam
2156 4827 2257 4881 sive

673 4941 916 5003 peccaret,
962 4931 1063 4984 sive
1102 4945 1201 4982 non
1231 4934 1475 4997 peccaret,
1510 4925 1778 4978 moriturus
1809 4932 1932 4977 esset
1974 4937 1993 4975 .'
2031 4933 2075 4975 et
2123 4920 2257 4991 quod

675 5033 934 5095 peccatum
960 5023 1066 5092 ejus
1092 5020 1259 5090 ipsum
1291 5017 1454 5071 solum
1480 5016 1680 5079 lteserit,
1706 5024 1751 5067 ct
1772 5030 1872 5067 non
1891 5029 2050 5085 genus
2077 5012 2257 5065 huma-

677 5132 799 5171 num
827 5130 844 5168 :
868 5124 911 5169 et
937 5113 1069 5183 quod
1095 5113 1311 5183 infantes
1341 5126 1503 5178 nuper
1533 5108 1637 5161 nati
1680 5108 1732 5160 in
1762 5107 1850 5160 illo
1877 5116 2013 5160 statu
2048 5104 2167 5169 sint,
2204 5102 2257 5157 in

677 5224 777 5279 quo
804 5206 966 5260 Adam
986 5205 1079 5273 fuit
1105 5214 1220 5257 ante
1240 5201 1701 5274 prwvaricationem
1727 5215 1743 5251 :
1767 5208 1812 5252 et
1838 5199 1972 5268 quod
1998 5214 2154 5267 neque
2172 5212 2259 5266 per

678 5311 886 5355 mortem
913 5298 989 5351 vel
1019 5313 1105 5365 per
1142 5295 1598 5366 prwvaricationem
1627 5292 1749 5345 Adae
1787 5307 1933 5343 omne
1968 5306 2122 5359 genus
2170 5287 2261 5341 hu-

678 5410 881 5448 manum
934 5391 1217 5454 moriatur,
1270 5404 1423 5456 neque
1477 5403 1565 5457 per
1613 5384 2025 5440 resurrectionem
2076 5381 2262 5437 Christi

679 5506 825 5543 omne
868 5503 1023 5558 genus
1062 5484 1338 5537 humanum
1383 5491 1611 5554 resurgat
1644 5496 1662 5535 .'
1705 5492 1750 5535 et
1789 5480 2027 5550 infantes,
2067 5480 2264 5534 etiamsi

681 5602 778 5637 non
803 5582 1136 5653 baptizentur,
1167 5576 1347 5629 habere
1372 5577 1521 5644 vitam
1540 5585 1777 5630 wternam
1803 5590 1820 5628 :
1843 5583 1889 5627 et
1908 5573 2083 5627 divites
2103 5571 2267 5642 bapti-

746 5740 760 5771 ι
785 5745 869 5786 Ms.
893 5733 1044 5796 Sulp.,
1070 5726 1384 5844 titai/t'canlur.

746 5801 764 5829 ⁸
787 5805 895 5844 Mm.
920 5798 1086 5844 varie.
1109 5795 1145 5844 il
1164 5809 1193 5844 ο
1216 5796 1384 5844 volente

745 5801 764 5829 '
787 5805 895 5847 Mss.
920 5795 1086 5853 Varie,
1109 5795 1193 5845 illo
1216 5796 1410 5846 volente.

745 5859 820 5921 (a)
842 5856 1229 5920 Diospolitanum.

2786 290 2793 295 .
2808 290 2821 295 μ
2862 284 2895 296 ’ν

1852 389 1908 445 8.
1949 377 2312 442 AUGUSTINI
2352 376 2654 433 EPISOOPI
3328 378 3331 381 -
3526 380 3529 383 -
3755 388 3830 449 ω

2344 492 2502 557 satos,
2527 491 2623 546 nisi
2643 488 2874 547 omnibus
2895 490 3201 559 renuntiem,
3240 491 3283 548 si
3304 490 3420 566 quid
3440 488 3546 551 boni
3578 500 3657 555 visi
3688 500 3824 571 fuerint

2345 584 2529 655 facere,
2560 594 2661 638 non
2688 583 2913 655 reputari
2942 584 3066 652 illis,
3094 594 3188 640 nec
3222 580 3493 642 eoshabere
3522 598 3649 661 posse
3670 598 3828 663 regnum

2345 675 2442 732 Dei
2467 694 2485 732 :
2513 686 2559 733 et
2586 679 2801 749 gratiam
2841 670 2939 732 Det
2965 676 3115 750 atque
3139 674 3440 747 adjutorium
3477 692 3569 737 non
3590 672 3649 738 ad
3667 687 3835 759 singulas

2344 778 2487 823 actus
2511 765 2641 833 dari,
2674 764 2764 824 sed
2787 762 2840 823 in
2875 764 3029 823 libero
3066 764 3273 823 arbitrio
3309 778 3410 825 esse
3439 764 3511 827 vel
3540 774 3587 827 in
3617 768 3706 848 lege
3732 790 3835 851 atqu

2345 858 2574 916 doctrina
2602 870 2691 915 :tet
2712 858 2810 915 Det
2828 862 3045 933 gratiam
3068 861 3339 916 secundum
3362 860 3528 918 manu
3551 874 3698 922 nostra
3720 870 3803 925 dari
3824 891 3836 927 :

2345 960 2389 1007 et
2414 948 2547 1021 ﬁlios
2571 949 2668 1007 Det
2706 952 2808 1006 tum
2853 948 2999 1022 posse
3024 946 3211 1017 vocari,
3250 949 3348 1007 nisi
3374 955 3563 1009 omnino
3584 954 3737 1027 absque
3757 972 3838 1029 ρεε.

2345 1055 2455 1098 cato
2484 1038 2675 1113 fuerint
2711 1034 2878 1110 effecti
2904 1059 2922 1098 ε
2951 1048 2997 1097 et
3021 1050 3121 1098 noti
3166 1046 3270 1099 esse
3306 1040 3506 1099 liberum
3547 1042 3781 1115 arbitrium,
3809 1056 3838 1108 ti

2346 1130 2441 1190 Dei
2467 1134 2657 1207 indiget
2676 1128 2908 1203 auxilio;
2932 1134 3169 1207 quoniarit
3196 1136 3249 1191 in
3276 1138 3478 1210 propria
3500 1136 3719 1198 voluntate
3735 1142 3839 1200 habet

2345 1222 2685 1298 unusquisque
2707 1224 2872 1299 facere
2897 1222 3111 1299 atiguid,
3138 1228 3215 1283 vel
3239 1240 3339 1283 non
3367 1230 3563 1299 facere:
3586 1240 3629 1284 et
3648 1232 3842 1288 victoriam

2346 1327 2568 1374 nostram
2598 1330 2697 1375 nan
2723 1328 2787 1375 ea:
2827 1314 2923 1374 Dei
2946 1320 3201 1391 adjutorio
3242 1330 3367 1388 esse,
3400 1320 3486 1375 sed
3511 1337 3569 1376 at:
3596 1321 3726 1379 libero
3744 1326 3842 1381 arbi-

2348 1413 2442 1466 trio
2470 1426 2489 1465 :
2512 1418 2561 1466 et
2600 1408 2736 1483 quod
2775 1410 3121 1482 paenitentibus
3158 1412 3301 1467 venia
3337 1428 3436 1467 non
3478 1413 3610 1468 detur
3632 1417 3841 1471 secundum

2344 1506 2560 1577 gratiam
2580 1513 2625 1559 et
2652 1505 3045 1559 misericordiam
3066 1504 3183 1571 Dei,
3211 1504 3300 1560 sed
3330 1506 3593 1560 secundant
3612 1510 3795 1563 meritam
3813 1522 3842 1564 et

2346 1590 2565 1650 laborem
2594 1606 2765 1651 eorum
2790 1595 2876 1667 qui
2909 1596 2999 1667 per
3026 1592 3367 1667 paenitentiam
3403 1586 3539 1667 digni
3558 1590 3720 1668 fuerint
3736 1602 3845 1654 mise-
3926 1602 3927 1609 ‘

2344 1688 2581 1744 ricordia.

2416 1781 2503 1838 35.
2546 1778 2671 1837 Hcce
2696 1780 2873 1835 omnia
2902 1776 3144 1850 Pelagius
3164 1780 3242 1835 sic
3266 1776 3716 1844 anathematizavlt,
3742 1782 3842 1852 quod

2347 1873 2475 1929 satis
2504 1872 2662 1930 Gesta
2685 1874 2795 1944 ipsa
2824 1874 3108 1937 testantur,
3134 1880 3194 1929 ut
3219 1862 3350 1927 nihil
3374 1861 3440 1927 ad
3459 1868 3519 1927 ea
3536 1868 3720 1945 quoque
3738 1868 3851 1928 modo

2347 1958 2678 2021 defendenda
2700 1960 3075 2036 disputationis
3085 1958 3321 2020 attulerit
3339 1978 3353 2030 ;
3374 1960 3511 2023 unde
3527 1956 3852 2035 lltcottsequens

2351 2066 2405 2110 ut
2448 2055 2688 2127 quisquis
2735 2054 2976 2125 sequitur
3018 2048 3158 2110 illius
3203 2052 3518 2126 episcopalis
3554 2052 3850 2111 anetoritatcm

2344 2146 2562 2218 judicii,
2602 2148 2657 2203 et
2700 2140 2866 2218 ipsius
2914 2144 3112 2217 Pelagii
3139 2137 3559 2223 cenfessionem,
3590 2143 3689 2201 haec
3724 2156 3853 2202 tenere

2349 2240 2558 2304 debeat,
2586 2256 2706 2312 qua:
2734 2248 2948 2310 Semper
2972 2239 3142 2295 tenuit
3157 2236 3418 2296 catholica
3436 2238 3688 2296 Ecclesia:
3713 2240 3852 2303 Adam,
3926 2240 3927 2315 l

2352 2332 2449 2387 nisi
2479 2339 2768 2402 peccaSSet,
2796 2348 2899 2386 non
2929 2330 3093 2385 fuisse
3116 2329 3431 2387 moriturum
3459 2330 3622 2401 :quod
3644 2338 3851 2400 peceatum
3926 2329 3927 2389 i

2351 2422 2465 2494 ejus
2497 2438 2603 2477 non
2636 2423 2805 2493 ipsum
2832 2422 3002 2477 solum
3031 2418 3231 2478 lteserit
3253 2466 3267 2488 ,
3314 2422 3409 2478 sed
3445 2432 3497 2477 et
3534 2432 3685 2492 genus
3715 2421 3851 2476 huma-

2354 2530 2516 2569 num:
2551 2523 2602 2568 et
2639 2510 2779 2585 quod
2811 2514 3040 2569 infantes
3079 2525 3249 2585 nu’per
3293 2513 3402 2570 nati
3448 2528 3546 2570 non
3585 2514 3680 2569 sint
3715 2512 3756 2569 in
3792 2506 3853 2568 illo

2352 2615 2509 2671 statu,
2558 2602 2611 2661 in
2640 2622 2746 2677 quo
2782 2605 2945 2663 Adam
2973 2598 3073 2661 fuit
3096 2614 3220 2663 ante
3252 2606 3729 2678 prtevaricatioiiem,
3751 2612 3790 2660 ut
3809 2606 3852 2659 ad

2353 2700 2492 2770 ipsos
2517 2700 2778 2769 pertineat
2802 2700 2959 2753 etiam
2986 2698 3129 2769 quod
3146 2697 3379 2756 breviter
3402 2698 3474 2755 ait
3496 2698 3764 2771 Apostolus,
3784 2694 3853 2751 Per
3926 2694 3927 2763 ξ

2351 2808 2507 2844 unum
2533 2791 2781 2845 hominem
2807 2807 2962 2859 mors,
2994 2799 3039 2845 et
3069 2804 3158 2863 per
3182 2794 3342 2846 unum
3370 2788 3609 2847 hominem
3626 2791 3849 2847 resumctio

2351 2892 2680 2936 mortuorum.
2715 2880 2861 2939 Sicut
2889 2883 3020 2938 enim
3052 2882 3104 2938 in
3128 2879 3299 2938 Adam
3326 2900 3495 2940 omnes
3528 2885 3785 2950 moriuntur,
3806 2880 3850 2937 ita
3926 2924 3927 2929 η

2352 2985 2397 3030 et
2426 2976 2479 3029 in
2511 2974 2707 3028 Christo
2736 2991 2908 3029 omnes
2946 2972 3333 3044 viviﬁcabuntur
3360 2966 3402 3046 (i
3427 2972 3539 3032 Cor.
3568 2990 3651 3042 xv,
3677 2970 3749 3039 21,
3773 2973 3851 3043 22).

2352 3064 2502 3126 Unde
2532 3066 2587 3122 tit
2612 3076 2671 3122 ut
2696 3065 2925 3124 infantes
2950 3070 3056 3122 no'n
3088 3060 3362 3141 baptizati,
3392 3084 3495 3124 non
3517 3058 3671 3124 solum
3690 3081 3853 3139 regnum

2351 3159 2642 3227 etelorum,
2688 3175 2873 3216 verum
2921 3159 3079 3215 etiam
3124 3158 3288 3214 vitam
3317 3166 3562 3217 aeternam
3594 3160 3756 3215 habere
3784 3172 3853 3210 non

2352 3258 2575 3328 possint.
2608 3252 2941 3311 Coniiteatur
2966 3252 3147 3321 etiam,
3171 3250 3367 3309 divites
3388 3252 3679 3323 baptizatos,
3702 3248 3853 3306 etiamsi
3926 3228 3927 3299 1

2352 3349 2549 3403 divitiis
2589 3349 2700 3404 suis
2740 3363 2846 3403 non
2892 3355 3127 3414 careant,
3160 3354 3215 3403 et
3245 3347 3354 3402 sint
3383 3347 3512 3402 tales
3539 3347 3699 3416 quales
3721 3342 3771 3397 ad
3793 3340 3854 3397 Ti-
3926 3338 3927 3347 “

2353 3439 2625 3496 motheum
2656 3434 2908 3495 describit
2926 3436 3210 3510 Apestolus
3228 3437 3435 3505 dicens,
3463 3438 3673 3507 Prii-cipe
3685 3433 3856 3491 divitibus

2354 3531 2506 3605 hujus
2549 3527 2725 3583 mundi
2760 3546 2861 3584 non
2897 3528 3110 3597 superbe
3134 3546 3334 3599 sapere,
3367 3546 3521 3601 neque
3546 3523 3851 3599 sperarunt!!-

2353 3636 2486 3677 certo
2514 3621 2832 3688 divitiarum,
2876 3618 2967 3675 sed
3006 3620 3059 3675 in
3102 3616 3207 3675 Deo
3244 3621 3390 3690 vivo,
3418 3622 3505 3694 qui
3532 3626 3714 3692 praestat
3733 3612 3851 3672 omnia

2354 3716 2665 3769 abundanter
2689 3712 2755 3768 ad
2784 3713 3091 3785 fruendum;
3117 3711 3298 3769 divites
3322 3712 3425 3769 sint
3443 3715 3492 3767 in
3514 3709 3718 3783 operibus
3736 3706 3849 3766 bonis,

2354 3810 2506 3883 facile
2535 3807 2793 3875 tribuant,
2836 3807 3235 3875 communicent,
3271 3804 3599 3861 tltesaurizent
3619 3800 3701 3858 sibi
3722 3796 3855 3872 funda-

2357 3912 2575 3957 mentum
2604 3902 2789 3954 bonum
2819 3900 2868 3953 in
2894 3903 3145 3971 futurum,
3177 3902 3229 3951 ut
3253 3897 3627 3969 apprehendant
3652 3902 3784 3949 veram
3801 3889 3852 3941 ri-

2356 4006 2457 4050 tam
2486 3996 2526 4066 (l
2552 3986 2689 4050 Tim.
2736 4010 2806 4061 γι,
2831 3993 3037 4064 17-19),
3070 4008 3171 4047 non
3205 4008 3303 4048 eos
3334 4008 3497 4063 regno
3523 3986 3609 4047 Dei
3632 3997 3759 4061 pesse
3778 3980 3853 4053 pri-

2355 4094 2485 4148 vari.
2536 4090 2788 4147 Fateatur
2831 4089 3054 4159 gratiam
3101 4082 3191 4141 Dei
3240 4096 3297 4141 et
3334 4085 3642 4156 adjutorium
3666 4080 3788 4136 etiam
3810 4071 3853 4126 ad

2354 4185 2591 4258 singulos
2617 4192 2766 4239 actus
2795 4180 2944 4246 dari;
2973 4197 3198 4252 eamque
3222 4197 3331 4236 non
3358 4179 3474 4235 ‘dari
3500 4174 3752 4235 secundum
3776 4181 3853 4224 mc-

2356 4280 2455 4333 rita
2486 4286 2667 4333 nostra
2691 4318 2707 4345 ,
2749 4284 2807 4330 ut
2836 4289 2961 4330 vera
2990 4275 3058 4328 sit
3082 4272 3251 4344 gratia
3271 4317 3284 4340 ,
3322 4273 3373 4328 id
3406 4282 3484 4328 εει
3508 4268 3653 4344 gratis
3674 4265 3770 4322 data
3793 4274 3855 4329 per

2356 4370 2476 4440 ejus
2507 4365 2926 4423 misericordiam
2957 4363 3044 4435 qui
3091 4363 3221 4419 dixit
3240 4408 3253 4431 ,
3300 4362 3570 4419 Miserebor
3594 4358 3667 4414 cui
3685 4356 3854 4409 acuatu:

2356 4477 2474 4528 ero,
2528 4467 2572 4513 et
2613 4455 3011 4511 misericordiam
3048 4454 3298 4528 praestabo
3347 4452 3429 4510 cui
3472 4450 3719 4508 misericors
3757 4448 3885 4515 fuero,

2359 4553 2549 4628 (Exod.
2584 4568 2781 4617 χχχιιι,
2812 4548 2924 4621 i9).
2958 4549 3209 4606 Fateatur
3253 4546 3390 4606 ﬁlios
3435 4542 3523 4604 Dei
3562 4536 3714 4602 vocari
3746 4548 3854 4611 posse

2360 4648 2477 4702 illos
2520 4645 2608 4717 qui
2647 4642 2884 4715 quotidie
2921 4644 3133 4711 dicunt,
3172 4638 3383 4697 Dimitte
3412 4641 3549 4697 nobis
3571 4638 3712 4694 debita
3733 4634 3856 4685 nostra

2363 4735 2573 4809 (Matth.
2605 4752 2677 4802 v1,
2712 4732 2799 4805 l9.)
2828 4752 2839 4787 :
2870 4734 3008 4806 quod
3045 4734 3227 4805 utique
3258 4734 3514 4789 veraciter
3540 4746 3633 4786 non
3659 4724 3850 4782 dicerem.

2360 4827 2405 4883 si
2429 4837 2607 4883 essent
2643 4825 2951 4883 omnimodo
2977 4822 3091 4881 sine
3119 4834 3354 4895 peccato.
3388 4824 3622 4880 Fateatur
3643 4831 3740 4873 esse
3759 4810 3853 4866 libe-

2362 4937 2478 4976 rum
2499 4920 2797 4986 arbitrium,
2824 4916 2983 4975 etiam
3010 4917 3052 4974 si
3078 4916 3257 4972 divino
3285 4912 3481 4987 indiget
3503 4904 3746 4984 adiutorio.
3783 4898 3855 4954 Fs-

2365 5022 2536 5069 teatur
2573 5006 2785 5084 quando
2818 5020 3000 5066 contra
3036 5009 3353 5064 tcntationes
3380 4997 3852 5074 Concupiscentiasquc

2364 5101 2571 5161 illicitas
2601 5103 2914 5159 dimicamus
2936 5144 2950 5169 ,
2999 5102 3238 5172 quamvis
3267 5098 3322 5159 et
3350 5096 3453 5155 illic
3484 5092 3736 5151 habeamus
3764 5092 3851 5172 prb-

2365 5197 2531 5270 priam
2558 5192 2902 5260 voluntatem,
2934 5170 3037 5249 non
3061 5201 3236 5248 tamen
3256 5198 3320 5248 ex
3342 5188 3446 5257 illa,
3476 5186 3567 5244 Sed
3581 5198 3636 5240 ex
3657 5170 3855 5247 adiutorio

2370 5289 2461 5345 Dei
2487 5296 2717 5344 nostram
2741 5285 3018 5359 provenire
3045 5285 3340 5340 victoriam.
3367 5282 3478 5336 Non
3506 5277 3633 5333 enim
3658 5270 3776 5325 aliter
3795 5274 3858 5312 τε·

2368 5398 2482 5438 rum
2512 5381 2613 5437 erit
2638 5378 2777 5451 quod
2811 5377 3092 5450 Apostolus
3120 5376 3223 5431 ait:
3259 5370 3377 5430 Non
3404 5366 3598 5427 valentis
3626 5372 3753 5433 tua]!!!
3769 5367 3855 5409 απ·

2370 5475 2540 5541 rentis,
2569 5470 2656 5526 sed
2678 5469 2952 5525 miserantis
2978 5479 3048 5525 est
3082 5467 3196 5522 Dei.
3228 5464 3469 5521 Fateatur
3496 5456 3746 5517 secundum

2372 5567 2495 5621 tiam
2522 5572 2573 5620 et
2604 5561 3018 5619 misericordiam
3048 5559 3138 5615 Dei
3169 5556 3370 5615 veniam
3402 5549 3737 5627 paenitentibus
3751 5534 3849 5593 dari.

2372 5674 2478 5714 non
2514 5654 2802 5711 secundum
2838 5654 3025 5708 merita
3064 5667 3279 5713 eorum;
3326 5640 3712 5719 quandoquidem
3734 5628 3850 5719 vilitti

2375 5755 2540 5823 ipsam
2563 5748 2925 5820 ptenitentiam
2948 5746 3143 5801 donum
3174 5742 3262 5800 Dei
3282 5714 3410 5797 disit
3430 5731 3699 5809 Apostolus,
3723 5714 3855 5820 ubisit

2374 5819 2443 5901 de
2488 5841 2799 5916 quibusdam
2828 5858 2841 5897 :
2872 5837 2957 5895 Ne
2996 5841 3124 5912 forts
3165 5844 3245 5893 «et
3280 5837 3381 5889 illis
3422 5830 3549 5885 Deus
3586 5819 3855 5896 penitentiam
