3990 6418
264 488 357 554 ω
1419 480 1894 554 EPISTOLARUM
1930 488 2203 551 CLASSiS
2244 495 2329 550 ιιι.
2362 452 2373 459 ’
3396 498 3502 560 830

267 602 323 685 (li
352 596 470 663 Tim.
508 627 564 675 It,
596 597 706 680 23).
744 610 865 664 llzec
890 602 1063 665 omnia
1104 604 1414 679 simpliciter
1439 611 1552 664 sine
1582 613 1699 666 uilis
1730 611 1813 666 l‘a-

268 711 417 759 teatur
440 698 775 769 ambagibus,
816 694 858 755 si
894 704 1010 772 quis
1036 704 1085 755 in
1113 704 1477 757 auctoritatem
1506 690 1816 757 catholicam

270 809 313 855 et
336 800 378 852 iu
397 790 553 866 ipsius
573 786 763 867 Pelagii
787 799 1033 866 expressa
1062 796 1431 851 ecclesiasticis
1462 797 1635 851 Gestis
1659 796 1818 851 verba

270 888 526 946 consentit.
575 887 754 957 Neque
783 888 922 941 enim
955 884 1038 941 illa
1078 894 1195 958 qua‘.
1242 887 1323 941 Ιιίς
1367 892 1489 940 sunt
1527 886 1812 953 contraria,

272 976 500 1036 veraciler
514 976 953 1033 anathematiZata
979 982 1097 1033 eSSe
1114 977 1435 1034 credendum
1460 976 1562 1041 Bst,
1580 978 1677 1030 nisi
1705 968 1817 1033 haec

268 1074 433 1145 quibus
452 1068 572 1127 sunt
591 1070 876 1133 cauti-aria,
902 1054 1041 1127 ﬁdeli
1058 1071 1218 1126 corde
1240 1078 1535 1137 teneantur,
1561 1066 1617 1123 et
1635 1076 1816 1139 aperta

267 1158 568 1221 confessione
600 1158 925 1231 promantur.

325 1252 533 1312 CAPUT
561 1238 630 1327 Χ,
652 1285 724 1301 -ο
757 1246 843 1309 34.
872 1238 979 1309 Nec
1011 1254 1061 1308 in
1092 1252 1206 1307 iStis
1231 1251 1378 1307 libris
1406 1251 1812 1316 recentioribus,

267 1364 380 1419 quos
420 1334 552 1401 idem
596 1332 839 1413 Pelagius
890 1350 1005 1414 post
1043 1332 1169 1399 illud
1195 1342 1450 1413 judicium
1479 1338 1671 1397 dicitur
1700 1343 1815 1397 edi-

269 1436 411 1501 disse,
441 1428 677 1504 quamvis
703 1426 964 1503 adiutorio
989 1424 1183 1489 divinae
1206 1434 1385 1501 gratim
1411 1432 1713 1488 consentire
1736 1432 1816 1487 vi-

268 1526 448 1589 deatur,
471 1516 591 1593 quid
614 1512 680 1579 de
701 1524 799 1579 hac
821 1532 877 1579 re
903 1524 1096 1579 sentiat
1121 1518 1247 1578 satis
1276 1524 1546 1579 evidenter
1575 1533 1812 1592 apparet.

267 1604 534 1688 Aliquando
563 1614 701 1674 cnim
734 1617 805 1672 ita
830 1612 1045 1687 paribus
1070 1616 1349 1672 metuentis
1377 1626 1691 1688 potestatem
1718 1622 1814 1671 vo-

265 1712 455 1765 luntatis
480 1726 628 1779 mqua
670 1710 819 1763 lance
850 1710 1162 1778 perpendit,
1208 1717 1265 1762 ut
1307 1716 1557 1778 quantum
1592 1702 1653 1762 ad
1686 1714 1811 1778 pec-

262 1802 494 1865 candum,
547 1810 747 1881 tantum
777 1802 792 1833 ¹
820 1802 978 1855 etiam
1014 1801 1078 1854 ad
1118 1817 1222 1855 non
1271 1801 1595 1869 peccandum
1636 1801 1813 1854 valere

261 1896 450 1951 deﬁniat
476 1912 490 1949 :
514 1892 654 1965 quod
683 1894 726 1949 si
750 1895 816 1947 ita
839 1903 940 1959 est,
966 1895 1139 1947 nullus
1168 1893 1315 1947 locus
1343 1892 1604 1961 adjutorio
1630 1892 1811 1961 gratia:

260 1995 565 2053 reservatur,
597 1986 713 2041 sine
742 2002 846 2056 qua
883 2002 981 2040 nos
1009 1985 1233 2040 dicimus
1260 1974 1323 2038 ad
1351 2001 1454 2039 non
1486 1984 1811 2054 peccandum

258 2068 372 2134 nihil
414 2076 696 2132 voluntatis
740 2077 1015 2130 arbitrium
1058 2077 1251 2129 valere.
1301 2070 1597 2144 Aliquando
1633 2086 1810 2129 autem

257 2166 543 2239 quotidiana
574 2167 757 2238 gratiae
794 2166 888 2221 Dei
917 2166 1108 2220 muniri
1139 2181 1239 2220 nos
1270 2166 1552 2220 conﬁtetur
1580 2166 1773 2219 auxilio
1794 2207 1807 2230 ,

256 2261 472 2333 quamvis
492 2260 781 2314 habeamus
800 2259 864 2313 ad
888 2275 992 2313 non
1013 2258 1334 2328 peccandum
1366 2258 1497 2311 forte
1520 2274 1580 2311 ac
1604 2258 1809 2311 ﬁrmuln

255 2350 459 2405 liberum
498 2340 773 2404 arbitrium
821 2368 833 2401 :
880 2349 1021 2419 quod
1052 2350 1232 2418 utique
1258 2349 1545 2403 invalidum
1578 2359 1629 2402 et
1661 2350 1806 2404 inﬁr-

256 2456 385 2496 mum
411 2441 586 2497 debuit
613 2440 873 2501 conﬁteri.
904 2441 1073 2495 donec
1102 2452 1352 2495 sanentur
1382 2458 1564 2496 omnes
1592 2442 1810 2511 langue-

257 2546 335 2586 res
360 2532 536 2586 animm
566 2540 780 2587 nostrai.
810 2530 923 2585 Non
952 2530 1091 2585 enim
1119 2547 1214 2600 pro
1238 2531 1543 2586 inﬁrmitate
1568 2532 1809 2607 corporis

255 2624 565 2694 precabatur,
594 2625 683 2695 qui
713 2624 919 2679 diccbat
942 2650 957 2691 ι
991 2624 1231 2678 Miserere
1258 2626 1353 2678 mei
1376 2666 1387 2685 ,
1417 2623 1651 2687 Domine,
1679 2642 1776 2695 quo
1794 2656 1806 2665 -

254 2716 376 2768 niam
391 2716 617 2784 inﬁrmus
635 2732 781 2779 sum;
808 2732 931 2768 sana
957 2732 1053 2779 me,
1080 2715 1313 2778 Domine,
1345 2717 1582 2784 quoniam
1605 2727 1807 2769 contur-

255 2806 359 2859 bata
381 2815 491 2859 sunt
517 2822 631 2860 ossa
658 2822 807 2859 mea:
836 2806 957 2859 nam
1003 2800 1060 2860 ut
1088 2805 1392 2860 ostenderet
1423 2822 1515 2875 pro
1546 2796 1717 2860 anima
1749 2822 1807 2861 se

250 2911 437 2962 rogare,
465 2905 677 2952 secutus
696 2896 954 2968 adjunxit,
984 2906 1028 2951 et
1046 2897 1216 2950 anima
1233 2914 1339 2950 mea
1358 2897 1553 2950 turbata
1574 2907 1643 2951 est
1667 2898 1809 2951 valde

247 2989 402 3061 (Psnl.
433 3007 504 3055 νι,
531 2978 585 3055 3,
616 2989 693 3061 t).

307 3083 391 3139 55.
422 3082 639 3137 Videtur
654 3082 782 3151 ergo
800 3083 1053 3138 auxilium
1078 3084 1258 3153 gratiae
1282 3088 1530 3153 tanquam
1555 3100 1617 3139 ex
1641 3086 1806 3141 abun-

238 3169 374 3227 danti
392 3184 569 3239 putare
588 3173 828 3238 concedi,
847 3173 897 3228 id
914 3182 1016 3235 est,
1036 3182 1092 3227 ut
1111 3175 1316 3229 etiamsi
1340 3191 1442 3229 non
1459 3177 1801 3242 concedatur,

239 3262 512 3319 habeamus
537 3270 712 3319 tamen
743 3263 809 3319 ad
835 3280 942 3319 non
967 3264 1291 3334 peceand‘um
1325 3264 1462 3320 forte
1501 3282 1563 3321 ac
1593 3268 1803 3323 ﬁrmum

238 3354 445 3411 liberum
474 3358 769 3412 arbitrium.
809 3356 960 3426 Quod
1001 3371 1069 3413 ne
1096 3359 1464 3414 exiStimemur
1497 3359 1565 3414 de
1605 3361 1694 3416 illo
1724 3370 1800 3416 tc-

238 3454 377 3503 mere
403 3444 654 3517 suspicari
675 3492 689 3515 ,
722 3459 775 3505 et
802 3449 1028 3505 fertasse
1060 3451 1178 3519 quis
1203 3446 1347 3505 dicat
1374 3452 1396 3484 ι
1423 3451 1500 3506 sic
1528 3468 1649 3507 eum
1678 3469 1800 3507 seu-

236 3538 332 3596 tire
355 3534 485 3596 ioue
512 3544 573 3595 ac
599 3540 806 3596 ﬁrmam
833 3542 899 3596 ad
927 3555 1031 3595 non
1064 3542 1387 3610 peccandum
1410 3543 1633 3598 liberum
1665 3546 1801 3599 arbi-

237 3630 382 3685 nium
403 3630 665 3704 (qttamﬂs
681 3626 796 3687 sine
825 3633 917 3687 Dei
938 3635 1103 3703 gratia
1135 3634 1184 3688 id
1208 3633 1420 3691 efﬁcere
1447 3645 1605 3706 atque
1626 3637 1800 3691 adim-

240 3722 372 3789 plere
400 3739 501 3777 non
530 3725 753 3792 possit),
779 3724 915 3779 sicut
955 3740 1114 3779 sanos
1144 3726 1326 3779 oculos
1366 3725 1546 3781 ﬁrmos
1575 3727 1799 3784 dicimus

237 3813 299 3867 ad
326 3814 623 3880 ridendum,
647 3816 787 3885 quod
814 3824 989 3871 tamen
1014 3812 1156 3869 nullo
1178 3817 1336 3870 modo
1360 3816 1530 3871 facere
1553 3828 1795 3886 possunt,

235 3904 275 3957 si
293 3904 423 3959 desit
443 3902 577 3960 lucis
597 3906 847 3960 auxilium
870 3922 885 3969 ς
910 3907 1011 3960 alio
1028 3906 1145 3961 loco
1172 3906 1294 3976 quid
1320 3907 1541 3973 diceret,
1569 3909 1650 3963 vel
1673 3910 1797 3977 quid

235 4002 427 4065 putaret
454 3999 705 4065 Ostendit,
738 3999 825 4053 ubi
854 3999 946 4061 ait,
984 3998 1104 4054 Ideo
1141 3998 1237 4052 Dei
1261 4000 1476 4069 gratiam
1511 4000 1796 4054 hominibus

233 4088 351 4155 dari,
378 4094 435 4144 αι
461 4084 596 4158 quod
619 4092 783 4161 facere
810 4104 896 4159 per
924 4090 1131 4142 liberum
1151 4088 1392 4159 jubentnr
1410 4088 1685 4151 arbitrium,
1713 4091 1795 4156 fa-

230 4182 367 4235 cilius
391 4182 584 4253 passim
621 4180 830 4250 implere
871 4196 960 4245 per
983 4182 1219 4250 gratiam.
1264 4179 1457 4249 Utique
1495 4196 1614 4235 cum
1646 4180 1792 4245 dicit,

225 4272 438 4343 facilius,
467 4270 592 4341 quid
617 4273 725 4326 vult
745 4271 984 4341 intelligi,
1010 4272 1108 4325 nisi
1129 4280 1182 4325 et
1204 4272 1372 4341 gratia
1399 4273 1440 4327 si
1459 4272 1615 4337 desit,
1643 4288 1797 4338 posse

222 4374 315 4438 per
353 4364 578 4417 liberum
606 4359 904 4429 arbitrium,
931 4364 1015 4417 vel
1046 4362 1233 4428 facile,
1260 4364 1340 4418 vel
1383 4365 1539 4418 etiam
1580 4363 1796 4419 difﬁcile

219 4464 337 4527 qua:
359 4452 612 4508 divinitus
634 4448 884 4521 iubentur
909 4451 1115 4521 impleri
1140 4451 1216 4524 (a)
1244 4453 1267 4506 ἳ

284 4546 379 4603 36.
408 4542 511 4600 Ubi
538 4555 620 4599 est
648 4558 794 4614 ergo,
828 4544 965 4609 Quid
995 4554 1066 4598 est
1094 4544 1262 4611 homo,
1294 4545 1393 4599 nisi
1414 4544 1434 4575 ³
1455 4544 1588 4614 quod
1610 4560 1795 4599 memor

214 4654 261 4697 es
286 4641 403 4713 ejus
432 4635 600 4709 (Psat.
630 4650 721 4693 τευ
742 4681 755 4701 ,
780 4637 881 4709 5)?
919 4637 1018 4694 Ubi
1044 4649 1313 4707 postremo
1351 4639 1436 4692 illa
1468 4638 1789 4703 testimonia,

213 4746 331 4804 qua:
368 4728 823 4801 Jerosolymitanze
868 4731 1092 4785 antistes
1132 4730 1383 4786 Ecclesiae
1414 4729 1483 4802 (b)
1508 4771 1522 4796 ,
1564 4732 1699 4784 sicut
1739 4731 1790 4786 in

213 4823 415 4880 eisdem
442 4820 617 4878 Gestis
640 4822 829 4891 legitur
846 4858 862 4890 ,
883 4821 984 4891 ipsi
1011 4821 1222 4891 Pelagio
1250 4835 1308 4875 se
1335 4819 1532 4874 dixisse
1552 4836 1769 4876 comme.

218 4922 404 4977 morat;
438 4928 557 4968 cum
582 4912 647 4967 ad
683 4927 803 4967 eum
848 4913 1107 4982 perlatum
1132 4921 1275 4967 esset
1304 4911 1443 4981 quod
1483 4912 1598 4967 sine
1623 4913 1790 4981 gratis:

220 5008 308 5081 Dei
334 5005 537 5061 diceret
560 5005 759 5075 absque
779 5013 995 5076 peccato
1022 5005 1289 5059 hominem
1312 5014 1431 5058 esse
1451 5004 1642 5073 posse?
1670 5004 1793 5058 "me

222 5105 337 5155 sunt
377 5094 521 5153 enim
551 5097 618 5151 ab
649 5095 741 5151 illo
783 5092 918 5151 dicta
954 5097 1055 5151 tria
1084 5094 1385 5150 testimonia
1411 5094 1563 5150 valde
1602 5109 1791 5165 magna

224 5202 396 5251 contra
418 5176 715 5267 huiusmodi
739 5192 952 5260 impiam
978 5191 1462 5260 praesumptionem,
1483 5188 1621 5258 quod
1646 5190 1789 5259 Apo-

227 5289 381 5343 stolas
412 5285 484 5340 ait
512 5303 524 5337 :
562 5284 686 5339 Plus
713 5285 941 5339 omnibus
961 5284 1063 5338 illis
1090 5282 1310 5338 laboravi
1332 5298 1351 5345 ;
1373 5299 1469 5336 non
1493 5298 1581 5353 ego
1601 5290 1788 5344 autem,

226 5372 303 5434 scd
324 5376 488 5449 gratia
518 5372 611 5431 Dei
631 5384 820 5429 meeum
843 5373 885 5449 (l
907 5366 1021 5431 Cor.
1048 5392 1133 5439 xv,
1160 5372 1246 5446 10)
1272 5392 1286 5440 ;
1317 5384 1385 5437 et,
1417 5371 1537 5427 Non
1559 5372 1786 5437 volentis,

227 5484 368 5539 neque
391 5468 636 5522 currentis
654 5504 670 5533 ,
698 5468 784 5521 sed
811 5468 1085 5522 miserantis
1123 5476 1193 5520 est
1224 5465 1317 5520 Dei
1358 5462 1528 5535 (Rom.
1554 5480 1625 5523 Ix,
1654 5461 1740 5532 ‘16)
1771 5481 1785 5527 ;

280 5602 295 5633 ι
314 5602 389 5650 Sic
400 5600 537 5660 juxta
552 5604 629 5648 M3.
644 5598 773 5661 sulp.
789 5605 920 5656 ων..
935 5604 988 5648 ut
1003 5599 1298 5661 aliquantian
1491 5596 1789 5661 antiquiores

224 5657 319 5735 ulti.
340 5655 417 5735 et:
444 5668 546 5711 Mss.
571 5655 794 5723 quatuor,
830 5668 882 5710 ut
910 5655 1139 5725 quamam
1160 5658 1320 5710 etiam.
1359 5659 1459 5721 [Ut
1494 5655 1788 5720 aliquantum

445 5791 543 5833 am.
569 5790 621 5833 et
640 5792 767 5837 "53..
796 5783 924 5833 dicat
942 5796 1033 5834 non
1056 5782 1126 5834 sic
1149 5796 1273 5833 eum.

279 5844 407 5896 *de
430 5878 446 5910 _.
645 5846 788 5910 quod.
818 5852 1017 5910 atialss”
1044 5842 1311 5910 Itonto,_uisi
1332 5843 1473 5906 quod.

295 5912 342 5963 ai
361 5906 458 5957 vid.
482 5907 567 5956 lib.
590 5906 824 5957 de'Gratia
841 5909 1028 5969 Christi,
1046 5920 1089 5956 c.
1114 5908 1162 5967 7,
1186 5906 1248 5956 26
1271 5913 1321 5956 et
1344 5917 1482 5968 seqq.

295 5972 339 6034 b)
362 5980 583 6020 Joannes.

1930 616 2001 674 et,
2039 608 2153 664 Nisi
2186 607 2425 663 Dominus
2464 609 2783 679 cudi/ieiunii
2813 611 3017 666 domum
3037 655 3049 675 ,
3079 610 3132 668 in
3156 629 3335 668 vanum
3365 614 3501 671 laba.

1924 710 2156 755 ravrrnnt
2200 701 2505 771 mdi/icantes
2543 720 2651 757 eam
2692 702 2858 775 (Psnl.
2887 706 3188 777 CXXVI,1).
3229 707 3505 774 Quomodo

1925 808 2051 863 ergo
2073 794 2208 862 quod
2231 782 2367 848 Deus
2385 794 2554 863 jubet,
2578 796 2691 850 sine
2716 796 2979 865 adjutorlo
3001 797 3168 868 ipzius
3187 800 3266 853 vel
3291 800 3506 857 (παίσειε

1925 882 2205 950 impletur,
2244 896 2361 936 cum
2405 886 2446 937 si
2489 884 2739 939 Dominus
2780 896 2882 939 nou
2926 885 3183 954 :edilieet,
3219 889 3270 943 in
3313 896 3502 945 Vanum

1925 973 2194 1027 aediﬁcatus
2222 974 2491 1030 laborasse
2517 975 2756 1041 dicatur;
2792 990 2964 1047 neque
3001 978 3253 1047 Scriptum
3280 978 3348 1034 sit
3373 1023 3387 1045 ,
3414 973 3506 1036 Est

1924 1066 2136 1135 quidem
2162 1065 2403 1128 volentis,
2430 1070 2585 1137 atque
2611 1069 2892 1134 currentis,
2922 1064 3120 1122 facilius
3148 1072 3323 1125 alitem
3348 1072 3506 1127 mise-

1922 1158 2088 1210 ‘rcntis
2123 1167 2205 1210 est
2247 1156 2369 1219 Dei,
2405 1156 2495 1213 sed
2527 1159 2778 1227 seriptum
2809 1160 2914 1222 sit,
2952 1156 3068 1212 Non
3097 1159 3323 1227 volentis,
3348 1170 3505 1231 neque

1922 1249 2197 1313 currentis,
2227 1236 2313 1301 sed
2360 1250 2635 1304 miserentis
2673 1259 2745 1303 est
2790 1249 2918 1314 Dei;
2948 1258 3050 1305 non
3083 1251 3200 1322 quia
3238 1252 3379 1307 nulla
3424 1265 3504 1310 est

1924 1340 2154 1394 hominis
2200 1338 2443 1396 voluntas
2468 1350 2627 1412 atque
2655 1348 2842 1396 cttrSus
2870 1336 2922 1409 ί,
2956 1342 3046 1397 sed
3075 1344 3194 1413 quia
3235 1343 3361 1399 nihil
3402 1348 3502 1416 po-

1922 1438 2056 1496 test,
2088 1433 2184 1485 nisi
2217 1432 2302 1485 itle
2342 1433 2689 1486 misereatur:
2723 1447 2819 1487 nec
2859 1432 3142 1501 Apostolus
3176 1433 3403 1499 dixerit,
3438 1437 3504 1491 Et

1920 1541 2040 1596 ego,
2067 1526 2157 1580 sed
2180 1524 2390 1591 dixerit,
2422 1514 2541 1579 Non
2560 1540 2647 1597 ego
2668 1537 2854 1593 autem,
2876 1527 2964 1580 sed
2985 1528 3149 1599 gratia
3164 1522 3252 1582 Dei
3274 1540 3501 1589 nierum:

1920 1636 2025 1674 non
2055 1622 2174 1690 quia
2202 1620 2315 1691 ipse
2343 1621 2469 1674 nihil
2495 1620 2614 1674 boni
2646 1622 2851 1691 agebat,
2885 1622 2975 1675 sed
3003 1622 3123 1690 quia
3149 1612 3275 1677 nihil
3298 1630 3497 1693 ageret,

1918 1713 1960 1766 si
1995 1713 2079 1767 illa
2118 1729 2221 1767 non
2253 1713 2565 1781 adjuvarct?
2604 1713 2917 1783 Quanquam
2959 1708 3044 1766 illa
3085 1714 3403 1781 possibilitas
3432 1716 3499 1769 li-

1919 1803 2030 1859 beri
2076 1796 2277 1858 arbitrii
2318 1814 2419 1858 tum
2454 1806 2503 1859 in
2534 1805 2725 1858 bonum
2770 1808 2924 1875 quam
2955 1804 3005 1858 in
3037 1806 3230 1859 malum
3262 1814 3324 1861 ‘ex
3351 1810 3499 1876 {equa

1918 1894 2083 1951 lancis
2113 1896 2466 1967 prrpcnsione
2499 1913 2593 1952 nec
2626 1897 2747 1952 huic
2780 1888 3009 1953 i‘a‘cilitati
3039 1898 3208 1953 locum
3230 1898 3496 1969 relinquit,

1918 2002 2073 2059 quam
2103 1990 2289 2044 saltem
2318 1986 2522 2045 videtur
2548 1996 2666 2045 eSsc
2696 1988 2968 2044 ceul’esSuS
2997 1982 3240 2057 di‘ceudo,
3270 1984 3500 2046 Facilius

1918 2090 2122 2150 possunt
2153 2078 2359 2151 implere
2384 2100 2471 2152 per
2499 2082 2743 2151 gratiam,
2772 2074 2976 2149 {acilius
3005 2080 3241 2151 impletur
3267 2092 3354 2153 per
3378 2094 3498 2154 gra-

1916 2172 2035 2225 liam
2064 2164 2243 2226 bonum
2272 2166 2292 2204 ⁵
2318 2216 2331 2236 ,
2364 2172 2602 2243 facillime
2641 2181 2806 2225 autent
2833 2170 2937 2226 sine
2972 2173 3135 2243 gratia
3169 2175 3227 2243 ﬁt
3265 2166 3452 2227 nmium
3480 2190 3497 2228 :

1917 2265 2151 2334 proiecto
2181 2267 2275 2318 ista
2310 2265 2628 2333 possibilitas
2655 2278 2758 2317 non
2785 2280 2932 2333 :rqua
2956 2260 3104 2317 lance
3133 2260 3492 2333 perpenditur.

1984 2344 2208 2411 CAPUT
2238 2355 2328 2410 XI.
2361 2387 2429 2396 —
2457 2357 2541 2409 57.
2575 2350 2676 2410 Sed
2708 2353 2831 2424 quid
2867 2350 3055 2422 plura?
3094 2353 3207 2408 Non
3233 2348 3402 2409 solum
3428 2357 3494 2411 ad

1914 2446 2042 2501 istos
2069 2444 2309 2502 vitandos
2353 2447 2490 2501 cauti
2530 2456 2647 2501 esse
2682 2438 2972 2510 debemus,
3002 2452 3183 2500 verum
3226 2442 3384 2500 etiam
3428 2446 3495 2501 ad

1913 2541 2182 2594 docendos
2209 2541 2293 2594 vel
2325 2538 2633 2605 monendos,
2669 2538 2713 2594 si
2744 2538 3039 2609 patianttti‘,
3064 2538 3360 2608 pigrescere
3390 2555 3493 2595 non

1911 2622 2184 2686 debemus.
2222 2632 2343 2686 Plus
2360 2631 2438 2685 eis
2469 2640 2641 2685 tamen
2670 2631 2783 2684 sine
2811 2628 3139 2685 dubitatibne
3162 2634 3491 2699 prmslamtts,

1910 2723 1952 2775 si
1986 2724 2040 2775 ut
2083 2721 2416 2789 corrigantur
2444 2734 2685 2785 oremus,
2715 2720 2782 2776 ne
2811 2730 2930 2776 eum
2965 2714 3124 2776 tantis
3152 2718 3372 2792 ingeniis
3410 2723 3491 2777 rei

1912 2822 2147 2882 pereant,
2180 2812 2259 2867 vel
2291 2813 2422 2867 alios
2462 2813 2684 2881 perdant
2720 2812 3133 2883 prtesumptiOne
3164 2808 3446 2868 damnabili
3475 2833 3490 2870 :

1910 2902 2028 2973 quia
2057 2903 2217 2957 zelum
2241 2902 2335 2958 Dei
2361 2902 2541 2957 habent
2561 2948 2572 2967 ,
2593 2903 2682 2959 sed
2705 2914 2803 2958 non
2821 2903 3092 2959 secundum
3119 2904 3412 2970 scientiam;
3436 2904 3487 2960 id

1908 2999 2009 3056 est,
2028 2989 2282 3064 justitiam
2320 3011 2431 3066 quia
2457 3004 2488 3047 tt
2514 2992 2619 3048 Deo
2646 3003 2716 3048 est
2743 2995 3045 3065 ignorantes,
3076 3003 3121 3050 et
3145 3004 3289 3051 etiam
3316 2994 3489 3051 volen—

1908 3092 1978 3138 tes
2003 3084 2322 3149 constituere,
2352 3084 2558 3151 iustitia:
2582 3082 2676 3139 Dei
2704 3098 2801 3139 non
2836 3088 2953 3141 sunt
2995 3082 3203 3157 subjecti
3231 3082 3404 3159 (Rom.
3425 3103 3485 3153 ι,

1906 3169 1960 3240 2,
1986 3174 2061 3247 5).
2093 3176 2291 3243 Quibus
2317 3177 2515 3247 utique,
2545 3177 2793 3247 quoniam
2822 3172 3093 3232 christiani
3124 3178 3485 3248 appellantur,

1908 3270 2073 3338 magis
2104 3268 2487 3325 observandum
2519 3277 2602 3325 est
2628 3284 2781 3339 quam
2813 3262 3041 3337 Iudaeis,
3073 3268 3138 3325 de
3167 3270 3355 3341 quibus
3387 3269 3484 3325 hoc

1906 3358 2037 3413 dixit
2066 3360 2381 3429 Apostolus,
2414 3376 2480 3415 ne
2524 3358 2789 3415 oil‘cndrmt
2832 3354 2885 3414 in
2928 3356 3147 3430 lapidem
3199 3354 3489 3426 oﬂ‘ensionis

1906 3445 2017 3520 (Id.
2047 3462 2125 3518 ix,
2154 3446 2243 3519 3‘2)
2265 3496 2277 3517 ,
2307 3453 2449 3506 velut
2479 3461 2661 3522 argute
2698 3447 3027 3506 defendendo
3055 3459 3298 3505 naturam
3339 3456 3391 3505 et
3425 3450 3490 3505 li-

1906 3541 2088 3598 berum
2143 3544 2453 3607 arbitrium,
2494 3542 2935 3615 quemadmodum
2986 3540 3281 3615 philosophi
3330 3540 3485 3614 hujus

1907 3634 2107 3697 mundi,
2132 3635 2218 3705 qui
2249 3630 2595 3689 vehementer
2622 3644 2839 3705 egerunt
2864 3642 2916 3687 ttt
2942 3640 3256 3703 putarentur
3280 3633 3359 3688 vel
3392 3644 3486 3703 pu-

1906 3732 2079 3779 tarent
2114 3724 2213 3779 sibi
2255 3724 2457 3780 beatam
2508 3727 2665 3779 vitam
2707 3724 2895 3777 t'irtutc
2930 3723 3157 3793 proprias
3200 3723 3485 3778 voluntatis

1903 3816 2227 3883 eiticereia).
2260 3816 2491 3872 Caveant
2520 3832 2647 3887 ergo
2675 3816 2757 3870 isti
2785 3830 2851 3870 ne
2877 3828 2969 3884 per
2994 3814 3304 3884 sapientiam
3334 3813 3483 3868 verbi

1901 3909 2158 3964 evacuent
2182 3925 2393 3963 crucem
2433 3908 2627 3964 Christi
2659 3907 2707 3979 (l
2732 3907 2847 3963 Cor.
2879 3924 2916 3969 ι,
2944 3906 3033 3977 17)
3057 3951 3067 3967 ,
3096 3915 3151 3962 et
3180 3908 3279 3963 hoc
3307 3907 3377 3961 sit
3403 3906 3484 3963 eis

1901 4000 2168 4053 oll'endere
2191 3996 2240 4052 iu
2272 3999 2496 4067 lapidem
2520 3998 2842 4052 otl'ensionis.
2873 3995 3064 4051 Natura
3089 3997 3225 4051 enim
3255 3996 3481 4053 humana

1900 4091 2103 4145 etiamsi
2134 4089 2185 4144 in
2218 4090 2302 4144 illa
2332 4092 2630 4159 integritate
2658 4092 2707 4145 in
2738 4106 2837 4159 qua
2862 4087 3070 4143 condita
3098 4097 3178 4142 est
3202 4084 3481 4157 permane-

1900 4193 1999 4246 ret,
2030 4182 2176 4236 nullo
2220 4180 2377 4236 modo
2406 4182 2634 4249 seipsam
2667 4180 2916 4235 Creatore
2945 4194 3041 4233 suo
3067 4188 3169 4232 non
3200 4178 3479 4246 adjuvante

1899 4283 2133 4329 servaret
2158 4293 2171 4329 :
2199 4290 2315 4332 cum
2349 4273 2505 4343 igitur
2531 4274 2646 4328 sine
2673 4273 2763 4328 Dei
2793 4271 2959 4342 gratia
2987 4266 3206 4325 salutem
3229 4280 3333 4325 non
3358 4274 3481 4339 pos-

1900 4366 1965 4424 sit
1999 4367 2266 4423 eustodire
2300 4381 2454 4438 quam
2493 4366 2728 4435 accepit;
2766 4360 3028 4435 quomodo
3061 4364 3175 4419 sine
3194 4363 3288 4418 Dei
3312 4363 3478 4433 gratia

1899 4469 2065 4530 potest
2098 4466 2347 4531 reparare
2371 4474 2525 4528 quam
2550 4456 2780 4528 perdidit
2805 4455 2828 4509 ?

1970 4550 2055 4606 58.
2098 4548 2210 4603 Nor.
2241 4557 2416 4603 autem
2449 4546 2568 4602 ideo
2609 4563 2704 4617 pro
2735 4547 2849 4601 istis
2875 4561 2980 4599 non
3021 4558 3174 4599 orare
3201 4543 3476 4610 debemus,

1899 4640 2016 4713 quia
2049 4640 2089 4695 si
2123 4656 2228 4696 non
2258 4640 2626 4709 corriguntur,
2656 4653 2839 4693 eorum
2872 4637 3231 4707 imputandum
3269 4641 3351 4689 est
3385 4648 3481 4686 vo-

1899 4733 2083 4787 luutat‘:
2104 4777 2117 4794 ,
2147 4733 2233 4802 qui
2267 4732 2453 4785 nolunt.
2490 4729 2710 4785 credere
2750 4728 2907 4784 etiam
2937 4728 3001 4782 ad
3046 4727 3147 4780 hoc
3179 4722 3347 4796 ipsum
3374 4724 3474 4779 sibi

1897 4824 2237 4880 necessariau
2266 4823 2483 4892 gratiam
2502 4818 2812 4887 Saitmtoris,
2827 4819 2962 4889 quod
2982 4824 3165 4887 putant
3184 4815 3476 4870 consistere

1898 4914 1949 4968 in
1982 4910 2103 4967 soli."-
2136 4910 2331 4965 virihus
2358 4909 2661 4965 voluntatis
2699 4908 2829 4964 Nam
2856 4916 2906 4961 et
2933 4906 3004 4960 illi
3030 4904 3218 4975 quibus
3242 4911 3366 4959 sunt
3384 4902 3473 4959 isti

1898 5005 1949 5059 in
1996 5004 2092 5057 hac
2134 5012 2291 5056 causa
2320 5000 2534 5055 omnino
2574 4999 2858 5061 simillimi,
2887 4996 2952 5050 de
2992 4996 3181 5065 quibus
3210 4994 3312 5049 hoc
3343 4994 3476 5050 dixit

1898 5095 2202 5167 Apostolus,
2232 5093 2367 5165 quod
2394 5096 2680 5165 ignorantes
2712 5090 2805 5144 Dei
2824 5090 3076 5160 justitiam
3100 5130 3114 5155 ,
3138 5097 3184 5142 et
3210 5103 3353 5143 suam
3380 5104 3470 5141 vo-

1897 5190 2051 5245 lentos
2076 5188 2394 5248 constituere,
2416 5186 2625 5255 justitiie.
2670 5182 2763 5236 Dei
2787 5196 2903 5264 ,ηυη
2940 5190 3056 5235 sunt
3097 5180 3324 5251 subjecti,
3352 5193 3472 5248 pro-

1897 5279 2032 5335 feeto
2058 5293 2167 5331 sum
2189 5276 2473 5331 Voluntatis
2496 5274 2620 5327 vitio
2644 5286 2747 5325 non
2768 5271 3076 5325 credebant.
3106 5270 3219 5325 Non
3247 5269 3386 5323 enim
3414 5276 3470 5321 ttt

1895 5379 2071 5425 essent
2102 5368 2339 5424 inﬁdeles
2360 5410 2372 5432 ,
2401 5366 2722 5435 cogebantur
2761 5363 2815 5418 in
2846 5364 3064 5427 vitium;
3108 5362 3200 5415 sed
3239 5354 3469 5414 nolendo

1956 5530 1972 5561 ί
1999 5528 2071 5577 sic
2091 5534 2194 5577 Mss.
2221 5523 2433 5573 melioris
2454 5527 2597 5571 nom.
2624 5528 2678 5570 Αι
2699 5519 2808 5570 Had.
2834 5528 2934 5569 Am.
2962 5526 3013 5569 et
3032 5525 3136 5568 En:
3163 5525 3261 5567 Non
3282 5514 3397 5578 Quia
3416 5529 3469 5566 ιη

1890 5588 1976 5641 illa
2002 5595 2070 5639 est
2102 5584 2304 5637 hominis
2326 5591 2466 5646 atque
2490 5580 2736 5646 voluntatis
2766 5593 3037 5646 roncursus.
3067 5586 3209 5646 tev._:
3233 5586 3331 5628 aon
3356 5578 3469 5646 quia

1890 5640 2049 5701 nullus
2070 5656 2137 5701 est
2160 5644 2360 5697 hominis
2381 5640 2521 5710 atoue
2552 5642 2801 5696 coturnatis
2821 5655 3005 5693 cursus.
3031 5649 3133 5690 Mss.
3159 5640 3254 5690 duo
3269 5678 3283 5700 ,
3310 5640 3469 5691 rotun-

1890 5719 1962 5765 tas
1982 5720 2120 5776 atque
2144 5722 2412 5776 rationi-sus.

1954 5776 1973 5807 ί
2126 5772 2218 5820 duo
2241 5772 2598 5833 Otttittuni._pet‘
2615 5764 2821 5833 gratiam
2852 5765 3035 5833 bonum.
3076 5764 3233 5833 podex
3261 5776 3469 5814 excusas

1890 5837 2092 5890 Lovanii,
2109 5848 2183 5882 an.
2210 5835 2322 5882 illi?
2346 5848 2357 5880 :
2386 5826 2587 5893 I‘arilitts
2605 5826 2792 5893 possunt
2810 5829 3023 5893 implere.
3049 5827 3096 5877 Si
3112 5826 3236 5878 enim
3255 5840 3341 5891 per
3356 5840 3467 5891 gra-

1891 5898 2014 5966 tiam
2033 5894 2321 5966 leasfarilius
2346 5890 2706 5966 impletttr‘L'c-t‘c.

1951 5959 2022 6021 (α)
2046 5952 2143 6006 vidi
2161 5970 2321 6019 supra,
2347 5952 2486 6020 epist.
2516 5956 2620 6014 1355,
2640 5968 2687 6001 n.
2710 5952 2740 6000 2
2758 5958 2807 6001 et
2823 5963 2958 6015 seqq.
