3990 6376
671 398 769 455 831

671 513 915 577 credere,
945 515 1269 574 infidelitatis
1296 520 1518 575 crimine
1540 534 1644 575 non
1672 522 1945 577 carebant.
1979 520 2047 576 Et
2074 528 2252 576 tamen

672 604 794 673 quia
829 605 1087 670 voluntas,
1110 618 1167 662 ut
1192 609 1255 662 ad
1279 624 1401 664 vera
1423 609 1684 665 credenda
1708 623 1997 677 moveatur,
2023 627 2127 667 non
2153 612 2254 667 sibi

668 697 884 762 sufficit,
920 699 1017 754 nisi
1048 715 1143 769 per
1165 702 1387 770 gratiam
1413 702 1551 757 Deus
1573 704 1881 771 Opituletur,
1909 704 2117 761 dicente
2139 706 2253 775 ipso

671 789 896 846 Domino
926 805 1045 845 cum
1088 790 1154 844 de
1199 806 1302 846 non
1350 793 1687 850 credentibus
1718 796 2021 866 loqueretur
2043 839 2058 863 ,
2088 796 2252 852 Ncmo

667 883 799 936 venit
821 884 890 937 ad
912 900 1008 943 me.
1039 882 1134 936 nisi
1162 883 1207 937 ei
1234 883 1407 938 datum
1429 887 1579 956 fuerit
1605 903 1635 939 a
1660 885 1814 941 Patre
1838 887 2097 959 (Joanm,
2121 889 2247 961 66);

664 983 880 1042 prapter
899 972 1000 1027 hoc
1024 981 1078 1028 et
1096 973 1400 1042 Apostolus,
1429 977 1670 1044 quamvis
1689 977 1767 1031 eis
1795 978 2051 1033 instanter
2075 979 2249 1034 Evan-

661 1065 854 1134 gelium
882 1065 1227 1135 praedicaret,
1260 1082 1442 1135 parum
1475 1075 1650 1123 tamen
1680 1085 1800 1124 esse
1842 1071 2115 1138 credebat,
2147 1074 2247 1129 nisi

662 1172 757 1225 pro
783 1156 883 1209 illis
911 1162 1067 1211 etiam
1094 1166 1271 1212 oraret
1298 1168 1354 1211 ut
1381 1159 1695 1215 crederent:
1724 1162 1798 1216 ait
1821 1164 1983 1229 enim,
2017 1163 2242 1231 Fratres,

658 1247 787 1300 bona
810 1247 1039 1301 voluntas
1064 1250 1264 1318 quidem
1289 1250 1455 1305 cordis
1479 1252 1594 1317 mei,
1617 1261 1662 1306 et
1688 1253 1973 1323 deprecatio
1994 1256 2062 1307 ad
2081 1254 2245 1310 Deum

658 1338 716 1405 ﬁt
745 1354 837 1406 pro
864 1339 965 1393 illis
991 1338 1043 1392 in
1071 1339 1282 1394 salutem
1306 1357 1326 1405 ,'
1363 1351 1417 1397 et
1446 1351 1569 1397 tunc
1589 1343 1823 1412 adjunxit
1857 1345 1939 1399 illa
1963 1362 2080 1415 qnze
2104 1346 2242 1401 dixi-

657 1444 775 1483 mus
799 1471 814 1493 ,
842 1428 1197 1484 Testimonium
1224 1433 1355 1485 enim
1384 1432 1487 1487 illis
1516 1434 1748 1505 perhibeo
1782 1436 1899 1505 quia
1944 1438 2106 1491 zelum
2149 1437 2242 1492 Dei

656 1518 858 1585 habent,
884 1520 974 1575 sed
998 1538 1097 1575 non
1126 1524 1395 1577 secundant
1422 1524 1701 1591 scientiam,
1728 1535 1832 1581 etc.
1864 1526 2087 1583 Oremus
2113 1545 2239 1599 ergo

652 1625 751 1680 pro
780 1612 901 1673 illis,
925 1623 1106 1668 sancte
1137 1613 1316 1670 frater.

721 1703 944 1760 CAPUT
971 1703 1085 1759 XII.
1109 1734 1185 1746 -—
1200 1706 1289 1761 59.
1329 1707 1519 1762 Cernis
1555 1708 1748 1779 quippe
1775 1710 2049 1766 nobiscum
2076 1730 2234 1783 quam

650 1794 789 1849 malo
826 1810 1009 1850 errore
1040 1804 1335 1852 teneantur.
1378 1796 1635 1869 Fragrant
1671 1801 1813 1856 enim
1853 1803 2091 1871 cpistola:
2133 1816 2233 1875 tute

646 1884 813 1941 odore
840 1887 1201 1944 sincerissimo
1224 1888 1442 1950 Christi.
1473 1891 1558 1945 ubi
1582 1894 2019 1962 germanissimus
2047 1898 2233 1966 gratia:

646 1979 812 2051 ipsius
840 1980 1063 2036 dilector
1086 1992 1139 2037 et
1161 1982 1436 2039 confessor
1455 1999 1699 2055 appares.
1727 1985 1832 2042 Sed
1860 1989 1999 2057 quod
2027 1989 2117 2045 diu
2148 2000 2229 2048 te-

642 2087 764 2128 cum
790 2088 857 2128 ex
888 2073 984 2129 hac
1007 2090 1065 2129 re
1093 2075 1413 2146 loquendum
1446 2080 1763 2147 putavimus,
1794 2082 1965 2151 primo
1992 2084 2112 2154 quia
2137 2084 2228 2154 ju-

642 2163 1022 2218 cundissitnum
1067 2174 1187 2233 est,
1239 2164 1459 2223 fecimus
1500 2170 1663 2239 :quid
1717 2172 1859 2226 enim
1906 2173 2068 2229 debet
2109 2191 2228 2231 esse

634 2254 941 2325 jucundius,
974 2257 1057 2310 vel
1101 2257 1322 2314 inlirmis
1364 2262 1531 2331 gratia
1570 2279 1668 2333 qua
1709 2269 2100 2333 sanantur,vel
2146 2270 2229 2339 pi-

637 2345 748 2416 gris
785 2346 953 2415 gratia
993 2362 1095 2416 qua
1125 2349 1423 2405 excitantur
1442 2392 1456 2417 ,
1486 2352 1569 2407 vel
1608 2354 1907 2410 volentibus
1929 2358 2095 2428 gratia
2122 2375 2225 2429 qua

634 2439 932 2509 iuvantur?
970 2439 1182 2508 deinde,
1213 2450 1274 2498 ut
1300 2444 1343 2497 si
1370 2444 1493 2514 quid
1523 2455 1706 2501 nostra
1732 2446 2089 2517 disputatione
2114 2451 2223 2508 Deo

635 2529 915 2600 adjuvante
938 2547 1237 2601 possemus,
1266 2543 1373 2601 tua,
1404 2551 1510 2592 non
1542 2538 1672 2592 fides
1691 2581 1705 2604 ,
1733 2539 1828 2593 sed
1870 2539 1991 2596 fidei
2037 2553 2221 2600 contra

634 2620 767 2675 tales
791 2621 1198 2680 adminiculetur
1225 2628 1471 2693 assertio,
1495 2628 1631 2683 sicut
1653 2645 1750 2684 nos
1776 2646 1985 2702 quoque
2012 2635 2064 2689 in
2084 2634 2223 2692 banc

632 2709 936 2766 facultatem
970 2723 1071 2767 tuae
1097 2713 1470 2772 Germanitatis
1502 2719 1690 2774 litteris
1719 2721 2047 2791 adjnvamur.

704 2803 793 2858 40.
834 2804 972 2872 Quid
1002 2806 1145 2860 enim
1177 2807 1391 2863 uberius
1421 2818 1474 2864 et
1504 2812 1842 2867 veracissima
1884 2815 2220 2874 confessione

629 2895 856 2967 plenius,
880 2913 1039 2969 quam
1064 2899 1192 2955 illud
1216 2910 1297 2956 est
1320 2902 1369 2957 in
1391 2903 1619 2973 quadam
1641 2907 1860 2977 epistola
1884 2917 1990 2977 tua,
2010 2910 2098 2965 ubi
2121 2927 2219 2966 na-

629 3000 799 3045 tumut
828 3000 1063 3047 nostram
1092 3010 1194 3049 non
1228 2998 1505 3061 mansisse,
1536 3008 1592 3052 ut
1626 2998 1837 3054 condita
1872 3010 1983 3065 est,
2011 3004 2104 3058 sed
2142 3005 2221 3059 vi-

628 3081 807 3133 tiatam
829 3096 949 3138 esse
963 3098 1057 3153 per
1079 3084 1223 3138 illum
1241 3087 1449 3155 generis
1468 3087 1682 3143 humani
1705 3100 1929 3159 patrem,
1951 3091 2219 3151 humiliter

625 3171 911 3242 deplorasti
929 3173 1110 3229 dicens
1126 3174 1355 3247 :Pauper
1366 3195 1456 3248 ego
1467 3188 1513 3232 et
1529 3180 1815 3252 dolens,qui
1829 3184 1995 3239 adhuc
2009 3194 2219 3242 terrena:

623 3262 859 3333 imaginis
885 3264 1115 3332 squalore
1143 3278 1401 3323 concretus
1429 3287 1558 3334 sum,
1576 3282 1622 3325 et
1648 3274 1765 3343 plus
1789 3275 1851 3330 de
1879 3282 2041 3347 primo
2063 3296 2216 3351 quam

626 3357 692 3411 de
720 3357 941 3411 secundo
970 3357 1134 3412 Adam
1162 3362 1328 3415 carnis
1361 3362 1584 3417 sensibus
1610 3375 1655 3418 et
1684 3369 1891 3422 terrenis
1919 3372 2110 3427 actibus
2130 3391 2214 3428 re-

621 3449 751 3517 fero,
774 3447 1026 3519 quomodo
1048 3448 1134 3502 tibi
1157 3450 1348 3505 audebo
1374 3469 1452 3506 me
1477 3454 1701 3526 pingere,
1719 3473 1833 3511 cum
1852 3461 2061 3516 caelestis
2081 3464 2212 3519 ima-

620 3539 752 3609 ginis
789 3540 1042 3608 inﬁciator
1072 3540 1248 3609 prober
1274 3547 1593 3615 corruptione
1611 3556 1807 3602 terrena
1827 3551 1852 3603 .9
1871 3550 2114 3623 Uti-inque
2135 3574 2214 3612 me

619 3632 873 3687 concludit
894 3635 1075 3703 pudor.
1111 3633 1360 3691 Erubesco
1382 3640 1584 3711 pingere
1603 3641 1740 3711 quod
1758 3660 1869 3697 sum
1888 3662 1907 3709 ;
1929 3662 2031 3699 non
2050 3649 2211 3703 audeo

620 3724 824 3795 pingere
852 3724 987 3795 quod
1016 3742 1117 3779 non
1137 3742 1248 3780 sum
1273 3744 1288 3780 :
1310 3729 1394 3782 odi
1414 3731 1549 3799 quod
1568 3749 1709 3796 sum,-
1741 3742 1784 3786 et
1813 3751 1911 3787 non
1939 3753 2051 3789 sum
2075 3741 2211 3808 quod

616 3831 750 3868 amo.
783 3814 889 3870 Sed
915 3816 1040 3887 quid
1067 3818 1245 3871 misero
1267 3819 1389 3871 mihi
1418 3821 1640 3890 proderit
1670 3823 1838 3878 odisse
1867 3826 2199 3895 iniquitatem,

615 3914 662 3959 et
685 3922 857 3960 amare
884 3907 1154 3973 virtutem;
1184 3925 1299 3961 cum
1324 3909 1379 3963 id
1404 3914 1570 3980 potius
1612 3930 1758 3984 agant
1792 3916 1927 3987 quod
1968 3918 2080 3982 adi,
2116 3937 2207 3974 nec

612 3998 862 4054 elaborent
889 4002 1031 4071 piger
1055 4001 1111 4055 id
1139 4003 1307 4072 potius
1335 4019 1483 4074 agere
1512 4006 1647 4074 quod
1673 4024 1785 4060 amo
1812 4010 1837 4063 .9
1862 4006 1984 4080 Ipse
2011 4010 2203 4067 discors

610 4102 657 4147 et
682 4092 916 4147 intestino
940 4092 1070 4147 bello
1110 4094 1367 4148 distrahor
1386 4136 1399 4159 ,
1429 4095 1549 4149 dum
1575 4098 1779 4165 spiritus
1808 4099 2046 4156 adversus
2086 4120 2202 4157 car-

611 4200 753 4245 nem,
781 4201 899 4238 caro
928 4184 1170 4239 adversus
1213 4186 1447 4256 spiritum
1494 4187 1735 4253 dimicat,
1769 4199 1814 4242 et
1859 4191 1940 4245 (cx
1974 4196 2202 4264 corporis

607 4275 715 4345 lege
738 4275 927 4345 peccati
954 4276 1111 4346 legem
1138 4278 1315 4331 tuentis
1342 4278 1626 4350 impugnat.
1671 4279 1864 4351 Infelix
1886 4301 2006 4355 ego,
2035 4286 2121 4352 qui
2146 4287 2199 4341 in

608 4380 688 4417 me
715 4375 1011 4419 venenatum
1046 4366 1265 4420 inimica:
1294 4366 1487 4421 arboris
1516 4380 1719 4439 gustum
1747 4388 1833 4424 nec
1867 4376 2029 4429 crucis
2058 4377 2196 4449 ligno

606 4453 792 4526 digessi
815 4455 836 4507 !
873 4453 1038 4508 Durat
1063 4458 1194 4509 enim
1223 4458 1343 4511 mihi
1368 4458 1498 4511 illud
1520 4476 1607 4525 per
1632 4461 1794 4515 Adam
1827 4464 1839 4494 ¹
1871 4466 2002 4519 virus
2026 4479 2195 4536 pater-

605 4564 763 4613 nunt,
787 4564 884 4618 quo
916 4549 1283 4603 universitatem
1319 4551 1513 4621 generis
1551 4553 1631 4606 sui
1656 4564 1798 4624 pater
1839 4561 2194 4623 prazvaricatus

600 4642 773 4712 infecit
803 4640 1101 4711 (Paulinus,
1129 4643 1179 4696 in
1212 4641 1378 4714 Epist.
1404 4645 1436 4699 8
1456 4686 1469 4708 ,
1494 4645 1560 4698 ad
1582 4646 1853 4716 Severum)
1876 4669 1889 4705 :
1920 4660 1973 4706 ct
1999 4666 2189 4710 omnem

597 4750 718 4805 qua:
744 4733 810 4789 de
838 4733 937 4789 hac
966 4735 1178 4789 miseria
1225 4736 1387 4790 multa
1424 4739 1697 4794 connectis
1722 4742 1742 4771 ²
1772 4741 2182 4812 ingemiscenda,

597 4835 914 4895 exspectans
944 4825 1362 4896 redemptionem
1387 4830 1623 4899 corporis
1647 4832 1741 4897 tui,
1770 4840 1823 4885 et
1849 4834 2081 4890 amulum
2106 4853 2183 4903 re,

600 4917 693 4971 sed
716 4933 811 4987 spe
838 4901 1043 4972 salvum
1074 4930 1123 4973 te
1145 4934 1264 4975 esse
1293 4934 1617 4989 cognoscens
1636 4922 1810 4995 (Rom.
1832 4940 1945 4992 vm,
1964 4925 2052 4987 9.5,
2067 4928 2181 4998 24).

671 5009 759 5062 41.
802 5008 906 5062 Sed
931 5009 1170 5065 fortassis
1198 5022 1249 5066 tu
1275 5013 1436 5066 alium
1467 5014 1517 5066 in
1548 5023 1597 5067 te
1626 5016 2035 5087 trattsﬁgurasti,
2061 5037 2181 5075 cum

596 5109 712 5164 haec
741 5109 966 5174 diceres,
996 5128 1093 5167 nec
1117 5112 1319 5182 aliquas
1346 5112 1413 5167 de
1455 5127 1613 5166 carne
1650 5116 2061 5183 concupiscente
2090 5119 2182 5172 ad-

592 5215 779 5257 versus
809 5200 1071 5270 spiritum,
1092 5203 1331 5272 quamvis
1354 5204 1400 5257 ei
1435 5219 1537 5257 non
1560 5206 1881 5273 consentias,
1910 5209 2180 5266 molestias

590 5294 925 5365 importunas
967 5294 1161 5362 pateris
1214 5303 1268 5349 et
1306 5295 1560 5351 odiosas:
1592 5308 1953 5355 verumtamen
1998 5310 2053 5357 et
2086 5312 2171 5368 tu,

586 5396 643 5443 et
688 5387 927 5459 quisquis
967 5385 1080 5441 haec
1107 5387 1330 5456 patitur,
1353 5397 1406 5443 et
1424 5391 1645 5460 gratiam
1668 5390 1860 5447 Christi
1890 5410 1983 5464 per
2017 5412 2173 5466 quam

584 5483 653 5539 de
678 5498 904 5554 corpore
936 5482 1124 5538 mortis
1148 5480 1302 5552 hujus
1332 5482 1585 5540 liberetur
1615 5494 1905 5556 exspectat,
1939 5489 2172 5545 nondum

586 5575 800 5646 quidem
827 5575 1102 5632 evidenter
1128 5574 1180 5629 in
1212 5576 1409 5645 seipso,
1434 5577 1526 5631 sed
1559 5578 1610 5633 in
1652 5579 1741 5633 illo
1764 5578 1978 5637 homine
2006 5581 2173 5636 laten-

584 5681 665 5727 ter
690 5673 763 5730 ibi
792 5684 926 5737 erat,
957 5673 1170 5745 quando
1194 5674 1347 5729 cibus
1373 5675 1565 5730 vetitus
1595 5676 1927 5745 tangebatur,
1961 5684 2014 5732 et
2036 5692 2169 5733 con-

650 5804 669 5881 ξ
688 5807 1085 5881 apudl‘aulinum
1107 5808 1306 5881 legitur,
1326 5808 1388 5860 ab
1413 5808 1577 5861 Adam.

650 5871 669 5901 ⁹
688 5876 794 5917 Mss.
822 5876 945 5929 tres,
968 5871 1196 5919 contectis.

1898 406 1955 462 S.
1996 402 2366 463 AUGUSTINI
2408 404 2710 468 EPISCOPI

2366 520 2655 625 cipiebatur
2683 527 2839 602 longe
2885 532 3099 607 lateque
3133 554 3229 611 per
3262 551 3470 601 cunctos
3505 546 3626 606 itura
3658 557 3845 625 perditio.

2363 612 2437 667 De
2462 617 2663 673 orando
2691 632 2866 678 autem
2883 666 2897 691 ,
2927 636 2976 683 et
3008 631 3292 699 gemitibus
3318 624 3584 707 flagitando
3609 612 3847 713 proficiendi

2360 722 2424 764 ac
2446 722 2605 816 ‘rccte
2642 716 2852 773 vivendi
2890 721 3189 792 adjutorio,
3217 743 3332 797 qua:
3375 740 3455 785 tua
3492 748 3588 789 non
3615 736 3751 796 fervet
3770 748 3847 816 cpi.

2358 803 2492 857 stola
2527 806 2589 859 '1
2616 810 2740 878 quid
2771 821 2853 866 est
2899 816 2970 869 tui
3009 828 3483 893 quantumcumque
3516 834 3762 893 sermonis.
3783 803 3845 896 ubi

2357 908 2462 949 non
2504 898 2572 952 sit
2597 913 2837 966 sparsum
2865 907 3193 974 gemebunda
3221 912 3410 981 pietate
3433 917 3564 986 quod
3601 920 3648 975 in
3670 927 3847 985 oratione

2354 987 2603 1055 dicimus,
2628 990 2712 1047 Ne
2738 1011 2828 1050 nos
2850 997 3041 1067 inferas
3068 1000 3120 1054 in
3146 1004 3461 1060 tentationent
3482 1007 3671 1079 (Matth.
3688 1030 3747 1079 γι,
3768 1018 3843 1089 15).

2355 1077 2582 1136 Invicem
2614 1083 2790 1154 itaque
2811 1102 2909 1142 nos
2935 1099 2988 1144 et
3014 1092 3352 1150 consolemur
3380 1095 3431 1151 iu
3455 1077 3530 1154 bis
3559 1077 3845 1174 omnibus,et

2352 1169 2734 1241 exltortemur,
2777 1186 2831 1230 et
2878 1189 3132 1247 quantum
3174 1182 3264 1238 dat
3302 1185 3546 1242 Dominus
3586 1169 3844 1260 adjuvenius.

2349 1258 2478 1349 Qua:
2505 1272 2705 1329 autem,
2728 1274 2781 1320 et
2806 1266 2871 1321 de
2891 1271 3084 1339 quibus
3105 1273 3429 1331 audierimus
3446 1292 3556 1349 quin
3576 1258 3762 1339 multum
3777 1286 3844 1343 do-

2348 1348 2520 1409 lemus
2548 1364 2602 1409 et
2644 1355 2794 1413 facile
2821 1361 3041 1418 credere
3070 1364 3347 1433 nolumus;
3379 1370 3550 1428 audiet
3584 1388 3610 1427 a
3641 1383 3844 1438 communi

2345 1444 2518 1501 amico
2544 1447 2807 1507 Sanctitas
2838 1465 2945 1524 tua,
2972 1471 3077 1527 quo
3107 1458 3158 1513 in
3188 1459 3278 1517 Dei
3305 1463 3647 1524 misericordia
3669 1483 3764 1525 cum
3784 1489 3843 1528 sa-

2344 1532 2454 1591 lute
2495 1553 2764 1598 remeante
2807 1558 3083 1614 Speremus
3108 1565 3207 1606 nos
3244 1550 3314 1609 de
3353 1556 3587 1614 omnibus
3607 1560 3702 1616 ﬁeri
3732 1578 3843 1633 posse

2342 1628 2688 1688 certissimos.

2619 1794 2706 1850 DE
2751 1798 3246 1870 SUBSEQUENTE
3293 1807 3626 1869 EPISTOLA.

2712 1888 2836 1961 (un.
2868 1908 2903 1947 ιι
2935 1910 3197 1952 ιιετιιΑοτ.
3227 1914 3344 1955 σλιπ.
3377 1903 3543 1975 xux.)

2408 1974 2485 2030 De
2526 1983 2791 2048 prtesentia
2831 1984 2929 2040 Dei
2960 1989 3141 2059 scripsi
3169 1990 3381 2060 librant,
3415 1997 3496 2051 ubi
3518 1974 3670 2054 nostra
3690 2001 3842 2059 intentio

2334 2078 2509 2122 contra
2526 2070 2756 2128 heresim
2775 2074 3105 2148 Pelagianam
3128 2085 3343 2142 maxinte
3367 2087 3551 2158 vigilat,
3569 2107 3658 2146 non
3670 2110 3844 2163 expresse

2334 2161 2644 2216 nominatam
2674 2179 2691 2217 :
2723 2166 2811 2219 sed
2838 2167 2889 2221 in
2917 2184 2975 2222 eo
3002 2172 3153 2226 etiant
3180 2173 3245 2229 de
3264 2180 3520 2245 presentia
3535 2161 3841 2253 naturaque»

2332 2248 2499 2305 Deum
2538 2270 2709 2309 verum
2750 2268 2798 2311 et
2836 2276 3086 2317 summum
3125 2265 3374 2335 dicimus,
3416 2280 3460 2324 et
3497 2271 3556 2325 de
3590 2274 3747 2343 templo
3767 2291 3841 2344 qut

2331 2360 2537 2414 operose
2578 2364 2639 2400 ac
2678 2349 2925 2405 subtiliter
2966 2354 3269 2426 disputatur.
3322 2359 3420 2413 llic
3454 2361 3841 2435 libersiciucipt't:

2336 2456 2355 2490 ι
2381 2437 2567 2494 Fateor
2592 2458 2697 2506 me,
2731 2445 2888 2514 frater
2911 2445 3231 2504 dilectissime
3260 2450 3509 2507 Dardane.
3534 2473 3553 2507 ι

2788 2610 2877 2665 DE
2904 2612 3314 2672 PRIESENTIA
3340 2617 3450 2673 DEI

3006 2726 3207 2784 LIBER
3222 2770 3238 2796 ,

3078 2836 3175 2875 εει]

2687 2926 3019 2986 EPISTOLA
3046 2931 3379 2990 CLXXXVII
3409 2940 3425 2959 ⁴
3450 2934 3539 3009 (α).

2324 3037 2614 3111 Respondet
2651 3042 2721 3094 ad
2760 3044 2887 3098 duas
2921 3046 3215 3115 quwstiones
3253 3046 3485 3104 Dardani
3502 3091 3517 3115 ,
3556 3049 3836 3121 interrogauit

2396 3130 2559 3199 primo
2593 3131 2656 3184 de
2682 3132 2910 3200 Christo,
2937 3136 3189 3204 quomodo
3217 3154 3355 3193 nunc
3381 3140 3433 3193 in
3455 3140 3571 3195 caelo
3592 3141 3675 3205 sit,
3694 3140 3763 3209 qui
3784 3140 3838 3192 la.

2395 3224 2528 3293 troni
2568 3224 2620 3277 in
2647 3241 2794 3279 cruce
2820 3226 3003 3280 dixerit
3045 3244 3157 3281 eum
3183 3245 3357 3284 secum
3382 3231 3470 3286 illo
3496 3230 3574 3286 die
3595 3230 3781 3301 futurum
3799 3229 3836 3281 in

2392 3315 2661 3379 paradiso;
2697 3332 2817 3369 num
2855 3321 2998 3386 forte
3015 3318 3133 3388 quia
3157 3317 3389 3375 Christus
3417 3321 3586 3391 ubique
3604 3321 3769 3384 existit,
3788 3335 3836 3371 es

2390 3406 2508 3475 quia
2540 3407 2805 3476 paradisus
2823 3408 2875 3463 in
2899 3409 3022 3464 caelo
3046 3411 3173 3464 situs
3199 3421 3273 3465 est
3304 3428 3322 3465 :
3350 3411 3559 3466 secundo
3576 3411 3633 3467 de
3649 3409 3830 3481 parum.

2390 3508 2558 3551 utrum
2597 3516 2697 3553 non
2720 3499 2885 3554 Deum
2913 3503 3167 3566 noverint,
3194 3503 3349 3556 etiam
3372 3504 3424 3557 in
3449 3513 3582 3558 utero
3604 3504 3828 3563 existentes,

2386 3588 2892 3659 siquidem'loannes
2931 3592 2984 3645 in
3024 3601 3164 3647 utero
3196 3592 3466 3648 exsultavit
3493 3594 3557 3647 ad
3578 3591 3830 3663 presentius

2386 3685 2560 3735 matris
2589 3680 2812 3735 Domini.

2383 3769 2537 3825 cap.
2571 3771 2990 3827 pomosa—1.
3016 3772 3206 3841 Fateor
3227 3790 3338 3842 me,
3359 3772 3828 3832 fratrerdilectissime
3920 3740 3921 3745 Ν

2313 3860 2556 3916 Dardane
2586 3862 2663 3932 (b)
2685 3905 2698 3927 ,
2724 3863 2977 3918 illustrior
3002 3864 3129 3918 mihi
3152 3864 3202 3919 in
3228 3866 3485 3923 charitate
3506 3866 3701 3929 Christi,
3712 3876 3827 3935 quam

2312 3955 2362 4008 in
2389 3955 2548 4024 hujus
2576 3956 2755 4010 saeculi
2781 3957 3067 4027 dignitate,
3101 3957 3293 4013 litteris
3320 3959 3422 4015 tuis
3448 3958 3632 4014 tardius
3653 3969 3824 4026 respou-

2309 4046 2451 4101 disse
2477 4063 2632 4115 quam
2658 4047 2835 4102 debui.
2870 4046 3032 4117 Cujus
3056 4049 3129 4103 rei
3155 4064 3349 4106 causas
3375 4050 3562 4111 nollem
3582 4059 3823 4121 quxreres.

2307 4156 2375 4194 ne
2402 4140 2675 4196 molestius
2704 4157 2789 4196 me
2811 4141 2951 4197 feras
2977 4142 3174 4196 diutius
3193 4152 3564 4206 excusantem,
3582 4155 3718 4213 quam
3734 4152 3824 4209 per-

2307 4232 2469 4286 tulisti
2505 4234 2702 4287 tardius
2723 4234 3102 4289 rescribentem
3130 4250 3145 4300 ;
3177 4250 3301 4290 cum
3328 4250 3428 4305 ego
3449 4242 3499 4290 te
3523 4234 3681 4289 malim
3701 4228 3825 4283 olfen~

2304 4324 2438 4377 sioni
2484 4339 2617 4378 mea:
2645 4325 2797 4379 facile
2823 4324 3094 4395 ignoscere
3112 4365 3127 4391 ,
3158 4340 3319 4395 quam
3346 4324 3413 4379 de
3440 4340 3551 4380 mea
3575 4320 3822 4378 defensione

2297 4414 2537 4485 judicare
2572 4434 2584 4470 :
2614 4431 2965 4486 quascumque
2995 4416 3098 4471 illae
3126 4432 3303 4472 causae
3326 4416 3550 4483 fuerint,
3575 4412 3710 4471 crede
3731 4410 3821 4466 nul-

2300 4506 2408 4562 lum
2432 4508 2503 4561 tui
2532 4508 2671 4577 apud
2700 4523 2785 4562 me
2813 4522 2935 4563 esse
2960 4510 3193 4577 potuisse
3207 4518 3582 4580 contemptum.
3604 4506 3698 4560 lmo
3712 4502 3817 4559 enim

2298 4599 2632 4654 velocissime
2672 4600 3097 4669 rescripsissem,
3136 4601 3179 4655 si
3211 4610 3262 4657 te
3292 4600 3717 4672 contempsissent.
3738 4593 3815 4648 Nec

2298 4690 2455 4744 modo
2496 4692 2617 4760 quia
2668 4690 2881 4745 tandem
2920 4692 3203 4761 aliquando
3230 4693 3509 4764 rescripsi,
3539 4691 3647 4747 ideo
3672 4687 3813 4741 saltem

2296 4783 2506 4837 tandem
2549 4784 2831 4853 aliquando
2873 4784 3090 4858 dignum
3133 4787 3334 4858 aliquid
3365 4798 3414 4843 te
3442 4788 3623 4843 lectore
3647 4781 3809 4836 molitus

2357 4898 2375 4928 ί
2398 4897 2508 4965 add.
2530 4910 2544 4946 :
2570 4906 2716 4965 ouem
2748 4904 2842 4965 tua
2858 4911 2951 4965 non
2985 4899 3151 4963 feriret
3180 4900 3394 4965 epistola.
3426 4901 3516 4965 Sed
3534 4898 3686 4950 melius
3712 4902 3807 4950 ων

2290 4970 2399 5021 qua:
2418 4964 2502 5008 tua
2517 4972 2610 5009 non
2631 4962 2803 5023 fervet,
2831 4963 2877 5011 id
2903 4961 3109 5027 estquae
3133 4961 3318 5014 ex'tuis
3338 4961 3560 5027 epistolis,
3582 4968 3663 5011 etc.

2352 5042 2371 5061 ⁴
2395 5050 2613 5117 Cprrecta
2651 5045 2708 5117 ad
2740 5046 2911 5117 a._bg.r
2930 5044 2998 5095 bl.
3023 5061 3080 5117 _c.
3119 5060 3190 5097 ec.
3214 5047 3264 5097 θ’.
3290 5062 3339 5111 g.
3366 5062 3445 5117 εν.
3464 5048 3500 5110 j.
3524 5060 3570 5117 ιι.
3592 5036 3803 5117 s._vc._

2287 5104 2407 5154 duos
2422 5106 2504 5153 bn.
2524 5106 2646 5155 duos
2666 5109 2740 5155 sb.
2766 5104 2886 5156 duo's
2901 5116 2936 5157 t.
2954 5110 3171 5172 quinque
3195 5124 3239 5158 v.
3264 5104 3319 5159 εἴ
3337 5104 3396 5160 ad
3417 5104 3511 5157 Atii.
3530 5106 3626 5155 Bad.
3644 5110 3704 5151 Er.
3722 5106 3801 5148 ιοιι

2348 5188 2422 5252 (α)
2443 5189 2570 5254 alias
2589 5192 2680 5240 ὅτε
2707 5205 2817 5254 quso
2838 5198 3001 5242 autem
3028 5193 3113 5242 187
3134 5200 3256 5252 erat,
3280 5206 3405 5243 nunc
3426 5194 3470 5241 in
3492 5187 3728 5253 Appendice
3748 5186 3801 5231 est

2285 5250 2333 5299 6.
2356 5250 2651 5320 smiptasub
2674 5250 2886 5320 taedium
2908 5254 3120 5320 ειμι-ι.
3415 5317 3424 5320 _
3526 5250 3567 5253 “”
3672 5310 3680 5320 ι

2348 5312 2419 5386 l9)
2442 5312 2729 5386 lelsllisitw'
2753 5316 2862 5386 “ire.
2880 5329 2942 5365 ex
2969 5317 3027 5367 iis
3047 5330 3166 5386 quas
3188 5316 3345 5386 tum
3381 5317 3479 5386 vix?
3511 5312 3698 5386 eam?
3715 5318 3795 5386 91³1ιέ

2283 5374 2476 5449 sublimi
2498 5374 2734 5449 dignitate
2754 5379 3035 5449 coniunctas
3063 5374 3205 5449 animi
3224 5379 3390 5449 dotes,
3414 5374 3793 5449 ἱΙΙιιιιιίίρειιιξξξξξθ

2283 5439 2548 5488 Dardanum
2570 5439 2855 5511 praefectura
2874 5439 3126 5511 Galliarum
3149 5441 3382 5511 insignem
3394 5439 3505 5511 ηουξ
3523 5439 3793 5511 cui“!

2283 5510 2453 5574 nymus
2474 5501 2767 5574 proponenti.
2797 5503 3113 5574 qumtionem
3135 5501 3383 5574 quamdam
3400 5501 3475 5574 de
3494 5501 3793 5574 mining?

2282 5554 2430 5613 sionis
2452 5554 2697 5636 resciier
2726 5554 2921 5636 σίνοῖιεθη
2942 5577 3117 5636 ψωιω
3138 5554 3441 5636 ἀπίεὲί..έ¹⁴ἦο
3464 5564 3509 5611 in

2288 5644 2310 5671 α
2332 5628 2530 5684 quaeris,
2552 5623 2796 5683 Dardane,
2818 5627 3183 5677 Christianorum
3206 5624 3489 5676 nobilissime
3506 5656 3519 5681 ,
3542 5626 3588 5669 et

2288 5706 2309 5734 ιι
2329 5671 2798 5753 assignatas;
2824 5671 3293 5753 assistant};
3323 5686 3486 5753 ﬁniens
3506 5671 3518 5753 Ξ
3548 5698 3565 5725 ι

2287 5768 2309 5796 ι
2333 5751 2436 5809 ait,
2462 5751 2532 5799 vir
2556 5738 2953 5812 eloquentissime
2972 5785 2985 5809 ,
3022 5738 3084 5799 ιη’
3103 5738 3304 5815 duplicis
3338 5747 3609 5815 paeleum?
3638 5738 3783 5788 Ιιωονθ

2287 5830 2307 5839 -
2330 5818 2580 5839 ιΜηοηι-ηηι
2617 5824 2742 5839 nn...‘
2760 5814 2805 5839 ιη
2823 5813 3005 5839 nimamn
3022 5813 3290 5839 ιιηηηωιιι...
3324 5806 3603 5839 enm-sitnon:
3618 5806 3661 5839 91
3676 5793 3780 5839 laeti

2285 5830 2309 5859 ι
2330 5799 2598 5871 transactus,
2617 5799 2743 5862 nunc
2760 5814 2809 5861 in
2823 5799 3005 5861 Christo
3022 5799 3308 5872 honoratior,
3324 5799 3605 5860 tumultuaria
3618 5806 3661 5849 ει
3675 5799 3745 5846 Ne

2285 5890 2308 5920 ι
2330 5871 2659 5925 lucubratione
2680 5874 2871 5925 dictavi.
2890 5891 2911 5917 ιι
